  <div class='ocr_page' id='page_1' title='image "/cluster/home/n/w/nwhite01/storage/ocr_20150623/3/hvd.32044073549586/142.png"; bbox 0 0 4064 6154; ppageno 0'>
   <div class='ocr_carea' id='block_1_1' title="bbox 260 302 3660 373">
    <p class='ocr_par' dir='ltr' id='par_1_1' title="bbox 260 302 3660 373">
     <span class='ocr_line' id='line_1_1' title="bbox 260 302 3660 373; baseline 0.002 -9"><span class='ocrx_word' id='word_1_1' title='bbox 260 303 362 364; x_wconf 75' lang='grc'><strong>177</strong></span> <span class='ocrx_word' id='word_1_2' title='bbox 1091 302 1635 370; x_wconf 80' lang='lat' dir='ltr'><strong>FRAGMENTUM</strong></span> <span class='ocrx_word' id='word_1_3' title='bbox 1688 311 2202 373; x_wconf 77' lang='lat' dir='ltr'><strong>ACEPHALUM.</strong></span> <span class='ocrx_word' id='word_1_4' title='bbox 2235 345 2308 354; x_wconf 87' lang='lat'><strong>—-</strong></span> <span class='ocrx_word' id='word_1_5' title='bbox 2350 310 2816 373; x_wconf 84' lang='lat' dir='ltr'><strong>ADMONITIO.</strong></span> <span class='ocrx_word' id='word_1_6' title='bbox 3545 302 3660 371; x_wconf 68' lang='lat' dir='ltr'><strong>HS</strong></span> 
     </span>
    </p>
   </div>
   <div class='ocr_carea' id='block_1_2' title="bbox 314 435 3661 515">
    <p class='ocr_par' dir='ltr' id='par_1_2' title="bbox 314 435 3661 515">
     <span class='ocr_line' id='line_1_2' title="bbox 314 435 3661 515; baseline 0.002 -23"><span class='ocrx_word' id='word_1_7' title='bbox 314 435 537 492; x_wconf 83' lang='lat' dir='ltr'><strong>Deinde</strong></span> <span class='ocrx_word' id='word_1_8' title='bbox 567 435 825 493; x_wconf 81' lang='lat' dir='ltr'><strong>ostendit</strong></span> <span class='ocrx_word' id='word_1_9' title='bbox 854 436 1080 510; x_wconf 89' lang='lat' dir='ltr'><strong>opinari</strong></span> <span class='ocrx_word' id='word_1_10' title='bbox 1111 454 1174 494; x_wconf 90' lang='lat' dir='ltr'><strong>se</strong></span> <span class='ocrx_word' id='word_1_11' title='bbox 1205 439 1562 497; x_wconf 89' lang='lat' dir='ltr'><strong>Muratorius</strong></span> <span class='ocrx_word' id='word_1_12' title='bbox 1591 441 1972 498; x_wconf 87' lang='lat' dir='ltr'><strong>tribuendum</strong></span> <span class='ocrx_word' id='word_1_13' title='bbox 2001 457 2129 499; x_wconf 90' lang='lat' dir='ltr'><strong>esse</strong></span> <span class='ocrx_word' id='word_1_14' title='bbox 2178 443 2570 514; x_wconf 83' lang='lat' dir='ltr'><strong>fragmentum</strong></span> <span class='ocrx_word' id='word_1_15' title='bbox 2602 444 2756 514; x_wconf 84' lang='lat' dir='ltr'><strong>Gaio,</strong></span> <span class='ocrx_word' id='word_1_16' title='bbox 2808 441 3063 499; x_wconf 90' lang='lat' dir='ltr'><strong>ecclesia</strong></span> <span class='ocrx_word' id='word_1_17' title='bbox 3098 442 3375 498; x_wconf 85' lang='lat' dir='ltr'><strong>Romana</strong></span> <span class='ocrx_word' id='word_1_18' title='bbox 3426 443 3661 515; x_wconf 88' lang='lat' dir='ltr'><strong>presby-</strong></span> 
     </span>
    </p>
   </div>
   <div class='ocr_carea' id='block_1_3' title="bbox 256 525 3657 605">
    <p class='ocr_par' dir='ltr' id='par_1_3' title="bbox 256 525 3657 605">
     <span class='ocr_line' id='line_1_3' title="bbox 256 525 3657 605; baseline 0.001 -22"><span class='ocrx_word' id='word_1_19' title='bbox 256 536 392 594; x_wconf 88' lang='lat' dir='ltr'><strong>tero,</strong></span> <span class='ocrx_word' id='word_1_20' title='bbox 426 525 530 598; x_wconf 86' lang='lat' dir='ltr'><strong>qui</strong></span> <span class='ocrx_word' id='word_1_21' title='bbox 559 527 757 582; x_wconf 89' lang='lat' dir='ltr'><strong>ﬂoruit</strong></span> <span class='ocrx_word' id='word_1_22' title='bbox 786 527 998 584; x_wconf 81' lang='lat' dir='ltr'><strong>saculo</strong></span> <span class='ocrx_word' id='word_1_23' title='bbox 1029 533 1273 585; x_wconf 79' lang='lat' dir='ltr'><strong>exeunte</strong></span> <span class='ocrx_word' id='word_1_24' title='bbox 1305 531 1582 587; x_wconf 86' lang='lat' dir='ltr'><strong>secundo.</strong></span> <span class='ocrx_word' id='word_1_25' title='bbox 1616 531 1776 587; x_wconf 86' lang='lat' dir='ltr'><strong>Idem</strong></span> <span class='ocrx_word' id='word_1_26' title='bbox 1808 534 2038 588; x_wconf 85' lang='lat' dir='ltr'><strong>censuit</strong></span> <span class='ocrx_word' id='word_1_27' title='bbox 2063 548 2297 605; x_wconf 90' lang='lat' dir='ltr'><strong>quoque</strong></span> <span class='ocrx_word' id='word_1_28' title='bbox 2327 531 2397 588; x_wconf 92' lang='lat' dir='ltr'><strong>cl.</strong></span> <span class='ocrx_word' id='word_1_29' title='bbox 2460 532 2801 588; x_wconf 89' lang='lat' dir='ltr'><strong>Gallandius</strong></span> <span class='ocrx_word' id='word_1_30' title='bbox 2830 532 2887 588; x_wconf 91' lang='lat' dir='ltr'><strong>in</strong></span> <span class='ocrx_word' id='word_1_31' title='bbox 2922 531 3351 604; x_wconf 87' lang='lat' dir='ltr'><strong>prolegomenis</strong></span> <span class='ocrx_word' id='word_1_32' title='bbox 3407 532 3548 587; x_wconf 90' lang='lat' dir='ltr'><strong>tomi</strong></span> <span class='ocrx_word' id='word_1_33' title='bbox 3607 533 3657 588; x_wconf 87' lang='lat' dir='ltr'><strong>Il</strong></span> 
     </span>
    </p>
   </div>
   <div class='ocr_carea' id='block_1_4' title="bbox 247 615 3656 692">
    <p class='ocr_par' dir='ltr' id='par_1_4' title="bbox 247 615 3656 692">
     <span class='ocr_line' id='line_1_4' title="bbox 247 615 3656 692; baseline 0.001 -19"><span class='ocrx_word' id='word_1_34' title='bbox 247 615 605 673; x_wconf 56' lang='lat' dir='ltr'><strong>Bibliotheca</strong></span> <span class='ocrx_word' id='word_1_35' title='bbox 625 632 744 671; x_wconf 85' lang='lat' dir='ltr'><strong>sua</strong></span> <span class='ocrx_word' id='word_1_36' title='bbox 781 617 1030 684; x_wconf 81' lang='lat' dir='ltr'><strong>Patrum,</strong></span> <span class='ocrx_word' id='word_1_37' title='bbox 1063 634 1117 689; x_wconf 91' lang='lat' dir='ltr'><strong>p.</strong></span> <span class='ocrx_word' id='word_1_38' title='bbox 1176 635 1334 684; x_wconf 60' lang='grc' dir='ltr'><strong>χχιιι,</strong></span> <span class='ocrx_word' id='word_1_39' title='bbox 1365 624 1420 674; x_wconf 89' lang='lat' dir='ltr'><strong>et</strong></span> <span class='ocrx_word' id='word_1_40' title='bbox 1449 624 1754 691; x_wconf 81' lang='lat' dir='ltr'><strong>propterea</strong></span> <span class='ocrx_word' id='word_1_41' title='bbox 1785 621 1940 692; x_wconf 90' lang='lat' dir='ltr'><strong>quod</strong></span> <span class='ocrx_word' id='word_1_42' title='bbox 1973 620 2274 689; x_wconf 84' lang='lat' dir='ltr'><strong>Miltiadis,</strong></span> <span class='ocrx_word' id='word_1_43' title='bbox 2307 619 2393 677; x_wconf 86' lang='lat' dir='ltr'><strong>vel</strong></span> <span class='ocrx_word' id='word_1_44' title='bbox 2426 625 2490 676; x_wconf 92' lang='lat' dir='ltr'><strong>ut</strong></span> <span class='ocrx_word' id='word_1_45' title='bbox 2520 621 2610 677; x_wconf 86' lang='lat' dir='ltr'><strong>hic</strong></span> <span class='ocrx_word' id='word_1_46' title='bbox 2639 621 2918 677; x_wconf 84' lang='lat' dir='ltr'><strong>scribitur</strong></span> <span class='ocrx_word' id='word_1_47' title='bbox 2961 637 3194 690; x_wconf 87' lang='lat' dir='ltr'><strong>nomen,</strong></span> <span class='ocrx_word' id='word_1_48' title='bbox 3243 621 3508 687; x_wconf 76' lang='lat' dir='ltr'><strong>Mitiadis,</strong></span> <span class='ocrx_word' id='word_1_49' title='bbox 3538 620 3656 675; x_wconf 85' lang='lat' dir='ltr'><strong>ha-</strong></span> 
     </span>
    </p>
   </div>
   <div class='ocr_carea' id='block_1_5' title="bbox 255 706 3650 782">
    <p class='ocr_par' dir='ltr' id='par_1_5' title="bbox 255 706 3650 782">
     <span class='ocr_line' id='line_1_5' title="bbox 255 706 3650 782; baseline 0 -20"><span class='ocrx_word' id='word_1_50' title='bbox 255 706 406 762; x_wconf 81' lang='lat' dir='ltr'><strong>retici</strong></span> <span class='ocrx_word' id='word_1_51' title='bbox 444 706 758 777; x_wconf 85' lang='lat' dir='ltr'><strong>cujusdam</strong></span> <span class='ocrx_word' id='word_1_52' title='bbox 791 707 1146 763; x_wconf 87' lang='lat' dir='ltr'><strong>mentionem</strong></span> <span class='ocrx_word' id='word_1_53' title='bbox 1178 707 1380 779; x_wconf 88' lang='lat' dir='ltr'><strong>injecit</strong></span> <span class='ocrx_word' id='word_1_54' title='bbox 1399 707 1705 781; x_wconf 87' lang='lat' dir='ltr'><strong>fragmenti</strong></span> <span class='ocrx_word' id='word_1_55' title='bbox 1740 715 1960 780; x_wconf 82' lang='lat' dir='ltr'><strong>auctor,</strong></span> <span class='ocrx_word' id='word_1_56' title='bbox 1989 710 2146 766; x_wconf 89' lang='lat' dir='ltr'><strong>istud</strong></span> <span class='ocrx_word' id='word_1_57' title='bbox 2178 709 2334 766; x_wconf 90' lang='lat' dir='ltr'><strong>idem</strong></span> <span class='ocrx_word' id='word_1_58' title='bbox 2363 715 2700 782; x_wconf 86' lang='lat' dir='ltr'><strong>excerptum</strong></span> <span class='ocrx_word' id='word_1_59' title='bbox 2732 711 2855 766; x_wconf 89' lang='lat' dir='ltr'><strong>vult</strong></span> <span class='ocrx_word' id='word_1_60' title='bbox 2875 709 3219 767; x_wconf 87' lang='lat' dir='ltr'><strong>Gallandius</strong></span> <span class='ocrx_word' id='word_1_61' title='bbox 3251 709 3536 782; x_wconf 85' lang='lat' dir='ltr'><strong>pertinere</strong></span> <span class='ocrx_word' id='word_1_62' title='bbox 3582 712 3650 766; x_wconf 85' lang='lat' dir='ltr'><strong>ad</strong></span> 
     </span>
    </p>
   </div>
   <div class='ocr_carea' id='block_1_6' title="bbox 254 794 3657 872">
    <p class='ocr_par' dir='ltr' id='par_1_6' title="bbox 254 794 3657 872">
     <span class='ocr_line' id='line_1_6' title="bbox 254 794 3657 872; baseline 0.001 -22"><span class='ocrx_word' id='word_1_63' title='bbox 254 794 708 868; x_wconf 79' lang='lat' dir='ltr'><strong>disputationem</strong></span> <span class='ocrx_word' id='word_1_64' title='bbox 730 811 911 866; x_wconf 89' lang='lat' dir='ltr'><strong>quam</strong></span> <span class='ocrx_word' id='word_1_65' title='bbox 935 797 1212 853; x_wconf 87' lang='lat' dir='ltr'><strong>adversus</strong></span> <span class='ocrx_word' id='word_1_66' title='bbox 1234 797 1504 853; x_wconf 91' lang='lat' dir='ltr'><strong>Proclum</strong></span> <span class='ocrx_word' id='word_1_67' title='bbox 1539 814 1640 854; x_wconf 91' lang='lat' dir='ltr'><strong>seu</strong></span> <span class='ocrx_word' id='word_1_68' title='bbox 1666 798 1982 854; x_wconf 89' lang='lat' dir='ltr'><strong>Proculum</strong></span> <span class='ocrx_word' id='word_1_69' title='bbox 2008 798 2513 872; x_wconf 87' lang='lat' dir='ltr'><strong>Cataphrygarum</strong></span> <span class='ocrx_word' id='word_1_70' title='bbox 2535 804 2876 856; x_wconf 85' lang='lat' dir='ltr'><strong>sectatorem</strong></span> <span class='ocrx_word' id='word_1_71' title='bbox 2922 799 3094 856; x_wconf 86' lang='lat' dir='ltr'><strong>Caius</strong></span> <span class='ocrx_word' id='word_1_72' title='bbox 3135 799 3481 871; x_wconf 89' lang='lat' dir='ltr'><strong>composuit.</strong></span> <span class='ocrx_word' id='word_1_73' title='bbox 3507 805 3657 854; x_wconf 83' lang='lat' dir='ltr'><strong>Ano-</strong></span> 
     </span>
    </p>
   </div>
   <div class='ocr_carea' id='block_1_7' title="bbox 252 883 3652 961">
    <p class='ocr_par' dir='ltr' id='par_1_7' title="bbox 252 883 3652 961">
     <span class='ocr_line' id='line_1_7' title="bbox 252 883 3652 961; baseline 0.001 -21"><span class='ocrx_word' id='word_1_74' title='bbox 252 901 458 957; x_wconf 88' lang='lat' dir='ltr'><strong>nymus</strong></span> <span class='ocrx_word' id='word_1_75' title='bbox 488 885 644 940; x_wconf 87' lang='lat' dir='ltr'><strong>enim</strong></span> <span class='ocrx_word' id='word_1_76' title='bbox 677 883 931 956; x_wconf 87' lang='lat' dir='ltr'><strong>scriptor</strong></span> <span class='ocrx_word' id='word_1_77' title='bbox 961 886 1114 956; x_wconf 89' lang='lat' dir='ltr'><strong>apud</strong></span> <span class='ocrx_word' id='word_1_78' title='bbox 1145 886 1462 942; x_wconf 88' lang='lat' dir='ltr'><strong>Eusebium</strong></span> <span class='ocrx_word' id='word_1_79' title='bbox 1494 886 1596 942; x_wconf 88' lang='lat' dir='ltr'><strong>lib.</strong></span> <span class='ocrx_word' id='word_1_80' title='bbox 1629 904 1661 941; x_wconf 93' lang='lat' dir='ltr'><strong>v</strong></span> <span class='ocrx_word' id='word_1_81' title='bbox 1701 890 1871 944; x_wconf 84' lang='lat' dir='ltr'><strong>Hist..</strong></span> <span class='ocrx_word' id='word_1_82' title='bbox 1897 905 1948 944; x_wconf 91' lang='lat' dir='ltr'><strong>c.</strong></span> <span class='ocrx_word' id='word_1_83' title='bbox 1984 889 2071 957; x_wconf 88' lang='lat'><strong>16,</strong></span> <span class='ocrx_word' id='word_1_84' title='bbox 2100 905 2201 945; x_wconf 88' lang='lat' dir='ltr'><strong>seu</strong></span> <span class='ocrx_word' id='word_1_85' title='bbox 2236 905 2414 960; x_wconf 90' lang='lat' dir='ltr'><strong>supra</strong></span> <span class='ocrx_word' id='word_1_86' title='bbox 2445 888 2505 944; x_wconf 93' lang='lat' dir='ltr'><strong>in</strong></span> <span class='ocrx_word' id='word_1_87' title='bbox 2534 887 2648 944; x_wconf 91' lang='lat' dir='ltr'><strong>vol.</strong></span> <span class='ocrx_word' id='word_1_88' title='bbox 2685 904 2810 946; x_wconf 89' lang='lat' dir='ltr'><strong>meo</strong></span> <span class='ocrx_word' id='word_1_89' title='bbox 2840 893 2912 960; x_wconf 87' lang='lat' dir='ltr'><strong>II,</strong></span> <span class='ocrx_word' id='word_1_90' title='bbox 2947 905 3004 960; x_wconf 93' lang='lat' dir='ltr'><strong>p.</strong></span> <span class='ocrx_word' id='word_1_91' title='bbox 3035 889 3126 959; x_wconf 87' lang='lat'><strong>73,</strong></span> <span class='ocrx_word' id='word_1_92' title='bbox 3158 889 3267 944; x_wconf 91' lang='lat' dir='ltr'><strong>sub</strong></span> <span class='ocrx_word' id='word_1_93' title='bbox 3300 888 3495 961; x_wconf 91' lang='lat' dir='ltr'><strong>ipsum</strong></span> <span class='ocrx_word' id='word_1_94' title='bbox 3541 888 3652 943; x_wconf 90' lang='lat' dir='ltr'><strong>ini-</strong></span> 
     </span>
    </p>
   </div>
   <div class='ocr_carea' id='block_1_8' title="bbox 251 972 3656 1047">
    <p class='ocr_par' dir='ltr' id='par_1_8' title="bbox 251 972 3656 1047">
     <span class='ocr_line' id='line_1_8' title="bbox 251 972 3656 1047; baseline 0.001 -19"><span class='ocrx_word' id='word_1_95' title='bbox 251 972 390 1029; x_wconf 89' lang='lat' dir='ltr'><strong>tium</strong></span> <span class='ocrx_word' id='word_1_96' title='bbox 416 973 637 1045; x_wconf 88' lang='lat' dir='ltr'><strong>operis,</strong></span> <span class='ocrx_word' id='word_1_97' title='bbox 670 973 825 1044; x_wconf 89' lang='lat' dir='ltr'><strong>quod</strong></span> <span class='ocrx_word' id='word_1_98' title='bbox 857 973 1136 1030; x_wconf 86' lang='lat' dir='ltr'><strong>adversus</strong></span> <span class='ocrx_word' id='word_1_99' title='bbox 1160 973 1557 1047; x_wconf 85' lang='lat' dir='ltr'><strong>Cataphrygas</strong></span> <span class='ocrx_word' id='word_1_100' title='bbox 1588 976 1906 1045; x_wconf 88' lang='lat' dir='ltr'><strong>contexuit,</strong></span> <span class='ocrx_word' id='word_1_101' title='bbox 1958 975 2224 1032; x_wconf 90' lang='lat' dir='ltr'><strong>baresim</strong></span> <span class='ocrx_word' id='word_1_102' title='bbox 2278 976 2541 1033; x_wconf 87' lang='lat' dir='ltr'><strong>nominat</strong></span> <span class='ocrx_word' id='word_1_103' title='bbox 2587 977 2881 1034; x_wconf 81' lang='lat' dir='ltr'><strong>Miltiadis.</strong></span> <span class='ocrx_word' id='word_1_104' title='bbox 2931 978 3094 1043; x_wconf 86' lang='lat' dir='ltr'><strong>Quod</strong></span> <span class='ocrx_word' id='word_1_105' title='bbox 3138 981 3336 1033; x_wconf 90' lang='lat' dir='ltr'><strong>tamen</strong></span> <span class='ocrx_word' id='word_1_106' title='bbox 3387 976 3656 1032; x_wconf 88' lang='lat' dir='ltr'><strong>Gallandi</strong></span> 
     </span>
    </p>
   </div>
   <div class='ocr_carea' id='block_1_9' title="bbox 252 1060 3657 1137">
    <p class='ocr_par' dir='ltr' id='par_1_9' title="bbox 252 1060 3657 1137">
     <span class='ocr_line' id='line_1_9' title="bbox 252 1060 3657 1137; baseline 0.001 -20"><span class='ocrx_word' id='word_1_107' title='bbox 252 1065 686 1132; x_wconf 83' lang='lat' dir='ltr'><strong>argumentum,</strong></span> <span class='ocrx_word' id='word_1_108' title='bbox 719 1061 950 1116; x_wconf 90' lang='lat' dir='ltr'><strong>etiamsi</strong></span> <span class='ocrx_word' id='word_1_109' title='bbox 981 1062 1052 1117; x_wconf 92' lang='lat' dir='ltr'><strong>de</strong></span> <span class='ocrx_word' id='word_1_110' title='bbox 1084 1060 1332 1118; x_wconf 87' lang='lat' dir='ltr'><strong>lectione</strong></span> <span class='ocrx_word' id='word_1_111' title='bbox 1359 1063 1658 1130; x_wconf 84' lang='lat' dir='ltr'><strong>Miltiadis,</strong></span> <span class='ocrx_word' id='word_1_112' title='bbox 1691 1065 1861 1134; x_wconf 85' lang='lat' dir='ltr'><strong>cujus</strong></span> <span class='ocrx_word' id='word_1_113' title='bbox 1913 1063 2039 1120; x_wconf 93' lang='lat' dir='ltr'><strong>loco</strong></span> <span class='ocrx_word' id='word_1_114' title='bbox 2096 1065 2411 1122; x_wconf 74' lang='lat' dir='ltr'><strong>Alcibiades</strong></span> <span class='ocrx_word' id='word_1_115' title='bbox 2458 1065 2727 1122; x_wconf 89' lang='lat' dir='ltr'><strong>nonnulli</strong></span> <span class='ocrx_word' id='word_1_116' title='bbox 2756 1065 2957 1122; x_wconf 89' lang='lat' dir='ltr'><strong>volunt</strong></span> <span class='ocrx_word' id='word_1_117' title='bbox 2988 1081 3287 1137; x_wconf 88' lang='lat' dir='ltr'><strong>reponere,</strong></span> <span class='ocrx_word' id='word_1_118' title='bbox 3317 1065 3464 1120; x_wconf 86' lang='lat' dir='ltr'><strong>satis</strong></span> <span class='ocrx_word' id='word_1_119' title='bbox 3515 1081 3657 1120; x_wconf 87' lang='lat' dir='ltr'><strong>con-</strong></span> 
     </span>
    </p>
   </div>
   <div class='ocr_carea' id='block_1_10' title="bbox 249 1149 3655 1224">
    <p class='ocr_par' dir='ltr' id='par_1_10' title="bbox 249 1149 3655 1224">
     <span class='ocr_line' id='line_1_10' title="bbox 249 1149 3655 1224; baseline 0 -18"><span class='ocrx_word' id='word_1_120' title='bbox 249 1151 483 1218; x_wconf 81' lang='lat' dir='ltr'><strong>stiterit,</strong></span> <span class='ocrx_word' id='word_1_121' title='bbox 520 1151 679 1206; x_wconf 90' lang='lat' dir='ltr'><strong>haud</strong></span> <span class='ocrx_word' id='word_1_122' title='bbox 711 1149 858 1206; x_wconf 88' lang='lat' dir='ltr'><strong>satis</strong></span> <span class='ocrx_word' id='word_1_123' title='bbox 904 1149 1121 1206; x_wconf 87' lang='lat' dir='ltr'><strong>valeret</strong></span> <span class='ocrx_word' id='word_1_124' title='bbox 1150 1151 1221 1206; x_wconf 90' lang='lat' dir='ltr'><strong>ad</strong></span> <span class='ocrx_word' id='word_1_125' title='bbox 1254 1151 1430 1208; x_wconf 89' lang='lat' dir='ltr'><strong>hocce</strong></span> <span class='ocrx_word' id='word_1_126' title='bbox 1459 1153 1851 1224; x_wconf 84' lang='lat' dir='ltr'><strong>fragmentum</strong></span> <span class='ocrx_word' id='word_1_127' title='bbox 1895 1153 2028 1210; x_wconf 89' lang='lat' dir='ltr'><strong>Caio</strong></span> <span class='ocrx_word' id='word_1_128' title='bbox 2086 1154 2522 1210; x_wconf 90' lang='lat' dir='ltr'><strong>vindicandum.</strong></span> <span class='ocrx_word' id='word_1_129' title='bbox 2556 1154 2734 1212; x_wconf 91' lang='lat' dir='ltr'><strong>Porro</strong></span> <span class='ocrx_word' id='word_1_130' title='bbox 2787 1154 3192 1210; x_wconf 86' lang='lat' dir='ltr'><strong>Muratoriana</strong></span> <span class='ocrx_word' id='word_1_131' title='bbox 3235 1154 3306 1210; x_wconf 88' lang='lat' dir='ltr'><strong>de</strong></span> <span class='ocrx_word' id='word_1_132' title='bbox 3357 1153 3491 1210; x_wconf 86' lang='lat' dir='ltr'><strong>Caio</strong></span> <span class='ocrx_word' id='word_1_133' title='bbox 3523 1170 3655 1208; x_wconf 92' lang='lat' dir='ltr'><strong>con-</strong></span> 
     </span>
    </p>
   </div>
   <div class='ocr_carea' id='block_1_11' title="bbox 237 1239 3654 1315">
    <p class='ocr_par' dir='ltr' id='par_1_11' title="bbox 237 1239 3654 1315">
     <span class='ocr_line' id='line_1_11' title="bbox 237 1239 3654 1315; baseline 0.001 -21"><span class='ocrx_word' id='word_1_134' title='bbox 237 1241 476 1312; x_wconf 84' lang='lat' dir='ltr'><strong>jectura</strong></span> <span class='ocrx_word' id='word_1_135' title='bbox 506 1244 862 1312; x_wconf 86' lang='lat' dir='ltr'><strong>opposuerat</strong></span> <span class='ocrx_word' id='word_1_136' title='bbox 891 1255 1020 1295; x_wconf 91' lang='lat' dir='ltr'><strong>sese</strong></span> <span class='ocrx_word' id='word_1_137' title='bbox 1044 1239 1110 1294; x_wconf 88' lang='lat' dir='ltr'><strong>V.</strong></span> <span class='ocrx_word' id='word_1_138' title='bbox 1144 1239 1211 1295; x_wconf 95' lang='lat' dir='ltr'><strong>D.</strong></span> <span class='ocrx_word' id='word_1_139' title='bbox 1245 1241 1570 1297; x_wconf 88' lang='lat' dir='ltr'><strong>Everardus</strong></span> <span class='ocrx_word' id='word_1_140' title='bbox 1601 1241 1928 1311; x_wconf 85' lang='lat' dir='ltr'><strong>Stoschius,</strong></span> <span class='ocrx_word' id='word_1_141' title='bbox 1960 1243 2061 1314; x_wconf 90' lang='lat' dir='ltr'><strong>qui</strong></span> <span class='ocrx_word' id='word_1_142' title='bbox 2093 1243 2219 1315; x_wconf 91' lang='lat' dir='ltr'><strong>ipse</strong></span> <span class='ocrx_word' id='word_1_143' title='bbox 2247 1243 2306 1298; x_wconf 91' lang='lat' dir='ltr'><strong>in</strong></span> <span class='ocrx_word' id='word_1_144' title='bbox 2329 1243 2789 1301; x_wconf 75' lang='lat' dir='ltr'><strong>Commentatione</strong></span> <span class='ocrx_word' id='word_1_145' title='bbox 2825 1244 2890 1300; x_wconf 84' lang='lat' dir='ltr'><strong>de</strong></span> <span class='ocrx_word' id='word_1_146' title='bbox 2917 1244 3207 1300; x_wconf 86' lang='lat' dir='ltr'><strong>Librorum</strong></span> <span class='ocrx_word' id='word_1_147' title='bbox 3233 1244 3361 1298; x_wconf 82' lang='lat' dir='ltr'><strong>novi</strong></span> <span class='ocrx_word' id='word_1_148' title='bbox 3392 1245 3522 1297; x_wconf 85' lang='lat' dir='ltr'><strong>Test.</strong></span> <span class='ocrx_word' id='word_1_149' title='bbox 3559 1241 3654 1298; x_wconf 86' lang='lat' dir='ltr'><strong>Ca-</strong></span> 
     </span>
    </p>
   </div>
   <div class='ocr_carea' id='block_1_12' title="bbox 243 1327 3648 1405">
    <p class='ocr_par' dir='ltr' id='par_1_12' title="bbox 243 1327 3648 1405">
     <span class='ocr_line' id='line_1_12' title="bbox 243 1327 3648 1405; baseline 0.001 -22"><span class='ocrx_word' id='word_1_150' title='bbox 243 1345 397 1393; x_wconf 73' lang='lat' dir='ltr'><strong>nmze,</strong></span> <span class='ocrx_word' id='word_1_151' title='bbox 437 1329 700 1384; x_wconf 80' lang='lat' dir='ltr'><strong>Francot’.</strong></span> <span class='ocrx_word' id='word_1_152' title='bbox 736 1329 807 1384; x_wconf 91' lang='lat' dir='ltr'><strong>ad</strong></span> <span class='ocrx_word' id='word_1_153' title='bbox 838 1327 1124 1384; x_wconf 88' lang='lat' dir='ltr'><strong>Viadrum</strong></span> <span class='ocrx_word' id='word_1_154' title='bbox 1156 1330 1274 1384; x_wconf 87' lang='lat' dir='ltr'><strong>edit</strong></span> <span class='ocrx_word' id='word_1_155' title='bbox 1296 1346 1470 1385; x_wconf 88' lang='lat' dir='ltr'><strong>anno.</strong></span> <span class='ocrx_word' id='word_1_156' title='bbox 1503 1332 1663 1396; x_wconf 90' lang='lat'><strong>1755,</strong></span> <span class='ocrx_word' id='word_1_157' title='bbox 1698 1331 2092 1402; x_wconf 82' lang='lat' dir='ltr'><strong>fragmentum</strong></span> <span class='ocrx_word' id='word_1_158' title='bbox 2123 1337 2257 1404; x_wconf 90' lang='lat' dir='ltr'><strong>post</strong></span> <span class='ocrx_word' id='word_1_159' title='bbox 2301 1332 2684 1390; x_wconf 88' lang='lat' dir='ltr'><strong>Muratorium</strong></span> <span class='ocrx_word' id='word_1_160' title='bbox 2715 1333 3001 1405; x_wconf 88' lang='lat' dir='ltr'><strong>repetivit.</strong></span> <span class='ocrx_word' id='word_1_161' title='bbox 3059 1331 3154 1388; x_wconf 92' lang='lat' dir='ltr'><strong>Ait</strong></span> <span class='ocrx_word' id='word_1_162' title='bbox 3203 1330 3360 1387; x_wconf 88' lang='lat' dir='ltr'><strong>enim</strong></span> <span class='ocrx_word' id='word_1_163' title='bbox 3393 1329 3450 1386; x_wconf 93' lang='lat' dir='ltr'><strong>in</strong></span> <span class='ocrx_word' id='word_1_164' title='bbox 3483 1330 3514 1404; x_wconf 88' lang='lat'>§</span> <span class='ocrx_word' id='word_1_165' title='bbox 3559 1331 3648 1398; x_wconf 88' lang='lat'><strong>63,</strong></span> 
     </span>
    </p>
   </div>
   <div class='ocr_carea' id='block_1_13' title="bbox 243 1419 3652 1492">
    <p class='ocr_par' dir='ltr' id='par_1_13' title="bbox 243 1419 3652 1492">
     <span class='ocr_line' id='line_1_13' title="bbox 243 1419 3652 1492; baseline 0.001 -20"><span class='ocrx_word' id='word_1_166' title='bbox 243 1436 295 1490; x_wconf 89' lang='lat' dir='ltr'><strong>p.</strong></span> <span class='ocrx_word' id='word_1_167' title='bbox 333 1419 464 1484; x_wconf 85' lang='lat'><strong>199,</strong></span> <span class='ocrx_word' id='word_1_168' title='bbox 500 1421 848 1490; x_wconf 80' lang='lat' dir='ltr'><strong>argumenta</strong></span> <span class='ocrx_word' id='word_1_169' title='bbox 869 1434 998 1490; x_wconf 82' lang='lat' dir='ltr'><strong>qua</strong></span> <span class='ocrx_word' id='word_1_170' title='bbox 1030 1419 1102 1474; x_wconf 88' lang='lat' dir='ltr'><strong>ad</strong></span> <span class='ocrx_word' id='word_1_171' title='bbox 1135 1420 1532 1489; x_wconf 82' lang='lat' dir='ltr'><strong>conjecturam</strong></span> <span class='ocrx_word' id='word_1_172' title='bbox 1565 1437 1733 1476; x_wconf 90' lang='lat' dir='ltr'><strong>suam</strong></span> <span class='ocrx_word' id='word_1_173' title='bbox 1767 1421 2293 1478; x_wconf 87' lang='lat' dir='ltr'><strong>commendandam</strong></span> <span class='ocrx_word' id='word_1_174' title='bbox 2327 1422 2481 1478; x_wconf 88' lang='lat' dir='ltr'><strong>idem</strong></span> <span class='ocrx_word' id='word_1_175' title='bbox 2510 1422 2679 1478; x_wconf 74' lang='lat' dir='ltr'><strong>affert</strong></span> <span class='ocrx_word' id='word_1_176' title='bbox 2716 1422 3088 1490; x_wconf 84' lang='lat' dir='ltr'><strong>Muratorius,</strong></span> <span class='ocrx_word' id='word_1_177' title='bbox 3110 1421 3161 1477; x_wconf 90' lang='lat' dir='ltr'><strong>ei</strong></span> <span class='ocrx_word' id='word_1_178' title='bbox 3210 1436 3418 1492; x_wconf 90' lang='lat' dir='ltr'><strong>parum</strong></span> <span class='ocrx_word' id='word_1_179' title='bbox 3451 1419 3652 1491; x_wconf 85' lang='lat' dir='ltr'><strong>proba-</strong></span> 
     </span>
    </p>
   </div>
   <div class='ocr_carea' id='block_1_14' title="bbox 241 1505 3646 1582">
    <p class='ocr_par' dir='ltr' id='par_1_14' title="bbox 241 1505 3646 1582">
     <span class='ocr_line' id='line_1_14' title="bbox 241 1505 3646 1582; baseline 0 -20"><span class='ocrx_word' id='word_1_180' title='bbox 241 1506 489 1563; x_wconf 85' lang='lat' dir='ltr'><strong>bititatis</strong></span> <span class='ocrx_word' id='word_1_181' title='bbox 529 1505 880 1564; x_wconf 89' lang='lat' dir='ltr'><strong>conciliare:</strong></span> <span class='ocrx_word' id='word_1_182' title='bbox 909 1529 936 1558; x_wconf 86' lang='lat'><strong>«</strong></span> <span class='ocrx_word' id='word_1_183' title='bbox 968 1508 1130 1574; x_wconf 88' lang='lat' dir='ltr'><strong>Quod</strong></span> <span class='ocrx_word' id='word_1_184' title='bbox 1163 1507 1319 1564; x_wconf 90' lang='lat' dir='ltr'><strong>enim</strong></span> <span class='ocrx_word' id='word_1_185' title='bbox 1349 1509 1522 1564; x_wconf 88' lang='lat' dir='ltr'><strong>Caius</strong></span> <span class='ocrx_word' id='word_1_186' title='bbox 1551 1511 1648 1564; x_wconf 74' lang='grc'><strong>17</strong></span> <span class='ocrx_word' id='word_1_187' title='bbox 1669 1511 1698 1564; x_wconf 91' lang='grc' dir='ltr'>ι</span> <span class='ocrx_word' id='word_1_188' title='bbox 1739 1508 2056 1581; x_wconf 89' lang='lat' dir='ltr'><strong>Epistolam</strong></span> <span class='ocrx_word' id='word_1_189' title='bbox 2090 1511 2160 1565; x_wconf 90' lang='lat' dir='ltr'><strong>ad</strong></span> <span class='ocrx_word' id='word_1_190' title='bbox 2194 1510 2464 1566; x_wconf 70' lang='lat' dir='ltr'><strong>Hebraeos</strong></span> <span class='ocrx_word' id='word_1_191' title='bbox 2495 1510 2756 1581; x_wconf 88' lang='lat' dir='ltr'><strong>rejecerit</strong></span> <span class='ocrx_word' id='word_1_192' title='bbox 2788 1516 3068 1582; x_wconf 88' lang='lat' dir='ltr'><strong>tauquam</strong></span> <span class='ocrx_word' id='word_1_193' title='bbox 3119 1526 3236 1566; x_wconf 93' lang='lat' dir='ltr'><strong>non</strong></span> <span class='ocrx_word' id='word_1_194' title='bbox 3283 1507 3646 1574; x_wconf 86' lang='lat' dir='ltr'><strong>canonicam,</strong></span> 
     </span>
    </p>
   </div>
   <div class='ocr_carea' id='block_1_15' title="bbox 242 1595 3650 1670">
    <p class='ocr_par' dir='ltr' id='par_1_15' title="bbox 242 1595 3650 1670">
     <span class='ocr_line' id='line_1_15' title="bbox 242 1595 3650 1670; baseline 0 -18"><span class='ocrx_word' id='word_1_195' title='bbox 242 1596 300 1652; x_wconf 89' lang='lat' dir='ltr'><strong>id</strong></span> <span class='ocrx_word' id='word_1_196' title='bbox 333 1597 458 1666; x_wconf 84' lang='lat' dir='ltr'><strong>ipsi</strong></span> <span class='ocrx_word' id='word_1_197' title='bbox 485 1613 618 1651; x_wconf 87' lang='lat' dir='ltr'><strong>cum</strong></span> <span class='ocrx_word' id='word_1_198' title='bbox 641 1595 913 1668; x_wconf 90' lang='lat' dir='ltr'><strong>pluribus</strong></span> <span class='ocrx_word' id='word_1_199' title='bbox 944 1596 1096 1663; x_wconf 87' lang='lat' dir='ltr'><strong>aliis,</strong></span> <span class='ocrx_word' id='word_1_200' title='bbox 1123 1602 1335 1653; x_wconf 88' lang='lat' dir='ltr'><strong>Ireuao</strong></span> <span class='ocrx_word' id='word_1_201' title='bbox 1365 1613 1415 1653; x_wconf 88' lang='lat' dir='ltr'><strong>e.</strong></span> <span class='ocrx_word' id='word_1_202' title='bbox 1449 1613 1506 1669; x_wconf 91' lang='lat' dir='ltr'><strong>g.</strong></span> <span class='ocrx_word' id='word_1_203' title='bbox 1539 1602 1597 1653; x_wconf 92' lang='lat' dir='ltr'><strong>et</strong></span> <span class='ocrx_word' id='word_1_204' title='bbox 1652 1598 1986 1670; x_wconf 90' lang='lat' dir='ltr'><strong>Hippolyto,</strong></span> <span class='ocrx_word' id='word_1_205' title='bbox 2039 1597 2158 1655; x_wconf 90' lang='lat' dir='ltr'><strong>imo</strong></span> <span class='ocrx_word' id='word_1_206' title='bbox 2203 1603 2350 1655; x_wconf 88' lang='lat' dir='ltr'><strong>teste</strong></span> <span class='ocrx_word' id='word_1_207' title='bbox 2405 1599 2654 1656; x_wconf 88' lang='lat' dir='ltr'><strong>Eusebio</strong></span> <span class='ocrx_word' id='word_1_208' title='bbox 2685 1599 2813 1670; x_wconf 90' lang='lat' dir='ltr'><strong>lib.,</strong></span> <span class='ocrx_word' id='word_1_209' title='bbox 2844 1615 2920 1670; x_wconf 72' lang='lat' dir='ltr'><strong>vr,</strong></span> <span class='ocrx_word' id='word_1_210' title='bbox 2971 1615 3021 1654; x_wconf 84' lang='grc' dir='ltr'><strong>ο.</strong></span> <span class='ocrx_word' id='word_1_211' title='bbox 3069 1599 3160 1666; x_wconf 85' lang='grc'><strong>20,</strong></span> <span class='ocrx_word' id='word_1_212' title='bbox 3194 1601 3252 1654; x_wconf 93' lang='lat' dir='ltr'><strong>et</strong></span> <span class='ocrx_word' id='word_1_213' title='bbox 3301 1598 3650 1669; x_wconf 87' lang='lat' dir='ltr'><strong>Hieronymo</strong></span> 
     </span>
    </p>
   </div>
   <div class='ocr_carea' id='block_1_16' title="bbox 241 1686 3652 1761">
    <p class='ocr_par' dir='ltr' id='par_1_16' title="bbox 241 1686 3652 1761">
     <span class='ocr_line' id='line_1_16' title="bbox 241 1686 3652 1761; baseline 0 -19"><span class='ocrx_word' id='word_1_214' title='bbox 241 1686 308 1742; x_wconf 81' lang='lat' dir='ltr'><strong>de</strong></span> <span class='ocrx_word' id='word_1_215' title='bbox 342 1686 482 1742; x_wconf 75' lang='lat' dir='ltr'><strong>Viris</strong></span> <span class='ocrx_word' id='word_1_216' title='bbox 508 1688 603 1742; x_wconf 87' lang='lat' dir='ltr'><strong>III.</strong></span> <span class='ocrx_word' id='word_1_217' title='bbox 637 1703 687 1742; x_wconf 91' lang='lat' dir='ltr'><strong>c.</strong></span> <span class='ocrx_word' id='word_1_218' title='bbox 719 1687 810 1756; x_wconf 87' lang='lat'><strong>60,</strong></span> <span class='ocrx_word' id='word_1_219' title='bbox 843 1703 977 1742; x_wconf 91' lang='lat' dir='ltr'><strong>cum</strong></span> <span class='ocrx_word' id='word_1_220' title='bbox 1001 1686 1268 1759; x_wconf 86' lang='lat' dir='ltr'><strong>pluribus</strong></span> <span class='ocrx_word' id='word_1_221' title='bbox 1300 1686 1430 1743; x_wconf 88' lang='lat' dir='ltr'><strong>aliis</strong></span> <span class='ocrx_word' id='word_1_222' title='bbox 1461 1688 1734 1744; x_wconf 86' lang='lat' dir='ltr'><strong>Romana</strong></span> <span class='ocrx_word' id='word_1_223' title='bbox 1757 1687 2012 1744; x_wconf 87' lang='lat' dir='ltr'><strong>ecclesia</strong></span> <span class='ocrx_word' id='word_1_224' title='bbox 2039 1689 2378 1746; x_wconf 86' lang='lat' dir='ltr'><strong>doctoribus</strong></span> <span class='ocrx_word' id='word_1_225' title='bbox 2420 1705 2730 1746; x_wconf 88' lang='lat' dir='ltr'><strong>commune</strong></span> <span class='ocrx_word' id='word_1_226' title='bbox 2759 1690 2890 1745; x_wconf 90' lang='lat' dir='ltr'><strong>fuit.</strong></span> <span class='ocrx_word' id='word_1_227' title='bbox 2920 1691 2989 1744; x_wconf 88' lang='lat' dir='ltr'><strong>Et</strong></span> <span class='ocrx_word' id='word_1_228' title='bbox 3030 1690 3184 1761; x_wconf 89' lang='lat' dir='ltr'><strong>quod</strong></span> <span class='ocrx_word' id='word_1_229' title='bbox 3237 1689 3476 1744; x_wconf 83' lang='lat' dir='ltr'><strong>Hermas</strong></span> <span class='ocrx_word' id='word_1_230' title='bbox 3503 1693 3652 1744; x_wconf 89' lang='lat' dir='ltr'><strong>tem-</strong></span> 
     </span>
    </p>
   </div>
   <div class='ocr_carea' id='block_1_17' title="bbox 242 1774 3658 1850">
    <p class='ocr_par' dir='ltr' id='par_1_17' title="bbox 242 1774 3658 1850">
     <span class='ocr_line' id='line_1_17' title="bbox 242 1774 3658 1850; baseline 0 -20"><span class='ocrx_word' id='word_1_231' title='bbox 242 1775 485 1846; x_wconf 89' lang='lat' dir='ltr'><strong>poribus</strong></span> <span class='ocrx_word' id='word_1_232' title='bbox 516 1776 772 1831; x_wconf 88' lang='lat' dir='ltr'><strong>auctoris</strong></span> <span class='ocrx_word' id='word_1_233' title='bbox 802 1774 1135 1847; x_wconf 82' lang='lat' dir='ltr'><strong>tragmenti,</strong></span> <span class='ocrx_word' id='word_1_234' title='bbox 1159 1776 1449 1831; x_wconf 80' lang='lat' dir='ltr'><strong>Pastorem</strong></span> <span class='ocrx_word' id='word_1_235' title='bbox 1479 1776 1900 1847; x_wconf 86' lang='lat' dir='ltr'><strong>conscripsisse</strong></span> <span class='ocrx_word' id='word_1_236' title='bbox 1929 1778 2181 1848; x_wconf 84' lang='lat' dir='ltr'><strong>dicatur,</strong></span> <span class='ocrx_word' id='word_1_237' title='bbox 2213 1778 2271 1833; x_wconf 91' lang='lat' dir='ltr'><strong>id</strong></span> <span class='ocrx_word' id='word_1_238' title='bbox 2302 1779 2373 1834; x_wconf 91' lang='lat' dir='ltr'><strong>ad</strong></span> <span class='ocrx_word' id='word_1_239' title='bbox 2405 1778 2586 1834; x_wconf 90' lang='lat' dir='ltr'><strong>alium</strong></span> <span class='ocrx_word' id='word_1_240' title='bbox 2635 1795 3046 1850; x_wconf 89' lang='lat' dir='ltr'><strong>quemcunque</strong></span> <span class='ocrx_word' id='word_1_241' title='bbox 3075 1777 3175 1849; x_wconf 87' lang='lat' dir='ltr'><strong>qui</strong></span> <span class='ocrx_word' id='word_1_242' title='bbox 3205 1793 3272 1833; x_wconf 89' lang='lat' dir='ltr'><strong>ea</strong></span> <span class='ocrx_word' id='word_1_243' title='bbox 3318 1781 3485 1832; x_wconf 81' lang='lat' dir='ltr'><strong>atate</strong></span> <span class='ocrx_word' id='word_1_244' title='bbox 3517 1777 3658 1831; x_wconf 87' lang='lat' dir='ltr'><strong>vixit</strong></span> 
     </span>
    </p>
   </div>
   <div class='ocr_carea' id='block_1_18' title="bbox 244 1862 3661 1938">
    <p class='ocr_par' dir='ltr' id='par_1_18' title="bbox 244 1862 3661 1938">
     <span class='ocr_line' id='line_1_18' title="bbox 244 1862 3661 1938; baseline 0 -20"><span class='ocrx_word' id='word_1_245' title='bbox 244 1862 526 1935; x_wconf 84' lang='lat' dir='ltr'><strong>applicari</strong></span> <span class='ocrx_word' id='word_1_246' title='bbox 549 1867 763 1935; x_wconf 89' lang='lat' dir='ltr'><strong>potest.</strong></span> <span class='ocrx_word' id='word_1_247' title='bbox 790 1885 820 1913; x_wconf 83' lang='grc'><strong>››</strong></span> <span class='ocrx_word' id='word_1_248' title='bbox 851 1863 1002 1919; x_wconf 91' lang='lat' dir='ltr'><strong>Dum</strong></span> <span class='ocrx_word' id='word_1_249' title='bbox 1033 1879 1168 1919; x_wconf 92' lang='lat' dir='ltr'><strong>vero</strong></span> <span class='ocrx_word' id='word_1_250' title='bbox 1199 1863 1394 1920; x_wconf 89' lang='lat' dir='ltr'><strong>clarus</strong></span> <span class='ocrx_word' id='word_1_251' title='bbox 1422 1863 1510 1920; x_wconf 91' lang='lat' dir='ltr'><strong>vir</strong></span> <span class='ocrx_word' id='word_1_252' title='bbox 1536 1865 1837 1922; x_wconf 89' lang='lat' dir='ltr'><strong>Stoschius</strong></span> <span class='ocrx_word' id='word_1_253' title='bbox 1866 1865 1928 1938; x_wconf 87' lang='lat'><strong>§§</strong></span> <span class='ocrx_word' id='word_1_254' title='bbox 1954 1866 2019 1921; x_wconf 88' lang='grc'><strong>61</strong></span> <span class='ocrx_word' id='word_1_255' title='bbox 2054 1870 2112 1922; x_wconf 91' lang='lat' dir='ltr'><strong>et</strong></span> <span class='ocrx_word' id='word_1_256' title='bbox 2147 1867 2220 1921; x_wconf 90' lang='lat'><strong>62</strong></span> <span class='ocrx_word' id='word_1_257' title='bbox 2266 1867 2661 1938; x_wconf 90' lang='lat' dir='ltr'><strong>abjudicanda</strong></span> <span class='ocrx_word' id='word_1_258' title='bbox 2713 1866 2836 1922; x_wconf 88' lang='lat' dir='ltr'><strong>hac</strong></span> <span class='ocrx_word' id='word_1_259' title='bbox 2893 1866 3031 1922; x_wconf 90' lang='lat' dir='ltr'><strong>Caio</strong></span> <span class='ocrx_word' id='word_1_260' title='bbox 3086 1871 3303 1934; x_wconf 86' lang='lat' dir='ltr'><strong>censet,</strong></span> <span class='ocrx_word' id='word_1_261' title='bbox 3354 1869 3661 1936; x_wconf 87' lang='lat' dir='ltr'><strong>propterea</strong></span> 
     </span>
    </p>
   </div>
   <div class='ocr_carea' id='block_1_19' title="bbox 242 1951 3661 2027">
    <p class='ocr_par' dir='ltr' id='par_1_19' title="bbox 242 1951 3661 2027">
     <span class='ocr_line' id='line_1_19' title="bbox 242 1951 3661 2027; baseline 0 -22"><span class='ocrx_word' id='word_1_262' title='bbox 242 1953 397 2024; x_wconf 89' lang='lat' dir='ltr'><strong>quod</strong></span> <span class='ocrx_word' id='word_1_263' title='bbox 447 1951 610 2007; x_wconf 88' lang='lat' dir='ltr'><strong>idem</strong></span> <span class='ocrx_word' id='word_1_264' title='bbox 667 1951 842 2009; x_wconf 89' lang='lat' dir='ltr'><strong>Caius</strong></span> <span class='ocrx_word' id='word_1_265' title='bbox 901 1953 1056 2024; x_wconf 88' lang='lat' dir='ltr'><strong>apud</strong></span> <span class='ocrx_word' id='word_1_266' title='bbox 1106 1953 1428 2009; x_wconf 88' lang='lat' dir='ltr'><strong>Eusebium</strong></span> <span class='ocrx_word' id='word_1_267' title='bbox 1493 1952 1594 2008; x_wconf 93' lang='lat' dir='ltr'><strong>lib.</strong></span> <span class='ocrx_word' id='word_1_268' title='bbox 1647 1969 1709 2010; x_wconf 85' lang='grc' dir='ltr'><strong>ιιι</strong></span> <span class='ocrx_word' id='word_1_269' title='bbox 1765 1955 1929 2020; x_wconf 82' lang='lat' dir='ltr'><strong>Hist.,</strong></span> <span class='ocrx_word' id='word_1_270' title='bbox 1987 1956 2082 2024; x_wconf 88' lang='lat'><strong>28,</strong></span> <span class='ocrx_word' id='word_1_271' title='bbox 2131 1954 2518 2027; x_wconf 84' lang='lat' dir='ltr'><strong>Apocalypsin</strong></span> <span class='ocrx_word' id='word_1_272' title='bbox 2569 1955 2814 2012; x_wconf 86' lang='lat' dir='ltr'><strong>Joannis</strong></span> <span class='ocrx_word' id='word_1_273' title='bbox 2870 1954 3130 2012; x_wconf 79' lang='lat' dir='ltr'><strong>Corinthi</strong></span> <span class='ocrx_word' id='word_1_274' title='bbox 3185 1969 3313 2010; x_wconf 90' lang='lat' dir='ltr'><strong>esse</strong></span> <span class='ocrx_word' id='word_1_275' title='bbox 3370 1953 3661 2010; x_wconf 84' lang='lat' dir='ltr'><strong>existimet</strong></span> 
     </span>
    </p>
   </div>
   <div class='ocr_carea' id='block_1_20' title="bbox 242 2040 3654 2116">
    <p class='ocr_par' dir='ltr' id='par_1_20' title="bbox 242 2040 3654 2116">
     <span class='ocr_line' id='line_1_20' title="bbox 242 2040 3654 2116; baseline 0 -21"><span class='ocrx_word' id='word_1_276' title='bbox 242 2057 424 2112; x_wconf 86' lang='lat' dir='ltr'><strong>quam</strong></span> <span class='ocrx_word' id='word_1_277' title='bbox 457 2040 698 2112; x_wconf 89' lang='lat' dir='ltr'><strong>quidem</strong></span> <span class='ocrx_word' id='word_1_278' title='bbox 731 2046 935 2096; x_wconf 90' lang='lat' dir='ltr'><strong>auctor</strong></span> <span class='ocrx_word' id='word_1_279' title='bbox 964 2042 1275 2114; x_wconf 85' lang='lat' dir='ltr'><strong>t&#39;ragmenti</strong></span> <span class='ocrx_word' id='word_1_280' title='bbox 1307 2059 1411 2116; x_wconf 90' lang='lat' dir='ltr'><strong>pro</strong></span> <span class='ocrx_word' id='word_1_281' title='bbox 1444 2042 1592 2099; x_wconf 93' lang='lat' dir='ltr'><strong>libro</strong></span> <span class='ocrx_word' id='word_1_282' title='bbox 1623 2042 1904 2099; x_wconf 90' lang='lat' dir='ltr'><strong>canonico</strong></span> <span class='ocrx_word' id='word_1_283' title='bbox 1937 2043 2132 2111; x_wconf 89' lang='lat' dir='ltr'><strong>habet,</strong></span> <span class='ocrx_word' id='word_1_284' title='bbox 2167 2044 2223 2099; x_wconf 92' lang='lat' dir='ltr'><strong>id</strong></span> <span class='ocrx_word' id='word_1_285' title='bbox 2258 2043 2599 2100; x_wconf 89' lang='lat' dir='ltr'><strong>meminisse</strong></span> <span class='ocrx_word' id='word_1_286' title='bbox 2628 2044 2934 2114; x_wconf 89' lang='lat' dir='ltr'><strong>debemus,</strong></span> <span class='ocrx_word' id='word_1_287' title='bbox 2967 2043 3142 2099; x_wconf 89' lang='lat' dir='ltr'><strong>verba</strong></span> <span class='ocrx_word' id='word_1_288' title='bbox 3171 2041 3291 2098; x_wconf 80' lang='lat' dir='ltr'><strong>Caii</strong></span> <span class='ocrx_word' id='word_1_289' title='bbox 3335 2046 3532 2097; x_wconf 87' lang='lat' dir='ltr'><strong>utrum</strong></span> <span class='ocrx_word' id='word_1_290' title='bbox 3583 2041 3654 2096; x_wconf 90' lang='lat' dir='ltr'><strong>ad</strong></span> 
     </span>
    </p>
   </div>
   <div class='ocr_carea' id='block_1_21' title="bbox 243 2129 3653 2205">
    <p class='ocr_par' dir='ltr' id='par_1_21' title="bbox 243 2129 3653 2205">
     <span class='ocr_line' id='line_1_21' title="bbox 243 2129 3653 2205; baseline 0 -21"><span class='ocrx_word' id='word_1_291' title='bbox 243 2129 635 2201; x_wconf 79' lang='lat' dir='ltr'><strong>Apocalypsin</strong></span> <span class='ocrx_word' id='word_1_292' title='bbox 670 2131 728 2184; x_wconf 94' lang='lat' dir='ltr'><strong>S.</strong></span> <span class='ocrx_word' id='word_1_293' title='bbox 759 2130 1000 2186; x_wconf 82' lang='lat' dir='ltr'><strong>Joannis</strong></span> <span class='ocrx_word' id='word_1_294' title='bbox 1029 2131 1378 2203; x_wconf 91' lang='lat' dir='ltr'><strong>pertineant,</strong></span> <span class='ocrx_word' id='word_1_295' title='bbox 1411 2131 1604 2187; x_wconf 88' lang='lat' dir='ltr'><strong>adhuc</strong></span> <span class='ocrx_word' id='word_1_296' title='bbox 1635 2132 1962 2203; x_wconf 82' lang='lat' dir='ltr'><strong>subjudice</strong></span> <span class='ocrx_word' id='word_1_297' title='bbox 1986 2149 2117 2188; x_wconf 88' lang='lat' dir='ltr'><strong>esse</strong></span> <span class='ocrx_word' id='word_1_298' title='bbox 2147 2151 2162 2201; x_wconf 91' lang='lat'><strong>;</strong></span> <span class='ocrx_word' id='word_1_299' title='bbox 2194 2149 2312 2205; x_wconf 88' lang='lat' dir='ltr'><strong>qua</strong></span> <span class='ocrx_word' id='word_1_300' title='bbox 2339 2134 2409 2188; x_wconf 92' lang='lat' dir='ltr'><strong>de</strong></span> <span class='ocrx_word' id='word_1_301' title='bbox 2440 2149 2502 2189; x_wconf 92' lang='lat' dir='ltr'><strong>re</strong></span> <span class='ocrx_word' id='word_1_302' title='bbox 2521 2149 2655 2189; x_wconf 90' lang='lat' dir='ltr'><strong>cum</strong></span> <span class='ocrx_word' id='word_1_303' title='bbox 2676 2149 2781 2189; x_wconf 90' lang='lat' dir='ltr'><strong>nos</strong></span> <span class='ocrx_word' id='word_1_304' title='bbox 2811 2135 2883 2188; x_wconf 89' lang='lat' dir='ltr'><strong>ad</strong></span> <span class='ocrx_word' id='word_1_305' title='bbox 2913 2134 3042 2204; x_wconf 88' lang='lat' dir='ltr'><strong>ejus</strong></span> <span class='ocrx_word' id='word_1_306' title='bbox 3073 2132 3396 2204; x_wconf 89' lang='lat' dir='ltr'><strong>fragmenta</strong></span> <span class='ocrx_word' id='word_1_307' title='bbox 3431 2129 3653 2201; x_wconf 87' lang='lat' dir='ltr'><strong>aliquid</strong></span> 
     </span>
    </p>
   </div>
   <div class='ocr_carea' id='block_1_22' title="bbox 242 2218 3652 2294">
    <p class='ocr_par' dir='ltr' id='par_1_22' title="bbox 242 2218 3652 2294">
     <span class='ocr_line' id='line_1_22' title="bbox 242 2218 3652 2294; baseline 0 -20"><span class='ocrx_word' id='word_1_308' title='bbox 242 2219 684 2286; x_wconf 88' lang='lat' dir='ltr'><strong>annotavimus,</strong></span> <span class='ocrx_word' id='word_1_309' title='bbox 719 2219 776 2273; x_wconf 92' lang='lat' dir='ltr'><strong>in</strong></span> <span class='ocrx_word' id='word_1_310' title='bbox 808 2218 916 2274; x_wconf 90' lang='lat' dir='ltr'><strong>vol.</strong></span> <span class='ocrx_word' id='word_1_311' title='bbox 952 2224 1002 2273; x_wconf 90' lang='lat' dir='ltr'><strong>II</strong></span> <span class='ocrx_word' id='word_1_312' title='bbox 1032 2221 1366 2292; x_wconf 82' lang='lat' dir='ltr'><strong>Reliquiar.,</strong></span> <span class='ocrx_word' id='word_1_313' title='bbox 1403 2237 1531 2293; x_wconf 90' lang='lat' dir='ltr'><strong>pag.</strong></span> <span class='ocrx_word' id='word_1_314' title='bbox 1567 2221 1653 2287; x_wconf 91' lang='lat'><strong>16,</strong></span> <span class='ocrx_word' id='word_1_315' title='bbox 1687 2225 1814 2277; x_wconf 89' lang='lat' dir='ltr'><strong>tum</strong></span> <span class='ocrx_word' id='word_1_316' title='bbox 1848 2237 1981 2278; x_wconf 90' lang='lat' dir='ltr'><strong>vero</strong></span> <span class='ocrx_word' id='word_1_317' title='bbox 2013 2221 2086 2278; x_wconf 90' lang='lat' dir='ltr'><strong>cl.</strong></span> <span class='ocrx_word' id='word_1_318' title='bbox 2121 2222 2545 2279; x_wconf 87' lang='lat' dir='ltr'><strong>Freindallerus</strong></span> <span class='ocrx_word' id='word_1_319' title='bbox 2577 2222 2888 2294; x_wconf 87' lang='lat' dir='ltr'><strong>fragmenti</strong></span> <span class='ocrx_word' id='word_1_320' title='bbox 2947 2222 3126 2293; x_wconf 87' lang='lat' dir='ltr'><strong>hujus</strong></span> <span class='ocrx_word' id='word_1_321' title='bbox 3156 2237 3414 2293; x_wconf 87' lang='lat' dir='ltr'><strong>nuperus</strong></span> <span class='ocrx_word' id='word_1_322' title='bbox 3445 2219 3652 2287; x_wconf 91' lang='lat' dir='ltr'><strong>editor,</strong></span> 
     </span>
    </p>
   </div>
   <div class='ocr_carea' id='block_1_23' title="bbox 241 2308 3651 2384">
    <p class='ocr_par' dir='ltr' id='par_1_23' title="bbox 241 2308 3651 2384">
     <span class='ocr_line' id='line_1_23' title="bbox 241 2308 3651 2384; baseline 0 -21"><span class='ocrx_word' id='word_1_323' title='bbox 241 2308 313 2363; x_wconf 89' lang='lat' dir='ltr'><strong>de</strong></span> <span class='ocrx_word' id='word_1_324' title='bbox 341 2324 462 2379; x_wconf 91' lang='lat' dir='ltr'><strong>quo</strong></span> <span class='ocrx_word' id='word_1_325' title='bbox 485 2324 620 2363; x_wconf 87' lang='lat' dir='ltr'><strong>mox</strong></span> <span class='ocrx_word' id='word_1_326' title='bbox 652 2308 1010 2375; x_wconf 90' lang='lat' dir='ltr'><strong>memorabo,</strong></span> <span class='ocrx_word' id='word_1_327' title='bbox 1063 2309 1362 2380; x_wconf 89' lang='lat' dir='ltr'><strong>disseruit,</strong></span> <span class='ocrx_word' id='word_1_328' title='bbox 1394 2311 1452 2378; x_wconf 84' lang='lat'><strong>§§</strong></span> <span class='ocrx_word' id='word_1_329' title='bbox 1475 2310 1510 2364; x_wconf 84' lang='lat'>9</span> <span class='ocrx_word' id='word_1_330' title='bbox 1537 2313 1596 2366; x_wconf 90' lang='lat' dir='ltr'><strong>et</strong></span> <span class='ocrx_word' id='word_1_331' title='bbox 1625 2311 1709 2365; x_wconf 93' lang='lat'><strong>10.</strong></span> <span class='ocrx_word' id='word_1_332' title='bbox 1767 2309 1938 2365; x_wconf 82' lang='lat' dir='ltr'><strong>Aliud</strong></span> <span class='ocrx_word' id='word_1_333' title='bbox 1974 2310 2216 2382; x_wconf 88' lang='lat' dir='ltr'><strong>insuper</strong></span> <span class='ocrx_word' id='word_1_334' title='bbox 2252 2316 2339 2368; x_wconf 91' lang='lat' dir='ltr'><strong>est</strong></span> <span class='ocrx_word' id='word_1_335' title='bbox 2366 2316 2778 2384; x_wconf 88' lang='lat' dir='ltr'><strong>argumentum</strong></span> <span class='ocrx_word' id='word_1_336' title='bbox 2835 2314 3036 2366; x_wconf 88' lang='lat' dir='ltr'><strong>contra</strong></span> <span class='ocrx_word' id='word_1_337' title='bbox 3091 2310 3292 2366; x_wconf 80' lang='lat' dir='ltr'><strong>Caium</strong></span> <span class='ocrx_word' id='word_1_338' title='bbox 3324 2327 3359 2365; x_wconf 89' lang='lat' dir='ltr'><strong>a</strong></span> <span class='ocrx_word' id='word_1_339' title='bbox 3387 2309 3651 2366; x_wconf 90' lang='lat' dir='ltr'><strong>Stoschio</strong></span> 
     </span>
    </p>
   </div>
   <div class='ocr_carea' id='block_1_24' title="bbox 239 2396 3650 2472">
    <p class='ocr_par' dir='ltr' id='par_1_24' title="bbox 239 2396 3650 2472">
     <span class='ocr_line' id='line_1_24' title="bbox 239 2396 3650 2472; baseline 0.001 -21"><span class='ocrx_word' id='word_1_340' title='bbox 239 2398 320 2452; x_wconf 83' lang='lat' dir='ltr'><strong>ita</strong></span> <span class='ocrx_word' id='word_1_341' title='bbox 350 2396 719 2468; x_wconf 90' lang='lat' dir='ltr'><strong>propositum</strong></span> <span class='ocrx_word' id='word_1_342' title='bbox 749 2414 762 2452; x_wconf 90' lang='lat'><strong>:</strong></span> <span class='ocrx_word' id='word_1_343' title='bbox 795 2401 1090 2453; x_wconf 87' lang='lat' dir='ltr'><strong>auctorem</strong></span> <span class='ocrx_word' id='word_1_344' title='bbox 1124 2399 1433 2469; x_wconf 89' lang='lat' dir='ltr'><strong>fragmenti</strong></span> <span class='ocrx_word' id='word_1_345' title='bbox 1459 2397 1549 2454; x_wconf 90' lang='lat' dir='ltr'><strong>vel</strong></span> <span class='ocrx_word' id='word_1_346' title='bbox 1574 2398 1806 2470; x_wconf 90' lang='lat' dir='ltr'><strong>penitus</strong></span> <span class='ocrx_word' id='word_1_347' title='bbox 1837 2399 2218 2470; x_wconf 85' lang='lat' dir='ltr'><strong>ignoravisse,</strong></span> <span class='ocrx_word' id='word_1_348' title='bbox 2265 2400 2355 2456; x_wconf 91' lang='lat' dir='ltr'><strong>vel</strong></span> <span class='ocrx_word' id='word_1_349' title='bbox 2401 2401 2612 2457; x_wconf 89' lang='lat' dir='ltr'><strong>saltem</strong></span> <span class='ocrx_word' id='word_1_350' title='bbox 2668 2418 2785 2457; x_wconf 91' lang='lat' dir='ltr'><strong>non</strong></span> <span class='ocrx_word' id='word_1_351' title='bbox 2827 2400 3328 2470; x_wconf 88' lang='lat' dir='ltr'><strong>animadvertisse,</strong></span> <span class='ocrx_word' id='word_1_352' title='bbox 3360 2399 3650 2472; x_wconf 88' lang='lat' dir='ltr'><strong>Epistolas</strong></span> 
     </span>
    </p>
   </div>
   <div class='ocr_carea' id='block_1_25' title="bbox 239 2485 3651 2562">
    <p class='ocr_par' dir='ltr' id='par_1_25' title="bbox 239 2485 3651 2562">
     <span class='ocr_line' id='line_1_25' title="bbox 239 2485 3651 2562; baseline 0 -20"><span class='ocrx_word' id='word_1_353' title='bbox 239 2485 404 2542; x_wconf 88' lang='lat' dir='ltr'><strong>Pauli</strong></span> <span class='ocrx_word' id='word_1_354' title='bbox 440 2486 666 2541; x_wconf 91' lang='lat' dir='ltr'><strong>dudum</strong></span> <span class='ocrx_word' id='word_1_355' title='bbox 689 2491 822 2540; x_wconf 87' lang='lat' dir='ltr'><strong>ante</strong></span> <span class='ocrx_word' id='word_1_356' title='bbox 842 2486 1024 2541; x_wconf 88' lang='lat' dir='ltr'><strong>visam</strong></span> <span class='ocrx_word' id='word_1_357' title='bbox 1056 2491 1109 2543; x_wconf 89' lang='lat' dir='ltr'><strong>et</strong></span> <span class='ocrx_word' id='word_1_358' title='bbox 1141 2487 1356 2542; x_wconf 89' lang='lat' dir='ltr'><strong>editam</strong></span> <span class='ocrx_word' id='word_1_359' title='bbox 1389 2505 1424 2544; x_wconf 86' lang='lat' dir='ltr'><strong>a</strong></span> <span class='ocrx_word' id='word_1_360' title='bbox 1448 2490 1673 2544; x_wconf 89' lang='lat' dir='ltr'><strong>Joanne</strong></span> <span class='ocrx_word' id='word_1_361' title='bbox 1729 2489 1992 2560; x_wconf 88' lang='lat' dir='ltr'><strong>apostolo</strong></span> <span class='ocrx_word' id='word_1_362' title='bbox 2022 2489 2398 2562; x_wconf 84' lang='lat' dir='ltr'><strong>Apocalypsin</strong></span> <span class='ocrx_word' id='word_1_363' title='bbox 2426 2491 2671 2561; x_wconf 89' lang='lat' dir='ltr'><strong>scriptas</strong></span> <span class='ocrx_word' id='word_1_364' title='bbox 2728 2490 2929 2556; x_wconf 88' lang='lat' dir='ltr'><strong>fuisse,</strong></span> <span class='ocrx_word' id='word_1_365' title='bbox 2974 2489 3160 2562; x_wconf 84' lang='lat' dir='ltr'><strong>qualis</strong></span> <span class='ocrx_word' id='word_1_366' title='bbox 3207 2490 3441 2560; x_wconf 88' lang='lat' dir='ltr'><strong>quidem</strong></span> <span class='ocrx_word' id='word_1_367' title='bbox 3490 2504 3651 2544; x_wconf 92' lang='lat' dir='ltr'><strong>error</strong></span> 
     </span>
    </p>
   </div>
   <div class='ocr_carea' id='block_1_26' title="bbox 239 2575 1844 2654">
    <p class='ocr_par' dir='ltr' id='par_1_26' title="bbox 239 2575 1844 2648">
     <span class='ocr_line' id='line_1_26' title="bbox 239 2575 1844 2648; baseline 0.002 -18"><span class='ocrx_word' id='word_1_368' title='bbox 239 2580 293 2630; x_wconf 75' lang='lat' dir='ltr'><strong>et</strong></span> <span class='ocrx_word' id='word_1_369' title='bbox 323 2575 704 2647; x_wconf 79' lang='lat' dir='ltr'><strong>incogitantia</strong></span> <span class='ocrx_word' id='word_1_370' title='bbox 732 2576 1046 2631; x_wconf 82' lang='lat' dir='ltr'><strong>difﬁculter</strong></span> <span class='ocrx_word' id='word_1_371' title='bbox 1073 2577 1146 2632; x_wconf 89' lang='lat' dir='ltr'><strong>de</strong></span> <span class='ocrx_word' id='word_1_372' title='bbox 1175 2576 1333 2647; x_wconf 89' lang='lat' dir='ltr'><strong>Caio,</strong></span> <span class='ocrx_word' id='word_1_373' title='bbox 1379 2593 1548 2648; x_wconf 91' lang='lat' dir='ltr'><strong>quem</strong></span> <span class='ocrx_word' id='word_1_374' title='bbox 1605 2578 1844 2634; x_wconf 75' lang='lat' dir='ltr'><strong>Eusebii</strong></span> 
     </span>
    </p>
   </div>
   <div class='ocr_carea' id='block_1_27' title="bbox 2039 2575 3644 2654">
    <p class='ocr_par' dir='ltr' id='par_1_27' title="bbox 2039 2575 3644 2654">
     <span class='ocr_line' id='line_1_27' title="bbox 2039 2575 3644 2654; baseline -0.001 -20"><span class='ocrx_word' id='word_1_375' title='bbox 2039 2580 2082 2634; x_wconf 70' lang='grc' dir='ltr'><strong>Ξ.</strong></span> <span class='ocrx_word' id='word_1_376' title='bbox 2113 2596 2192 2650; x_wconf 76' lang='lat' dir='ltr'><strong>v1,</strong></span> <span class='ocrx_word' id='word_1_377' title='bbox 2242 2581 2333 2634; x_wconf 87' lang='lat'><strong>20.</strong></span> <span class='ocrx_word' id='word_1_378' title='bbox 2367 2575 2892 2654; x_wconf 74' lang='grc' dir='ltr'><strong>ἀνδραλογιώτατον,</strong></span> <span class='ocrx_word' id='word_1_379' title='bbox 2952 2582 3011 2635; x_wconf 90' lang='lat' dir='ltr'><strong>et</strong></span> <span class='ocrx_word' id='word_1_380' title='bbox 3060 2579 3230 2648; x_wconf 90' lang='lat' dir='ltr'><strong>cujus</strong></span> <span class='ocrx_word' id='word_1_381' title='bbox 3286 2581 3644 2634; x_wconf 90' lang='lat' dir='ltr'><strong>commenta-</strong></span> 
     </span>
    </p>
   </div>
   <div class='ocr_carea' id='block_1_28' title="bbox 238 2662 1843 2740">
    <p class='ocr_par' dir='ltr' id='par_1_28' title="bbox 238 2662 1843 2734">
     <span class='ocr_line' id='line_1_28' title="bbox 238 2662 1843 2734; baseline 0.002 -17"><span class='ocrx_word' id='word_1_382' title='bbox 238 2664 460 2720; x_wconf 89' lang='lat' dir='ltr'><strong>tionem</strong></span> <span class='ocrx_word' id='word_1_383' title='bbox 491 2668 694 2719; x_wconf 89' lang='lat' dir='ltr'><strong>contra</strong></span> <span class='ocrx_word' id='word_1_384' title='bbox 725 2664 993 2720; x_wconf 89' lang='lat' dir='ltr'><strong>Proclum</strong></span> <span class='ocrx_word' id='word_1_385' title='bbox 1032 2665 1272 2722; x_wconf 90' lang='lat' dir='ltr'><strong>Photius</strong></span> <span class='ocrx_word' id='word_1_386' title='bbox 1322 2667 1451 2722; x_wconf 89' lang='lat' dir='ltr'><strong>cod.</strong></span> <span class='ocrx_word' id='word_1_387' title='bbox 1509 2667 1598 2734; x_wconf 87' lang='grc'><strong>48,</strong></span> <span class='ocrx_word' id='word_1_388' title='bbox 1653 2662 1843 2720; x_wconf 76' lang='grc' dir='ltr'><strong>σπουδε</strong></span> 
     </span>
    </p>
   </div>
   <div class='ocr_carea' id='block_1_29' title="bbox 2042 2662 3647 2740">
    <p class='ocr_par' dir='ltr' id='par_1_29' title="bbox 2042 2665 3647 2740">
     <span class='ocr_line' id='line_1_29' title="bbox 2042 2665 3647 2740; baseline 0.001 -21"><span class='ocrx_word' id='word_1_389' title='bbox 2042 2665 2236 2740; x_wconf 79' lang='grc' dir='ltr'><strong>ιάλεξιν</strong></span> <span class='ocrx_word' id='word_1_390' title='bbox 2287 2672 2468 2737; x_wconf 88' lang='lat' dir='ltr'><strong>vocat,</strong></span> <span class='ocrx_word' id='word_1_391' title='bbox 2527 2668 2754 2738; x_wconf 89' lang='lat' dir='ltr'><strong>concipi</strong></span> <span class='ocrx_word' id='word_1_392' title='bbox 2807 2667 3011 2740; x_wconf 91' lang='lat' dir='ltr'><strong>possit.</strong></span> <span class='ocrx_word' id='word_1_393' title='bbox 3069 2668 3160 2723; x_wconf 92' lang='lat' dir='ltr'><strong>Sic</strong></span> <span class='ocrx_word' id='word_1_394' title='bbox 3189 2666 3320 2735; x_wconf 90' lang='lat' dir='ltr'><strong>ille;</strong></span> <span class='ocrx_word' id='word_1_395' title='bbox 3354 2667 3462 2722; x_wconf 91' lang='lat' dir='ltr'><strong>hoc</strong></span> <span class='ocrx_word' id='word_1_396' title='bbox 3516 2683 3647 2722; x_wconf 84' lang='lat' dir='ltr'><strong>vero</strong></span> 
     </span>
    </p>
   </div>
   <div class='ocr_carea' id='block_1_30' title="bbox 238 2750 1843 2829">
    <p class='ocr_par' dir='ltr' id='par_1_30' title="bbox 238 2750 1843 2828">
     <span class='ocr_line' id='line_1_30' title="bbox 238 2750 1843 2828; baseline 0.002 -23"><span class='ocrx_word' id='word_1_397' title='bbox 238 2753 384 2826; x_wconf 68' lang='grc' dir='ltr'><strong>παρὰ</strong></span> <span class='ocrx_word' id='word_1_398' title='bbox 414 2752 509 2807; x_wconf 81' lang='grc' dir='ltr'><strong>τὸν</strong></span> <span class='ocrx_word' id='word_1_399' title='bbox 568 2750 765 2826; x_wconf 73' lang='grc' dir='ltr'>χρόνον</span> <span class='ocrx_word' id='word_1_400' title='bbox 825 2753 1106 2809; x_wconf 82' lang='lat' dir='ltr'><strong>duntaxat</strong></span> <span class='ocrx_word' id='word_1_401' title='bbox 1155 2752 1453 2828; x_wconf 78' lang='grc' dir='ltr'><strong>ἁμάρτημα</strong></span> <span class='ocrx_word' id='word_1_402' title='bbox 1498 2756 1664 2825; x_wconf 83' lang='lat' dir='ltr'><strong>foret,</strong></span> <span class='ocrx_word' id='word_1_403' title='bbox 1715 2772 1843 2827; x_wconf 77' lang='lat' dir='ltr'><strong>qum</strong></span> 
     </span>
    </p>
   </div>
   <div class='ocr_carea' id='block_1_31' title="bbox 2043 2750 3648 2829">
    <p class='ocr_par' dir='ltr' id='par_1_31' title="bbox 2043 2755 3648 2829">
     <span class='ocr_line' id='line_1_31' title="bbox 2043 2755 3648 2829; baseline 0 -20"><span class='ocrx_word' id='word_1_404' title='bbox 2043 2773 2150 2812; x_wconf 63' lang='lat' dir='ltr'><strong>urea</strong></span> <span class='ocrx_word' id='word_1_405' title='bbox 2206 2761 2466 2829; x_wconf 89' lang='lat' dir='ltr'><strong>cportere</strong></span> <span class='ocrx_word' id='word_1_406' title='bbox 2511 2756 2590 2813; x_wconf 87' lang='lat' dir='ltr'><strong>ita</strong></span> <span class='ocrx_word' id='word_1_407' title='bbox 2621 2755 2940 2813; x_wconf 86' lang='lat' dir='ltr'><strong>existimari</strong></span> <span class='ocrx_word' id='word_1_408' title='bbox 2996 2763 3272 2827; x_wconf 86' lang='lat' dir='ltr'><strong>negarent</strong></span> <span class='ocrx_word' id='word_1_409' title='bbox 3331 2772 3466 2810; x_wconf 90' lang='lat' dir='ltr'><strong>cum</strong></span> <span class='ocrx_word' id='word_1_410' title='bbox 3515 2756 3648 2826; x_wconf 88' lang='lat' dir='ltr'><strong>Epi-</strong></span> 
     </span>
    </p>
   </div>
   <div class='ocr_carea' id='block_1_32' title="bbox 237 2839 3652 2924">
    <p class='ocr_par' dir='ltr' id='par_1_32' title="bbox 237 2839 3652 2924">
     <span class='ocr_line' id='line_1_32' title="bbox 237 2839 3652 2924; baseline 0.001 -28"><span class='ocrx_word' id='word_1_411' title='bbox 237 2842 461 2912; x_wconf 86' lang='lat' dir='ltr'><strong>phanio</strong></span> <span class='ocrx_word' id='word_1_412' title='bbox 491 2842 553 2897; x_wconf 91' lang='lat' dir='ltr'><strong>in</strong></span> <span class='ocrx_word' id='word_1_413' title='bbox 598 2844 746 2898; x_wconf 66' lang='lat' dir='ltr'><strong>Henr.</strong></span> <span class='ocrx_word' id='word_1_414' title='bbox 809 2860 880 2910; x_wconf 85' lang='lat' dir='ltr'><strong>LI,</strong></span> <span class='ocrx_word' id='word_1_415' title='bbox 942 2859 1068 2914; x_wconf 88' lang='lat' dir='ltr'><strong>cap.</strong></span> <span class='ocrx_word' id='word_1_416' title='bbox 1126 2844 1198 2924; x_wconf 34' lang='grc'><strong>,12</strong></span> <span class='ocrx_word' id='word_1_417' title='bbox 1248 2849 1308 2900; x_wconf 92' lang='lat' dir='ltr'><strong>et</strong></span> <span class='ocrx_word' id='word_1_418' title='bbox 1363 2860 1488 2916; x_wconf 89' lang='lat' dir='ltr'><strong>cap.</strong></span> <span class='ocrx_word' id='word_1_419' title='bbox 1543 2839 1634 2913; x_wconf 86' lang='lat'><strong>36,</strong></span> <span class='ocrx_word' id='word_1_420' title='bbox 1695 2843 1777 2899; x_wconf 91' lang='lat' dir='ltr'><strong>illi</strong></span> <span class='ocrx_word' id='word_1_421' title='bbox 1829 2845 2042 2901; x_wconf 90' lang='lat' dir='ltr'><strong>eruditi</strong></span> <span class='ocrx_word' id='word_1_422' title='bbox 2097 2846 2215 2917; x_wconf 91' lang='lat' dir='ltr'><strong>qui,</strong></span> <span class='ocrx_word' id='word_1_423' title='bbox 2275 2850 2340 2902; x_wconf 90' lang='lat' dir='ltr'><strong>ut</strong></span> <span class='ocrx_word' id='word_1_424' title='bbox 2397 2850 2559 2902; x_wconf 90' lang='lat' dir='ltr'><strong>notat</strong></span> <span class='ocrx_word' id='word_1_425' title='bbox 2613 2845 2738 2918; x_wconf 90' lang='lat' dir='ltr'><strong>ipse</strong></span> <span class='ocrx_word' id='word_1_426' title='bbox 2791 2861 3022 2918; x_wconf 91' lang='lat' dir='ltr'><strong>quoque</strong></span> <span class='ocrx_word' id='word_1_427' title='bbox 3081 2845 3166 2900; x_wconf 83' lang='lat' dir='ltr'><strong>vir</strong></span> <span class='ocrx_word' id='word_1_428' title='bbox 3221 2843 3435 2912; x_wconf 87' lang='lat' dir='ltr'><strong>clarus,</strong></span> <span class='ocrx_word' id='word_1_429' title='bbox 3495 2846 3652 2916; x_wconf 84' lang='lat' dir='ltr'><strong>Apo-</strong></span> 
     </span>
    </p>
   </div>
   <div class='ocr_carea' id='block_1_33' title="bbox 241 2930 3654 3005">
    <p class='ocr_par' dir='ltr' id='par_1_33' title="bbox 241 2930 3654 3005">
     <span class='ocr_line' id='line_1_33' title="bbox 241 2930 3654 3005; baseline 0 -20"><span class='ocrx_word' id='word_1_430' title='bbox 241 2930 507 3003; x_wconf 87' lang='lat' dir='ltr'><strong>calypsin</strong></span> <span class='ocrx_word' id='word_1_431' title='bbox 538 2931 784 2987; x_wconf 86' lang='lat' dir='ltr'><strong>Joannis</strong></span> <span class='ocrx_word' id='word_1_432' title='bbox 815 2932 884 2986; x_wconf 91' lang='lat' dir='ltr'><strong>ad</strong></span> <span class='ocrx_word' id='word_1_433' title='bbox 914 2931 1139 2988; x_wconf 88' lang='lat' dir='ltr'><strong>Claudii</strong></span> <span class='ocrx_word' id='word_1_434' title='bbox 1177 2933 1424 3005; x_wconf 85' lang='lat' dir='ltr'><strong>Augusti</strong></span> <span class='ocrx_word' id='word_1_435' title='bbox 1454 2936 1719 3005; x_wconf 89' lang='lat' dir='ltr'><strong>tempora</strong></span> <span class='ocrx_word' id='word_1_436' title='bbox 1750 2934 2028 2990; x_wconf 86' lang='lat' dir='ltr'><strong>referunt.</strong></span> <span class='ocrx_word' id='word_1_437' title='bbox 2083 2934 2253 2992; x_wconf 85' lang='lat' dir='ltr'><strong>Cons.</strong></span> <span class='ocrx_word' id='word_1_438' title='bbox 2289 2938 2346 2989; x_wconf 92' lang='lat' dir='ltr'><strong>et</strong></span> <span class='ocrx_word' id='word_1_439' title='bbox 2375 2935 2612 2990; x_wconf 82' lang='lat' dir='ltr'><strong>Thoma</strong></span> <span class='ocrx_word' id='word_1_440' title='bbox 2665 2933 2924 2990; x_wconf 87' lang='lat' dir='ltr'><strong>Newtoni</strong></span> <span class='ocrx_word' id='word_1_441' title='bbox 2961 2932 3356 2990; x_wconf 86' lang='lat' dir='ltr'><strong>Bristoliensis</strong></span> <span class='ocrx_word' id='word_1_442' title='bbox 3395 2932 3654 3004; x_wconf 90' lang='lat' dir='ltr'><strong>episcopi</strong></span> 
     </span>
    </p>
   </div>
   <div class='ocr_carea' id='block_1_34' title="bbox 239 3020 3649 3096">
    <p class='ocr_par' dir='ltr' id='par_1_34' title="bbox 239 3020 3649 3096">
     <span class='ocr_line' id='line_1_34' title="bbox 239 3020 3649 3096; baseline -0 -20"><span class='ocrx_word' id='word_1_443' title='bbox 239 3021 473 3076; x_wconf 74' lang='lat' dir='ltr'><strong>Dissert.</strong></span> <span class='ocrx_word' id='word_1_444' title='bbox 515 3022 574 3076; x_wconf 86' lang='lat' dir='ltr'><strong>in</strong></span> <span class='ocrx_word' id='word_1_445' title='bbox 608 3020 934 3092; x_wconf 81' lang='lat' dir='ltr'><strong>PrOphelias</strong></span> <span class='ocrx_word' id='word_1_446' title='bbox 975 3020 1218 3093; x_wconf 84' lang='lat' dir='ltr'><strong>Anglica</strong></span> <span class='ocrx_word' id='word_1_447' title='bbox 1269 3021 1468 3092; x_wconf 81' lang='lat' dir='ltr'><strong>lingua</strong></span> <span class='ocrx_word' id='word_1_448' title='bbox 1523 3022 1906 3094; x_wconf 89' lang='lat' dir='ltr'><strong>conscriptas,</strong></span> <span class='ocrx_word' id='word_1_449' title='bbox 1957 3021 2068 3079; x_wconf 90' lang='lat' dir='ltr'><strong>vol.</strong></span> <span class='ocrx_word' id='word_1_450' title='bbox 2128 3027 2228 3078; x_wconf 88' lang='lat' dir='ltr'><strong>III.</strong></span> <span class='ocrx_word' id='word_1_451' title='bbox 2261 3023 2408 3096; x_wconf 67' lang='lat'><strong>§24,</strong></span> <span class='ocrx_word' id='word_1_452' title='bbox 2443 3040 2493 3079; x_wconf 92' lang='lat' dir='ltr'><strong>c.</strong></span> <span class='ocrx_word' id='word_1_453' title='bbox 2525 3024 2578 3091; x_wconf 77' lang='grc'><strong>4,</strong></span> <span class='ocrx_word' id='word_1_454' title='bbox 2611 3026 2786 3095; x_wconf 88' lang='lat' dir='ltr'><strong>atque</strong></span> <span class='ocrx_word' id='word_1_455' title='bbox 2812 3026 2866 3077; x_wconf 90' lang='lat' dir='ltr'><strong>J.</strong></span> <span class='ocrx_word' id='word_1_456' title='bbox 2901 3027 2964 3078; x_wconf 93' lang='lat' dir='ltr'><strong>D.</strong></span> <span class='ocrx_word' id='word_1_457' title='bbox 3020 3021 3319 3079; x_wconf 88' lang='lat' dir='ltr'><strong>Michaelis</strong></span> <span class='ocrx_word' id='word_1_458' title='bbox 3377 3022 3649 3077; x_wconf 78' lang='lat' dir='ltr'><strong>Pralectl.</strong></span> 
     </span>
    </p>
   </div>
   <div class='ocr_carea' id='block_1_35' title="bbox 238 3108 3653 3183">
    <p class='ocr_par' dir='ltr' id='par_1_35' title="bbox 238 3108 3653 3183">
     <span class='ocr_line' id='line_1_35' title="bbox 238 3108 3653 3183; baseline 0 -19"><span class='ocrx_word' id='word_1_459' title='bbox 238 3111 319 3164; x_wconf 83' lang='lat' dir='ltr'><strong>de.</strong></span> <span class='ocrx_word' id='word_1_460' title='bbox 353 3108 512 3164; x_wconf 82' lang='lat' dir='ltr'><strong>Libb.</strong></span> <span class='ocrx_word' id='word_1_461' title='bbox 554 3109 618 3165; x_wconf 87' lang='grc' dir='ltr'><strong>Ν.</strong></span> <span class='ocrx_word' id='word_1_462' title='bbox 675 3110 726 3164; x_wconf 91' lang='lat' dir='ltr'><strong>T.</strong></span> <span class='ocrx_word' id='word_1_463' title='bbox 759 3114 901 3165; x_wconf 90' lang='lat' dir='ltr'><strong>sect.</strong></span> <span class='ocrx_word' id='word_1_464' title='bbox 937 3109 1042 3166; x_wconf 91' lang='lat' dir='ltr'><strong>ult.</strong></span> <span class='ocrx_word' id='word_1_465' title='bbox 1078 3110 1148 3164; x_wconf 90' lang='lat' dir='ltr'><strong>Et</strong></span> <span class='ocrx_word' id='word_1_466' title='bbox 1177 3110 1580 3179; x_wconf 88' lang='lat' dir='ltr'><strong>mihiquidem</strong></span> <span class='ocrx_word' id='word_1_467' title='bbox 1623 3112 1901 3182; x_wconf 88' lang='lat' dir='ltr'><strong>majorem</strong></span> <span class='ocrx_word' id='word_1_468' title='bbox 1927 3114 2185 3167; x_wconf 90' lang='lat' dir='ltr'><strong>moveret</strong></span> <span class='ocrx_word' id='word_1_469' title='bbox 2233 3110 2573 3183; x_wconf 90' lang='lat' dir='ltr'><strong>scrupulum</strong></span> <span class='ocrx_word' id='word_1_470' title='bbox 2608 3128 2806 3166; x_wconf 79' lang='lat' dir='ltr'><strong>navus</strong></span> <span class='ocrx_word' id='word_1_471' title='bbox 2861 3110 2974 3166; x_wconf 86' lang='lat' dir='ltr'><strong>ﬁne</strong></span> <span class='ocrx_word' id='word_1_472' title='bbox 3005 3110 3183 3180; x_wconf 88' lang='lat' dir='ltr'><strong>hujus</strong></span> <span class='ocrx_word' id='word_1_473' title='bbox 3208 3110 3517 3182; x_wconf 89' lang='lat' dir='ltr'><strong>fragmenti</strong></span> <span class='ocrx_word' id='word_1_474' title='bbox 3563 3110 3653 3165; x_wconf 89' lang='lat' dir='ltr'><strong>in-</strong></span> 
     </span>
    </p>
   </div>
   <div class='ocr_carea' id='block_1_36' title="bbox 241 3197 3658 3272">
    <p class='ocr_par' dir='ltr' id='par_1_36' title="bbox 241 3197 3658 3272">
     <span class='ocr_line' id='line_1_36' title="bbox 241 3197 3658 3272; baseline 0.001 -21"><span class='ocrx_word' id='word_1_475' title='bbox 241 3202 475 3264; x_wconf 83' lang='lat' dir='ltr'><strong>ventus,</strong></span> <span class='ocrx_word' id='word_1_476' title='bbox 510 3198 612 3252; x_wconf 91' lang='lat' dir='ltr'><strong>ubi</strong></span> <span class='ocrx_word' id='word_1_477' title='bbox 644 3197 900 3269; x_wconf 90' lang='lat' dir='ltr'><strong>positum</strong></span> <span class='ocrx_word' id='word_1_478' title='bbox 930 3198 1184 3263; x_wconf 84' lang='lat' dir='ltr'><strong>videtur,</strong></span> <span class='ocrx_word' id='word_1_479' title='bbox 1216 3199 1516 3256; x_wconf 77' lang='lat' dir='ltr'><strong>Basilidem</strong></span> <span class='ocrx_word' id='word_1_480' title='bbox 1573 3214 1702 3256; x_wconf 91' lang='lat' dir='ltr'><strong>esse</strong></span> <span class='ocrx_word' id='word_1_481' title='bbox 1754 3199 2182 3272; x_wconf 81' lang='lat' dir='ltr'><strong>Cataphrygum,</strong></span> <span class='ocrx_word' id='word_1_482' title='bbox 2228 3200 2276 3256; x_wconf 88' lang='lat' dir='ltr'><strong>si</strong></span> <span class='ocrx_word' id='word_1_483' title='bbox 2309 3199 2424 3256; x_wconf 90' lang='lat' dir='ltr'><strong>diis</strong></span> <span class='ocrx_word' id='word_1_484' title='bbox 2470 3199 2678 3272; x_wconf 89' lang='lat' dir='ltr'><strong>placet,</strong></span> <span class='ocrx_word' id='word_1_485' title='bbox 2708 3201 3159 3267; x_wconf 79' lang='lat' dir='ltr'><strong>constitutorem;</strong></span> <span class='ocrx_word' id='word_1_486' title='bbox 3213 3200 3450 3266; x_wconf 88' lang='lat' dir='ltr'><strong>etenim,</strong></span> <span class='ocrx_word' id='word_1_487' title='bbox 3482 3199 3530 3254; x_wconf 90' lang='lat' dir='ltr'><strong>si</strong></span> <span class='ocrx_word' id='word_1_488' title='bbox 3573 3199 3658 3254; x_wconf 90' lang='lat' dir='ltr'><strong>ita</strong></span> 
     </span>
    </p>
   </div>
   <div class='ocr_carea' id='block_1_37' title="bbox 241 3287 3653 3362">
    <p class='ocr_par' dir='ltr' id='par_1_37' title="bbox 241 3287 3653 3362">
     <span class='ocr_line' id='line_1_37' title="bbox 241 3287 3653 3362; baseline 0 -19"><span class='ocrx_word' id='word_1_489' title='bbox 241 3287 527 3358; x_wconf 82' lang='lat' dir='ltr'><strong>legendus</strong></span> <span class='ocrx_word' id='word_1_490' title='bbox 553 3290 610 3342; x_wconf 90' lang='lat' dir='ltr'><strong>et</strong></span> <span class='ocrx_word' id='word_1_491' title='bbox 639 3288 1066 3343; x_wconf 90' lang='lat' dir='ltr'><strong>construendus</strong></span> <span class='ocrx_word' id='word_1_492' title='bbox 1098 3288 1280 3356; x_wconf 92' lang='lat' dir='ltr'><strong>locus,</strong></span> <span class='ocrx_word' id='word_1_493' title='bbox 1311 3305 1510 3345; x_wconf 89' lang='lat' dir='ltr'><strong>vereor</strong></span> <span class='ocrx_word' id='word_1_494' title='bbox 1538 3305 1611 3344; x_wconf 93' lang='lat' dir='ltr'><strong>ne</strong></span> <span class='ocrx_word' id='word_1_495' title='bbox 1641 3289 1982 3362; x_wconf 82' lang='lat' dir='ltr'><strong>ignorantia</strong></span> <span class='ocrx_word' id='word_1_496' title='bbox 2013 3305 2224 3347; x_wconf 86' lang='lat' dir='ltr'><strong>crassa</strong></span> <span class='ocrx_word' id='word_1_497' title='bbox 2245 3290 2304 3344; x_wconf 90' lang='lat' dir='ltr'><strong>in</strong></span> <span class='ocrx_word' id='word_1_498' title='bbox 2329 3289 2437 3346; x_wconf 90' lang='lat' dir='ltr'><strong>hoc</strong></span> <span class='ocrx_word' id='word_1_499' title='bbox 2459 3292 2696 3345; x_wconf 87' lang='lat' dir='ltr'><strong>auctore</strong></span> <span class='ocrx_word' id='word_1_500' title='bbox 2726 3293 3132 3360; x_wconf 83' lang='lat' dir='ltr'><strong>argumentum</strong></span> <span class='ocrx_word' id='word_1_501' title='bbox 3164 3289 3302 3344; x_wconf 90' lang='lat' dir='ltr'><strong>inde</strong></span> <span class='ocrx_word' id='word_1_502' title='bbox 3323 3289 3653 3345; x_wconf 90' lang='lat' dir='ltr'><strong>ducendum</strong></span> 
     </span>
    </p>
   </div>
   <div class='ocr_carea' id='block_1_38' title="bbox 243 3375 415 3431">
    <p class='ocr_par' dir='ltr' id='par_1_38' title="bbox 243 3375 415 3431">
     <span class='ocr_line' id='line_1_38' title="bbox 243 3375 415 3431; baseline 0.006 -1"><span class='ocrx_word' id='word_1_503' title='bbox 243 3375 415 3431; x_wconf 83' lang='lat' dir='ltr'><strong>foret.</strong></span> 
     </span>
    </p>
   </div>
   <div class='ocr_carea' id='block_1_39' title="bbox 308 3500 3654 3576">
    <p class='ocr_par' dir='ltr' id='par_1_39' title="bbox 308 3500 3654 3576">
     <span class='ocr_line' id='line_1_39' title="bbox 308 3500 3654 3576; baseline 0 -21"><span class='ocrx_word' id='word_1_504' title='bbox 308 3500 659 3572; x_wconf 86' lang='lat' dir='ltr'><strong>Quanquam</strong></span> <span class='ocrx_word' id='word_1_505' title='bbox 690 3516 824 3556; x_wconf 92' lang='lat' dir='ltr'><strong>vero</strong></span> <span class='ocrx_word' id='word_1_506' title='bbox 853 3501 942 3556; x_wconf 89' lang='lat' dir='ltr'><strong>vir</strong></span> <span class='ocrx_word' id='word_1_507' title='bbox 970 3501 1040 3557; x_wconf 92' lang='lat' dir='ltr'><strong>cl.</strong></span> <span class='ocrx_word' id='word_1_508' title='bbox 1079 3503 1200 3560; x_wconf 83' lang='lat' dir='ltr'><strong>hac</strong></span> <span class='ocrx_word' id='word_1_509' title='bbox 1247 3503 1367 3559; x_wconf 88' lang='lat' dir='ltr'><strong>Caii</strong></span> <span class='ocrx_word' id='word_1_510' title='bbox 1418 3503 1600 3559; x_wconf 84' lang='lat' dir='ltr'><strong>fuisse</strong></span> <span class='ocrx_word' id='word_1_511' title='bbox 1631 3501 1793 3570; x_wconf 91' lang='lat' dir='ltr'><strong>nolit,</strong></span> <span class='ocrx_word' id='word_1_512' title='bbox 1821 3519 2074 3576; x_wconf 91' lang='lat' dir='ltr'><strong>quocum</strong></span> <span class='ocrx_word' id='word_1_513' title='bbox 2107 3502 2286 3560; x_wconf 89' lang='lat' dir='ltr'><strong>sentit</strong></span> <span class='ocrx_word' id='word_1_514' title='bbox 2314 3507 2440 3558; x_wconf 91' lang='lat' dir='ltr'><strong>tum</strong></span> <span class='ocrx_word' id='word_1_515' title='bbox 2473 3502 2544 3559; x_wconf 89' lang='lat' dir='ltr'><strong>cl.</strong></span> <span class='ocrx_word' id='word_1_516' title='bbox 2578 3501 2799 3558; x_wconf 88' lang='lat' dir='ltr'><strong>Keilius</strong></span> <span class='ocrx_word' id='word_1_517' title='bbox 2854 3502 2913 3556; x_wconf 91' lang='lat' dir='ltr'><strong>in</strong></span> <span class='ocrx_word' id='word_1_518' title='bbox 2973 3501 3388 3558; x_wconf 89' lang='lat' dir='ltr'><strong>additamentis</strong></span> <span class='ocrx_word' id='word_1_519' title='bbox 3418 3501 3488 3556; x_wconf 92' lang='lat' dir='ltr'><strong>ad</strong></span> <span class='ocrx_word' id='word_1_520' title='bbox 3546 3504 3654 3557; x_wconf 83' lang='lat' dir='ltr'><strong>Fa-</strong></span> 
     </span>
    </p>
   </div>
   <div class='ocr_carea' id='block_1_40' title="bbox 244 3589 3654 3665">
    <p class='ocr_par' dir='ltr' id='par_1_40' title="bbox 244 3589 3654 3665">
     <span class='ocr_line' id='line_1_40' title="bbox 244 3589 3654 3665; baseline 0 -21"><span class='ocrx_word' id='word_1_521' title='bbox 244 3591 511 3645; x_wconf 72' lang='lat' dir='ltr'><strong>briciana</strong></span> <span class='ocrx_word' id='word_1_522' title='bbox 541 3590 800 3646; x_wconf 83' lang='lat' dir='ltr'><strong>Biblioth.</strong></span> <span class='ocrx_word' id='word_1_523' title='bbox 837 3590 1031 3660; x_wconf 64' lang='lat' dir='ltr'><strong>Graec”</strong></span> <span class='ocrx_word' id='word_1_524' title='bbox 1055 3590 1168 3647; x_wconf 90' lang='lat' dir='ltr'><strong>vol.</strong></span> <span class='ocrx_word' id='word_1_525' title='bbox 1204 3592 1326 3661; x_wconf 83' lang='lat' dir='ltr'><strong>VII,</strong></span> <span class='ocrx_word' id='word_1_526' title='bbox 1357 3609 1490 3665; x_wconf 87' lang='lat' dir='ltr'><strong>pag.</strong></span> <span class='ocrx_word' id='word_1_527' title='bbox 1513 3594 1642 3658; x_wconf 82' lang='lat'><strong>285,</strong></span> <span class='ocrx_word' id='word_1_528' title='bbox 1671 3597 1797 3648; x_wconf 92' lang='lat' dir='ltr'><strong>tum</strong></span> <span class='ocrx_word' id='word_1_529' title='bbox 1828 3592 1925 3648; x_wconf 90' lang='lat' dir='ltr'><strong>alii</strong></span> <span class='ocrx_word' id='word_1_530' title='bbox 1963 3593 2070 3648; x_wconf 89' lang='lat' dir='ltr'><strong>viri</strong></span> <span class='ocrx_word' id='word_1_531' title='bbox 2100 3592 2275 3663; x_wconf 90' lang='lat' dir='ltr'><strong>docti,</strong></span> <span class='ocrx_word' id='word_1_532' title='bbox 2325 3609 2474 3664; x_wconf 88' lang='lat' dir='ltr'><strong>quos</strong></span> <span class='ocrx_word' id='word_1_533' title='bbox 2520 3593 2600 3648; x_wconf 91' lang='lat' dir='ltr'><strong>ibi</strong></span> <span class='ocrx_word' id='word_1_534' title='bbox 2641 3591 3118 3648; x_wconf 86' lang='lat' dir='ltr'><strong>commemoravit</strong></span> <span class='ocrx_word' id='word_1_535' title='bbox 3175 3590 3410 3658; x_wconf 84' lang='lat' dir='ltr'><strong>Keilius,</strong></span> <span class='ocrx_word' id='word_1_536' title='bbox 3467 3589 3654 3645; x_wconf 88' lang='lat' dir='ltr'><strong>eidem</strong></span> 
     </span>
    </p>
   </div>
   <div class='ocr_carea' id='block_1_41' title="bbox 240 3678 3659 3754">
    <p class='ocr_par' dir='ltr' id='par_1_41' title="bbox 240 3678 3659 3754">
     <span class='ocr_line' id='line_1_41' title="bbox 240 3678 3659 3754; baseline -0.001 -19"><span class='ocrx_word' id='word_1_537' title='bbox 240 3684 444 3735; x_wconf 87' lang='lat' dir='ltr'><strong>tamen</strong></span> <span class='ocrx_word' id='word_1_538' title='bbox 474 3679 743 3735; x_wconf 86' lang='lat' dir='ltr'><strong>Stoschio</strong></span> <span class='ocrx_word' id='word_1_539' title='bbox 776 3679 1072 3751; x_wconf 91' lang='lat' dir='ltr'><strong>probabile</strong></span> <span class='ocrx_word' id='word_1_540' title='bbox 1101 3681 1419 3737; x_wconf 90' lang='lat' dir='ltr'><strong>admodum</strong></span> <span class='ocrx_word' id='word_1_541' title='bbox 1451 3682 1678 3737; x_wconf 85' lang='lat' dir='ltr'><strong>videtur</strong></span> <span class='ocrx_word' id='word_1_542' title='bbox 1727 3682 2122 3754; x_wconf 88' lang='lat' dir='ltr'><strong>fragmentum</strong></span> <span class='ocrx_word' id='word_1_543' title='bbox 2171 3681 2410 3737; x_wconf 90' lang='lat' dir='ltr'><strong>omnino</strong></span> <span class='ocrx_word' id='word_1_544' title='bbox 2457 3698 2585 3736; x_wconf 88' lang='lat' dir='ltr'><strong>esse</strong></span> <span class='ocrx_word' id='word_1_545' title='bbox 2641 3680 3148 3752; x_wconf 89' lang='lat' dir='ltr'><strong>antiquissimum,</strong></span> <span class='ocrx_word' id='word_1_546' title='bbox 3180 3683 3238 3734; x_wconf 92' lang='lat' dir='ltr'><strong>et</strong></span> <span class='ocrx_word' id='word_1_547' title='bbox 3267 3679 3419 3734; x_wconf 91' lang='lat' dir='ltr'><strong>circa</strong></span> <span class='ocrx_word' id='word_1_548' title='bbox 3461 3678 3659 3734; x_wconf 87' lang='lat' dir='ltr'><strong>saculi</strong></span> 
     </span>
    </p>
   </div>
   <div class='ocr_carea' id='block_1_42' title="bbox 247 3767 3659 3842">
    <p class='ocr_par' dir='ltr' id='par_1_42' title="bbox 247 3767 3659 3842">
     <span class='ocr_line' id='line_1_42' title="bbox 247 3767 3659 3842; baseline -0 -18"><span class='ocrx_word' id='word_1_549' title='bbox 247 3769 491 3825; x_wconf 83' lang='lat' dir='ltr'><strong>secundi</strong></span> <span class='ocrx_word' id='word_1_550' title='bbox 537 3768 711 3824; x_wconf 87' lang='lat' dir='ltr'><strong>ﬁnem</strong></span> <span class='ocrx_word' id='word_1_551' title='bbox 735 3773 838 3824; x_wconf 89' lang='lat' dir='ltr'><strong>aut</strong></span> <span class='ocrx_word' id='word_1_552' title='bbox 865 3769 1021 3824; x_wconf 89' lang='lat' dir='ltr'><strong>tertii</strong></span> <span class='ocrx_word' id='word_1_553' title='bbox 1053 3770 1218 3826; x_wconf 90' lang='lat' dir='ltr'><strong>initia</strong></span> <span class='ocrx_word' id='word_1_554' title='bbox 1249 3771 1645 3842; x_wconf 89' lang='lat' dir='ltr'><strong>conscriptum</strong></span> <span class='ocrx_word' id='word_1_555' title='bbox 1671 3787 1685 3838; x_wconf 93' lang='lat'><strong>;</strong></span> <span class='ocrx_word' id='word_1_556' title='bbox 1721 3771 1792 3826; x_wconf 91' lang='lat' dir='ltr'><strong>ad</strong></span> <span class='ocrx_word' id='word_1_557' title='bbox 1816 3787 1993 3841; x_wconf 87' lang='lat' dir='ltr'><strong>quam</strong></span> <span class='ocrx_word' id='word_1_558' title='bbox 2020 3769 2258 3842; x_wconf 89' lang='lat' dir='ltr'><strong>quidem</strong></span> <span class='ocrx_word' id='word_1_559' title='bbox 2287 3769 2635 3826; x_wconf 89' lang='lat' dir='ltr'><strong>sententiam</strong></span> <span class='ocrx_word' id='word_1_560' title='bbox 2666 3769 3015 3825; x_wconf 83' lang='lat' dir='ltr'><strong>ﬁrmandam</strong></span> <span class='ocrx_word' id='word_1_561' title='bbox 3048 3767 3262 3824; x_wconf 91' lang='lat' dir='ltr'><strong>multas</strong></span> <span class='ocrx_word' id='word_1_562' title='bbox 3288 3767 3385 3823; x_wconf 91' lang='lat' dir='ltr'><strong>ille</strong></span> <span class='ocrx_word' id='word_1_563' title='bbox 3407 3770 3659 3824; x_wconf 89' lang='lat' dir='ltr'><strong>rationes</strong></span> 
     </span>
    </p>
   </div>
   <div class='ocr_carea' id='block_1_43' title="bbox 243 3857 3657 3931">
    <p class='ocr_par' dir='ltr' id='par_1_43' title="bbox 243 3857 3657 3931">
     <span class='ocr_line' id='line_1_43' title="bbox 243 3857 3657 3931; baseline -0.001 -17"><span class='ocrx_word' id='word_1_564' title='bbox 243 3874 464 3930; x_wconf 85' lang='lat' dir='ltr'><strong>easque</strong></span> <span class='ocrx_word' id='word_1_565' title='bbox 495 3875 677 3930; x_wconf 90' lang='lat' dir='ltr'><strong>quam</strong></span> <span class='ocrx_word' id='word_1_566' title='bbox 701 3857 1133 3915; x_wconf 87' lang='lat' dir='ltr'><strong>valentissimas</strong></span> <span class='ocrx_word' id='word_1_567' title='bbox 1167 3858 1434 3931; x_wconf 89' lang='lat' dir='ltr'><strong>subjecit.</strong></span> <span class='ocrx_word' id='word_1_568' title='bbox 1467 3861 1536 3915; x_wconf 93' lang='lat' dir='ltr'><strong>Et</strong></span> <span class='ocrx_word' id='word_1_569' title='bbox 1568 3859 1626 3914; x_wconf 91' lang='lat' dir='ltr'><strong>in</strong></span> <span class='ocrx_word' id='word_1_570' title='bbox 1665 3876 1732 3915; x_wconf 88' lang='lat' dir='ltr'><strong>ea</strong></span> <span class='ocrx_word' id='word_1_571' title='bbox 1757 3859 2048 3916; x_wconf 88' lang='lat' dir='ltr'><strong>sententia</strong></span> <span class='ocrx_word' id='word_1_572' title='bbox 2077 3859 2423 3915; x_wconf 90' lang='lat' dir='ltr'><strong>conveniunt</strong></span> <span class='ocrx_word' id='word_1_573' title='bbox 2469 3859 2803 3930; x_wconf 86' lang='lat' dir='ltr'><strong>scriptores,</strong></span> <span class='ocrx_word' id='word_1_574' title='bbox 2839 3859 2992 3930; x_wconf 89' lang='lat' dir='ltr'><strong>quod</strong></span> <span class='ocrx_word' id='word_1_575' title='bbox 3024 3857 3229 3929; x_wconf 91' lang='lat' dir='ltr'><strong>sciam,</strong></span> <span class='ocrx_word' id='word_1_576' title='bbox 3281 3873 3508 3922; x_wconf 92' lang='lat' dir='ltr'><strong>omnes,</strong></span> <span class='ocrx_word' id='word_1_577' title='bbox 3558 3857 3657 3927; x_wconf 91' lang='lat' dir='ltr'><strong>qui</strong></span> 
     </span>
    </p>
   </div>
   <div class='ocr_carea' id='block_1_44' title="bbox 247 3944 3659 4020">
    <p class='ocr_par' dir='ltr' id='par_1_44' title="bbox 247 3944 3659 4020">
     <span class='ocr_line' id='line_1_44' title="bbox 247 3944 3659 4020; baseline -0.002 -15"><span class='ocrx_word' id='word_1_578' title='bbox 247 3951 415 4005; x_wconf 80' lang='lat' dir='ltr'><strong>breve</strong></span> <span class='ocrx_word' id='word_1_579' title='bbox 445 3948 608 4004; x_wconf 86' lang='lat' dir='ltr'><strong>istud</strong></span> <span class='ocrx_word' id='word_1_580' title='bbox 637 3948 1239 4004; x_wconf 89' lang='lat' dir='ltr'><strong>commemoraverint.</strong></span> <span class='ocrx_word' id='word_1_581' title='bbox 1276 3951 1389 4006; x_wconf 85' lang='lat' dir='ltr'><strong>Has</strong></span> <span class='ocrx_word' id='word_1_582' title='bbox 1421 3953 1616 4005; x_wconf 88' lang='lat' dir='ltr'><strong>autem</strong></span> <span class='ocrx_word' id='word_1_583' title='bbox 1641 3947 1893 4005; x_wconf 88' lang='lat' dir='ltr'><strong>Stoschii</strong></span> <span class='ocrx_word' id='word_1_584' title='bbox 1928 3947 2182 4004; x_wconf 86' lang='lat' dir='ltr'><strong>rationes</strong></span> <span class='ocrx_word' id='word_1_585' title='bbox 2210 3948 2279 4004; x_wconf 91' lang='lat' dir='ltr'><strong>ad</strong></span> <span class='ocrx_word' id='word_1_586' title='bbox 2315 3948 2372 4004; x_wconf 88' lang='lat' dir='ltr'><strong>S.</strong></span> <span class='ocrx_word' id='word_1_587' title='bbox 2397 3947 2701 4020; x_wconf 85' lang='lat' dir='ltr'><strong>Scriptura</strong></span> <span class='ocrx_word' id='word_1_588' title='bbox 2734 3946 2915 4003; x_wconf 88' lang='lat' dir='ltr'><strong>libros</strong></span> <span class='ocrx_word' id='word_1_589' title='bbox 2946 3946 3211 4018; x_wconf 87' lang='lat' dir='ltr'><strong>singulos</strong></span> <span class='ocrx_word' id='word_1_590' title='bbox 3268 3945 3368 4018; x_wconf 90' lang='lat' dir='ltr'><strong>qui</strong></span> <span class='ocrx_word' id='word_1_591' title='bbox 3425 3945 3483 4000; x_wconf 93' lang='lat' dir='ltr'><strong>in</strong></span> <span class='ocrx_word' id='word_1_592' title='bbox 3545 3944 3659 4000; x_wconf 87' lang='lat' dir='ltr'><strong>fra-</strong></span> 
     </span>
    </p>
   </div>
   <div class='ocr_carea' id='block_1_45' title="bbox 241 4033 3659 4111">
    <p class='ocr_par' dir='ltr' id='par_1_45' title="bbox 241 4033 3659 4111">
     <span class='ocr_line' id='line_1_45' title="bbox 241 4033 3659 4111; baseline -0.001 -19"><span class='ocrx_word' id='word_1_593' title='bbox 241 4043 487 4108; x_wconf 85' lang='lat' dir='ltr'><strong>gmento</strong></span> <span class='ocrx_word' id='word_1_594' title='bbox 521 4035 926 4105; x_wconf 87' lang='lat' dir='ltr'><strong>nominantur,</strong></span> <span class='ocrx_word' id='word_1_595' title='bbox 961 4038 1234 4110; x_wconf 90' lang='lat' dir='ltr'><strong>deinceps</strong></span> <span class='ocrx_word' id='word_1_596' title='bbox 1263 4038 1524 4105; x_wconf 70' lang='lat' dir='ltr'><strong>afferam,</strong></span> <span class='ocrx_word' id='word_1_597' title='bbox 1553 4041 1751 4111; x_wconf 88' lang='lat' dir='ltr'><strong>utpote</strong></span> <span class='ocrx_word' id='word_1_598' title='bbox 1783 4054 1912 4110; x_wconf 83' lang='lat' dir='ltr'><strong>qua</strong></span> <span class='ocrx_word' id='word_1_599' title='bbox 1944 4036 2350 4109; x_wconf 84' lang='lat' dir='ltr'><strong>antiquitatem</strong></span> <span class='ocrx_word' id='word_1_600' title='bbox 2399 4037 2527 4108; x_wconf 88' lang='lat' dir='ltr'><strong>ejus</strong></span> <span class='ocrx_word' id='word_1_601' title='bbox 2576 4053 2690 4091; x_wconf 90' lang='lat' dir='ltr'><strong>non</strong></span> <span class='ocrx_word' id='word_1_602' title='bbox 2722 4040 2951 4091; x_wconf 88' lang='lat' dir='ltr'><strong>tantum</strong></span> <span class='ocrx_word' id='word_1_603' title='bbox 2985 4035 3277 4101; x_wconf 90' lang='lat' dir='ltr'><strong>muniant,</strong></span> <span class='ocrx_word' id='word_1_604' title='bbox 3335 4034 3435 4089; x_wconf 90' lang='lat' dir='ltr'><strong>sed</strong></span> <span class='ocrx_word' id='word_1_605' title='bbox 3484 4033 3659 4090; x_wconf 89' lang='lat' dir='ltr'><strong>etiam</strong></span> 
     </span>
    </p>
   </div>
   <div class='ocr_carea' id='block_1_46' title="bbox 243 4121 3661 4200">
    <p class='ocr_par' dir='ltr' id='par_1_46' title="bbox 243 4121 3661 4200">
     <span class='ocr_line' id='line_1_46' title="bbox 243 4121 3661 4200; baseline -0.002 -17"><span class='ocrx_word' id='word_1_606' title='bbox 243 4129 444 4200; x_wconf 90' lang='lat' dir='ltr'><strong>ipsum</strong></span> <span class='ocrx_word' id='word_1_607' title='bbox 478 4126 711 4198; x_wconf 87' lang='lat' dir='ltr'><strong>egregie</strong></span> <span class='ocrx_word' id='word_1_608' title='bbox 741 4125 1057 4182; x_wconf 90' lang='lat' dir='ltr'><strong>illustrent.</strong></span> <span class='ocrx_word' id='word_1_609' title='bbox 1091 4127 1290 4199; x_wconf 87' lang='lat' dir='ltr'><strong>Neque</strong></span> <span class='ocrx_word' id='word_1_610' title='bbox 1323 4126 1490 4182; x_wconf 88' lang='lat' dir='ltr'><strong>aliter</strong></span> <span class='ocrx_word' id='word_1_611' title='bbox 1515 4127 1584 4182; x_wconf 92' lang='lat' dir='ltr'><strong>de</strong></span> <span class='ocrx_word' id='word_1_612' title='bbox 1607 4130 1775 4182; x_wconf 84' lang='lat' dir='ltr'><strong>atate</strong></span> <span class='ocrx_word' id='word_1_613' title='bbox 1806 4126 2008 4199; x_wconf 88' lang='lat' dir='ltr'><strong>scripti</strong></span> <span class='ocrx_word' id='word_1_614' title='bbox 2043 4129 2173 4181; x_wconf 91' lang='lat' dir='ltr'><strong>ante</strong></span> <span class='ocrx_word' id='word_1_615' title='bbox 2196 4126 2492 4180; x_wconf 89' lang='lat' dir='ltr'><strong>Stochium</strong></span> <span class='ocrx_word' id='word_1_616' title='bbox 2522 4125 2886 4197; x_wconf 81' lang='lat' dir='ltr'><strong>judicaverat</strong></span> <span class='ocrx_word' id='word_1_617' title='bbox 2916 4124 3093 4180; x_wconf 90' lang='lat' dir='ltr'><strong>celeb.</strong></span> <span class='ocrx_word' id='word_1_618' title='bbox 3138 4123 3518 4193; x_wconf 89' lang='lat' dir='ltr'><strong>Moshemius,</strong></span> <span class='ocrx_word' id='word_1_619' title='bbox 3560 4121 3661 4193; x_wconf 91' lang='lat' dir='ltr'><strong>qui</strong></span> 
     </span>
    </p>
   </div>
   <div class='ocr_carea' id='block_1_47' title="bbox 241 4209 3661 4285">
    <p class='ocr_par' dir='ltr' id='par_1_47' title="bbox 241 4209 3661 4285">
     <span class='ocr_line' id='line_1_47' title="bbox 241 4209 3661 4285; baseline -0.002 -13"><span class='ocrx_word' id='word_1_620' title='bbox 241 4217 300 4272; x_wconf 91' lang='lat' dir='ltr'><strong>in</strong></span> <span class='ocrx_word' id='word_1_621' title='bbox 329 4217 633 4271; x_wconf 84' lang='lat' dir='ltr'><strong>Comment.</strong></span> <span class='ocrx_word' id='word_1_622' title='bbox 658 4215 722 4272; x_wconf 86' lang='lat' dir='ltr'><strong>de</strong></span> <span class='ocrx_word' id='word_1_623' title='bbox 745 4217 924 4271; x_wconf 80' lang='lat' dir='ltr'><strong>Rebus</strong></span> <span class='ocrx_word' id='word_1_624' title='bbox 943 4216 1385 4272; x_wconf 82' lang='lat' dir='ltr'><strong>Christianorum</strong></span> <span class='ocrx_word' id='word_1_625' title='bbox 1407 4223 1536 4271; x_wconf 77' lang='lat' dir='ltr'><strong>ante</strong></span> <span class='ocrx_word' id='word_1_626' title='bbox 1559 4215 1970 4271; x_wconf 81' lang='lat' dir='ltr'><strong>Constantinum</strong></span> <span class='ocrx_word' id='word_1_627' title='bbox 1993 4215 2058 4269; x_wconf 85' lang='grc' dir='ltr'><strong>Μ.</strong></span> <span class='ocrx_word' id='word_1_628' title='bbox 2083 4217 2124 4270; x_wconf 82' lang='grc'>1</span> <span class='ocrx_word' id='word_1_629' title='bbox 2141 4215 2236 4269; x_wconf 75' lang='lat'><strong>72</strong></span> <span class='ocrx_word' id='word_1_630' title='bbox 2262 4215 2331 4269; x_wconf 91' lang='lat' dir='ltr'><strong>ad</strong></span> <span class='ocrx_word' id='word_1_631' title='bbox 2354 4229 2483 4269; x_wconf 87' lang='lat' dir='ltr'><strong>sac.</strong></span> <span class='ocrx_word' id='word_1_632' title='bbox 2512 4213 2790 4285; x_wconf 87' lang='lat' dir='ltr'><strong>primum,</strong></span> <span class='ocrx_word' id='word_1_633' title='bbox 2811 4214 2939 4280; x_wconf 67' lang='lat'><strong>§54,</strong></span> <span class='ocrx_word' id='word_1_634' title='bbox 2975 4229 3029 4284; x_wconf 91' lang='lat' dir='ltr'><strong>p.</strong></span> <span class='ocrx_word' id='word_1_635' title='bbox 3058 4211 3177 4279; x_wconf 83' lang='grc'>164,</span> <span class='ocrx_word' id='word_1_636' title='bbox 3201 4213 3272 4266; x_wconf 90' lang='lat' dir='ltr'><strong>de</strong></span> <span class='ocrx_word' id='word_1_637' title='bbox 3302 4211 3502 4266; x_wconf 87' lang='lat' dir='ltr'><strong>eodem</strong></span> <span class='ocrx_word' id='word_1_638' title='bbox 3541 4209 3661 4266; x_wconf 88' lang='lat' dir='ltr'><strong>hac</strong></span> 
     </span>
    </p>
   </div>
   <div class='ocr_carea' id='block_1_48' title="bbox 242 4299 3660 4379">
    <p class='ocr_par' dir='ltr' id='par_1_48' title="bbox 242 4299 3660 4379">
     <span class='ocr_line' id='line_1_48' title="bbox 242 4299 3660 4379; baseline -0.002 -19"><span class='ocrx_word' id='word_1_639' title='bbox 242 4306 450 4379; x_wconf 84' lang='lat' dir='ltr'><strong>posuit</strong></span> <span class='ocrx_word' id='word_1_640' title='bbox 481 4321 497 4358; x_wconf 90' lang='lat'><strong>:</strong></span> <span class='ocrx_word' id='word_1_641' title='bbox 531 4310 799 4362; x_wconf 81' lang='lat' dir='ltr'><strong>«Auctor</strong></span> <span class='ocrx_word' id='word_1_642' title='bbox 827 4305 1061 4375; x_wconf 89' lang='lat' dir='ltr'><strong>ignotus</strong></span> <span class='ocrx_word' id='word_1_643' title='bbox 1093 4309 1199 4359; x_wconf 89' lang='lat' dir='ltr'><strong>est.</strong></span> <span class='ocrx_word' id='word_1_644' title='bbox 1232 4304 1586 4360; x_wconf 81' lang='lat' dir='ltr'><strong>Muratorius</strong></span> <span class='ocrx_word' id='word_1_645' title='bbox 1616 4303 1816 4358; x_wconf 85' lang='lat' dir='ltr'><strong>Caium</strong></span> <span class='ocrx_word' id='word_1_646' title='bbox 1852 4303 2254 4375; x_wconf 87' lang='lat' dir='ltr'><strong>presbyterum</strong></span> <span class='ocrx_word' id='word_1_647' title='bbox 2301 4303 2625 4356; x_wconf 82' lang='lat' dir='ltr'><strong>Romanum</strong></span> <span class='ocrx_word' id='word_1_648' title='bbox 2675 4316 2804 4357; x_wconf 91' lang='lat' dir='ltr'><strong>esse</strong></span> <span class='ocrx_word' id='word_1_649' title='bbox 2835 4304 3020 4374; x_wconf 88' lang='lat' dir='ltr'><strong>putat,</strong></span> <span class='ocrx_word' id='word_1_650' title='bbox 3054 4300 3150 4370; x_wconf 91' lang='lat' dir='ltr'><strong>qui</strong></span> <span class='ocrx_word' id='word_1_651' title='bbox 3203 4299 3502 4354; x_wconf 89' lang='lat' dir='ltr'><strong>occidente</strong></span> <span class='ocrx_word' id='word_1_652' title='bbox 3555 4315 3660 4353; x_wconf 85' lang='lat' dir='ltr'><strong>sa-</strong></span> 
     </span>
    </p>
   </div>
   <div class='ocr_carea' id='block_1_49' title="bbox 250 4388 3658 4465">
    <p class='ocr_par' dir='ltr' id='par_1_49' title="bbox 250 4388 3658 4465">
     <span class='ocr_line' id='line_1_49' title="bbox 250 4388 3658 4465; baseline -0.001 -16"><span class='ocrx_word' id='word_1_653' title='bbox 250 4394 388 4449; x_wconf 86' lang='lat' dir='ltr'><strong>culo</strong></span> <span class='ocrx_word' id='word_1_654' title='bbox 419 4394 672 4449; x_wconf 85' lang='lat' dir='ltr'><strong>secundo</strong></span> <span class='ocrx_word' id='word_1_655' title='bbox 705 4393 922 4449; x_wconf 83' lang='lat' dir='ltr'><strong>floruit.</strong></span> <span class='ocrx_word' id='word_1_656' title='bbox 958 4395 1072 4449; x_wconf 82' lang='lat' dir='ltr'><strong>Hoc</strong></span> <span class='ocrx_word' id='word_1_657' title='bbox 1103 4395 1342 4465; x_wconf 90' lang='lat' dir='ltr'><strong>quidem</strong></span> <span class='ocrx_word' id='word_1_658' title='bbox 1394 4392 1640 4449; x_wconf 89' lang='lat' dir='ltr'><strong>dubium</strong></span> <span class='ocrx_word' id='word_1_659' title='bbox 1680 4398 1804 4448; x_wconf 89' lang='lat' dir='ltr'><strong>est:</strong></span> <span class='ocrx_word' id='word_1_660' title='bbox 1839 4391 1983 4446; x_wconf 89' lang='lat' dir='ltr'><strong>illud</strong></span> <span class='ocrx_word' id='word_1_661' title='bbox 2023 4407 2156 4446; x_wconf 91' lang='lat' dir='ltr'><strong>vero</strong></span> <span class='ocrx_word' id='word_1_662' title='bbox 2191 4406 2258 4445; x_wconf 88' lang='lat' dir='ltr'><strong>ex</strong></span> <span class='ocrx_word' id='word_1_663' title='bbox 2305 4389 2434 4462; x_wconf 90' lang='lat' dir='ltr'><strong>ipso</strong></span> <span class='ocrx_word' id='word_1_664' title='bbox 2466 4390 2658 4446; x_wconf 90' lang='lat' dir='ltr'><strong>libello</strong></span> <span class='ocrx_word' id='word_1_665' title='bbox 2689 4393 2935 4455; x_wconf 90' lang='lat' dir='ltr'><strong>certum,</strong></span> <span class='ocrx_word' id='word_1_666' title='bbox 2969 4388 3178 4445; x_wconf 86' lang='lat' dir='ltr'><strong>saculo</strong></span> <span class='ocrx_word' id='word_1_667' title='bbox 3209 4405 3342 4442; x_wconf 87' lang='lat' dir='ltr'><strong>eum</strong></span> <span class='ocrx_word' id='word_1_668' title='bbox 3402 4388 3658 4444; x_wconf 91' lang='lat' dir='ltr'><strong>secundo</strong></span> 
     </span>
    </p>
   </div>
   <div class='ocr_carea' id='block_1_50' title="bbox 249 4476 3660 4554">
    <p class='ocr_par' dir='ltr' id='par_1_50' title="bbox 249 4476 3660 4554">
     <span class='ocr_line' id='line_1_50' title="bbox 249 4476 3660 4554; baseline -0.002 -15"><span class='ocrx_word' id='word_1_669' title='bbox 249 4487 312 4539; x_wconf 90' lang='lat' dir='ltr'><strong>et</strong></span> <span class='ocrx_word' id='word_1_670' title='bbox 341 4480 444 4538; x_wconf 90' lang='lat' dir='ltr'><strong>illo</strong></span> <span class='ocrx_word' id='word_1_671' title='bbox 471 4482 701 4552; x_wconf 87' lang='lat' dir='ltr'><strong>quidem</strong></span> <span class='ocrx_word' id='word_1_672' title='bbox 730 4487 992 4554; x_wconf 87' lang='lat' dir='ltr'><strong>tempore</strong></span> <span class='ocrx_word' id='word_1_673' title='bbox 1023 4499 1138 4554; x_wconf 89' lang='lat' dir='ltr'><strong>quo</strong></span> <span class='ocrx_word' id='word_1_674' title='bbox 1166 4486 1412 4538; x_wconf 88' lang='lat' dir='ltr'><strong>Hermas</strong></span> <span class='ocrx_word' id='word_1_675' title='bbox 1433 4481 1492 4536; x_wconf 90' lang='lat' dir='ltr'><strong>in</strong></span> <span class='ocrx_word' id='word_1_676' title='bbox 1523 4481 1667 4536; x_wconf 90' lang='lat' dir='ltr'><strong>vivis</strong></span> <span class='ocrx_word' id='word_1_677' title='bbox 1695 4480 1808 4536; x_wconf 79' lang='lat' dir='ltr'><strong>fuit</strong></span> <span class='ocrx_word' id='word_1_678' title='bbox 1835 4479 2160 4552; x_wconf 87' lang='lat' dir='ltr'><strong>scripsisse.</strong></span> <span class='ocrx_word' id='word_1_679' title='bbox 2193 4484 2254 4534; x_wconf 93' lang='lat' dir='ltr'><strong>1n</strong></span> <span class='ocrx_word' id='word_1_680' title='bbox 2288 4479 2396 4534; x_wconf 86' lang='lat' dir='ltr'><strong>hoc</strong></span> <span class='ocrx_word' id='word_1_681' title='bbox 2431 4480 2611 4551; x_wconf 87' lang='lat' dir='ltr'><strong>igitur</strong></span> <span class='ocrx_word' id='word_1_682' title='bbox 2633 4479 2829 4548; x_wconf 88' lang='lat' dir='ltr'><strong>magni</strong></span> <span class='ocrx_word' id='word_1_683' title='bbox 2861 4477 3029 4549; x_wconf 88' lang='lat' dir='ltr'><strong>pretii</strong></span> <span class='ocrx_word' id='word_1_684' title='bbox 3075 4477 3396 4547; x_wconf 86' lang='lat' dir='ltr'><strong>fragmento</strong></span> <span class='ocrx_word' id='word_1_685' title='bbox 3425 4476 3546 4532; x_wconf 77' lang='lat' dir='ltr'><strong>hac</strong></span> <span class='ocrx_word' id='word_1_686' title='bbox 3589 4478 3660 4533; x_wconf 88' lang='lat' dir='ltr'><strong>de</strong></span> 
     </span>
    </p>
   </div>
   <div class='ocr_carea' id='block_1_51' title="bbox 249 4566 3656 4642">
    <p class='ocr_par' dir='ltr' id='par_1_51' title="bbox 249 4566 3656 4642">
     <span class='ocr_line' id='line_1_51' title="bbox 249 4566 3656 4642; baseline -0.002 -15"><span class='ocrx_word' id='word_1_687' title='bbox 249 4572 472 4628; x_wconf 87' lang='lat' dir='ltr'><strong>Herma</strong></span> <span class='ocrx_word' id='word_1_688' title='bbox 503 4569 722 4642; x_wconf 86' lang='lat' dir='ltr'><strong>scripta</strong></span> <span class='ocrx_word' id='word_1_689' title='bbox 752 4569 1030 4642; x_wconf 89' lang='lat' dir='ltr'><strong>leguntur</strong></span> <span class='ocrx_word' id='word_1_690' title='bbox 1064 4587 1076 4627; x_wconf 95' lang='lat'><strong>:</strong></span> <span class='ocrx_word' id='word_1_691' title='bbox 1136 4573 1417 4627; x_wconf 74' lang='lat' dir='ltr'><strong>Pastorem</strong></span> <span class='ocrx_word' id='word_1_692' title='bbox 1460 4585 1583 4626; x_wconf 87' lang='lat' dir='ltr'><strong>vero</strong></span> <span class='ocrx_word' id='word_1_693' title='bbox 1630 4572 1952 4639; x_wconf 80' lang='lat' dir='ltr'><strong>nuperrime</strong></span> <span class='ocrx_word' id='word_1_694' title='bbox 2001 4567 2329 4640; x_wconf 77' lang='lat' dir='ltr'><strong>temporibus</strong></span> <span class='ocrx_word' id='word_1_695' title='bbox 2367 4569 2566 4623; x_wconf 80' lang='lat' dir='ltr'><strong>nostris</strong></span> <span class='ocrx_word' id='word_1_696' title='bbox 2598 4569 2656 4622; x_wconf 85' lang='lat' dir='ltr'><strong>in</strong></span> <span class='ocrx_word' id='word_1_697' title='bbox 2686 4568 2821 4622; x_wconf 84' lang='lat' dir='ltr'><strong>urbe</strong></span> <span class='ocrx_word' id='word_1_698' title='bbox 2850 4567 3019 4622; x_wconf 84' lang='lat' dir='ltr'><strong>Roma</strong></span> <span class='ocrx_word' id='word_1_699' title='bbox 3073 4567 3274 4622; x_wconf 86' lang='lat' dir='ltr'><strong>Herma</strong></span> <span class='ocrx_word' id='word_1_700' title='bbox 3320 4566 3656 4636; x_wconf 80' lang='lat' dir='ltr'><strong>conscripsit,</strong></span> 
     </span>
    </p>
   </div>
   <div class='ocr_carea' id='block_1_52' title="bbox 243 4645 3659 4730">
    <p class='ocr_par' dir='ltr' id='par_1_52' title="bbox 243 4645 3659 4730">
     <span class='ocr_line' id='line_1_52' title="bbox 243 4645 3659 4730; baseline -0.003 -12"><span class='ocrx_word' id='word_1_701' title='bbox 243 4661 480 4718; x_wconf 71' lang='lat' dir='ltr'><strong>sedente</strong></span> <span class='ocrx_word' id='word_1_702' title='bbox 509 4659 771 4714; x_wconf 83' lang='lat' dir='ltr'><strong>cathedra</strong></span> <span class='ocrx_word' id='word_1_703' title='bbox 801 4659 952 4714; x_wconf 83' lang='lat' dir='ltr'><strong>urbis</strong></span> <span class='ocrx_word' id='word_1_704' title='bbox 983 4663 1163 4716; x_wconf 71' lang='lat' dir='ltr'><strong>Roma</strong></span> <span class='ocrx_word' id='word_1_705' title='bbox 1204 4661 1447 4716; x_wconf 76' lang='lat' dir='ltr'><strong>ecclesia</strong></span> <span class='ocrx_word' id='word_1_706' title='bbox 1484 4660 1586 4715; x_wconf 90' lang='lat' dir='ltr'><strong>Pio</strong></span> <span class='ocrx_word' id='word_1_707' title='bbox 1642 4660 1910 4730; x_wconf 81' lang='lat' dir='ltr'><strong>episcopo,</strong></span> <span class='ocrx_word' id='word_1_708' title='bbox 1957 4658 2135 4728; x_wconf 73' lang='lat' dir='ltr'><strong>fratre</strong></span> <span class='ocrx_word' id='word_1_709' title='bbox 2165 4645 2327 4726; x_wconf 75' lang='lat' dir='ltr'><strong>ejus.</strong></span> <span class='ocrx_word' id='word_1_710' title='bbox 2361 4676 2388 4704; x_wconf 83' lang='lat'><strong>»</strong></span> <span class='ocrx_word' id='word_1_711' title='bbox 2419 4655 2549 4710; x_wconf 87' lang='lat' dir='ltr'><strong>Hac</strong></span> <span class='ocrx_word' id='word_1_712' title='bbox 2595 4654 2972 4710; x_wconf 89' lang='lat' dir='ltr'><strong>Moshemius.</strong></span> <span class='ocrx_word' id='word_1_713' title='bbox 3026 4658 3247 4727; x_wconf 87' lang='lat' dir='ltr'><strong>Itaque,</strong></span> <span class='ocrx_word' id='word_1_714' title='bbox 3325 4657 3427 4709; x_wconf 89' lang='lat' dir='ltr'><strong>aut</strong></span> <span class='ocrx_word' id='word_1_715' title='bbox 3483 4669 3659 4725; x_wconf 89' lang='lat' dir='ltr'><strong>prope</strong></span> 
     </span>
    </p>
   </div>
   <div class='ocr_carea' id='block_1_53' title="bbox 247 4742 3657 4817">
    <p class='ocr_par' dir='ltr' id='par_1_53' title="bbox 247 4742 3657 4817">
     <span class='ocr_line' id='line_1_53' title="bbox 247 4742 3657 4817; baseline -0.003 -11"><span class='ocrx_word' id='word_1_716' title='bbox 247 4751 462 4806; x_wconf 84' lang='lat' dir='ltr'><strong>abesse</strong></span> <span class='ocrx_word' id='word_1_717' title='bbox 486 4748 718 4805; x_wconf 86' lang='lat' dir='ltr'><strong>videtur</strong></span> <span class='ocrx_word' id='word_1_718' title='bbox 747 4752 956 4803; x_wconf 88' lang='lat' dir='ltr'><strong>auctor</strong></span> <span class='ocrx_word' id='word_1_719' title='bbox 985 4765 1018 4804; x_wconf 90' lang='lat' dir='ltr'><strong>a</strong></span> <span class='ocrx_word' id='word_1_720' title='bbox 1047 4747 1239 4804; x_wconf 86' lang='lat' dir='ltr'><strong>medio</strong></span> <span class='ocrx_word' id='word_1_721' title='bbox 1270 4748 1480 4804; x_wconf 85' lang='lat' dir='ltr'><strong>saculo</strong></span> <span class='ocrx_word' id='word_1_722' title='bbox 1512 4747 1792 4814; x_wconf 91' lang='lat' dir='ltr'><strong>secundo,</strong></span> <span class='ocrx_word' id='word_1_723' title='bbox 1816 4745 2052 4817; x_wconf 90' lang='lat' dir='ltr'><strong>quando</strong></span> <span class='ocrx_word' id='word_1_724' title='bbox 2083 4744 2154 4800; x_wconf 80' lang='lat' dir='ltr'><strong>ad</strong></span> <span class='ocrx_word' id='word_1_725' title='bbox 2185 4742 2404 4798; x_wconf 86' lang='lat' dir='ltr'><strong>exitum</strong></span> <span class='ocrx_word' id='word_1_726' title='bbox 2437 4743 2673 4814; x_wconf 89' lang='lat' dir='ltr'><strong>quidem</strong></span> <span class='ocrx_word' id='word_1_727' title='bbox 2711 4743 3027 4814; x_wconf 90' lang='lat' dir='ltr'><strong>perductus</strong></span> <span class='ocrx_word' id='word_1_728' title='bbox 3068 4743 3256 4798; x_wconf 88' lang='lat' dir='ltr'><strong>fuerat</strong></span> <span class='ocrx_word' id='word_1_729' title='bbox 3291 4742 3376 4797; x_wconf 92' lang='lat' dir='ltr'><strong>Pii</strong></span> <span class='ocrx_word' id='word_1_730' title='bbox 3435 4742 3657 4814; x_wconf 91' lang='lat' dir='ltr'><strong>episco-</strong></span> 
     </span>
    </p>
   </div>
   <div class='ocr_carea' id='block_1_54' title="bbox 247 4827 3664 4911">
    <p class='ocr_par' dir='ltr' id='par_1_54' title="bbox 247 4827 3664 4911">
     <span class='ocr_line' id='line_1_54' title="bbox 247 4827 3664 4911; baseline -0.003 -18"><span class='ocrx_word' id='word_1_731' title='bbox 247 4845 449 4911; x_wconf 75' lang='lat' dir='ltr'><strong>patus,</strong></span> <span class='ocrx_word' id='word_1_732' title='bbox 485 4840 585 4894; x_wconf 87' lang='lat' dir='ltr'><strong>aut</strong></span> <span class='ocrx_word' id='word_1_733' title='bbox 617 4840 770 4892; x_wconf 82' lang='lat' dir='ltr'><strong>certe</strong></span> <span class='ocrx_word' id='word_1_734' title='bbox 799 4841 1030 4892; x_wconf 90' lang='lat' dir='ltr'><strong>constat</strong></span> <span class='ocrx_word' id='word_1_735' title='bbox 1052 4837 1217 4892; x_wconf 89' lang='lat' dir='ltr'><strong>illum</strong></span> <span class='ocrx_word' id='word_1_736' title='bbox 1242 4841 1372 4893; x_wconf 89' lang='lat' dir='ltr'><strong>ante</strong></span> <span class='ocrx_word' id='word_1_737' title='bbox 1399 4836 1630 4892; x_wconf 82' lang='lat' dir='ltr'><strong>ﬁnitum</strong></span> <span class='ocrx_word' id='word_1_738' title='bbox 1663 4835 1943 4891; x_wconf 69' lang='lat' dir='ltr'><strong>saeculum</strong></span> <span class='ocrx_word' id='word_1_739' title='bbox 1984 4850 2091 4889; x_wconf 88' lang='lat' dir='ltr'><strong>sua</strong></span> <span class='ocrx_word' id='word_1_740' title='bbox 2122 4832 2452 4905; x_wconf 87' lang='lat' dir='ltr'><strong>scripsisse,</strong></span> <span class='ocrx_word' id='word_1_741' title='bbox 2475 4830 2708 4887; x_wconf 87' lang='lat' dir='ltr'><strong>etiamsi</strong></span> <span class='ocrx_word' id='word_1_742' title='bbox 2739 4832 2808 4886; x_wconf 90' lang='lat' dir='ltr'><strong>de</strong></span> <span class='ocrx_word' id='word_1_743' title='bbox 2835 4827 2970 4886; x_wconf 86' lang='lat' dir='ltr'><strong>vera</strong></span> <span class='ocrx_word' id='word_1_744' title='bbox 3000 4834 3168 4886; x_wconf 86' lang='lat' dir='ltr'><strong>atate</strong></span> <span class='ocrx_word' id='word_1_745' title='bbox 3215 4830 3482 4903; x_wconf 89' lang='lat' dir='ltr'><strong>opusculi</strong></span> <span class='ocrx_word' id='word_1_746' title='bbox 3531 4831 3664 4883; x_wconf 88' lang='lat' dir='ltr'><strong>Pas-</strong></span> 
     </span>
    </p>
   </div>
   <div class='ocr_carea' id='block_1_55' title="bbox 248 4920 3665 4999">
    <p class='ocr_par' dir='ltr' id='par_1_55' title="bbox 248 4920 3665 4999">
     <span class='ocr_line' id='line_1_55' title="bbox 248 4920 3665 4999; baseline -0.004 -16"><span class='ocrx_word' id='word_1_747' title='bbox 248 4930 401 4983; x_wconf 77' lang='lat' dir='ltr'><strong>toris</strong></span> <span class='ocrx_word' id='word_1_748' title='bbox 431 4926 703 4999; x_wconf 86' lang='lat' dir='ltr'><strong>appellati</strong></span> <span class='ocrx_word' id='word_1_749' title='bbox 740 4926 910 4982; x_wconf 78' lang='lat' dir='ltr'><strong>aliter</strong></span> <span class='ocrx_word' id='word_1_750' title='bbox 939 4931 1250 4983; x_wconf 88' lang='lat' dir='ltr'><strong>statuatur.</strong></span> <span class='ocrx_word' id='word_1_751' title='bbox 1286 4927 1390 4994; x_wconf 85' lang='lat' dir='ltr'><strong>Qui</strong></span> <span class='ocrx_word' id='word_1_752' title='bbox 1427 4943 1558 4982; x_wconf 90' lang='lat' dir='ltr'><strong>vero</strong></span> <span class='ocrx_word' id='word_1_753' title='bbox 1590 4925 1807 4981; x_wconf 87' lang='lat' dir='ltr'><strong>factum</strong></span> <span class='ocrx_word' id='word_1_754' title='bbox 1840 4923 1920 4978; x_wconf 91' lang='lat' dir='ltr'><strong>sit</strong></span> <span class='ocrx_word' id='word_1_755' title='bbox 1946 4926 2008 4978; x_wconf 88' lang='lat' dir='ltr'><strong>ut</strong></span> <span class='ocrx_word' id='word_1_756' title='bbox 2037 4921 2110 4978; x_wconf 90' lang='lat' dir='ltr'><strong>cl.</strong></span> <span class='ocrx_word' id='word_1_757' title='bbox 2144 4921 2418 4976; x_wconf 88' lang='lat' dir='ltr'><strong>Lardneri</strong></span> <span class='ocrx_word' id='word_1_758' title='bbox 2459 4920 2818 4993; x_wconf 87' lang='lat' dir='ltr'><strong>diligentiam</strong></span> <span class='ocrx_word' id='word_1_759' title='bbox 2879 4920 2988 4978; x_wconf 91' lang='lat' dir='ltr'><strong>hoc</strong></span> <span class='ocrx_word' id='word_1_760' title='bbox 3037 4920 3450 4991; x_wconf 77' lang='lat' dir='ltr'><strong>fragmentum,</strong></span> <span class='ocrx_word' id='word_1_761' title='bbox 3484 4935 3516 4971; x_wconf 91' lang='lat' dir='ltr'><strong>a</strong></span> <span class='ocrx_word' id='word_1_762' title='bbox 3562 4933 3665 4971; x_wconf 82' lang='lat' dir='ltr'><strong>ne-</strong></span> 
     </span>
    </p>
   </div>
   <div class='ocr_carea' id='block_1_56' title="bbox 254 5007 3664 5087">
    <p class='ocr_par' dir='ltr' id='par_1_56' title="bbox 254 5007 3664 5087">
     <span class='ocr_line' id='line_1_56' title="bbox 254 5007 3664 5087; baseline -0.004 -16"><span class='ocrx_word' id='word_1_763' title='bbox 254 5017 432 5071; x_wconf 89' lang='lat' dir='ltr'><strong>mine</strong></span> <span class='ocrx_word' id='word_1_764' title='bbox 463 5016 744 5083; x_wconf 87' lang='lat' dir='ltr'><strong>omnium,</strong></span> <span class='ocrx_word' id='word_1_765' title='bbox 778 5016 837 5071; x_wconf 91' lang='lat' dir='ltr'><strong>ni</strong></span> <span class='ocrx_word' id='word_1_766' title='bbox 867 5015 1054 5081; x_wconf 88' lang='lat' dir='ltr'><strong>fallor,</strong></span> <span class='ocrx_word' id='word_1_767' title='bbox 1080 5017 1358 5087; x_wconf 75' lang='lat' dir='ltr'><strong>rejectum</strong></span> <span class='ocrx_word' id='word_1_768' title='bbox 1390 5019 1492 5070; x_wconf 88' lang='lat' dir='ltr'><strong>aut</strong></span> <span class='ocrx_word' id='word_1_769' title='bbox 1533 5013 1955 5086; x_wconf 89' lang='lat' dir='ltr'><strong>improbatum,</strong></span> <span class='ocrx_word' id='word_1_770' title='bbox 1997 5009 2282 5083; x_wconf 73' lang='lat' dir='ltr'><strong>effugerit,</strong></span> <span class='ocrx_word' id='word_1_771' title='bbox 2313 5009 2370 5064; x_wconf 92' lang='lat' dir='ltr'><strong>id</strong></span> <span class='ocrx_word' id='word_1_772' title='bbox 2404 5010 2656 5066; x_wconf 90' lang='lat' dir='ltr'><strong>nescrire</strong></span> <span class='ocrx_word' id='word_1_773' title='bbox 2695 5025 2789 5064; x_wconf 88' lang='lat' dir='ltr'><strong>me</strong></span> <span class='ocrx_word' id='word_1_774' title='bbox 2818 5010 3021 5073; x_wconf 84' lang='lat' dir='ltr'><strong>fateor,</strong></span> <span class='ocrx_word' id='word_1_775' title='bbox 3064 5025 3197 5064; x_wconf 89' lang='lat' dir='ltr'><strong>cum</strong></span> <span class='ocrx_word' id='word_1_776' title='bbox 3223 5007 3323 5061; x_wconf 91' lang='lat' dir='ltr'><strong>diu</strong></span> <span class='ocrx_word' id='word_1_777' title='bbox 3354 5011 3664 5075; x_wconf 89' lang='lat' dir='ltr'><strong>antequam</strong></span> 
     </span>
    </p>
   </div>
   <div class='ocr_carea' id='block_1_57' title="bbox 249 5095 3668 5176">
    <p class='ocr_par' dir='ltr' id='par_1_57' title="bbox 249 5095 3668 5176">
     <span class='ocr_line' id='line_1_57' title="bbox 249 5095 3668 5176; baseline -0.004 -16"><span class='ocrx_word' id='word_1_778' title='bbox 249 5104 410 5160; x_wconf 89' lang='lat' dir='ltr'><strong>illud</strong></span> <span class='ocrx_word' id='word_1_779' title='bbox 442 5105 714 5161; x_wconf 86' lang='lat' dir='ltr'><strong>Lardneri</strong></span> <span class='ocrx_word' id='word_1_780' title='bbox 744 5107 817 5161; x_wconf 89' lang='lat' dir='ltr'><strong>de</strong></span> <span class='ocrx_word' id='word_1_781' title='bbox 867 5107 996 5161; x_wconf 83' lang='lat' dir='ltr'><strong>Fide</strong></span> <span class='ocrx_word' id='word_1_782' title='bbox 1033 5107 1167 5161; x_wconf 85' lang='lat' dir='ltr'><strong>Hist.</strong></span> <span class='ocrx_word' id='word_1_783' title='bbox 1223 5105 1569 5176; x_wconf 70' lang='lat' dir='ltr'><strong>Evangelica?</strong></span> <span class='ocrx_word' id='word_1_784' title='bbox 1598 5103 1769 5176; x_wconf 90' lang='lat' dir='ltr'><strong>plane</strong></span> <span class='ocrx_word' id='word_1_785' title='bbox 1823 5101 2125 5174; x_wconf 90' lang='lat' dir='ltr'><strong>egregium</strong></span> <span class='ocrx_word' id='word_1_786' title='bbox 2165 5117 2313 5171; x_wconf 90' lang='lat' dir='ltr'><strong>opus</strong></span> <span class='ocrx_word' id='word_1_787' title='bbox 2343 5100 2534 5155; x_wconf 91' lang='lat' dir='ltr'><strong>denuo</strong></span> <span class='ocrx_word' id='word_1_788' title='bbox 2582 5098 2737 5170; x_wconf 87' lang='lat' dir='ltr'><strong>typis</strong></span> <span class='ocrx_word' id='word_1_789' title='bbox 2782 5099 2854 5153; x_wconf 89' lang='lat' dir='ltr'><strong>ab</strong></span> <span class='ocrx_word' id='word_1_790' title='bbox 2911 5097 3038 5168; x_wconf 89' lang='lat' dir='ltr'><strong>ipso</strong></span> <span class='ocrx_word' id='word_1_791' title='bbox 3069 5096 3465 5161; x_wconf 82' lang='lat' dir='ltr'><strong>mandaretur,</strong></span> <span class='ocrx_word' id='word_1_792' title='bbox 3518 5095 3668 5162; x_wconf 86' lang='lat' dir='ltr'><strong>frag-</strong></span> 
     </span>
    </p>
   </div>
   <div class='ocr_carea' id='block_1_58' title="bbox 255 5181 3669 5260">
    <p class='ocr_par' dir='ltr' id='par_1_58' title="bbox 255 5181 3669 5260">
     <span class='ocr_line' id='line_1_58' title="bbox 255 5181 3669 5260; baseline -0.004 -10"><span class='ocrx_word' id='word_1_793' title='bbox 255 5196 530 5250; x_wconf 87' lang='lat' dir='ltr'><strong>mentum</strong></span> <span class='ocrx_word' id='word_1_794' title='bbox 565 5210 699 5249; x_wconf 89' lang='lat' dir='ltr'><strong>cum</strong></span> <span class='ocrx_word' id='word_1_795' title='bbox 733 5195 869 5249; x_wconf 84' lang='lat' dir='ltr'><strong>orbe</strong></span> <span class='ocrx_word' id='word_1_796' title='bbox 901 5195 1129 5250; x_wconf 89' lang='lat' dir='ltr'><strong>erudito</strong></span> <span class='ocrx_word' id='word_1_797' title='bbox 1161 5193 1658 5250; x_wconf 88' lang='lat' dir='ltr'><strong>communicatum</strong></span> <span class='ocrx_word' id='word_1_798' title='bbox 1712 5191 1959 5256; x_wconf 86' lang='lat' dir='ltr'><strong>fuisset;</strong></span> <span class='ocrx_word' id='word_1_799' title='bbox 1988 5205 2124 5246; x_wconf 90' lang='lat' dir='ltr'><strong>cum</strong></span> <span class='ocrx_word' id='word_1_800' title='bbox 2180 5205 2312 5244; x_wconf 80' lang='lat' dir='ltr'><strong>vero</strong></span> <span class='ocrx_word' id='word_1_801' title='bbox 2345 5188 2648 5260; x_wconf 90' lang='lat' dir='ltr'><strong>ponendus</strong></span> <span class='ocrx_word' id='word_1_802' title='bbox 2680 5186 2759 5242; x_wconf 91' lang='lat' dir='ltr'><strong>sit</strong></span> <span class='ocrx_word' id='word_1_803' title='bbox 2816 5190 3019 5241; x_wconf 90' lang='lat' dir='ltr'><strong>auctor</strong></span> <span class='ocrx_word' id='word_1_804' title='bbox 3049 5185 3199 5239; x_wconf 91' lang='lat' dir='ltr'><strong>inter</strong></span> <span class='ocrx_word' id='word_1_805' title='bbox 3228 5183 3538 5251; x_wconf 89' lang='lat' dir='ltr'><strong>scriptores</strong></span> <span class='ocrx_word' id='word_1_806' title='bbox 3569 5181 3669 5251; x_wconf 90' lang='lat' dir='ltr'><strong>qui</strong></span> 
     </span>
    </p>
   </div>
   <div class='ocr_carea' id='block_1_59' title="bbox 254 5270 3673 5356">
    <p class='ocr_par' dir='ltr' id='par_1_59' title="bbox 254 5270 3673 5356">
     <span class='ocr_line' id='line_1_59' title="bbox 254 5270 3673 5356; baseline -0.004 -17"><span class='ocrx_word' id='word_1_807' title='bbox 254 5283 439 5355; x_wconf 88' lang='lat' dir='ltr'><strong>primi</strong></span> <span class='ocrx_word' id='word_1_808' title='bbox 473 5282 766 5352; x_wconf 89' lang='lat' dir='ltr'><strong>omnium,</strong></span> <span class='ocrx_word' id='word_1_809' title='bbox 787 5288 1024 5356; x_wconf 86' lang='lat' dir='ltr'><strong>excepto</strong></span> <span class='ocrx_word' id='word_1_810' title='bbox 1049 5283 1248 5355; x_wconf 89' lang='lat' dir='ltr'><strong>Papia,</strong></span> <span class='ocrx_word' id='word_1_811' title='bbox 1277 5283 1348 5338; x_wconf 93' lang='lat' dir='ltr'><strong>de</strong></span> <span class='ocrx_word' id='word_1_812' title='bbox 1379 5280 1748 5352; x_wconf 81' lang='lat' dir='ltr'><strong>evangelistis</strong></span> <span class='ocrx_word' id='word_1_813' title='bbox 1782 5278 1928 5351; x_wconf 90' lang='lat' dir='ltr'><strong>ipsis</strong></span> <span class='ocrx_word' id='word_1_814' title='bbox 1956 5277 2044 5334; x_wconf 91' lang='lat' dir='ltr'><strong>vel</strong></span> <span class='ocrx_word' id='word_1_815' title='bbox 2084 5277 2689 5344; x_wconf 89' lang='lat' dir='ltr'><strong>commemoraverint,</strong></span> <span class='ocrx_word' id='word_1_816' title='bbox 2721 5273 2806 5330; x_wconf 90' lang='lat' dir='ltr'><strong>vel</strong></span> <span class='ocrx_word' id='word_1_817' title='bbox 2849 5274 3110 5344; x_wconf 88' lang='lat' dir='ltr'><strong>ipsorum</strong></span> <span class='ocrx_word' id='word_1_818' title='bbox 3148 5271 3368 5342; x_wconf 91' lang='lat' dir='ltr'><strong>scripta</strong></span> <span class='ocrx_word' id='word_1_819' title='bbox 3405 5270 3673 5326; x_wconf 87' lang='lat' dir='ltr'><strong>nomina-</strong></span> 
     </span>
    </p>
   </div>
   <div class='ocr_carea' id='block_1_60' title="bbox 254 5358 3672 5444">
    <p class='ocr_par' dir='ltr' id='par_1_60' title="bbox 254 5358 3672 5444">
     <span class='ocr_line' id='line_1_60' title="bbox 254 5358 3672 5444; baseline -0.004 -16"><span class='ocrx_word' id='word_1_820' title='bbox 254 5373 372 5428; x_wconf 85' lang='lat' dir='ltr'><strong>tim</strong></span> <span class='ocrx_word' id='word_1_821' title='bbox 404 5373 777 5442; x_wconf 84' lang='lat' dir='ltr'><strong>adduxerint,</strong></span> <span class='ocrx_word' id='word_1_822' title='bbox 812 5372 934 5427; x_wconf 85' lang='lat' dir='ltr'><strong>ﬁeri</strong></span> <span class='ocrx_word' id='word_1_823' title='bbox 970 5390 1082 5428; x_wconf 91' lang='lat' dir='ltr'><strong>non</strong></span> <span class='ocrx_word' id='word_1_824' title='bbox 1113 5375 1303 5444; x_wconf 89' lang='lat' dir='ltr'><strong>potest</strong></span> <span class='ocrx_word' id='word_1_825' title='bbox 1332 5371 1471 5442; x_wconf 89' lang='lat' dir='ltr'><strong>quin</strong></span> <span class='ocrx_word' id='word_1_826' title='bbox 1506 5369 1730 5443; x_wconf 90' lang='lat' dir='ltr'><strong>primus</strong></span> <span class='ocrx_word' id='word_1_827' title='bbox 1761 5368 1857 5423; x_wconf 91' lang='lat' dir='ltr'><strong>hic</strong></span> <span class='ocrx_word' id='word_1_828' title='bbox 1887 5367 2170 5423; x_wconf 87' lang='lat' dir='ltr'><strong>librorum</strong></span> <span class='ocrx_word' id='word_1_829' title='bbox 2202 5365 2341 5422; x_wconf 89' lang='lat' dir='ltr'><strong>Novi</strong></span> <span class='ocrx_word' id='word_1_830' title='bbox 2372 5363 2732 5421; x_wconf 88' lang='lat' dir='ltr'><strong>Testamenti</strong></span> <span class='ocrx_word' id='word_1_831' title='bbox 2763 5363 3060 5433; x_wconf 86' lang='lat' dir='ltr'><strong>catalogus</strong></span> <span class='ocrx_word' id='word_1_832' title='bbox 3107 5360 3265 5416; x_wconf 91' lang='lat' dir='ltr'><strong>curis</strong></span> <span class='ocrx_word' id='word_1_833' title='bbox 3324 5358 3540 5415; x_wconf 90' lang='lat' dir='ltr'><strong>nostris</strong></span> <span class='ocrx_word' id='word_1_834' title='bbox 3585 5359 3672 5414; x_wconf 90' lang='lat' dir='ltr'><strong>di-</strong></span> 
     </span>
    </p>
   </div>
   <div class='ocr_carea' id='block_1_61' title="bbox 257 5447 3672 5535">
    <p class='ocr_par' dir='ltr' id='par_1_61' title="bbox 257 5447 3672 5535">
     <span class='ocr_line' id='line_1_61' title="bbox 257 5447 3672 5535; baseline -0.004 -17"><span class='ocrx_word' id='word_1_835' title='bbox 257 5479 416 5535; x_wconf 82' lang='lat' dir='ltr'><strong>gnus</strong></span> <span class='ocrx_word' id='word_1_836' title='bbox 448 5466 777 5522; x_wconf 79' lang='lat' dir='ltr'><strong>censeatur.</strong></span> <span class='ocrx_word' id='word_1_837' title='bbox 811 5463 912 5516; x_wconf 84' lang='lat' dir='ltr'><strong>Est</strong></span> <span class='ocrx_word' id='word_1_838' title='bbox 943 5466 1135 5516; x_wconf 89' lang='lat' dir='ltr'><strong>tamen</strong></span> <span class='ocrx_word' id='word_1_839' title='bbox 1168 5462 1238 5515; x_wconf 84' lang='lat' dir='ltr'><strong>al)</strong></span> <span class='ocrx_word' id='word_1_840' title='bbox 1270 5476 1336 5516; x_wconf 90' lang='lat' dir='ltr'><strong>eo</strong></span> <span class='ocrx_word' id='word_1_841' title='bbox 1369 5459 1608 5525; x_wconf 85' lang='lat' dir='ltr'><strong>omissa,</strong></span> <span class='ocrx_word' id='word_1_842' title='bbox 1642 5459 1792 5528; x_wconf 86' lang='lat' dir='ltr'><strong>quod</strong></span> <span class='ocrx_word' id='word_1_843' title='bbox 1828 5456 2072 5510; x_wconf 81' lang='lat' dir='ltr'><strong>multum</strong></span> <span class='ocrx_word' id='word_1_844' title='bbox 2122 5459 2350 5510; x_wconf 83' lang='lat' dir='ltr'><strong>moveat</strong></span> <span class='ocrx_word' id='word_1_845' title='bbox 2373 5452 2842 5512; x_wconf 83' lang='lat' dir='ltr'><strong>admirationem,</strong></span> <span class='ocrx_word' id='word_1_846' title='bbox 2878 5447 3126 5521; x_wconf 86' lang='lat' dir='ltr'><strong>epistola</strong></span> <span class='ocrx_word' id='word_1_847' title='bbox 3173 5452 3229 5503; x_wconf 90' lang='lat' dir='ltr'><strong>et</strong></span> <span class='ocrx_word' id='word_1_848' title='bbox 3251 5463 3478 5519; x_wconf 88' lang='lat' dir='ltr'><strong>semper</strong></span> <span class='ocrx_word' id='word_1_849' title='bbox 3509 5451 3564 5501; x_wconf 87' lang='lat' dir='ltr'><strong>et</strong></span> <span class='ocrx_word' id='word_1_850' title='bbox 3599 5448 3672 5504; x_wconf 87' lang='lat' dir='ltr'><strong>ab</strong></span> 
     </span>
    </p>
   </div>
   <div class='ocr_carea' id='block_1_62' title="bbox 261 5535 3676 5624">
    <p class='ocr_par' dir='ltr' id='par_1_62' title="bbox 261 5535 3676 5624">
     <span class='ocr_line' id='line_1_62' title="bbox 261 5535 3676 5624; baseline -0.005 -17"><span class='ocrx_word' id='word_1_851' title='bbox 261 5553 543 5608; x_wconf 58' lang='lat' dir='ltr'><strong>omnibus</strong></span> <span class='ocrx_word' id='word_1_852' title='bbox 578 5556 828 5624; x_wconf 88' lang='lat' dir='ltr'><strong>recepta,</strong></span> <span class='ocrx_word' id='word_1_853' title='bbox 859 5551 1016 5624; x_wconf 89' lang='lat' dir='ltr'><strong>prior</strong></span> <span class='ocrx_word' id='word_1_854' title='bbox 1035 5550 1136 5608; x_wconf 88' lang='lat' dir='ltr'><strong>illa</strong></span> <span class='ocrx_word' id='word_1_855' title='bbox 1163 5555 1219 5606; x_wconf 87' lang='lat' dir='ltr'><strong>S.</strong></span> <span class='ocrx_word' id='word_1_856' title='bbox 1262 5549 1434 5617; x_wconf 89' lang='lat' dir='ltr'><strong>Petri,</strong></span> <span class='ocrx_word' id='word_1_857' title='bbox 1461 5550 1530 5605; x_wconf 92' lang='lat' dir='ltr'><strong>de</strong></span> <span class='ocrx_word' id='word_1_858' title='bbox 1560 5548 1730 5619; x_wconf 89' lang='lat' dir='ltr'><strong>cujus</strong></span> <span class='ocrx_word' id='word_1_859' title='bbox 1759 5547 2104 5601; x_wconf 88' lang='lat' dir='ltr'><strong>auctoritate</strong></span> <span class='ocrx_word' id='word_1_860' title='bbox 2131 5561 2301 5599; x_wconf 88' lang='lat' dir='ltr'><strong>nemo</strong></span> <span class='ocrx_word' id='word_1_861' title='bbox 2329 5559 2362 5597; x_wconf 92' lang='lat' dir='ltr'><strong>a</strong></span> <span class='ocrx_word' id='word_1_862' title='bbox 2391 5541 2748 5612; x_wconf 86' lang='lat' dir='ltr'><strong>temporibus</strong></span> <span class='ocrx_word' id='word_1_863' title='bbox 2779 5554 2965 5610; x_wconf 87' lang='lat' dir='ltr'><strong>usque</strong></span> <span class='ocrx_word' id='word_1_864' title='bbox 3010 5535 3307 5610; x_wconf 85' lang='lat' dir='ltr'><strong>Polycarpi</strong></span> <span class='ocrx_word' id='word_1_865' title='bbox 3341 5541 3513 5607; x_wconf 90' lang='lat' dir='ltr'><strong>atque</strong></span> <span class='ocrx_word' id='word_1_866' title='bbox 3572 5536 3676 5592; x_wconf 87' lang='lat' dir='ltr'><strong>Pa-</strong></span> 
     </span>
    </p>
   </div>
   <div class='ocr_carea' id='block_1_63' title="bbox 267 5625 1872 5716">
    <p class='ocr_par' dir='ltr' id='par_1_63' title="bbox 267 5637 1872 5716">
     <span class='ocr_line' id='line_1_63' title="bbox 267 5637 1872 5716; baseline -0.006 -16"><span class='ocrx_word' id='word_1_867' title='bbox 267 5645 319 5716; x_wconf 46' lang='lat' dir='ltr'><strong>pi</strong></span> <span class='ocrx_word' id='word_1_868' title='bbox 350 5663 376 5700; x_wconf 63' lang='grc' dir='ltr'><strong>τι</strong></span> <span class='ocrx_word' id='word_1_869' title='bbox 406 5642 720 5700; x_wconf 87' lang='lat' dir='ltr'><strong>dubitavit.</strong></span> <span class='ocrx_word' id='word_1_870' title='bbox 756 5645 987 5716; x_wconf 86' lang='lat' dir='ltr'><strong>Istaque</strong></span> <span class='ocrx_word' id='word_1_871' title='bbox 1013 5642 1167 5700; x_wconf 86' lang='lat' dir='ltr'><strong>facta</strong></span> <span class='ocrx_word' id='word_1_872' title='bbox 1195 5647 1280 5698; x_wconf 91' lang='lat' dir='ltr'><strong>est</strong></span> <span class='ocrx_word' id='word_1_873' title='bbox 1313 5638 1552 5696; x_wconf 85' lang='lat' dir='ltr'><strong>omissio</strong></span> <span class='ocrx_word' id='word_1_874' title='bbox 1584 5637 1654 5693; x_wconf 90' lang='lat' dir='ltr'><strong>ab</strong></span> <span class='ocrx_word' id='word_1_875' title='bbox 1686 5641 1872 5693; x_wconf 74' lang='lat' dir='ltr'><strong>aucto:</strong></span> 
     </span>
    </p>
   </div>
   <div class='ocr_carea' id='block_1_64' title="bbox 2072 5625 3677 5716">
    <p class='ocr_par' dir='ltr' id='par_1_64' title="bbox 2089 5625 3677 5703">
     <span class='ocr_line' id='line_1_64' title="bbox 2089 5625 3677 5703; baseline -0.008 -13"><span class='ocrx_word' id='word_1_876' title='bbox 2089 5640 2204 5690; x_wconf 83' lang='lat' dir='ltr'><strong>tres</strong></span> <span class='ocrx_word' id='word_1_877' title='bbox 2237 5649 2303 5690; x_wconf 88' lang='lat' dir='ltr'><strong>ex</strong></span> <span class='ocrx_word' id='word_1_878' title='bbox 2336 5637 2553 5703; x_wconf 87' lang='lat' dir='ltr'><strong>septem</strong></span> <span class='ocrx_word' id='word_1_879' title='bbox 2587 5628 3034 5701; x_wconf 74' lang='grc' dir='ltr'><strong>ἀντιλεγομέναις</strong></span> <span class='ocrx_word' id='word_1_880' title='bbox 3084 5625 3394 5698; x_wconf 86' lang='lat' dir='ltr'><strong>scripturis</strong></span> <span class='ocrx_word' id='word_1_881' title='bbox 3421 5625 3677 5694; x_wconf 90' lang='lat' dir='ltr'><strong>agnovit,</strong></span> 
     </span>
    </p>
   </div>
  </div>
