4064 6154
436 282 552 345 179
1472 277 1788 339 INCERTI
1834 279 1937 337 DE
1980 278 2041 338 St

2236 278 2434 340 RIPT.
2482 278 2803 340 CANONE
2961 231 2973 251 ι
3725 275 3838 339 180

436 416 577 471 dum
607 412 835 469 nullum
858 414 1079 471 interea
1104 412 1322 467 librum
1350 409 1529 483 νόθον,
1564 428 1681 467 uno
1732 412 1977 467 fortasse
2027 415 2285 483 excepto,
2317 410 2377 466 in
2429 427 2714 468 canonem
2761 409 2904 468 Novi
2932 410 3291 469 Testamenti
3320 407 3581 466 admisit.
3626 407 3709 465 De
3754 408 3839 465 al-

438 526 560 577 tero
594 537 749 575 naevo
788 519 888 575 illo
910 521 1062 575 circa
1082 518 1392 574 Basilidem
1420 518 1759 574 haereticum
1790 518 1942 587 apud
1972 533 2106 573 eum
2142 518 2423 573 existente
2447 518 2569 588 jam
2592 517 2729 573 dixi.

509 607 854 679 Nuperrime
883 623 1038 674 vero,
1061 623 1194 663 cum
1222 604 1501 661 dixissem
1532 606 1599 660 ad
1626 621 1759 677 pag.
1787 622 1879 660 xxi
1912 604 2265 675 praefationis
2312 606 2504 677 operis
2548 605 2682 677 mei,
2716 605 2823 662 hoc
2853 605 3244 678 fragmentum
3275 605 3345 660 de
3402 619 3623 660 canone
3652 602 3844 659 distu-

440 696 579 753 lisse
600 712 692 750 me
724 697 780 750 in
815 695 1072 750 medium
1106 695 1415 760 adducere,
1450 698 1754 766 propterea
1784 694 1938 765 quod
1973 693 2293 749 novissima
2319 694 2584 764 ejusdem
2614 694 2792 750 editio
2822 695 3085 750 nondum
3119 694 3192 749 ad
3242 710 3454 749 manus
3485 691 3846 764 pervenisset

446 801 627 849 meas,
662 784 1013 840 transmissa
1040 800 1105 839 ex
1134 783 1446 839 Germania
1468 782 1612 837 mibi
1649 786 1739 838 est
1767 781 1955 854 0pella
1983 799 2016 837 a
2042 782 2166 837 viro
2196 780 2375 837 nobili
2415 798 2653 854 peregre
2696 790 2920 853 agente,
2979 800 3107 854 quae
3151 787 3285 838 ante
3328 781 3506 837 Lincii
3554 780 3848 853 prodierat

446 890 595 929 anno
629 873 785 943 1802,
818 890 951 928 cum
983 872 1479 929 Commentatione
1507 870 1798 927 Francisci
1853 870 2222 939 Freindaller,
2281 871 2545 927 canonici
2575 876 2634 927 et
2664 871 2839 928 theol.
2900 872 3245 945 professoris
3300 869 3463 942 publ.
3500 871 3554 926 Is
3612 870 3848 941 quidem

445 961 669 1018 nullam
700 980 948 1034 usquam
998 960 1325 1017 Stoschiani
1376 960 1509 1016 libri
1543 960 1614 1016 de
1661 959 1891 1016 Canone
1917 960 2531 1016 commemorationem
2581 960 2734 1027 fecit,
2795 966 3115 1032 contraque
3160 960 3293 1016 Caio
3349 960 3687 1031 presbytero
3738 959 3849 1013 fra-

446 1056 751 1124 gmentum
782 1052 1197 1107 vindicandum
1230 1067 1354 1106 esse
1385 1049 1611 1115 statuit,
1643 1048 1741 1104 ubi
1774 1053 1969 1104 tamen
2001 1048 2178 1118 in§8,
2203 1049 2275 1103 ad
2311 1064 2443 1121 pag.
2475 1050 2560 1116 13,
2592 1049 2715 1104 Ι]ωο
2744 1049 2918 1105 habet
2952 1065 2963 1105 :
2989 1072 3017 1100 «
3043 1050 3140 1105 Est
3170 1064 3301 1104 vero
3330 1047 3702 1103 simillimum
3727 1047 3852 1102 Col-

446 1139 720 1195 lationem
753 1141 869 1196 Caii
900 1157 1032 1195 cum
1068 1138 1266 1195 Proclo
1312 1143 1507 1195 Graece
1564 1154 1692 1194 esse
1747 1137 2009 1193 habitam
2060 1137 2583 1209 conscriptamque.
2636 1137 2831 1194 Talem
2893 1137 3106 1210 quippe
3135 1153 3262 1193 eam
3293 1136 3483 1208 legere
3543 1135 3849 1208 Eusebius,

446 1227 709 1295 Photius,
743 1245 808 1283 ac
833 1228 1247 1293 Theodoretus,
1284 1227 1383 1299 qui
1414 1227 1516 1282 lib.
1557 1244 1616 1282 ιιι
1647 1226 1988 1283 Fabularum
2019 1226 2399 1282 haereticorum
2454 1227 2721 1283 eamdem
2779 1224 2912 1280 κατᾶ
2970 1221 3251 1301 Πάτρολον
3311 1224 3633 1298 inscripsit.
3686 1226 3851 1283 Addo

449 1317 603 1388 quod
635 1316 919 1383 Valesius,
951 1316 1266 1372 momentis
1298 1316 1451 1371 haud
1486 1314 1854 1386 spernendis,
1889 1314 2153 1370 Proclum
2185 1314 2341 1369 hunc
2368 1330 2399 1370 e
2428 1315 2677 1371 ducibus
2708 1318 2882 1371 sectae
2911 1314 3362 1383 Montanisticae,
3391 1318 3655 1370 Graecum
3695 1314 3857 1370 Asia-

449 1410 567 1459 tem
598 1406 778 1460 fuisse
808 1410 1032 1477 arguat.
1064 1409 1255 1460 Graece
1284 1404 1480 1475 itaque
1506 1420 1638 1459 cum
1671 1402 1907 1458 homine
1955 1402 2150 1458 Graeco
2202 1402 2377 1458 Caius
2427 1402 2759 1459 contulerit.
2818 1408 3089 1458 Attamen
3141 1403 3534 1475 fragmentum
3586 1407 3854 1459 nostrum

454 1494 663 1548 Latinae
696 1494 890 1565 potius
920 1493 1160 1564 originis
1180 1493 1398 1565 stylum
1421 1492 1599 1564 sapit.
1629 1491 1731 1546 Cui
1756 1491 1994 1563 quidem
2015 1490 2346 1546 difficultati
2368 1507 2435 1547 ea
2456 1491 2824 1547 solummodo
2846 1492 3068 1547 ratione
3089 1491 3430 1561 occurreris,
3450 1494 3493 1545 1
3508 1491 3605 1547 73
3628 1491 3677 1546 si
3704 1491 3854 1546 Lati-

454 1581 633 1638 nitate
660 1582 817 1638 illico
838 1584 1113 1638 donatam
1137 1582 1289 1637 hanc
1310 1581 1791 1652 disputationem,
1815 1585 1917 1635 aut
1931 1580 2005 1635 ab
2028 1580 2277 1652 ipsomet
2290 1579 2422 1635 Caio
2447 1581 2505 1634 in
2529 1580 2923 1636 Romanorum
2946 1580 3195 1651 gratiam
3223 1580 3419 1636 Latine
3442 1580 3618 1636 simul
3642 1579 3856 1637 dixeris

455 1676 768 1727 exaratam.
797 1674 931 1736 Quae
963 1676 1209 1743 utraque
1248 1670 1501 1744 profecto
1557 1670 1888 1741 conjectura
1918 1686 1953 1725 a
1980 1670 2217 1725 veritate
2274 1669 2431 1724 haud
2480 1669 2702 1725 absona
2728 1673 2835 1725 est.
2868 1669 2964 1725 Sic
3020 1668 3175 1725 enim
3227 1668 3501 1740 pleraque
3549 1670 3604 1724 S.
3655 1669 3857 1725 Irenmi

458 1776 633 1832 opera
661 1760 720 1813 in
755 1760 951 1816 Latina
972 1760 1236 1816 versione
1263 1758 1694 1829 antiquissima,
1728 1774 1832 1814 nec
1854 1774 1969 1813 non
1990 1757 2105 1813 alia
2125 1758 2353 1829 generis
2384 1758 2558 1828 hujus
2579 1757 3017 1830 quamplurima
3046 1759 3116 1814 ad
3141 1775 3247 1814 nos
3264 1774 3452 1830 usque
3476 1774 3809 1830 pervenere.
3828 1778 3855 1810 ι)

462 1851 589 1904 Haec
622 1847 994 1904 Freindaller.
1029 1853 1253 1904 Interea
1279 1864 1385 1920 ego
1410 1863 1478 1904 ex
1506 1846 1768 1920 vestigiis
1799 1846 1943 1903 satis
1974 1846 2147 1902 claris
2188 1847 2640 1919 deprehendisse
2695 1847 2840 1902 mihi
2895 1848 3094 1904 videor
3152 1847 3472 1918 hominem,
3532 1848 3630 1919 qui
3670 1848 3863 1904 Grece

459 1937 777 2010 scripserit,
811 1937 1086 2010 posthaec
1120 1937 1325 1993 Latina
1350 1937 1528 1992 verba
1567 1936 1865 2005 latentem,
1905 1951 1972 1991 eo
2002 1935 2219 1991 indicio
2249 1936 2403 2008 quod
2451 1936 2651 1992 eadem
2681 1935 2761 1992 ita
2790 1936 3150 2007 graecissant,
3186 1941 3253 1992 ut
3280 1937 3455 1993 etiam
3496 1953 3564 1994 ex
3593 1936 3695 1993 illa
3749 1936 3864 1992 lin-

457 2045 570 2100 gua
601 2044 764 2083 versa
792 2044 919 2082 esse
951 2025 1274 2081 videantur.
1308 2025 1500 2097 Pergit
1545 2024 1919 2095 Freindaller,
1980 2025 2051 2080 ad
2083 2026 2111 2093 §
2144 2025 2230 2092 13,
2290 2025 2370 2080 ita
2425 2024 2698 2093 scribere,
2749 2029 3064 2098 postquam
3128 2027 3357 2082 monuit
3386 2026 3443 2081 in
3478 2025 3507 2100 §
3539 2027 3599 2081 11
3654 2026 3861 2083 Caium

458 2117 614 2172 hunc
644 2115 1143 2171 consentientibus
1172 2114 1404 2170 Valesio
1432 2118 1491 2169 et
1523 2114 1823 2179 Rulnarto,
1854 2130 1989 2169 eum
2021 2129 2150 2169 esse
2178 2113 2251 2168 de
2300 2130 2415 2184 quo
2472 2114 2541 2168 ad
2591 2113 2808 2170 calcem
2867 2116 3126 2171 Actorum
3154 2116 3209 2169 S.
3270 2116 3573 2187 Polycarpi
3610 2114 3864 2187 legitur:

458 2209 591 2261 Acta
635 2204 756 2261 haec
788 2203 951 2259 Caius
979 2204 1264 2275 descripsit
1289 2219 1319 2258 ε
1358 2204 1759 2273 manuscriptis
1808 2204 2030 2269 lrcnaei,
2092 2202 2387 2275 Polycarpi
2413 2202 2696 2274 discipuli,
2727 2205 2826 2258 cui
2847 2219 3055 2259 cowvus
3083 2206 3237 2274 fuit;
3265 2209 3443 2276 atque
3473 2203 3684 2260 idcirco
3745 2220 3863 2259 non

458 2293 809 2350 credendum
841 2307 970 2347 esse
1003 2306 1200 2347 verum
1232 2308 1365 2347 cum
1401 2291 1617 2347 Irenaeo
1648 2290 1747 2347 diu
1771 2295 2063 2346 versatum
2097 2290 2479 2363 Apocalypsin
2508 2291 2755 2347 Joannis
2806 2292 3053 2363 apostoli
3111 2294 3567 2365 contempsisse:
3618 2292 3787 2359 Quod
3820 2291 3867 2348 si

458 2385 777 2448 momenta,
811 2402 840 2431 ››
872 2380 1065 2452 inquit
1094 2379 1212 2449 ille,
1240 2383 1635 2452 suppeterent,
1669 2381 1822 2436 unde
1854 2379 2043 2436 securi
2073 2378 2421 2444 videremur,
2455 2380 2741 2452 pertinere
2766 2382 2872 2437 hoc
2895 2382 3284 2453 fragmentum
3317 2383 3389 2438 ad
3428 2382 3694 2438 eamdem
3729 2398 3866 2437 cum

459 2470 661 2526 Proclo
698 2469 1153 2541 Disputationem
1179 2469 1331 2524 unde
1361 2484 1535 2523 suum
1583 2472 1888 2524 mutuatus
1920 2472 2008 2524 est
2038 2466 2344 2538 Eusebius,
2407 2469 2684 2539 quodque
2732 2469 2850 2524 Caii
2884 2483 3013 2525 esse
3042 2485 3157 2524 non
3189 2470 3542 2541 disputatur,
3573 2474 3699 2525 tum
3735 2487 3874 2541 pro-

458 2561 604 2616 fecto
637 2559 721 2614 hae
752 2562 962 2613 nostras
994 2573 1098 2630 pro
1123 2557 1325 2612 eodem
1355 2557 1597 2612 vindicis
1631 2573 1818 2629 usque
1849 2557 1921 2611 ad
1952 2556 2318 2628 exploratam
2354 2558 2587 2629 penitus
2615 2561 2988 2630 assurgerent
3014 2559 3447 2614 oertitudinem.
3511 2558 3873 2616 Memoratus

460 2648 700 2721 quidem
730 2648 977 2719 ipsemet
1007 2646 1133 2703 loco
1165 2646 1342 2704 citato
1369 2646 1717 2703 Muratorius
1744 2648 2031 2702 faventem
2063 2646 2381 2718 quamdam
2423 2645 2559 2703 huic
2597 2648 2896 2703 sententiis
2947 2647 3229 2704 rationem
3250 2649 3376 2720 jam
3405 2648 3671 2720 protulit,
3719 2649 3866 2703 dum

460 2755 528 2795 ex
558 2737 885 2809 impudenti
919 2736 1382 2792 adversariorum
1412 2735 1472 2791 in
1494 2736 1893 2809 supponendis
1916 2734 2080 2791 novis
2110 2735 2419 2807 scripturis
2437 2737 2766 2792 temeritate
2786 2753 2989 2792 ansam
3012 2737 3331 2809 arripuisse
3362 2737 3586 2806 Caium,
3610 2753 3715 2792 con
3720 2736 3869 2807 jicit,

464 2826 535 2883 de
563 2826 847 2882 librorum
879 2825 947 2881 N.
976 2826 1040 2881 T.
1072 2840 1313 2891 canone,
1346 2826 1501 2896 quod
1533 2825 1591 2880 in
1642 2825 1967 2898 fragmento
1991 2824 2088 2893 sit,
2121 2825 2351 2897 agendi.
2392 2824 2498 2880 Cui
2529 2825 3005 2882 commodissime
3035 2826 3095 2881 id
3144 2843 3375 2899 quoque
3431 2826 3603 2895 adjici
3634 2826 3868 2898 poterit,

460 2916 548 2972 vel
579 2916 640 2970 in
671 2915 998 2986 fragmento
1018 2914 1145 2986 ipso
1174 2914 1467 2983 quoddam
1500 2918 1807 2970 contextus
1837 2930 1969 2969 cum
2000 2913 2398 2985 disputatione
2428 2915 2681 2985 quadam
2711 2914 2956 2969 indicari
2985 2915 3319 2987 vestigium,
3352 2917 3505 2987 quod
3538 2915 3873 2971 acutissimi

448 3007 490 3061 ‘l
508 3006 605 3059 74
627 3003 730 3058 viri
750 3003 1025 3075 effugisse
1038 3002 1239 3058 oculos
1253 3003 1507 3074 profecto
1522 3004 1852 3059 mirandum
1869 3007 1977 3059 est.
1998 3007 2216 3058 Auctor
2233 3002 2512 3057 nimirum
2531 3002 2682 3058 facta
2693 3003 2764 3058 de
2780 3003 3028 3074 epistola
3041 3003 3202 3058 Pauli
3217 3004 3285 3058 ad
3304 3004 3596 3060 Romanos
3621 3003 3874 3076 ejusque

448 3096 793 3165 argumento
823 3092 1138 3159 mentione,
1162 3092 1338 3147 verba
1367 3092 1487 3147 haec
1517 3091 1778 3147 subdidit
1808 3109 1823 3147 :
1867 3092 1934 3147 de
1961 3092 2158 3164 quibus
2186 3092 2421 3162 singulis
2441 3107 2657 3147 necesse
2684 3100 2763 3147 est
2789 3109 2822 3146 a
2843 3092 3003 3147 nobis
3050 3092 3352 3163 disputari.
3404 3095 3549 3148 Cum
3591 3096 3876 3165 praeterea

445 3181 653 3237 nullibi
685 3182 1036 3251 caeteroquin
1068 3181 1127 3235 in
1151 3181 1458 3252 fragmenti
1492 3182 1667 3251 hujus
1688 3180 1913 3250 integro
1934 3184 2281 3252 argumento
2313 3180 2620 3252 quidpiam
2648 3185 2917 3237 occurrat
2956 3182 3338 3252 disputationi
3366 3180 3472 3237 tali
3534 3181 3876 3250 dissonum,

445 3271 569 3327 imo
605 3270 875 3325 universa
908 3268 1101 3341 potius
1126 3268 1419 3324 conciliari
1450 3269 1638 3325 eidem
1670 3284 1847 3339 quam
1881 3268 2100 3341 optime
2132 3267 2375 3336 vaelant,
2428 3268 2569 3339 quid
2621 3285 2729 3325 nos
2786 3268 2941 3324 ultra
2990 3270 3337 3337 morabitur,
3389 3269 3712 3342 quominus
3766 3270 3875 3326 hoc

448 3357 814 3414 veneratione
846 3355 1263 3429 dignissimum
1315 3355 1680 3428 antiquitatis
1719 3355 2121 3413 ecclesiastica;
2173 3360 2618 3413 monumentum
2656 3356 2847 3412 denuo
2881 3357 3310 3414 revindicemus
3342 3358 3475 3413 Caio
3523 3357 3729 3425 veteri,
3784 3358 3877 3414 cui

458 3453 542 3503 tot
570 3447 713 3503 illud
746 3446 1003 3502 rationes
1032 3445 1351 3513 vindicant,
1385 3445 1457 3502 iis
1483 3462 1607 3516 quas
1637 3462 1705 3501 ex
1736 3446 1976 3502 adverso
2002 3449 2181 3513 stant,
2207 3444 2585 3511 sufficienter,
2608 3446 2761 3519 quod
2794 3445 3066 3516 arbitror,
3120 3445 3350 3504 solutis.
3408 3451 3540 3504 Haac
3582 3447 3679 3504 ille
3742 3447 3875 3520 qui-

456 3538 608 3592 dem.

522 3626 692 3692 «Age
727 3639 857 3678 vero
891 3644 919 3672 »
966 3622 1049 3678 ait
1092 3622 1467 3691 Muratorius,
1496 3624 1674 3694 «jam
1735 3623 2101 3696 proferamus
2155 3623 2547 3695 fragmentum
2609 3622 2805 3694 ipsum
2854 3640 2885 3679 e
2923 3624 3325 3682 vetustissimo
3372 3626 3573 3682 codice
3618 3625 3871 3681 Ambro-

450 3711 616 3768 siano
647 3712 1008 3783 decerptum,
1043 3715 1217 3783 atque
1248 3711 1388 3767 illud
1423 3713 1782 3769 eruditorum
1817 3712 2078 3767 omnium
2112 3710 2365 3767 examini
2416 3711 2820 3782 subjiciamus,
2874 3713 3104 3769 nullum
3135 3715 3422 3770 demendo
3452 3731 3521 3771 ex
3567 3713 3871 3770 erroribus

452 3801 665 3873 quibus
699 3800 1070 3857 librariorum
1107 3800 1397 3872 imperitia
1427 3802 1781 3874 scripturam
1814 3800 2100 3857 saturavit
2129 3806 2304 3871 atque
2335 3799 2591 3868 foedavit,
2622 3817 2959 3872 quanquam
2995 3801 3140 3857 nihil
3184 3803 3222 3858 ii
3248 3804 3483 3859 obstent
3539 3804 3870 3875 quominus

444 3890 697 3963 pretium
723 3890 801 3946 rei
835 3889 1244 3959 intelligamus.
1282 3912 1310 3940 »
1342 3891 1432 3947 Sic
1453 3890 1549 3947 ille
1581 3916 1595 3958 ;
1626 3891 1708 3946 ita
1739 3899 1792 3945 et
1816 3889 1888 3945 cl.
1922 3888 2264 3946 Sthoschius
2293 3890 2682 3967 fragmentum
2708 3906 2841 3945 cum
2874 3892 3148 3948 omnibus
3198 3893 3429 3949 mendis
3479 3897 3655 3964 atque
3698 3910 3868 3950 erro-

445 3978 613 4033 ribus
638 3978 929 4046 exhibuit;
961 3976 1136 4033 sicuti
1168 3978 1302 4033 fecit
1334 3978 1677 4034 Gallandius
1706 3978 1765 4033 in
1790 3983 1947 4034 tomo
1980 3982 2028 4032 II
2060 3978 2414 4035 Bibliotheca?
2444 3995 2561 4033 suis
2589 3980 2700 4034 PP.
2743 3978 2843 4034 ubi
2875 3979 2935 4034 in
2983 3982 3113 4037 Caii
3156 3983 3500 4053 Fragmentis
3556 3981 3703 4037 illud
3757 3981 3872 4038 col-

447 4066 674 4122 locavit.
711 4066 940 4125 Utinam
975 4066 1300 4139 corrigendi
1332 4067 1590 4122 ofﬁcium
1621 4066 1727 4121 viri
1758 4066 1970 4122 eruditi
2003 4066 2061 4121 in
2097 4084 2159 4123 se
2200 4066 2616 4139 suscepissent.
2650 4071 2791 4122 Cum
2825 4084 2955 4124 vero
2991 4069 3208 4126 factum
3241 4071 3297 4126 id
3322 4088 3438 4127 non
3491 4070 3687 4139 fuerit,
3747 4071 3868 4127 nisi

450 4158 601 4226 quod
636 4155 693 4211 in
727 4154 1024 4211 nonnullis
1058 4154 1221 4223 locis,
1241 4172 1490 4227 quorum
1518 4154 1744 4212 facilior
1772 4161 1861 4211 est
1891 4155 2333 4223 emendatio,cl.
2363 4155 2732 4224 Freindaller,
2764 4157 3151 4226 fragmentum
3179 4161 3551 4217 membratim
3577 4164 3869 4229 tractans,

448 4261 642 4299 veram
675 4245 1024 4317 scripturam
1057 4244 1356 4316 reposuit;
1383 4244 1482 4312 τήν
1514 4244 1751 4318 σπάρταν
1784 4260 1890 4315 ego
1921 4245 2172 4317 adeptus
2202 4260 2357 4315 sum,
2390 4260 2566 4315 quam
2602 4243 2823 4315 priores
2852 4244 2936 4299 illi
2986 4246 3178 4302 adhuc
3224 4250 3550 4306 ornandam
3598 4249 3871 4322 relique-

448 4336 599 4388 rant.
633 4334 704 4387 At
735 4333 867 4389 boni
891 4334 1031 4405 quid
1062 4350 1126 4390 ex
1164 4333 1256 4391 his
1286 4331 1473 4389 literis
1493 4337 1615 4391 tam
1645 4331 2144 4391 foedeimmutatis
2165 4332 2447 4406 expiscari
2481 4331 2794 4405 potuerim,
2828 4332 3076 4391 aliorum
3098 4336 3392 4408 judicium
3424 4342 3568 4395 esto.
