4064 6154
289 300 411 364 189

1432 301 1699 361 FRAGM
1715 299 1986 364 ENTUM
2031 301 2282 362 ACEPH
2296 307 2336 361 Α
2351 301 2510 364 LUM
2524 347 2538 362 .

3585 302 3701 363 190

278 451 398 506 qua
426 449 498 490 ex
527 449 706 489 causa
733 433 952 490 directe
973 433 1018 471 ²¹
1050 432 1187 504 sint,
1218 431 1620 489 voluntatibus
1641 434 1689 469 ³³
1718 431 1933 488 intelli-
1964 435 2020 502 Α
2049 431 2384 490 Corinthios
2414 434 2604 506 prima
2634 435 2698 502 ιδ,
2732 435 2805 491 ad
2836 434 3114 508 Ephesios
3160 430 3420 490 secunda
3449 431 3584 504 (31),
3617 433 3693 488 ad

277 538 413 595 gere
445 523 493 557 ³³
514 522 642 594 ipse
674 521 974 578 declarant
1001 523 1117 592 (26)
1146 523 1193 558 ²⁴
1222 522 1478 594 primum
1521 521 1785 577 omnium
1819 521 1925 577 Co-

278 611 516 667 rinthiis
569 611 831 666 schisma
881 610 1120 666 haeresis
1159 611 1271 682 (27)
1329 610 1707 677 interdicens,
1758 611 1927 666 dein-

281 716 412 772 ceps
451 699 732 755 Callactis
761 701 808 735 ³⁵
837 699 1361 767 circumcisionem,
1416 699 1700 754 Romanis
1731 704 1926 756 autem

280 788 484 845 ordine
515 788 952 860 Scripturarum
977 789 1108 859 (28),
1131 789 1230 844 sed
1245 792 1301 844 et
1323 787 1680 860 principium
1703 789 1817 859 (29)
1838 805 1929 844 ea-

279 894 410 932 rum
452 894 584 932 esse
627 877 927 932 Christum
977 877 1282 943 intimans,
1335 876 1614 947 prolixius
1667 876 1925 948 scripsit.

279 965 358 1022 De
380 966 602 1037 quibus
632 965 884 1037 singulis
915 981 1150 1022 necesse
1177 969 1265 1021 est
1302 982 1335 1021 a
1392 965 1561 1021 nobis
1616 965 1924 1036 disputari,

279 1055 434 1111 182
494 1071 624 1109 cum
682 1055 805 1126 ipse
863 1056 1064 1110 beatus
1101 1053 1395 1126 apostolus
1430 1053 1644 1110 Paulus
1675 1070 1927 1126 sequens

279 1142 722 1216 praedecessoris
753 1145 845 1199 sui
875 1144 1118 1200 Joannis
1164 1142 1425 1200 ordinem
1485 1143 1617 1215 (30),
1689 1143 1927 1199 nonnisi

278 1232 626 1289 nominatim
659 1240 882 1305 septem
915 1232 1183 1290 Ecclesiis
1213 1233 1429 1288 scribat
1460 1233 1661 1289 ordine
1679 1233 1802 1304 tali.
1834 1233 1921 1288 Ad

2039 521 2446 595 Philippenses
2503 524 2694 592 tertia,
2751 525 2819 578 ad
2909 523 3283 579 Colossenses
3353 526 3580 594 quarta,
3616 521 3687 576 ad

2040 610 2272 667 Galatas
2306 612 2608 683 quinta,ad
2644 612 3192 669 Thessalonicenses
3224 613 3268 646 ²⁷
3300 610 3558 679 sexta,ad
3582 610 3696 664 Ro-

2039 716 2248 756 manos
2279 701 2774 772 septima.Verum
2797 701 3114 757 Corinthiis
3139 705 3196 755 et
3219 699 3694 768 Thessalonicen-

2038 788 2202 844 sibus
2247 789 2382 844 licet
2435 807 2540 861 pro
2597 788 2955 844 correctione
2993 791 3107 860 (32)
3158 790 3201 824 ²⁸
3257 789 3516 857 iteretur,
3573 804 3690 843 una

2035 881 2234 932 tamen
2266 894 2367 948 per
2396 893 2630 933 omnem
2662 877 2860 932 orbem
2893 877 3154 932 Ecclesia
3216 878 3424 932 dill‘use
3453 893 3581 932 esse
3611 877 3683 930 de

2037 965 2298 1021 noscitur
2327 965 2440 1037 (33)
2473 966 2536 1020 ’9.
2598 966 2666 1021 Et
2717 969 2973 1022 Joannes
3029 965 3184 1020 enim
3225 965 3284 1020 in
3327 964 3691 1038 Apocalypsi,

2034 1051 2168 1110 licet
2214 1054 2400 1126 (Apoc.
2450 1071 2618 1126 c0pp.
2667 1072 2684 1109 ι
2734 1059 2791 1110 et
2824 1058 2887 1122 11)
2935 1059 3159 1126 septem
3227 1054 3494 1110 Ecclesiis
3534 1054 3688 1109 188

2036 1142 2253 1198 scribat
2282 1143 2415 1215 (34),
2448 1147 2646 1198 tamen
2677 1144 2954 1198 omnibus
2986 1144 3367 1198 dicit.Verum
3396 1143 3468 1197 ad
3505 1143 3692 1197 Phile-

2037 1247 2270 1288 monem
2302 1249 2438 1300 una,
2471 1237 2529 1288 et
2559 1234 2629 1288 ad
2662 1231 2860 1289 Titum
2920 1249 3056 1302 una,
3092 1237 3147 1288 et
3189 1233 3258 1288 ad
3317 1231 3688 1288 Timotheum

1725 1357 1930 1420 Variae
1960 1357 2282 1418 lectiones.

347 1457 391 1490 ²¹
431 1456 685 1512 Οἱνθοιεε.
745 1456 1053 1510 Freindall.
1107 1457 1152 1491 ²²
1196 1455 1556 1512 Volentibus.
1607 1455 1913 1512 Freindatl.
1965 1454 2011 1488 '3
2056 1452 2384 1524 Intelligere
2422 1457 2606 1509 omisit
2656 1454 2852 1510 Routh.
2895 1455 2957 1508 in
3012 1458 3185 1522 textu,
3232 1453 3549 1508 restituitin
3575 1456 3691 1508 not.

275 1527 420 1584 Edd.
500 1527 546 1562 ²⁸
568 1527 720 1581 Fort.
768 1526 1040 1582 declarat.
1092 1527 1282 1584 Roulh.
1362 1528 1405 1561 ³⁵
1434 1526 1673 1594 Galatis,
1714 1526 2014 1582 Freindall.
2093 1526 2139 1560 2°
2166 1527 2291 1579 Fort

2341 1526 2549 1596 primo,
2608 1534 2661 1580 et
2698 1528 2759 1580 in
2805 1526 3174 1596 sequentibus,
3225 1525 3501 1589 secundo,
3532 1532 3693 1596 atque

277 1601 360 1653 ita
388 1599 658 1666 deinceps.
692 1599 888 1671 Routh.
916 1629 981 1640 -—
1022 1599 1280 1671 Epistola
1316 1601 1519 1654 rectius
1549 1599 1807 1671 subaudi.
1848 1597 1983 1653 Edd.
2059 1597 2103 1631 ²“¹
2136 1596 2646 1652 Thessalonicens.
2706 1597 2798 1654 hic
2839 1603 2890 1652 et
2914 1598 3068 1671 infra
3091 1596 3394 1652 Freindall.
3467 1596 3511 1631 ²⁸
3549 1597 3687 1653 Cor-

284 1671 534 1725 rectione
560 1669 873 1726 hirchoser.
953 1670 997 1705 ²⁹
1037 1670 1431 1742 Dignoscitur.
1465 1670 1768 1726 Freindall.

1182 1778 1367 1850 Mart,
1398 1777 1660 1855 Josephi
1692 1776 1901 1837 Routh
1934 1774 2448 1838 commentarius.

352 1873 469 1943 (26)
526 1873 772 1944 Epistola
812 1882 995 1930 autem
1052 1877 1238 1944 Pauli,

279 1961 388 2016 qua
423 1960 496 1998 ea:
531 1960 698 2018 causa
744 1945 950 2018 directe
986 1947 1119 2018 sint,
1166 1947 1538 2018 voluntalibus
1588 1946 1929 2018 intelligere.

282 2019 395 2084 ipse
441 2017 744 2088 declarant.
780 2016 1025 2088 Corrigit
1064 2017 1456 2088 Freindaller.)
1492 2024 1551 2071 ut
1599 2033 1730 2087 posr
1775 2016 1928 2072 vidi:

279 2087 760 2158 epistolcedirectte
787 2087 1110 2159 volentibus,
1144 2091 1293 2159 ipsae.
1353 2087 1547 2142 Malim
1602 2105 1706 2159 ego
1763 2104 1929 2159 repo-

279 2173 417 2231 nere
447 2159 690 2214 declarat
721 2175 824 2229 pro
857 2158 1173 2231 declarant,
1208 2164 1444 2231 propter
1489 2158 1728 2214 verbum
1760 2158 1930 2215 inter-

279 2229 474 2284 dicens
503 2230 1013 2301 insequentibus.

373 2302 468 2369 '27)
499 2299 747 2356 Schisma
777 2303 1016 2356 haeresis.
1052 2300 1325 2356 Formula
1347 2301 1656 2356 verborum
1680 2299 1931 2356 insolen-

281 2373 432 2446 tier,
470 2371 663 2446 Greece
719 2371 928 2446 σχίᾳμα
996 2378 1107 2446 ,τῆς
1200 2371 1504 2446 αἱρέσεῳςε-
1535 2379 1661 2428 Mox
1716 2374 1930 2446 Calatis

282 2443 437 2512 quod
473 2443 717 2498 inferius
736 2443 973 2516 quidem
996 2443 1230 2516 legitur,
1255 2443 1356 2516 pro
1381 2443 1646 2500 Callactis
1672 2445 1932 2516 reposuit

287 2513 671 2568 Freindaller.

331 2531 671 2570 remnauer.

363 2588 479 2656 (28)
509 2586 725 2642 Ordine
758 2587 1189 2657 Scripturarum.
1225 2586 1291 2641 H.
1324 2603 1403 2655 c.,
1439 2587 1497 2641 ni
1529 2585 1718 2651 fallor,
1776 2586 1930 2642 Scri-

287 2663 462 2729 ptura
493 2661 623 2729 νει.
657 2659 814 2713 Test.
857 2660 1056 2714 ordine
1082 2658 1362 2726 adhibito,
1422 2659 1543 2713 sive
1597 2659 1741 2713 alias
1799 2662 1932 2729 post

284 2727 452 2795 alias,
485 2728 921 2800 interpretatus.
947 2732 1128 2799 Atque
1151 2729 1232 2784 ait
1262 2729 1653 2786 Freindaller:
1687 2752 1714 2778 ‹‹
1742 2727 1930 2784 Vérba

292 2800 491 2873 ordine
520 2799 1125 2873 Scripturarumpnon
1166 2801 1435 2873 videntur
1490 2801 1630 2873 quid
1688 2799 1931 2857 innuere

293 2870 452 2926 aliud
484 2870 664 2942 quam
696 2874 940 2927 Paulum
975 2871 1082 2927 hoc
1113 2871 1238 2928 loco
1270 2870 1524 2928 rationes
1555 2889 1714 2941 suas,
1735 2889 1765 2927 e
1786 2873 1929 2942 Lege

289 2943 468 3016 veteri
523 2960 627 3016 pro
680 2943 1028 3016 stabilienda
1085 2960 1231 2999 nova
1284 2943 1628 3016 praetulisse,
1679 2943 1930 3015 buicque

288 3012 453 3068 illam
485 3012 680 3068 ordine
707 3015 1049 3084 subjecisse.
1085 3036 1113 3064 »

356 3085 466 3154 (39)
497 3083 866 3158 Principium.
895 3086 962 3140 H.
995 3101 1045 3140 e.
1086 3086 1121 3153 ἡ
1180 3083 1349 3160 ἀρχὴ,
1406 3085 1663 3154 initium,
1723 3085 1930 3142 funda-

290 3160 577 3210 mentum.

357 3228 465 3295 (30)
484 3232 708 3311 .S‘equen
755 3227 1170 3311 prwdecessoris
1223 3228 1604 3311 suisIJoannis
1642 3228 1924 3311 ordinem.
1957 3244 1999 3311 ρ
2035 3234 2256 3310 septem,

290 3297 906 3370 Imperitescriptum,
941 3300 1112 3354 modo
1144 3299 1252 3354 hoc
1280 3298 1416 3354 velit
1442 3301 1827 3370 auctor,quod
1849 3304 1925 3356 ta-

289 3385 418 3441 men
460 3370 621 3425 baud
655 3376 900 3441 constat,
935 3370 1228 3425 imitatum
1268 3386 1395 3426 esse
1424 3370 1670 3426 Paulum
1721 3371 1930 3440 Apoca-

290 3440 513 3510 lypsin;
546 3458 703 3505 nam,
738 3445 802 3496 ut
844 3440 1239 3497 verisimiliter
1286 3442 1489 3496 statuit
1538 3441 1840 3497 Stoschius
1871 3443 1931 3497 in

325 3517 586 3585 amment.
619 3513 684 3567 dc
716 3515 944 3568 Canone
971 3513 1126 3585 Ltbb.
1157 3514 1293 3585 Novi
1322 3515 1452 3585 Tesrt.
1504 3530 1631 3584 cap.
1664 3530 1717 3580 ν,
1753 3515 1780 3585 ξ
1836 3514 1928 3579 62,

288 3584 436 3656 edita
494 3589 586 3639 est
617 3585 986 3656 _Apocalypsis
1041 3584 1152 3639 sub
1211 3583 1591 3652 Domitiano,’
1621 3583 1808 3655 neque
1855 3585 1928 3640 ad

287 3653 510 3727 Claudii
546 3654 632 3710 vel
655 3653 909 3727 Neronis
928 3660 1200 3727 _tempora
1217 3657 1605 3727 retrahenda:
1631 3653 1782 3725 quod
1805 3655 1930 3727 qui-

287 3726 412 3781 dem
449 3732 518 3782 ut
549 3725 688 3792 dixi,
723 3725 987 3782 nonnulli
1020 3725 1353 3782 statuerunt
1382 3727 1486 3781 viri
1519 3726 1799 3782 illustres.
1823 3725 1929 3782 _Ait

285 3813 453 3867 porro
498 3798 858 3853 Freindaller
912 3799 1244 3853 existimare
1303 3814 1365 3852 se
1419 3798 1702 3853 Joannem
1761 3797 1926 3852 Pauli

286 3870 772 3940 praedecessorem
790 3870 1154 3925 nominatum
1171 3869 1247 3940 ab,
1265 3875 1518 3933 auctore,
1552 3869 1746 3940 «quod
1769 3868 1927 3924 hunc

317 3941 582 3996 recessit
602 3941 900 3996 vocatione
930 3942 1000 3996 ad
1028 3939 1421 4011 apostolatum
1450 3958 1462 4007 ;
1489 3939 1926 4011 congruereque

278 3956 582 4065 Erecessit
602 3956 900 3996 vocatione
930 3956 1000 3996 aa
1028 3956 1421 4011 aposmiatum
1450 3958 1462 4007 ;
1489 3956 1923 4011 congruereque

284 4029 428 4084 _anc
481 4028 678 4067 vocem
730 4013 1066 4084 signiﬁcatu
1101 4013 1223 4084 voci
1256 4011 1444 4082 alteri,
1493 4012 1711 4084 Senior,
1744 4028 1923 4084 quam

275 4081 536 4166 Joannes
567 4084 692 4152 ipse
713 4081 938 4166 _inﬂ'suis
966 4083 1231 4166 epistolis
1264 4084 1581 4166 usurpavit.
1618 4081 1925 4166 illaOnimi-

274 4171 403 4209 rum
441 4155 850 4225 interpretatio
896 4153 1122 4208 veritati
1175 4153 1426 4226 profecto
1478 4154 1633 4208 haud
1683 4153 1925 4209 dissona

271 4227 541 4281 ordinem
577 4224 875 4296 p’ericopes
907 4224 1243 4281 universum
1276 4224 1568 4291 restituit;
1619 4241 1920 4296 compara-

269 4297 426 4352 tione
456 4296 735 4369 Paulinas
765 4298 916 4352 inter
946 4303 1002 4352 et
1030 4296 1474 4369 Apocalypticas
1495 4297 1770 4369 epistolas
1794 4299 1919 4368 jam

272 4383 389 4422 non
417 4368 492 4422 ad
540 4374 928 4439 utrarumque
977 4368 1229 4433 aetatem,
1271 4383 1472 4422 verum
1533 4368 1813 4423 duntaxat
1846 4369 1919 4424 ad

276 4441 673 4511 septenas-ium
713 4456 1026 4511 numerum
1074 4442 1392 4511 spectante.
1427 4461 1454 4488 ››

341 4478 342 4483 η
384 4456 673 4494 tenax-ium
713 4456 1026 4494 numerum
1074 4456 1392 4511 spectante.
1427 4461 1454 4488 »

341 4456 775 4592 f31)Prima.._..
805 4510 1078 4592 secunda,
1125 4515 1260 4592 etc.)
1308 4515 1416 4566 etc.
1473 4509 1627 4565 Fort.
1686 4509 1917 4582 legend.

540 4581 796 4647 secundo,
830 4587 1005 4654 atque
1042 4580 1129 4654 ita
1153 4582 1448 4654 deinceps.

336 4654 456 4721 (32)
490 4653 856 4711 Correctione.
893 4652 985 4708 Sic
1015 4652 1251 4723 antique
1281 4652 1384 4724 pro
1416 4653 1774 4723 correptione.

336 4725 452 4795 (33)
517 4726 636 4782 Una
680 4732 862 4780 tamen
884 4740 986 4795 per
1011 4739 1224 4795 omnem
1253 4723 1450 4795 orbem
1469 4729 1634 4779 terra
1680 4723 1924 4795 Ecclesia

266 4794 380 4851 esse
435 4796 754 4852 denoscit-ur
780 4794 1184 4867 (dignoscitur).
1236 4794 1654 4862 Tertullianus,
1690 4794 1756 4850 de
1779 4811 1922 4867 prce:

265 4867 664 4938 scriptionibus
693 4864 1086 4924 Haereticorum
1115 4864 1241 4938 cap.
1275 4867 1385 4921 20:
1437 4867 1608 4923 Omne
1653 4881 1822 4936 genus
1850 4864 1922 4921 ad

267 4939 537 5007 originem
567 4954 727 4994 suam
755 4942 1041 4994 censeatur
1068 4953 1282 5009 necesse
1319 4942 1416 4993 est.
1480 4940 1665 5009 Itaque
1721 4944 1801 4993 tot
1851 4953 1924 4994 ac

272 5011 453 5065 tantae
497 5011 734 5082 ecclesia
786 5026 903 5064 una
957 5013 1036 5065 est
1092 5010 1193 5065 illa
1221 5008 1290 5064 ab
1317 5009 1589 5081 apostolis
1614 5010 1819 5082 prima,
1851 5024 1923 5065 ea:

265 5095 380 5154 qua
408 5095 607 5140 omnes.
640 5080 733 5136 Sic
753 5096 936 5136 omnes
962 5082 1180 5154 prima,
1230 5088 1286 5154 et
1333 5079 1521 5137 omnes
1577 5079 1919 5154 apostolicae,

267 5151 410 5206 dum
438 5169 549 5207 una
570 5170 590 5207 :
619 5169 810 5207 omnes
854 5151 1097 5222 probant
1164 5152 1454 5208 unitatem.

332 5224 449 5295 (34)
482 5224 630 5280 Licet
675 5221 878 5294 septem
925 5223 1135 5280 eclesiis
1185 5224 1406 5295 scribat,
1441 5221 1916 5295 etc,._Stoschius,

272 5268 388 5366 alii"
401 5268 1407 5366 assuage,{5621311253
1443 5268 1684 5349 “£31171;
1692 5268 1916 5366 ἶιῖερἷῆἷ

265 5364 355 5438 νει
383 5363 546 5421 tertii
577 5363 836 5438 ineuntis
867 5363 1180 5438 vestigium
1211 5364 1354 5438 mihi
1398 5365 1458 5420 in
1507 5381 1573 5420 eo
1630 5363 1918 5438 reperisse

266 5436 486 5509 videor,
519 5437 678 5509 quod
726 5442 932 5494 auctor
961 5434 1293 5508 fragmenti,
1359 5451 1673 5509 numerum
1700 5434 1706 5435 “
1732 5434 1915 5509 eccle-

265 5507 486 5564 siarum
520 5506 592 5565 ad
617 5525 764 5577 quas
783 5506 1083 5578 apostolus
1110 5509 1325 5564 Paulus
1347 5507 1635 5579 Epistolas
1657 5506 1914 5578 scripsit.

265 5581 330 5634 ad
363 5579 760 5635 imitationem
794 5580 1182 5651 Epistolarum
1207 5579 1454 5635 Joannis
1480 5579 1548 5651 ad
1575 5583 1915 5651 septeimiec-

266 5650 482 5733 clesias
498 5652 675 5733 Asiae,
697 5649 912 5733 pariter
933 5652 1004 5733 ad
1029 5651 1422 5733 septenarium
1446 5649 1915 5733 reducatiFuisse

263 5723 417 5779 enim
467 5721 714 5782 ineunte
741 5722 949 5781 saeculo
981 5721 1170 5795 tertio,
1203 5722 1303 5794 qui
1335 5721 1392 5776 in
1448 5737 1516 5778 eo
1568 5721 1912 5794 mysterium

1281 1889 1442 1945 quae;
1473 1891 1507 1929 a
1545 1891 1653 1946 quo
1680 1873 1818 1943 loco,
1849 1875 1934 1931 vel
1968 1879 2012 1943 B

1952 4624 1999 4689 D

2042 1872 2279 1944 aliquod
2311 1871 2700 1944 quaesiverint,
2734 1872 2927 1928 videre
2980 1877 3070 1929 est
3117 1874 3272 1944 apud
3332 1872 3690 1944 Cyprianum

2042 1891 2279 1954 aliquoa
2311 1891 2700 1955 quaeivermt,
2734 1891 2927 1928 Videre
2980 1891 3070 1929 est
3117 1891 3272 1999 aIpua
3332 1891 3690 1955 Cyprianum

2042 1943 2176 1998 libr.
2212 1945 2464 1999 ITestzm.
2524 1943 2650 2014 adv.
2706 1944 2840 2000 Jud.
2875 1961 3001 2014 cap.
3035 1945 3106 1998 29
3176 1949 3304 2010 tem,
3349 1945 3553 1998 scribit
3582 1943 3691 2014 Cy-

2044 2016 2286 2087 prianus
2316 2015 2375 2069 in
2407 2011 2678 2068 Βασιλέων
2707 2018 2888 2086 primo
2910 2033 2922 2070 :
2947 2011 3186 2072 _Sterilis
3230 2023 3429 2086 septem
3476 2011 3694 2087 peperit

2040 2085 2091 2142 et
2129 2103 2250 2156 qua
2289 2087 2558 2156 plurimos
2598 2085 2829 2142 habebat
2886 2087 3050 2156 ﬁlios,
3099 2085 3387 2157 infirmata
3419 2085 3518 2142 est.
3547 2085 3693 2157 Filii

2039 2167 2234 2230 autem
2261 2162 2481 2228 septem,
2515 2162 2642 2230 sunt
2670 2159 2917 2230 ecclesiae
2944 2162 3164 2230 septem.
3214 2159 3374 2230 Unde
3422 2163 3481 2230 et
3541 2156 3688 2230 Pau-

2039 2228 2134 2284 lus
2165 2227 2386 2300 septcm
2420 2228 2682 2284 ecclesiis
2713 2228 2966 2300 scripsit,
3000 2227 3058 2284 et
3090 2229 3467 2300 Apocalypsis
3497 2227 3689 2283 cccle-

2041 2301 2160 2355 sias
2175 2306 2395 2371 septem
2421 2300 2708 2371 posuit,ut
2721 2303 3360 2371 serveturseptenarius
3379 2316 3683 2369 numerus,

2040 2376 2099 2426 ut
2155 2371 2271 2426 dies
2329 2382 2552 2443 septem,
2579 2372 2779 2442 quibus
2815 2377 2954 2427 Deus
2999 2373 3268 2427 mundum
3295 2373 3448 2443 fecit,
3482 2375 3542 2425 ut
3569 2371 3679 2425 Αη-

2037 2444 2146 2525 geli
2178 2463 2201 2525 ε
2231 2447 2446 2525 septem.
2472 2444 2566 2523 qui
2593 2446 2856 2525 assistunt
2885 2452 3028 2525 ante.
3051 2446 3248 2525 faciem
3298 2443 3596 2525 Deizynide
3627 2446 3685 2525 et

2027 2513 2226 2586 ‘ejusd.
2282 2514 2550 2586 Cypriani
2611 2516 2838 2570 Exhort.
2895 2513 3166 2586 Martyrii.
3230 2531 3361 2586 pag.
3414 2516 3540 2586 270,
3589 2513 3678 2586 ed,

2040 2582 2396 2658 Benedictis.
2433 2607 2461 2658 ς(
2492 2586 2689 2657 Neque
2717 2589 2864 2642 forte
2895 2582 3092 2658 inepta
3121 2582 3246 2642 erat
3285 2582 3580 2658 cogitatio,
3632 2582 3683 2658 si

2039 2656 2305 2711 dicamus
2337 2655 2618 2712 rationem
2649 2674 2753 2712 cur
2782 2657 2960 2712 dubia
2996 2655 3208 2713 contra
3258 2655 3575 2728 Epistolam
3611 2655 3682 2710 ad

2038 2728 2307 2783 Hebraeos
2333 2732 2513 2796 mota,
2546 2729 2698 2800 apud
2730 2729 3015 2800 quosdam
3045 2735 3303 2784 veterum
3339 2729 3567 2799 pondus
3600 2743 3688 2782 ac-

2039 2801 2319 2870 ceperint,
2344 2799 2696 2870 prietensum
2727 2799 2836 2855 hoc
2868 2803 3098 2855 numeri
3129 2800 3442 2870 septenarii
3476 2804 3685 2870 myste-

2040 2818 2319 2870 cepermr,
2344 2818 2696 2870 pretensum
2727 2818 2836 2855 noc
2868 2818 3098 2855 numeri
3129 2818 3191 2856 se
3239 2818 3442 2855 tenam
3476 2818 3685 2870 mysue-

2040 2871 2216 2942 rium,
2250 2887 2424 2942 quem
2457 2870 2609 2926 circa
2625 2870 2900 2926 ecclesias
2932 2872 3003 2926 ad
3027 2888 3174 2941 quas
3198 2818 3412 2925 Baulus
3435 2871 3687 2942 scripse-

2039 2941 2138 3008 rit,
2170 2941 2328 2997 omni
2362 2943 2532 2997 modo
2564 2942 2857 3012 integrum
2897 2958 3125 2997 servare
3155 2941 3445 3007 volebant,
3480 2941 3680 2995 fuisse.

2039 3012 2203 3068 Unde
2230 3029 2464 3084 quoque
2495 3013 2615 3083 atii,
2649 3013 2749 3084 qui
2781 3014 2852 3067 de
2881 3013 3138 3084 Epistola
3169 3014 3241 3068 ad
3274 3013 3542 3068 Hebraeos
3563 3028 3680 3066 non

2039 3085 2408 3148 dubitabant,
2443 3101 2514 3139 ne
2548 3085 2877 3139 viderentur
2918 3084 3265 3153 mysterium
3300 3085 3527 3138 numeri
3576 3099 3678 3137 se-

2038 3155 2284 3227 ptenarii
2319 3156 2634 3227 negligere,
2694 3155 2885 3211 dicere
2943 3154 3274 3210 maluerunt
3306 3155 3548 3210 Paulum
3596 3155 3682 3227 bis

2361 3225 2503 3282 uani
2543 3243 2676 3298 cum
2709 3227 3146 3297 quatuordecim
3199 3227 3476 3298 epistolas
3533 3225 3677 3279 scri-

2083 3297 2249 3354 sissc.
2287 3321 2307 3348 ο
2339 3297 2476 3354 Hinc
2517 3297 2812 3354 Stochius.
2843 3297 2939 3352 Ait
2985 3297 3340 3354 Freindaller
3390 3320 3417 3347 «
3466 3298 3680 3352 idcirco

2064 3371 2209 3434 'orte,
2245 3387 2314 3424 ne
2345 3385 2616 3424 excessus
2644 3385 2950 3425 numerum
2979 3368 3155 3424 istum
3191 3369 3524 3437 olfendcret,
3561 3368 3685 3437 Epi-

2041 3441 2254 3496 stolam
2304 3441 2376 3494 ad
2440 3440 2704 3494 Hebreos
2749 3440 3055 3512 omissam
3135 3439 3368 3512 reperiri
3454 3440 3686 3512 Poterat

2039 3511 2271 3582 isthanc
2295 3528 2485 3582 porro,
2529 3511 2758 3566 etiamsi
2817 3527 2945 3566 eam
3003 3509 3537 3574 Paulo—tribueret,
3572 3509 3680 3582 hoc

2037 3581 2164 3638 loco
2196 3581 2776 3654 incummemoratam
2799 3582 2936 3654 jure
2956 3583 3248 3638 dimittere
3271 3600 3285 3651 ;
3316 3600 3382 3638 eo
3402 3582 3554 3654 quod
3579 3581 3682 3636 Hc-

2035 3654 2198 3719 brzei,
2232 3653 2351 3709 sive
2380 3653 2947 3725 Judaeo-Christiani,
2996 3654 3067 3708 ad
3128 3671 3275 3725 quos
3334 3653 3516 3709 missa
3571 3658 3680 3722 est,

2039 3725 2200 3780 misti
2234 3725 2469 3796 quidem
2505 3724 3310 3796 singuliscommunitatibus
3343 3730 3683 3796 essent,non

2037 3801 2232 3868 tamen
2251 3794 2555 3868 propriam
2587 3794 3032 3868 constituerent.
3070 3819 3097 3845 ι›
3127 3797 3225 3868 Sic
3245 3797 3524 3852 disseruit
3559 3794 3679 3856 ille.

2035 3867 2212 3939 idque
2245 3867 2722 3939 probaliter.ASed
2758 3868 2833 3939 de
2873 3867 2982 3939 hac
3014 3867 3270 3939 Epistola
3323 3869 3455 3939 plus
3511 3868 3677 3939 infra.

2038 3937 2208 3994 Porro
2230 3937 2374 3994 bene
2402 3937 2632 3994 monuit
2648 3937 3298 4010 Freindallerepistolas
3319 3937 3658 4010 Apocalypti

2034 4026 2132 4065 cas
2163 4010 2374 4065 saeculo
2407 4011 2664 4065 secundo
2689 4010 2813 4080 jam
2849 4009 3080 4065 habitas
3112 4010 3295 4080 fuisse
3339 4009 3678 4080 catholicas,

2032 4081 2092 4136 id
2122 4087 2212 4136 est
2240 4081 2384 4136 tales
2440 4098 2566 4162 quae
2616 4075 2709 4136 ad'
2755 4081 3086 4162 universam
3135 4075 3320 4205 (ὄλῃν)
3368 4079 3681 4162 Ecclesium

2035 4151 2262 4205 directae
2322 4154 2560 4205 fuerint.
2627 4152 2971 4205 Septtformis
3033 4152 3137 4205 Ecc
3166 4169 3287 4205 esm
3353 4154 3567 4205 dieitur
3607 4152 3677 4205 ab

2035 4151 2262 4207 directae
2322 4151 2560 4208 fuerint.
2627 4152 2971 4223 Septiformis
3033 4151 3308 4207 Ecclesia
3353 4152 3567 4208 dicitur
3607 4152 3677 4206 ab

2033 4223 2239 4294 Optato
2295 4223 2352 4278 in
2412 4223 2513 4278 lib.
2572 4241 2608 4278 ll
2655 4224 2718 4278 de
2774 4224 3076 4278 Schismate
3132 4224 3398 4278 Donatist.
3457 4239 3584 4294 cap.
3616 4223 3669 4276 3.

2028 4293 2160 4366 pag.
2191 4295 2376 4362 93,ed.
2410 4294 2623 4366 Dupin.
2658 4293 2732 4350 Ut
2761 4311 2891 4366 vero
2921 4294 3079 4349 locos
3108 4295 3373 4366 omittam
3419 4293 3672 4366 aliorum

2031 4365 2286 4421 veterum
2323 4365 2802 4436 scripturum,qui
2834 4381 2966 4420 cum
2996 4365 3317 4433 Augustino
3348 4365 3406 4418 in
3437 4365 3567 4419 libr.
3589 4379 3669 4420 v11

2029 4437 2106 4492 De
2132 4439 2353 4492 civitate
2385 4437 2499 4506 Dei,
2532 4453 2658 4507 cap.
2691 4437 2743 4489 4.
2774 4467 2840 4476 -
2906 4441 3198 4501 statuunt,
3231 4452 3454 4490 numero
3499 4444 3675 4506 septe-

2027 4510 2197 4564 nario
2231 4508 2512 4563 universaa
2544 4509 2794 4563 Ecclesia:
2822 4507 3194 4578 signiﬁcatam
3238 4523 3349 4562 esse
3384 4509 3673 4578 perfectio-

2028 4596 2174 4646 nem,
2207 4579 2314 4635 hoc
2343 4582 2575 4634 tantum
2611 4577 3075 4649 notabo._Jesum
3129 4577 3448 4648 Christum,
3483 4577 3581 4649 qui
3613 4579 3672 4633 in

2031 4651 2295 4706 omnium
2321 4649 2520 4722 procul
2548 4649 2724 4722 dubio
2757 4647 3134 4722 ecclesiarum
3168 4649 3360 4722 medio
3395 4647 3674 4722 perpetuo

2031 4720 2419 4792 versatur,’in
2469 4721 2661 4776 medio
2706 4725 2939 4792 septem,
2984 4720 3590 4788 candelabrdru’m,‘h.
3624 4738 3674 4775 e.

2031 4790 2431 4862 ecclesiarum,
2465 4793 2658 4864 visum
2681 4790 2809 4848 esse
2840 4809 2874 4847 a
2917 4791 3142 4848 Joanne
3199 4793 3258 4847 in
3316 4794 3676 4864 Apocalypsi,

2031 4880 2157 4932 cap.
2195 4881 2229 4932 ι,
2263 4879 2474 4918 comm.
2514 4864 2596 4920 13.
2629 4863 2760 4918 Jam
2809 4880 2940 4919 vero
2991 4864 3283 4919 afferenda
3333 4864 3476 4919 mihi
3539 4870 3676 4916 sunt

2031 4880 2098 4918 ca
2148 4881 2229 4932 .l,
2263 4880 2474 4918 comm.
2514 4880 2596 4920 is.
2629 4880 2760 4918 Jam
2809 4880 2940 4919 vero
2991 4880 3283 4919 anerenoa
3333 4880 3476 4919 ωιηι
3539 4880 3672 4916 sum

2029 4880 2198 4990 valde
2229 4935 2428 4991 aftinia
2457 4934 2596 4991 huic
2627 4935 2811 4991 nostri
2844 4935 3153 5006 fragmenti
3214 4934 3338 4990 loco
3393 4933 3672 5006 Victorini

2027 5007 2222 5074 verba,
2283 5024 2407 5078 qua:
2464 5024 2531 5064 ex
2589 5004 2991 5064 Commentario
3056 5009 3112 5063 in
3169 5006 3568 5078 Apocalypsim,
3604 5004 3671 5078 ei

2030 5074 2645 5151 ascripto'desumpsi.
2700 5081 2759 5135 In
2818 5083 2925 5134 toto
2980 5079 3108 5133 orbe
3160 5074 3674 5151 septemvecclcsias

2028 5146 2213 5205 omnes
2241 5165 2377 5219 esse,
2410 5159 2461 5206 et
2489 5146 2692 5221 septem
2716 5153 3062 5216 nominatas,
3110 5146 3279 5221 unam
3327 5162 3437 5202 esse
3487 5146 3675 5202 catho-

2027 5222 2194 5277 licam
2240 5223 2448 5276 Paulus
2477 5219 2677 5277 docuit.
2718 5224 2784 5276 Et
2809 5222 3057 5286 primum
3073 5219 3311 5289 quidem,
3339 5226 3399 5273 ut
3435 5228 3677 5274 servaret

2027 5301 2081 5348 et
2117 5294 2234 5364 ipse
2271 5294 2466 5375 typum
2519 5297 2723 5375 septem
2751 5291 3133 5375 ecclesiarum,
3192 5306 3299 5375 non
3345 5291 3678 5375 exessitnu-

2025 5360 2263 5434 merum.
2297 5360 2420 5418 'Scd
2470 5360 2688 5434 scripsit
2749 5361 2820 5416 ad
2875 5363 3160 5434 Romanos,
3218 5360 3288 5434 ad
3347 5361 3678 5429 Corinthios,

2027 5435 2098 5490 ad
2148 5433 2392 5499 Galatas,
2445 5434 2520 5489 ad
2574 5431 2852 5504 Ephesios,
2909 5431 2979 5486 ad
3048 5431 3563 5500 Thcssalonicmses,
3611 5435 3681 5490 ad

2026 5507 2436 5576 Philippenses,
2487 5504 2557 5558 ad
2617 5505 2970 5576 Colosscnses.
3036 5504 3223 5576 Postea
3299 5505 3677 5575 singularibus

2030 5573 2278 5650 personis
2301 5577 2542 5650 scripsit,
2575 5593 2644 5631 nc
2675 5574 2948 5650 excederet
2981 5573 3201 5650 modum
3259 5573 3456 5645 septem
3514 5580 3680 5635 eccle-

2042 5651 2279 5704 siarum.
2309 5649 2370 5702 Et
2395 5646 2450 5702 id
2492 5647 2642 5703 brevi
2697 5647 3021 5701 contrahcns
3051 5646 3492 5717 medicationem
3521 5663 3687 5706 suam

2028 5720 2100 5778 ad
2134 5721 2508 5779 Thimotheum
2541 5722 2619 5777 sic
2646 5719 2728 5775 ait
2757 5733 2770 5772 :
2802 5717 2874 5774 Ut
2932 5715 3107 5787 scias,
3166 5715 3413 5786 qualiter
3467 5717 3695 5778 debeas
