4050 6172
231 339 314 406 901

231 475 334 535 nihil
361 471 486 529 198
515 472 570 527 in
613 473 797 528 totum
839 471 1180 544 recipimus,
1214 474 1312 544 qui
1357 474 1529 529 etiam
1564 491 1779 530 novum
1812 477 1867 542 Α

227 565 512 622 Psalmorum
557 560 765 616 librum
818 561 1098 617 Marcioni
1145 563 1624 635 conscripserunt
1671 563 1782 635 (53)

1066 341 1149 403 M.
1199 340 1580 406 MINUCIUS
1626 340 1881 404 FELIX.

3426 345 3546 408 202

1899 492 2018 530 una
2047 492 2181 530 cum
2215 475 2469 532 Basilide
2501 476 2656 532 194
2674 475 2991 533 Assianum
3012 477 3381 551 Catafrygum
3415 495 3548 536 con-

1895 563 2228 619 stitutorem
2258 564 2322 619 3°.

1915 373 1992 388 —-
2025 341 2610 407 PROLEGOMENA
2624 390 2638 404 .

1548 696 1752 758 Variae
1795 696 2119 758 lectiones.

267 809 441 863 “Fort.
469 804 807 862 Asianorum
841 803 1274 878 Catapbrygum
1307 803 1710 873 constitutore,
1738 803 1827 860 vel
1863 804 2300 860 constitutores.
2334 803 2532 861 Routh.

1200 944 1382 1004 Mart.
1416 941 1676 1021 Josephi
1722 941 1930 1003 Routh
1963 943 2467 1004 commentarius.

221 1069 304 1133 cap:
330 1051 404 1117 l7,
435 1065 551 1122 pag.
581 1049 708 1117 898,
739 1050 831 1105 ed.
863 1048 1096 1118 Potteri,
1147 1065 1321 1120 quem
1353 1048 1526 1104 modo
1560 1063 1779 1103 memo-

221 1141 346 1261 Pa(“553)
370 1192 464 1259 Qui
487 1194 656 1248 etiam
683 1209 886 1248 novum
904 1192 1250 1246 Psalmorum
1280 1191 1490 1246 librum
1511 1192 1784 1246 Marciani

216 1266 593 1334 conscripserunt.
618 1265 834 1346 Eodem
857 1280 1030 1350 sensvu
1057 1262 1505 1388 Epiphanius'in
1537 1261 1662 1318 loco
1685 1279 1784 1352 su;

216 1354 285 1388 nra
305 1333 412 1388 (col.
442 1335 560 1388 184)
621 1335 936 1388 descripto.
971 1331 1116 1388 αλλα
1207 1333 1232 1386 ὲ
1290 1352 1636 1388 συνταγματα
1693 1330 1765 1388 ἀφ

215 1330 560 1408 pra(col.184)
621 1335 936 1408 descripto,
971 1330 1121 1388 ἄλλᾶ
1166 1330 1232 1388 δὲ
1290 1333 1636 1407 συντάγματα
1693 1330 1785 1409 ἀφ’

1893 1045 2082 1100 ἑαυτοῦ
2137 1045 2377 1118 συνέταξε
2423 1048 2726 1177 (ΜΘ.ΐοἰοῐᾶ
2782 1052 2899 1110 τοῖς
2955 1046 3046 1102 ἀπ’
3102 1048 3265 1104 αὐτοῦ
3325 1050 3540 1106 πλανω-

1898 1117 2103 1177 μένοις.
2140 1119 2224 1174 Ita
2254 1124 2310 1174 et
2339 1119 2640 1175 Cornelius
2725 1137 2884 1177 epos.
2909 1121 2967 1175 in
2993 1123 3293 1177 Lysandro.
3328 1140 3454 1177 can.
3485 1125 3539 1177 3:

1898 1117 2103 1196 Eévom.
2140 1119 2310 1196 Ita‘et
2335 1117 2640 1196 cornelius
2670 1117 2884 1196 Nepos,
2905 1121 2967 1196 in
2993 1123 3294 1196 Lysandro,
3328 1140 3454 1196 cap.
3485 1125 3539 1180 3:

1895 1195 2056 1262 Hanc
2085 1190 2429 1261 (orationem)
2475 1193 2528 1246 ei
2565 1190 2849 1262 scripsisse
2870 1190 3051 1248 Cleon'
3095 1190 3544 1252 Halicarnasseus

1894 1261 2116 1348 dicitur.
2158 1263 2349 1348 {Supra
2375 1261 2900 1348 posperatauptor
2948 1266 3021 1347 de
3062 1265 3233 1348 _P_auli
3276 1267 3544 1348 epistolis

1893 1332 2443 1406 pseudepigrapbis,
2474 1335 2619 1405 ﬁctae
2650 1336 2729 1392 ad
2760 1336 3020 1392 haeresim
3049 1332 3380 1394 Marcionis.

2055 1508 3547 1554 ='—__—__-¥_-—_._________—-—-__==

1417 1700 1683 1746 INBUNTE
1725 1699 1967 1746 θεοσιο
2011 1700 2250 1746 TERTIO.

488 1895 1311 2063 MARCUS
1425 1893 2402 2062 MINUCIUS
2516 1899 3168 2094 FELIX,
3255 2069 3272 2084 ..

1021 2171 1700 2262 CAUSIDICUS
1762 2173 1906 2257 ET
1976 2171 2672 2263 APOLOGETA

1195 2487 2490 2623 PBOLOGOMENA.

327 2726 432 2790 DE
464 2726 556 2791 Μ.
601 2721 987 2791 MINUCII
1015 2719 1367 2788 FELICIS
1400 2716 1980 2785 APOLOGET/E
2025 2717 2261 2798 VITA,
2305 2717 2728 2789 HISTORIA
2778 2723 2904 2788 ET
2936 2724 3248 2792 SCRIPI
3260 2728 3369 2808 IS,

873 2886 1246 2950 AUCTORE
1288 2888 1358 2947 D.
1407 2885 1939 2948 GOTHOFREDO
1982 2884 2331 2962 LUMPER,
2378 2888 2451 2949 Ο.
2482 2889 2562 2969 β.
2607 2887 2655 2948 Β
2698 2886 2810 2967 (ι).

249 3181 282 3236 1.
304 3213 361 3223 -
387 3182 659 3249 Minutio,
691 3197 794 3237 seu
826 3179 1097 3248 Minucio,
1120 3177 1297 3235 Marci
1327 3192 1613 3251 agnomen
1635 3179 1787 3245 erat;
1820 3180 1867 3246 Β
1896 3175 2132 3233 urbium
2155 3181 2331 3250 caput
2353 3181 2499 3248 erat,
2529 3177 2628 3234 diu
2656 3179 2965 3246 mansisse,
2990 3180 3089 3237 ubi
3112 3181 3390 3238 causidici
3414 3199 3546 3241 mu-

203 3268 406 3328 Octavius
425 3273 724 3344 siquidem
757 3270 850 3325 his
881 3285 1015 3325 eum
1048 3268 1239 3324 verbis
1269 3266 1636 3338 compellavit
1666 3265 1743 3338 (2)
1768 3289 1784 3333 ;

207 3379 226 3407 ε
246 3359 340 3416 Non
364 3362 490 3417 boni
524 3360 646 3417 viri
699 3364 810 3430 est,
843 3359 1019 3414 Marce
1048 3357 1244 3424 frater,
1277 3355 1578 3412 hominem
1609 3359 1720 3411 etc.
1755 3376 1784 3405 ››

203 3446 398 3506 Cecilius
415 3465 576 3506 vero:
613 3471 638 3498 ε
664 3447 1013 3519 Quanquam
1034 3445 1164 3514 tibi,
1199 3444 1373 3500 Marce
1393 3443 1590 3514 frater,
1609 3447 1718 3499 etc.
1755 3463 1784 3493 »

204 3537 331 3598 Quam
356 3545 482 3594 nota
512 3543 720 3594 autem
751 3536 1022 3592 omnibus
1055 3539 1112 3590 et
1141 3533 1354 3590 nobilis
1376 3533 1487 3588 fuit
1516 3531 1785 3588 consula-

201 3624 254 3679 ris
271 3628 389 3698 apud
413 3628 716 3684 Romanos
731 3625 1120 3681 Minuciorum
1143 3622 1384 3690 familia,
1403 3626 1524 3678 tam
1548 3619 1788 3677 cuilibet

204 3713 420 3772 hactenus
439 3717 900 3788 incompertum,
925 3719 1124 3768 utrum
1147 3729 1215 3768 ex
1235 3729 1297 3768 ea
1326 3717 1428 3768 aut
1448 3727 1565 3783 qua
1584 3727 1651 3766 ex
1672 3709 1788 3766 alia

203 3817 320 3860 suam
347 3806 638 3862 Minucius
660 3809 860 3860 noster
879 3802 1164 3874 originem
1187 3801 1437 3857 duxerit.
1461 3799 1658 3872 Neque
1681 3797 1787 3855 ulli

203 3893 336 3965 magis
353 3897 718 3968 Exploratum
752 3911 878 3966 quae
911 3891 1089 3947 fuerit
1114 3891 1274 3946 illius
1305 3890 1496 3958 patria
1523 3889 1622 3962 (3).
1656 3886 1788 3952 Qui-

202 3979 293 4037 dam
319 3988 494 4041 tamen
529 4000 676 4041 eum
697 4001 766 4038 ex
809 3981 899 4038 sui
930 3980 1064 4035 libri
1090 3979 1238 4052 stylo
1267 3980 1326 4033 in
1358 3977 1550 4034 Africa
1579 3982 1784 4033 natum

201 4071 512 4142 suspicantur
544 4074 651 4146 (4).
681 4072 794 4128 Sed
826 4071 885 4126 bi
935 4085 1041 4125 nec
1087 4069 1358 4141 probant,
1409 4084 1513 4123 nec
1543 4066 1788 4139 probare

200 4167 388 4226 possunt
431 4161 663 4234 aliquid
713 4158 966 4216 durioris
1003 4156 1260 4213 Africani
1310 4155 1600 4211 sermonis
1629 4155 1689 4210 in
1720 4171 1787 4211 eo

200 4244 508 4318 deprehendi.
543 4248 832 4320 Nunquid
865 4245 1073 4319 potiori
1087 4246 1222 4317 jure
1244 4243 1356 4300 dici
1390 4248 1588 4315 posset
1615 4242 1787 4298 Ceci-

200 4333 299 4392 linm
323 4345 371 4395 et
413 4340 745 4405 Octavium,
777 4340 939 4392 tanto
989 4335 1207 4391 amoris
1253 4333 1488 4389 vinculo
1537 4332 1788 4390 Minucio

201 4425 457 4502 devinctos,
489 4446 696 4486 revera
728 4426 1028 4482 Africanos
1058 4423 1240 4480 fuisse
1273 4423 1519 4496 ejusque
1545 4421 1787 4495 popula-

203 4515 298 4608 res?
318 4519 378 4572 At
407 4535 545 4574 sane
566 4517 655 4586 id,
687 4515 840 4572 sicut
859 4513 1040 4618 paulp.
1063 4516 1194 4585 post
1221 4510 1577 4618 videbimus,
1601 4526 1790 4614 neque
1819 4549 1864 4618 Ο

201 4599 256 4655 ita
275 4610 468 4662 certum
493 4613 614 4671 est,
647 4620 836 4676 neque
865 4619 934 4659 ex
980 4602 1215 4657 illorum
1247 4599 1556 4672 quantavis
1586 4597 1788 4655 amici-

203 4688 268 4744 tiae
291 4695 702 4752 necessitudine
732 4697 923 4765 potest
954 4690 1072 4746 ullo
1103 4691 1326 4760 absque
1355 4687 1532 4744 dubio
1574 4687 1788 4760 colligi.

248 4781 302 4836 ll.
327 4813 386 4826 —
413 4785 723 4841 Neminem
753 4797 887 4836 vero
917 4781 1036 4836 fore
1085 4784 1363 4852 putamus
1416 4776 1516 4849 qui
1557 4775 1794 4850 negabit

202 4865 470 4929 Minucium
485 4874 710 4941 Romaz,
733 4887 858 4944 quae
880 4872 1018 4926 tunc
1033 4873 1370 4925 caeterarum
1387 4866 1569 4924 totius
1587 4865 1794 4922 mundi

252 5012 320 5082 (l)
345 5014 466 5070 Hist.
529 5013 778 5081 Theolog.
830 5011 1025 5067 critica
1069 5009 1135 5066 de
1183 5011 1334 5078 Vita,
1379 5009 1597 5081 scriptis
1637 5017 1794 5082 atque

199 5079 403 5155 doctrina
427 5085 514 5141 SS.
548 5087 684 5151 PP.,
717 5079 853 5155 pars
884 5099 984 5138 vu.

249 5154 312 5233 (ξ)
339 5155 532 5233 lliinut.
552 5157 626 5233 _in
657 5152 904 5233 Diaquo,
929 5169 1063 5233 cap.
1094 5153 1137 5233 2_
1160 5155 1217 5208 et
1244 5152 1299 5207 5.
1380 5227 1408 5233 _

249 5221 310 5296 (3)
339 5227 600 5296 Galland,
626 5233 766 5284 tom.
799 5221 872 5296 Π,
893 5221 896 5222 ⁷
917 5226 978 5280 in
1008 5221 1342 5294 Prolegom.,
1372 5221 1616 5293 Ceillier,
1651 5223 1788 5279 Hist.

204 5292 522 5372 diastema,
554 5292 695 5354 tom.
732 5298 803 5368 ΙΙ,
1002 5297 1124 5352 122.
1175 5292 1280 5372 ’μ’
1331 5292 1376 5372 νη
1432 5333 1474 5372 __-

254 5369 310 5437 μ)
334 5363 663 5466 meam.
697 5363 1792 5466 διέξιδίρερηιοφο.εειιίιμεδρειςιςῖρλ

203 5432 435 5518 llasnage,
452 5443 537 5518 ad
567 5432 694 5498 ann.
721 5443 847 5518 21_(_)_,
889 5442 924 5495 3
978 5432 1266 5518 Dupinius
1288 5432 1441 5518 post.
1473 5432 1794 5518 Riga'ltium

206 5509 261 5563 ita
283 5509 645 5570 ratiocinatur
669 5531 682 5569 :
719 5537 745 5563 ‹‹
773 5509 1164 5584 Hieronymus
1189 5509 1560 5584 in__Catalogo,
1591 5509 1651 5562 in
1680 5524 1795 5584 quo

206 5583 488 5661 temporum
532 5590 720 5640 servat
749 5579 1497 5661 ordineni,_’l‘_ertu_llianu'r_n
1546 5579 1701 5661 inter
1741 5583 1799 5634 et

207 5648 505 5725 Cyprianum
532 5672 663 5713 eum
680 5659 970 5712 numerat.
997 5648 1031 5706 »⁷
1045 5653 1367 5710 Minucium
1387 5668 1422 5708 a
1439 5650 1797 5708 Tertulliano

435 5785 698 5847 PATBOL.
742 5782 852 5845 III.

1894 3281 2030 3323 nere
2079 3265 2462 3338 fungebatur,
2522 3269 3019 3339 quemadmodum
3082 3271 3417 3329 Lactantius
3470 3273 3548 3343 (5)

1894 3359 2070 3426 atque
2121 3356 2270 3412 I95
2328 3355 2717 3429 Hieronymus
2748 3357 2826 3430 (6)
2858 3357 2966 3414 hoc
2995 3357 3186 3430 palam
3237 3365 3550 3432 aperteque

1895 3449 2249 3499 asseverant.
2272 3445 2525 3517 Ipsemet
2543 3462 2677 3502 vero
2700 3445 2995 3503 Minucius
3015 3447 3182 3504 initio
3204 3449 3294 3505 sui
3313 3449 3445 3504 libri
3468 3451 3546 3524 (7)

1895 3531 2100 3589 scribit
2131 3532 2432 3588 Octavium
2465 3535 2535 3590 ad
2571 3551 2632 3590 se
2664 3534 2906 3591 Romam
2939 3535 3186 3605 venisse,
3221 3541 3397 3610 atque
3428 3556 3549 3596 una

1895 3637 2029 3677 cum
2061 3638 2126 3678 eo
2159 3626 2215 3678 et
2263 3621 2444 3679 altero
2477 3623 2690 3679 comite
2733 3624 2906 3696 paulo
2955 3630 3088 3698 post
3139 3626 3361 3683 Ostiam
3394 3628 3546 3700 peti-

1893 3710 2080 3767 visse:
2123 3730 2145 3760 α
2178 3711 2323 3767 Cum
2356 3713 2426 3768 ad
2460 3712 2837 3782 vindemiam,
2872 3714 3084 3787 inquit,
3117 3715 3272 3772 feriae
3293 3717 3545 3788 judicia-

1895 3800 2043 3857 riam
2075 3816 2278 3856 curam
2329 3800 2748 3869 relaxaverant,
2779 3825 2808 3853 »
2863 3802 2919 3858 id
2952 3808 3061 3871 est,
3093 3821 3229 3861 cum
3261 3823 3296 3861 a
3328 3805 3546 3863 forensi

1893 3887 2112 3956 labore,
2155 3905 2272 3961 quo
2295 3905 2399 3961 per
2427 3895 2616 3946 totum
2649 3907 2870 3946 annum
2901 3893 3316 3964 occupabatur,
3344 3894 3544 3949 vinde-

1897 3977 2150 4033 miarum
2183 3981 2444 4048 tempore
2475 3983 2723 4034 vacaret.
2757 3979 2958 4035 Nonne
2980 3980 3155 4037 etiam
3187 3983 3456 4038 Octavius
3475 3983 3548 4040 de

1895 4083 1957 4122 se
1985 4065 2138 4138 ipso,
2170 4070 2226 4121 et
2255 4065 2327 4122 de
2368 4065 2647 4136 Minucio,
2679 4066 2765 4122 vel
2814 4069 3009 4139 potius
3044 4069 3285 4126 Minucii
3316 4074 3547 4128 tantum

1896 4153 2132 4211 nomine
2157 4154 2338 4211 dixit:
2396 4178 2417 4205 ε
2453 4155 2579 4211 Non
2621 4159 2819 4213 tamen
2861 4157 3176 4230 sacrilegos
3229 4159 3459 4231 aliquos
3489 4164 3550 4216 et

1894 4241 2170 4313 incestos,
2204 4241 2527 4314 parricidas
2559 4243 2738 4300 etiam
2771 4244 3165 4302 defendendos
3199 4250 3257 4302 et
3294 4248 3549 4305 tuendos

1897 4331 2404 4404 suscipiebamus:
2455 4332 2564 4389 hos
2610 4349 2766 4400 vero,
2800 4355 2824 4386 ι
2888 4333 3112 4391 scilicet
3158 4333 3547 4406 Christianos,

1897 4444 1927 4472 «
1957 4437 2064 4477 nec
2095 4419 2416 4477 audiendos
2439 4421 2500 4476 in
2519 4425 2709 4478 totum
2733 4423 3091 4494 putabamus
3117 4423 3196 4496 (8)
3217 4426 3245 4479 ‘I
3263 4445 3292 4474 »
3314 4425 3396 4480 Ex
3425 4425 3552 4498 qui-

1900 4510 2010 4565 bus
2040 4509 2226 4580 liquet
2256 4507 2447 4580 illum,
2472 4525 2609 4565 cum
2630 4508 2901 4566 ethnicus
2924 4510 3115 4567 adhuc
3147 4516 3322 4585 esset,
3354 4514 3546 4572 causi-

1901 4597 2017 4654 dici
2048 4614 2266 4653 munus
2295 4597 2531 4654 obiisse.

1971 4689 2070 4743 III.
2103 4716 2172 4727 —-
2201 4689 2416 4741 Verum
2449 4688 2650 4742 nostra
2694 4689 2860 4744 aetate
2889 4687 2978 4743 vir
3001 4689 3270 4746 acerrimi
3302 4690 3546 4766 ingenii,

1905 4776 2304 4846 Heumannus,
2319 4775 2576 4832 dubitari
2590 4775 2660 4832 de
2678 4779 2830 4833 statu
2851 4777 3116 4849 Minucii,
3130 4797 3385 4854 eumque
3401 4797 3432 4838 e
3445 4798 3552 4838 nu-

1902 4878 2065 4919 mero
2094 4861 2526 4921 causidicorum
2560 4865 2680 4922 sive
2702 4865 3260 4938 jurisconsultorum
3292 4869 3551 4926 eximen-

1903 5024 2014 5063 non
2047 5023 2232 5078 pauca
2259 5007 2586 5079 sumpsisse
2616 5008 2820 5136 liﬂuet,
2846 5015 2902 5066 et
2931 5027 2966 5068 a
2993 5011 3279 5137 (Σίρι-ἰαιιο
3309 5012 3368 5066 in
3399 5010 3549 5067 libro

1903 5080 1972 5134 de
2033 5079 2283 5136 Vanitate
2322 5078 2599 5136 [dolorum
2705 5083 2884 5137 inucii
2938 5098 3038 5137 ver
3080 5099 3114 5137 a
3162 5098 3277 5137 non
3327 5099 3442 5137 uno
3490 5081 3549 5137 in

1904 5095 1972 5134 ac
2035 5095 2283 5136 vanitate
2322 5095 2599 5136 laetorum
2643 5095 2884 5138 Minucll
2938 5095 3114 5138 verba
3162 5098 3277 5137 non
3327 5099 3442 5137 uno
3490 5097 3550 5137 1n

1904 5151 2030 5206 loco
2058 5150 2346 5236 e§scripta
2376 5151 2578 5236 fuisse.
2615 5152 3152 5236 Indepraesumitur
3172 5168 3305 5208 eum
3337 5153 3552 5236 Africa-

1906 5222 2262 5304 num_iuisse
2288 5240 2302 5291 ;
2344 5226 2400 5278 et
2427 5224 2556 5295 ejus
2587 5222 2826 5296 scriptio
2857 5225 2927 5280 ad
2957 5224 3295 5280 Africanum
3329 5222 3548 5296 stylum

1905 5293 2347 5420 accgdltactant.
2379 5363 2478 5421 lib.
2514 5383 2549 5423 v
2577 5366 2842 5436 Institut.,
2875 5381 3001 5436 cap.
3035 5364 3082 5420 1.

1977 5365 2056 5507 (ὃ)
2085 5435 2419 5507 Hieronym.
2475 5437 2534 5491 in
2594 5435 2861 5507 Catalog.,
2921 5452 3049 5507 cap.

1999 5365 2033 5418 5
2087 5365 2347 5420 Lactant.
2379 5365 2478 5421 lib.
2514 5383 2549 5423 v
2577 5366 2842 5436 Institut.,
2875 5381 3001 5436 cap.
3035 5365 3082 5420 1.

1999 5365 2419 5511 6lliieronym.
2475 5437 2534 5491 in
2594 5435 2861 5507 Catalog.,
2921 5452 3049 5508 cap.
3107 5436 3198 5506 58,
3258 5441 3316 5494 et
3373 5435 3555 5511 Epist.

1906 5508 1976 5562 83
1999 5507 2073 5562 ad
2101 5507 2376 5576 Magnum.

2000 5579 2057 5652 7)
2089 5579 2304 5652 Minue.
2340 5577 2398 5631 in
2430 5577 2671 5652 Dialem,
2704 5594 2832 5652 cap.
2864 5578 2920 5634 2.

2000 5579 2035 5631 7
2089 5579 2304 5633 Minuc.
2340 5579 2398 5631 in
2430 5579 2551 5632 Dial

1978 5579 2057 5722 (8)
2087 5651 2268 5718 Idem,
2302 5664 2430 5721 cap.
2459 5648 2551 5703 28.
