4064 6154
318 313 437 376 203

1619 308 1704 370 Μ.
1751 305 2132 370 MINUCIUS
2179 305 2428 370 FELlX.

3608 297 3732 364 204

322 447 463 502 dum
498 460 626 500 esse
648 443 877 499 censuit
901 442 996 516 (9).
1019 441 1331 508 Nimirum,
1352 441 1547 512 inquit
1569 443 1966 510 Heumannus,
2000 443 2051 507 Α
2160 440 2249 496 IV.
2285 473 2350 482 -
2380 441 2540 505 Quod
2566 441 2615 498 si
2643 457 2763 496 rem
2796 441 2876 497 ita
2900 456 2960 497 se
2981 437 3194 495 habere
3223 435 3602 510 perspicuum
3630 436 3729 502 sit,

324 533 687 600 Lactantius,
718 533 818 605 qui
850 533 1077 605 primus
1109 531 1376 586 omnium
1408 530 1560 585 inter
1607 531 1970 601 antiquiores

324 639 390 678 eo
424 639 664 677 munere
697 622 961 676 functum
995 637 1123 676 esse
1151 620 1472 675 Minucium
1519 619 1821 690 perhibere
1850 618 1968 673 exi-

326 711 621 779 stimatur,
647 709 902 782 appellat
920 708 1088 763 illum
1114 708 1350 779 quidem
1383 730 1410 758 ‹‹
1433 707 1826 774 causidicum;
1854 728 1881 755 »
1904 722 1971 760 ea

326 804 523 855 tamen
544 798 789 870 eleganti
815 799 1068 862 notione,
1090 814 1207 869 qua
1224 796 1414 868 ipsum
1437 813 1550 851 non
1570 796 1967 861 «forensem,»

330 890 430 945 sed
467 909 494 938 ‹‹
525 888 852 943 christiana;
907 886 1207 958 religionis
1240 909 1262 938 ι
1317 885 1679 940 causidicum
1727 885 1970 940 innuat:

331 993 444 1048 quo
476 975 658 1031 semel
691 976 902 1047 posito,
955 973 1237 1029 Lactantii
1269 975 1444 1028 verba
1475 989 1778 1045 perperam
1811 987 1972 1027 acce-

331 1065 487 1137 pisse
510 1063 924 1135 Hieronymum
950 1062 1303 1117 arbitratur:
1338 1061 1475 1133 quin
1510 1066 1566 1116 et
1597 1077 1662 1116 eo
1694 1060 1973 1132 procedit,

331 1158 398 1209 ut
424 1153 534 1209 sibi
597 1152 1018 1224 propemodum
1072 1151 1421 1222 persuadeat
1461 1150 1616 1205 haud
1669 1149 1976 1220 scripsisse

331 1242 735 1298 Lactantium:
787 1263 815 1290 ‹‹
850 1240 1142 1295 Minucius
1179 1239 1334 1294 Felix
1375 1256 1487 1295 non
1521 1238 1794 1310 ignobilis
1826 1238 1978 1292 inter

330 1331 656 1387 causidicos
687 1329 816 1392 loci,
853 1351 881 1377 »
915 1331 1036 1396 sed,
1091 1349 1116 1379 ιι
1147 1346 1261 1384 non
1293 1327 1568 1401 ignobilis
1595 1327 1750 1382 inter
1781 1327 1975 1382 causi-

329 1421 492 1476 dicos
527 1418 791 1475 Ecclesice
823 1418 952 1472 fuit.
991 1439 1018 1466 »
1050 1417 1302 1485 Scilicet,
1329 1418 1429 1484 ait,
1465 1434 1534 1472 ex
1563 1415 1978 1487 compendiosa

330 1509 620 1580 scriptura
640 1509 774 1563 Ecce
803 1524 904 1578 pro
934 1507 1209 1572 Ecclesiw,
1244 1506 1413 1562 facile
1435 1507 1542 1562 loci
1574 1504 1730 1560 nasci
1767 1503 1973 1576 potuit.

327 1600 400 1653 At
429 1613 663 1668 operam
694 1596 895 1651 ludere
915 1595 1003 1650 vir
1025 1595 1262 1650 criticus
1286 1595 1662 1665 comperitur.
1695 1594 1862 1648 Mitto
1892 1591 1974 1646 lo-

331 1684 643 1740 cumillum
665 1684 1066 1739 Minucianum
1085 1683 1772 1754 modolaudatum,quem
1792 1697 1972 1735 unum

329 1774 494 1840 vidit,
529 1773 759 1845 alioque
789 1772 1032 1828 detorsit
1064 1772 1462 1828 Heumannus.
1514 1772 1672 1826 Licet
1719 1770 1874 1825 enim
1907 1785 1975 1823 ex

334 1863 462 1933 ejus
502 1861 789 1918 sententia
836 1863 1011 1916 verba
1061 1859 1217 1914 illius
1250 1860 1359 1914 loci
1393 1861 1588 1914 minus
1618 1864 1752 1930 apta
1781 1856 1978 1912 existi-

336 1956 534 2006 mentu
547 1969 591 2018 r,
617 1951 831 2021 quibus
854 1948 1144 2020 ejusmodi
1164 1948 1236 2002 lis
1255 1949 1566 2002 dirimatur
1589 1965 1602 2014 ;
1622 1945 1757 2002 alibi
1782 1950 1976 2000 tamen

337 2041 480 2095 adeo
509 2038 837 2094 luculenter
866 2054 1035 2093 suam
1067 2053 1302 2093 causam
1327 2042 1556 2107 perorat
1577 2039 1776 2090 noster
1801 2057 1821 2085 ι
1848 2051 1980 2089 cau-

339 2127 582 2197 sidicus,
606 2149 634 2178 »
669 2131 724 2182 et
746 2126 984 2196 quidem
1014 2146 1041 2174 «
1067 2142 1180 2180 non
1204 2124 1475 2196 ignobilis
1498 2124 1672 2188 loci,»
1725 2127 1789 2178 ut
1810 2138 1979 2178 nemo

338 2217 509 2289 plane
540 2215 716 2270 fuerit
748 2213 870 2285 qui,
903 2213 1052 2284 aequi
1091 2213 1310 2284 judicis
1341 2218 1534 2284 partes
1563 2211 1672 2267 sibi
1715 2228 1978 2281 sumens,

327 2307 497 2377 juxta
525 2304 712 2374 ipsius
743 2302 956 2374 placita
984 2302 1334 2358 sententiam
1376 2303 1524 2357 ferre
1555 2303 1853 2357 detrectet.
1886 2300 1980 2355 Sic

333 2394 516 2467 igitur
556 2392 651 2448 ille
681 2392 833 2463 (10):
891 2410 914 2439 ι
949 2391 1064 2446 Nos
1104 2407 1238 2446 cum
1287 2390 1601 2462 sacrilegos
1649 2389 1877 2461 aliquos
1926 2392 1982 2444 et

333 2485 610 2548 incestos,
651 2481 972 2553 parricidas
1003 2480 1177 2535 etiam
1211 2480 1604 2535 defendendos
1651 2483 1709 2534 et
1733 2477 1981 2534 tuendos

335 2572 805 2643 suscipiebamus
832 2586 846 2636 ;
880 2569 987 2624 hos
1014 2568 1424 2640 (Christianos)
1443 2585 1545 2624 nec
1569 2568 1891 2623 audiendos
1924 2567 1981 2621 in

333 2665 524 2716 totum
557 2659 930 2732 putabamus.
960 2681 982 2710 ι
1034 2657 1139 2713 Ubi
1173 2659 1496 2713 notandum
1529 2657 1588 2712 in
1620 2656 1826 2729 primis
1855 2672 1981 2711 ver-

337 2749 478 2804 bum
503 2746 1034 2818 «suscipiebamus,
1059 2770 1079 2799 ι
1101 2763 1170 2802 ex
1183 2748 1303 2803 foro
1321 2752 1646 2819 sumptum,
1668 2751 1733 2800 ut
1753 2746 1823 2801 ad
1847 2761 1981 2801 eum

335 2836 531 2894 locum
581 2853 650 2892 ex
695 2835 991 2891 Wowerio
1039 2835 1535 2892 animadversum.
1599 2857 1627 2887 «
1660 2835 1980 2905 Suscepti»

338 2927 495 2984 enim
529 2947 558 2978 «
580 2925 840 2982 clientes.
871 2945 901 2974 »
918 2925 1151 2981 Servius
1172 2924 1243 2980 ad
1267 2923 1410 2980 illud
1434 2923 1826 2997 Virgilianum
1849 2922 1981 2995 (11):

774 3059 838 3109 Et
865 3058 1013 3109 fraus
1044 3059 1243 3109 innexa
1270 3058 1448 3109 clienti
1470 3073 1482 3108 :

338 3216 368 3245 «
400 3191 558 3261 Vult,
593 3191 806 3265 inquit,
837 3192 1083 3265 intelligi
1117 3191 1589 3264 praevaricatores
1621 3193 1720 3265 qui
1755 3193 1981 3265 patroni
2014 3176 2056 3242 (ἶ

339 3286 479 3339 sunt
509 3281 830 3351 clientium,
872 3298 1019 3353 quos
1069 3298 1224 3336 nunc
1272 3287 1575 3354 susceptos
1620 3299 1918 3339 vocamus.
1955 3305 1984 3332 »

337 3371 587 3443 Reliqua
617 3387 788 3443 porro
832 3371 1151 3426 Minuciani
1195 3374 1519 3438 contextus,
1556 3389 1731 3448 quem
1763 3372 1985 3427 descri-

337 3461 590 3533 psimus,
609 3460 690 3516 ita
706 3460 992 3516 cohaerere
1015 3464 1339 3515 noscuntur
1353 3460 1644 3532 ejusmodi
1658 3460 1812 3517 vocis
1826 3459 1986 3517 illius

338 3548 683 3620 acceptioni,
700 3553 761 3602 ut
779 3548 1048 3619 quisquis
1063 3548 1349 3620 integram
1364 3550 1620 3605 auctoris
1633 3550 1984 3606 sententiam

338 3636 630 3708 inspiciat,
648 3637 899 3692 fateatur
916 3640 1180 3707 Oporteat
1202 3637 1395 3709 ipsum
1415 3637 1731 3709 aliquando
1754 3638 1984 3706 saltem,

337 3725 492 3780 196
541 3741 656 3795 quo
705 3728 964 3796 tempore
1013 3724 1232 3780 scilicet
1279 3725 1521 3781 ethnicae
1581 3727 1985 3798 superstitioni

337 3817 493 3869 esset
518 3813 709 3868 adhuc
740 3813 1029 3880 addictus,
1064 3813 1344 3868 causidici
1379 3831 1619 3870 munere
1647 3816 1826 3871 fuisse
1859 3832 1988 3888 per-

337 3903 626 3958 functum.
660 3902 860 3974 Neque
905 3919 1039 3957 vero
1065 3904 1198 3973 jure
1247 3903 1380 3974 quis
1429 3909 1655 3976 regeret
1685 3904 1986 3960 Octavium

338 3991 433 4047 hic
464 4009 498 4046 a
527 3991 780 4046 Minucio
812 3991 894 4046 ita
925 3991 1260 4063 loquentem
1293 3992 1516 4060 induci,
1551 3994 1812 4065 adeoque
1841 3993 1985 4048 illud

341 4097 525 4137 unum
559 4084 623 4135 ut
653 4080 905 4134 maxime
927 4079 1060 4134 inde
1091 4079 1281 4152 colligi
1313 4097 1506 4153 posse,
1531 4080 1832 4139 Octavium
1865 4081 1989 4150 qui-

342 4170 498 4241 dem,
531 4185 647 4223 non
697 4172 891 4224 autem
933 4167 1281 4240 Minucium,
1331 4186 1643 4226 causarum
1677 4174 1988 4243 patronum

343 4257 550 4329 egisse.
605 4255 744 4322 Quis
786 4256 966 4324 enim,
1001 4255 1191 4328 inquit
1216 4257 1303 4311 vir
1350 4258 1616 4315 eruditus
1647 4259 1780 4331 (12),
1813 4259 1991 4331 probe

343 4363 456 4402 non
490 4343 783 4415 intelligat
801 4344 1099 4400 Octavium
1123 4343 1208 4400 vel
1235 4346 1304 4400 de
1327 4362 1388 4401 se
1411 4347 1561 4418 ipso,
1587 4347 1774 4419 deque
1807 4347 1992 4402 Minu-

343 4435 430 4490 cio
449 4434 646 4504 simul,
670 4433 757 4488 vel
781 4433 975 4505 potius
990 4433 1225 4488 Minucii
1249 4439 1479 4490 tantum
1503 4437 1738 4491 nomine
1753 4437 1987 4505 dixisse,

349 4546 371 4573 α
408 4539 471 4578 se
520 4521 834 4593 aliquando
882 4521 1197 4595 sacrilegos
1251 4528 1307 4578 et
1335 4523 1608 4595 incestos,
1668 4525 1992 4597 parricidas

346 4612 546 4678 etiam,
579 4611 975 4666 defendendos
999 4615 1056 4666 et
1076 4613 1324 4668 tuendos
1347 4615 1698 4686 suscepisse,
1721 4614 1994 4670 Christia-

346 4717 454 4756 nos
486 4715 619 4754 vero
652 4714 755 4754 nec
786 4698 1109 4755 audiendos
1136 4700 1194 4754 in
1226 4704 1417 4757 totum
1448 4696 1686 4774 putasse
1708 4703 1735 4759 ‘2
1765 4726 1787 4754 ι

416 4845 493 4914 (9)
517 4843 849 4917 ΔΗ-θ-ιᾳιῑιωιῐι.
883 4843 1108 4917 Parerg.
1163 4843 1422 4917 Gazttt'ng.
1463 4861 1518 4914 x,
1565 4862 1698 4917 pag.
1730 4847 1992 4902 208-212.

445 4914 531 5040 10)
564 4914 781 4996 Minue.
820 4915 1060 4996 Dz'alog.,
1093 4930 1219 5040 cap.
1253 4915 1344 4969 28.

448 4988 502 5040 11
562 4985 1020 5040 V1rml.£nezd.
1053 5003 1129 5040 v1.
1199 4986 1286 5040 09.

445 4923 509 4970 10
565 4923 781 4996 Minue.
820 4923 1060 4996 uzatgg.,
1093 4930 1160 4969 ca
1208 4956 1219 4968 .
1253 4923 1286 4968 z

418 4923 531 5059 (11)
562 4985 763 5059 Yirgil.
798 4987 1020 5053 ιΕηετά,
1053 5003 1129 5051 v1,
1161 4932 1286 5041 ἔξω.

416 5057 527 5127 (12)
561 5057 634 5130 Le
665 5057 910 5130 Nourry,
943 5059 1228 5127 Apparat.,
1261 5061 1404 5111 tom.
1441 5057 1507 5125 II,
1543 5074 1675 5130 pag.
1709 5057 1793 5112 11.

417 5131 529 5201 (13)
565 5129 780 5201 Minue.
815 5129 1051 5198 Dz‘alog.,
1087 5145 1211 5198 cap.
1247 5130 1302 5182 2.

419 5200 530 5272 (14)
565 5200 832 5272 Balduin.
861 5201 1088 5272 Dissert.
1109 5201 1188 5272 Vde
1219 5201 1423 5255 Minue.
1458 5200 1592 5268 ἔδει,
1625 5201 1652 5267 §
1679 5201 1734 5254 5.

419 5270 533 5341 (15)
565 5271 890 5326 Heumann.
927 5270 1034 5341 loc.
1069 5271 1189 5340 cit.,
1223 5286 1355 5340 pag.
1388 5272 1512 5324 212.

420 5344 532 5414 (16)
562 5341 853 5414 Mamach.
906 5340 1055 5410 Orig.
1096 5350 1146 5395 et
1203 5343 1385 5412 Antig.
1440 5342 1667 5410 Christ,
1719 5344 1860 5398 tom.
1893 5342 1996 5413 III,

349 5413 483 5486 pas-
515 5413 622 5486 7399
653 5429 812 5486 seqq:

422 5483 533 5556 (‘17)
567 5483 912 5556 Tertullian.
945 5483 1289 5556 adﬁcapul”
1322 5500 1448 5556 cap.
1483 5484 1534 5539 4.

423 5553 536 5628 (18)
569 5553 874 5628 Eusebii.
907 5555 970 5609 E.
1004 5554 1105 5628 lib.
1140 5569 1214 5623 vx,
1248 5553 1476 5628 cap.'16
1504 5561 1561 5613 et
1591 5558 1682 5612 28.

424 5624 537 5715 (19)
568 5625 654 5683 Id.
690 5624 832 5684 ibid.
865 5642 992 5700 cap.
1025 5627 1115 5685 34.

2079 529 2179 584 illu
2192 547 2240 583 m
2268 547 2497 602 quoque
2511 546 2878 602 consequens
2893 528 3085 599 fuerit,
3101 526 3424 583 Minucium
3440 531 3706 581 nostrum
3721 571 3734 591 ,

2079 619 2252 674 etiam
2287 624 2418 686 post
2461 620 2793 675 Christianae
2825 618 3125 688 religionis
3176 617 3620 688 professionem,
3673 615 3734 669 in

2080 707 2282 761 eodem
2318 724 2557 762 munere
2578 707 2845 763 obeundo
2870 706 3215 778 perstitisse.
3240 703 3540 776 Siquidem
3563 704 3735 759 Octa-

2079 795 2238 850 vium
2273 797 2343 850 ad
2402 813 2464 851 se
2495 797 2734 852 Romam
2795 796 3023 851 venisse
3081 794 3287 850 scribit
3347 794 3487 866 (13),
3535 815 3564 843 «
3598 809 3734 848 cum

2081 883 2154 939 ad
2187 884 2542 939 vindemiam
2585 884 2738 938 ferite
2780 883 3157 954 judiciariam
3189 899 3390 938 curam
3439 881 3733 937 relaxave-

2083 977 2249 1037 rant;
2283 993 2310 1022 ››
2341 973 2397 1027 id
2429 978 2539 1039 est,
2572 989 2704 1028 cum
2739 989 2772 1028 a
2803 972 3017 1028 forensi
3065 971 3286 1040 labore,
3317 987 3430 1042 quo
3461 987 3565 1043 per
3596 969 3733 1025 reli-

2085 1078 2265 1132 quum
2307 1062 2444 1117 anni
2493 1067 2727 1133 tempus
2784 1061 3197 1126 distinebatur,
3253 1059 3732 1116 incumbentibus

2085 1149 2527 1205 autumnalibus
2549 1151 2708 1206 feriis
2728 1153 2976 1205 vacaret.
3008 1149 3207 1220 Neque
3235 1154 3325 1205 est
3352 1149 3592 1204 demum
3625 1164 3736 1203 cur

2085 1239 2219 1309 quis
2246 1239 2489 1294 miretur
2519 1255 2651 1293 cum
2684 1237 2969 1294 Balduino
2999 1237 3136 1309 (14),
3186 1259 3214 1288 ‹‹
3243 1237 3303 1292 in
3335 1243 3456 1293 tam
3488 1238 3734 1310 profano

2084 1332 2140 1383 et
2186 1327 2424 1383 inimico
2480 1327 2600 1383 foro
2632 1327 2948 1383 consistere
2999 1326 3365 1382 causidicum
3413 1326 3578 1398 pium
3630 1343 3735 1398 po-

2082 1416 2306 1484 tuisse;
2341 1439 2369 1466 »
2402 1433 2467 1472 ac
2499 1416 2742 1488 proinde
2771 1433 2886 1472 non
2938 1419 3027 1472 est
3049 1432 3153 1472 cur
3174 1415 3310 1472 inde
3343 1415 3538 1488 potius
3569 1415 3739 1472 colli-

2085 1509 2184 1576 gat
2213 1503 2594 1560 Heumannus
2617 1505 2731 1576 (15)
2753 1502 3076 1559 Minucium
3100 1502 3464 1559 causidicum
3488 1503 3738 1559 Romani

2088 1592 2194 1647 fori
2217 1592 2674 1664 haudquaquam
2699 1592 2900 1648 fuisse.
2922 1614 2951 1643 «
2969 1592 3038 1647 Hi
3060 1591 3216 1647 enim
3238 1591 3287 1647 si
3311 1591 3740 1659 considerent,»

2085 1681 2277 1736 verbis
2309 1687 2439 1736 utor
2468 1681 2777 1736 Mamachii
2807 1682 2910 1736 viri
2963 1681 3033 1736 cl.
3070 1681 3205 1752 (16),
3231 1703 3260 1731 «
3292 1696 3481 1752 neque
3511 1697 3748 1753 semper

2087 1771 2469 1841 imperatores
2491 1770 2720 1841 cavigse
2750 1786 2821 1826 ne
2844 1770 2945 1841 qui
2967 1773 3239 1826 nostrum
3265 1769 3516 1842 publicis
3539 1787 3746 1826 mune-

2089 1860 2254 1915 ribus
2310 1861 2711 1932 fungerentur,
2772 1876 2960 1932 neque
3001 1876 3227 1926 omnes,
3284 1857 3450 1914 facile
3495 1859 3741 1931 quidem

2088 1954 2240 2003 certe
2273 1949 2709 2004 conﬁtebuntur
2747 1949 2918 2004 tertio
2968 1949 3200 2013 saeculo,
3251 1965 3368 2018 quo
3417 1948 3744 2019 Septimius

2089 2038 2334 2093 Severus
2386 2038 2609 2107 aequior
2664 2037 2976 2108 aliquando
3030 2053 3204 2108 quam
3257 2037 3591 2093 decessores
3643 2037 3738 2092 sui

2087 2131 2528 2194 consueverant,
2563 2127 2776 2182 nostris
2798 2129 2929 2197 (17),
2958 2131 3014 2181 et
3033 2126 3358 2182 Alexander
3387 2127 3502 2198 (18)
3534 2131 3591 2182 et
3613 2127 3743 2180 Phi-

2090 2215 2233 2288 lippi
2256 2216 2526 2288 Augusti,
2552 2216 2649 2285 qui
2676 2215 2821 2270 nihil
2843 2216 3151 2270 adversum
3178 2231 3285 2270 nos
3307 2216 3742 2270 decernendum

2089 2303 2570 2359 existimaverunt
2601 2305 2732 2376 (19),
2769 2320 3013 2376 regnum
3046 2303 3238 2376 adepti
3267 2308 3423 2371 sunt,
3449 2304 3536 2359 fas
3560 2305 3747 2359 fuisse

2089 2392 2418 2448 Christiano
2451 2392 2571 2448 viro
2603 2393 2661 2446 in
2711 2393 2902 2446 forum
2957 2391 3172 2459 venire,
3233 2392 3746 2464 patrociniumque

2091 2498 2294 2538 eorum
2320 2481 2617 2553 suscipere
2641 2497 2786 2552 quos
2810 2486 2912 2536 aut
2932 2480 3149 2551 injuria
3172 2480 3410 2537 affectos
3435 2485 3537 2536 aut
3571 2481 3747 2537 bonis

2091 2570 2312 2641 injuste
2371 2570 2628 2642 privatos
2687 2571 2868 2624 fuisse
2927 2569 3330 2625 arbitraretur.
3367 2592 3395 2619 »
3447 2570 3747 2626 Arnobius

2091 2659 2385 2716 enimvero
2414 2662 2667 2714 testatur
2698 2659 2806 2730 (20)
2837 2681 2866 2709 »
2918 2657 3148 2730 magnis
3179 2658 3429 2730 ingeniis
3469 2659 3747 2731 praeditos

2092 2752 2352 2805 oratores
2392 2752 2449 2803 et
2499 2747 2797 2803 consultos
2837 2747 2993 2818 juris
3043 2747 3380 2819 magisteria
3427 2747 3751 2804 christiana

2092 2837 2422 2909 expetiisse,
2473 2836 2689 2909 spretis
2733 2837 2948 2908 quibus
2998 2835 3171 2908 paulo
3221 2841 3353 2892 ante
3400 2837 3678 2892 ﬁdebant.
3717 2859 3748 2887 »

2093 2927 2160 2983 Et
2179 2926 2314 3000 quis
2338 2942 2469 2982 vero
2501 2925 2729 2981 dubitet
2753 2925 3076 2980 Arnobium
3112 2925 3204 2980 his
3225 2925 3414 2980 verbis
3445 2927 3518 2981 ad
3551 2925 3750 2981 Minu-

2093 3016 2250 3072 cium
2277 3020 2567 3083 nostrum,
2597 3014 2716 3070 imo
2749 3031 2945 3082 suum,
2980 3013 3326 3086 respexisse,
3369 3030 3541 3086 quem
3592 3014 3752 3070 inter

2093 3103 2385 3176 ejusmodi
2415 3107 2675 3159 oratores
2707 3107 2763 3159 et
2782 3102 3242 3174 jurisconsultos
3287 3103 3507 3174 primas
3537 3103 3750 3160 tulisse

2096 3193 2273 3266 probe
2291 3192 2568 3248 noverat?
2599 3192 2768 3260 Quid,
2793 3193 2949 3264 quod
2977 3191 3392 3263 Tertullianus,
3415 3214 3442 3242 «
3478 3192 3748 3248 Hesterni

2095 3298 2326 3347 sumus,
2359 3282 2663 3353 inquiebat
2683 3282 2818 3352 (21),
2841 3285 2899 3336 et
2916 3285 3108 3337 vestra
3127 3281 3325 3337 omnia
3347 3281 3747 3352 implevimus,

2095 3371 2290 3438 urbes,
2325 3369 2573 3438 insulas,
2625 3369 2888 3435 castella,
2939 3369 3279 3442 municipia,
3329 3370 3750 3435 conciliabula,

2095 3465 2287 3515 castra
2340 3457 2490 3530 ipsa,
2556 3459 2768 3527 tribus,
2819 3459 3108 3525 decurias,
3163 3463 3456 3530 senatum,
3516 3460 3750 3516 forum:

2097 3547 2222 3604 sola
2251 3549 2414 3604 vobis
2467 3548 2815 3620 reliquimus
2844 3547 3085 3620 templa.
3119 3569 3147 3598 ι)
3209 3547 3408 3604 Deleat
3455 3548 3638 3620 igitur
3681 3565 3756 3604 ex

2096 3637 2221 3695 suis
2251 3639 2506 3706 Parergis
2537 3636 2918 3692 Heumannus
2943 3637 3404 3693 observationem
3439 3637 3598 3692 illam
3633 3655 3756 3709 qua

2097 3725 2420 3781 Minucium
2456 3725 2585 3781 albo
2613 3726 2763 3781 I97
2797 3725 3354 3797 jurisconsultorum
3386 3726 3754 3782 eradendum

2097 3815 2393 3871 statuebat
2418 3830 2430 3870 :
2459 3815 2758 3887 vigentque
2788 3814 3066 3870 Firmiani
3090 3818 3147 3869 et
3187 3814 3516 3887 Hieronymi
3547 3819 3753 3870 aucto-

2098 3905 2266 3973 ritas,
2318 3903 2706 3959 asserentium
2756 3903 3080 3958 Minucium
3139 3903 3384 3959 Felicem
3436 3920 3549 3960 non
3582 3904 3756 3976 igno-

2099 3991 2233 4048 bilis
2261 3992 2394 4058 loci,
2429 3992 2569 4064 quin
2594 3997 2652 4048 et
2699 3992 2991 4066 insignem
3023 3991 3171 4048 inter
3195 3992 3522 4048 causidicos
3554 3992 3757 4048 Romae

2101 4080 2397 4137 exstitisse
2427 4081 2559 4151 (22).

2169 4168 2236 4224 V.
2275 4201 2340 4211 —-
2373 4170 2665 4226 Minucius
2693 4170 2753 4225 in
2776 4171 3119 4243 paganismo
3143 4169 3213 4225 ab
3241 4169 3591 4226 incunabilis
3615 4171 3763 4226 edu-

2100 4263 2266 4314 catus
2299 4259 2506 4330 fuerat,
2557 4261 2656 4314 sed
2689 4259 2748 4314 in
2794 4259 3134 4332 provectiori
3167 4263 3336 4315 aetate
3364 4277 3397 4314 a
3443 4259 3760 4332 gentilium

2101 4347 2513 4419 superstitione
2532 4349 2764 4415 defecit,
2782 4353 2838 4403 et
2860 4347 3240 4403 christianum
3257 4348 3430 4404 ﬁdem
3449 4348 3762 4421 amplexus

2100 4441 2228 4504 est;
2274 4439 2774 4508 quemadmodum
2834 4438 2905 4492 de
2957 4438 3150 4508 seipso
3208 4440 3478 4505 testatur,
3533 4437 3634 4493 ubi
3685 4440 3764 4496 de

2023 4548 2069 4612 Β
2101 4525 2334 4582 Octavio
2363 4526 2484 4581 haec
2531 4525 2706 4581 habet
2734 4526 2881 4598 (23):
2920 4547 2948 4576 «
2982 4525 3148 4595 Cum,
3181 4526 3454 4582 discussa
3484 4525 3762 4599 caligine,

2104 4616 2174 4669 de
2205 4614 2584 4668 tenebrarum
2617 4615 2904 4686 profundo
2937 4614 2996 4668 in
3020 4612 3213 4670 lucem
3245 4615 3545 4687 sapientiae
3573 4620 3632 4672 et
3659 4632 3763 4672 ve-

2105 4701 2296 4758 ritatis
2325 4718 2704 4774 emergerem,
2728 4720 2842 4760 non
2869 4701 3092 4775 respuit
3113 4703 3410 4773 comitem,
3443 4706 3565 4771 sed,
3599 4705 3764 4776 quod

2177 4845 2289 4919 (20)
2333 4845 2547 4919 Arnob.
2604 4845 2727 4903 adv.
2791 4846 2966 4914 Gent.,
3016 4845 3118 4902 lib.
3173 4863 3236 4914 ιι,
3287 4863 3420 4919 pag.
3469 4849 3560 4915 21,
3617 4848 3766 4905 edit.

2107 4917 2289 4971 Paris.
2320 4918 2476 4972 1656.

2177 4987 2562 5113 (2126gertull.
2613 4989 2884 5061 Apoloyet.
2939 5005 3067 5061 cap.
3115 4989 3206 5061 37,
3253 4990 3343 5046 ed.
3397 4989 3607 5061 Migne,
3640 4994 3684 5046 t.
3720 4991 3769 5062 Ι,

2107 5071 2218 5112 001.
2255 5071 2376 5112 4152.

2178 5131 2290 5200 (22)
2323 5130 2586 5185 Videnda
2617 5132 2683 5203 Μ.
2746 5130 2973 5203 Minucii
3022 5132 3230 5203 Felicis,
3269 5147 3370 5203 pro
3399 5149 3458 5187 se
3516 5139 3569 5188 et
3619 5137 3774 5188 statu

2105 5216 2203 5256 suo
2234 5203 2475 5271 Bpistola
2503 5202 2853 5271 Apologetica
2883 5202 2952 5257 ad
3000 5205 3058 5257 F.
3094 5203 3154 5259 0.
3188 5202 3278 5272 λι,
3313 5204 3369 5257 id
3402 5209 3508 5272 est,
3567 5205 3781 5260 Fride-

2106 5273 2296 5327 ricum
2327 5272 2596 5328 Ottonem
2618 5343 2623 5344 ί
2647 5274 3076 5340 Menckenium,
3111 5291 3248 5344 qua,
3303 5276 3583 5330 adversus
3613 5275 3778 5331 Heu-

2109 5343 2826 5416 manniobservationem,
2879 5343 3248 5400 monstratur
3294 5346 3612 5402 Minucium
3667 5347 3780 5404 Fe-

2108 5413 2276 5491 licem
2311 5415 2464 5491 int‘er
2500 5413 2984 5491 jurisconsultos
3017 5432 3434 5491 ac_causarurn_
3485 5423 3779 5491 patronos

2099 5487 2234 5556 jure
2265 5488 2586 5560 meritoque
2617 5487 2808 5543 locum
2839 5488 3009 5543 tueri.
3060 5487 3193 5560 Haec
3230 5487 3779 5560 epistola‘transla-

2108 5561 2168 5612 ta
2193 5562 2284 5633 (est
2312 5557 2542 5633 i_n__nova
2569 5561 2701 5633 Acta
2731 5561 3027 5633 Eruditor.
3065 5559 3230 5633 1738,
3263 5557 3396 5633 pag.
3430 5562 3556 5618 210.

2179 5629 2292 5704 (23)
2325 5629 2540 5687 Minue.
2571 5629 2633 5686 in
2662 5631 2910 5706 Dialog.,
2943 5647 3072 5706 cap.
3108 5632 3161 5689 1.
