4064 6154
290 296 398 360 205

1679 302 1881 368 PROL
1890 302 2103 367 EGOM
2110 305 2261 366 ENA
2277 349 2292 365 .

3567 312 3686 374 206

288 438 369 489 est
396 432 734 505 gloriosius,
766 434 1096 507 praecurrit,
1125 457 1154 485 »
1186 434 1241 491 id
1275 439 1383 505 est,
1425 436 1696 494 Octavius
1741 453 1834 493 me
1865 437 1925 493 in
1957 441 2009 505 Α
2041 437 2180 492 dum
2208 441 2690 510 oppugnatorem,
2724 442 2847 494 tum
2878 438 3040 495 bona
3072 439 3503 498 nobilissimum
3540 459 3682 514 pra-

288 523 609 578 cbristiana
641 524 773 579 fidei
809 525 1167 596 professione
1190 526 1511 597 pracessit:
1539 528 1691 598 quod
1724 530 1781 582 et
1811 529 1928 581 Ca-

289 610 449 667 cilius
473 612 685 683 innuit,
721 613 865 667 dum
904 613 1129 686 Dialogi
1167 613 1335 669 initio
1391 615 1713 671 Minucium
1764 619 1931 687 rogat

290 722 315 748 α
349 705 433 764 ut,
465 717 599 755 cum
631 701 690 755 in
724 705 973 773 utroque
1003 701 1134 757 vita
1164 718 1373 774 genere
1403 708 1669 759 versatus
1724 704 1926 771 fueris,

2040 528 2153 580 stet
2184 529 2490 596 patronum
2531 527 2669 597 (28).
2705 549 2733 577 »

2112 614 2225 670 VII.
2260 645 2325 655 —
2355 614 2643 671 Caterum
2704 616 2775 672 de
2826 616 2957 673 aliis
3012 617 3246 675 Minucii
3297 619 3426 675 vita
3475 622 3677 693 gestis.

2038 702 2318 773 quamdiu
2346 703 2571 771 vixerit,
2614 704 2977 776 qualiterque
3024 710 3289 763 mortuus
3348 706 3448 779 sit,
3494 708 3679 766 altum

292 790 612 861 repudiaris
643 789 916 861 alterum,
942 790 1190 847 alterum
1219 792 1640 864 comprobaris,
1671 814 1699 842 ››
1718 808 1928 863 nempe
2036 792 2189 862 apud
2220 791 2489 863 antiquos
2530 797 2587 848 et
2614 792 2959 849 recentiores
2990 795 3302 866 scriptores
3332 794 3631 853 silentium
3659 813 3676 854 :

289 877 417 933 licet
436 876 743 949 gentilium
783 879 1262 951 superstitionem
1307 880 1727 951 repudiaveris,
1782 884 1927 936 atta-

288 983 416 1022 men
441 967 613 1022 ﬁdem
635 967 1016 1023 christianam
1041 969 1509 1040 comprobaveris
1530 969 1654 1036 ;«in
1678 986 1926 1041 prasen-

2035 894 2222 949 neque
2252 880 2323 934 de
2351 883 2517 935 atate
2546 897 2661 952 qua
2714 880 3005 938 Minucius
3056 882 3210 939 Felix
3230 884 3396 951 vixit,
3432 885 3677 957 scripto-

2032 983 2161 1023 rum
2189 968 2436 1023 habetur
2483 970 2813 1037 consensio,
2863 971 3145 1028 Henricus
3204 972 3539 1029 Dodwellus
3565 974 3676 1046 (29)

286 1055 493 1111 tiarum
528 1060 722 1112 tamen
752 1056 832 1112 ita
870 1056 978 1112 tibi
1010 1056 1422 1113 informandus
1444 1062 1534 1113 est
1566 1058 1829 1123 animus,
1859 1062 1925 1113 ut
2032 1057 2325 1128 persuasit
2354 1057 2467 1113 sibi
2515 1073 2650 1113 eum
2691 1058 2965 1114 extremis
3023 1059 3195 1115 Marci
3216 1061 3493 1116 Antonini
3523 1066 3678 1117 tem-

284 1145 486 1201 libram
532 1150 732 1201 teneas
773 1145 1097 1217 aquissimi
1139 1146 1379 1217 judicis,
1422 1160 1528 1201 nec
1583 1145 1642 1201 in
1677 1145 1919 1202 alteram

286 1238 498 1306 partem
533 1250 859 1305 propensus
880 1233 1209 1304 incumbas,
1228 1252 1298 1291 ne
1330 1239 1578 1291 nontam
1611 1250 1681 1290 ex
1701 1235 1922 1292 nostris

282 1322 773 1395 disputationibus
800 1328 936 1378 uota
965 1324 1273 1391 sententia,
1321 1340 1497 1395 quam
1553 1340 1622 1379 ex
1646 1324 1920 1381 sensibus

281 1410 502 1484 prolata
532 1411 799 1467 videatur
827 1412 961 1483 (24).
995 1433 1024 1463 ››
1059 1413 1243 1477 Quam
1274 1411 1368 1483 pie
1397 1416 1592 1468 autem
1624 1416 1681 1468 et
1720 1416 1920 1469 sancte

282 1505 406 1572 post
434 1501 870 1556 conversionem
901 1516 1071 1555 suam
1113 1499 1407 1556 Minucius
1435 1500 1659 1569 vixerit,
1695 1500 1786 1555 his
1800 1501 1918 1556 Eu-

283 1589 523 1653 cherius,
550 1588 960 1662 Lugdunensis
981 1589 1314 1661 episcopus,
1340 1590 1508 1645 docet
1537 1588 1729 1645 verbis
1761 1589 1872 1660 (25)
1899 1606 1913 1646 :

282 1702 311 1730 ει
335 1681 397 1735 Et
433 1680 668 1752 quando
684 1678 1063 1761 \clarissimos
1095 1679 1371 1735 facundia
1394 1679 1778 1747 Firmianum,
1803 1678 1914 1734 Mi-

2031 1144 2272 1214 poribus
2299 1144 2587 1216 ﬂoruisse,
2648 1150 2704 1201 et
2734 1146 2915 1202 David
2974 1147 3448 1220 Blondellus(30)
3505 1148 3675 1205 illum

2028 1232 2311 1303 aqualem
2344 1233 2475 1288 fecit
2509 1234 2803 1300 Frontoni,
2836 1236 2937 1307 qui
2967 1235 3043 1291 M.
3077 1236 3430 1293 Antoninum
3478 1237 3677 1293 docuit

2028 1320 2182 1377 circa
2202 1338 2423 1377 annum
2454 1322 2667 1379 Christi
2695 1324 2817 1379 160.
2850 1323 3110 1396 Plerique
3164 1341 3281 1380 non
3314 1325 3440 1381 sine
3496 1326 3673 1382 ratio-

2026 1425 2098 1466 ne
2119 1409 2357 1481 quidem
2410 1426 2543 1467 eum
2588 1416 2901 1469 numerant
2947 1413 3008 1468 in
3056 1413 3437 1486 scriptoribus
3476 1414 3671 1471 saculi

2025 1499 2181 1554 tertii
2238 1499 2688 1569 ecclesiasticis;
2731 1518 2847 1557 non
2903 1502 3044 1558 satis
3102 1507 3299 1559 tamen
3358 1508 3583 1560 certum
3613 1508 3672 1560 et

2024 1587 2400 1660 perspicuum
2431 1593 2523 1644 est
2551 1589 2764 1660 quibus
2796 1590 2896 1646 avi
2950 1591 3131 1662 hujus
3161 1590 3333 1647 annis
3380 1593 3667 1649 ﬂoruerit.

2023 1678 2191 1745 cuius
2223 1676 2597 1748 potissimum
2644 1678 3017 1750 imperatoris
3066 1679 3429 1751 temporibus
3467 1680 3666 1738 Roma

276 1769 531 1841 nucium,
564 1768 941 1841 Cyprianum,
993 1767 1297 1836 Hilarium,
1329 1767 1637 1839 Joannem,
1668 1767 1913 1823 Ambro-
1943 1808 1991 1874 Β
2021 1764 2732 1874 vixerit..Guil;nCaveus
2764 1767 2876 1838 (31)
2909 1767 3088 1824 dicit:
3122 1791 3143 1819 α
3177 1768 3259 1825 De
3291 1772 3458 1825 atate
3512 1770 3665 1840 ejus.

273 1858 421 1913 sium
458 1874 531 1913 ex
584 1857 683 1912 illo
749 1856 1045 1913 volumine
1111 1855 1554 1912 numerositatis
1611 1856 1913 1912 evolvam?
1945 1854 1991 1874 ”
2021 1871 2138 1927 qua
2165 1854 2324 1919 vixit,
2360 1854 2506 1911 nihil
2534 1855 2721 1914 habeo
2753 1857 2907 1929 quod
2933 1874 3034 1927 pro
3065 1860 3218 1913 certo
3244 1858 3538 1915 afﬁrmare
3560 1875 3667 1915 au-

270 1945 564 2017 Dixerant,
597 1946 807 2001 credo:
861 1945 1006 2008 Quid
1056 1944 1164 2000 hoc
1198 1945 1333 2000 est?
1373 1949 1628 2016 surgunt
1692 1943 1910 2000 indocti

269 2039 321 2090 et
340 2034 553 2090 calum
586 2034 859 2105 rapiunt;
892 2037 1089 2089 etnon
1118 2049 1253 2089 eum
1306 2032 1588 2089 doctrinis
1624 2049 1757 2089 ecce
1804 2032 1909 2088 tibi

267 2122 322 2177 in
345 2138 544 2179 errore
568 2121 901 2178 volutamur
929 2126 986 2177 et
1031 2121 1319 2194 sanguine
1345 2121 1357 2176 l
1418 2121 1698 2177 Dixerunt
1727 2122 1907 2183 istud.

266 2216 318 2265 et
338 2211 559 2266 idcirco
589 2215 788 2281 postea
818 2209 933 2265 vim
964 2210 1293 2266 intulerunt
1332 2210 1444 2282 ipsi
1476 2227 1675 2282 regno.
1709 2233 1738 2260 »

332 2301 422 2357 Vl.
454 2331 528 2341 —
558 2300 875 2371 Postquam
906 2299 1194 2355 Minucius
1224 2298 1452 2355 Christo
1482 2315 1694 2356 nomen
1726 2300 1906 2368 dedit,

259 2412 286 2439 α
319 2388 584 2445 nominis
614 2388 794 2459 hujus
826 2388 1218 2445 sacramentis
1250 2388 1583 2455 institutus,
1619 2409 1647 2437 η
1679 2393 1742 2443 ut
1772 2405 1906 2444 cum

258 2477 517 2534 Arnobio
550 2477 663 2549 (26)
695 2476 922 2548 loquar,
948 2478 1075 2548 jam
1106 2476 1369 2533 veritatis
1400 2477 1685 2533 vindicem
1718 2493 1906 2533 asser—

255 2572 567 2637 toremque
597 2582 660 2621 se
691 2566 940 2638 prabuit
985 2567 1127 2637 (27).
1187 2565 1491 2637 Dialogum
1545 2566 1740 2637 itaque
1778 2583 1907 2638 per-

252 2656 493 2728 scripsit
526 2656 674 2710 duas
700 2654 759 2709 in
791 2659 988 2726 partes
1009 2654 1376 2720 distinctum,
1440 2672 1691 2726 quarum
1724 2655 1907 2711 altera

250 2743 467 2801 Cacilii
501 2760 607 2816 pro
650 2743 935 2811 Ethnicis,
961 2743 1146 2799 altera
1174 2744 1391 2799 Octavii
1428 2761 1529 2816 pro
1561 2744 1908 2800 Christianis

248 2833 587 2889 orationem
617 2832 1070 2903 complectitur;
1095 2848 1343 2904 eumque
1400 2833 1700 2906 inscripsit
1731 2833 1906 2889 OCTA-

245 2939 405 2991 vms,
447 2925 515 2977 ut
543 2920 785 2977 tradunt
811 2921 1150 2977 Lactantius
1180 2925 1237 2976 et
1265 2920 1681 2993 Hieronymus:
1713 2922 1908 2978 imita-

243 3015 342 3068 tus
376 3011 668 3067 nimirum
696 3008 1019 3078 Platonem,
1071 3010 1406 3066 Ciceronem
1453 3009 1720 3082 aliosque
1752 3014 1906 3067 vete-

239 3116 354 3166 res,
390 3099 494 3171 qui
527 3098 893 3169 ejuscemodi
923 3097 1092 3153 libris
1124 3098 1183 3153 in
1214 3097 1426 3171 dialogi
1460 3099 1704 3154 formam
1743 3116 1902 3155 com-

2018 1943 2168 2012 sim;
2198 1944 2248 2000 si
2278 1950 2473 2000 tamen
2507 1944 2566 1999 in
2622 1960 2682 2000 re
2738 1946 2987 2002 obscura
3033 1945 3333 2016 dubiaque
3378 1945 3662 2003 hariolari

2017 2031 2207 2099 liceat,
2242 2032 2764 2104 conjiciamillum,
2796 2039 2991 2106 utpote
3046 2034 3406 2092 Tertulliano
3453 2051 3665 2108 suppa-

2018 2138 2166 2190 rem,
2197 2121 2483 2194 Cypriano
2514 2121 2908 2194 antiquiorem
2935 2123 3090 2179 circa
3126 2139 3348 2179 annum
3404 2126 3474 2179 22
3541 2124 3659 2181 cla-

2017 2208 2226 2266 ruisse.
2275 2211 2366 2267 Jo.
2434 2210 2558 2266 ΛΠ).
2618 2211 2915 2267 Fabricius
2972 2212 3087 2285 (32)
3159 2212 3447 2279 observat,
3505 2213 3663 2284 quod

2017 2314 2221 2354 omnes
2252 2299 2640 2367 consentiant,
2674 2300 2999 2356 Minucium
3031 2317 3065 2356 a
3093 2301 3458 2373 temporibus
3484 2304 3663 2358 Anto-

2019 2387 2165 2455 nini,
2207 2388 2510 2444 Commodi
2544 2405 2610 2444 ac
2640 2388 2836 2445 Severi
2867 2406 2982 2445 non
3027 2387 3199 2461 longe
3257 2389 3535 2446 abfuisse.
3558 2390 3661 2446 Ze-

2019 2475 2235 2548 phirini
2266 2477 2563 2533 Pontificis
2586 2477 2833 2533 Romani
2862 2482 3031 2533 atate
3091 2477 3417 2535 Minucium
3467 2479 3665 2536 Roma

2016 2563 2230 2620 vixisse
2256 2565 2491 2635 conjicit
2537 2565 2859 2622 Ceillierius
2908 2566 3021 2638 (33)
3052 2583 3119 2622 ex
3164 2567 3536 2640 Hieronymo,
3564 2569 3667 2640 qui

2016 2653 2074 2707 in
2109 2654 2368 2725 catalogo
2398 2652 2463 2709 de
2496 2654 2635 2708 Viris
2656 2654 2973 2710 illustribus
2994 2655 3311 2710 Minucium
3337 2655 3489 2711 inter
3518 2655 3667 2712 scri-

2017 2748 2212 2812 ptores
2235 2742 2333 2812 qui
2370 2742 2427 2796 id
2450 2743 2730 2813 temporis
2752 2742 3043 2809 exstitere,
3069 2744 3664 2814 recensuit.Ejusdem

2022 2831 2327 2886 sententia
2388 2832 2547 2887 fuere
2594 2830 2704 2885 viri
2750 2832 3077 2887 doctissimi
3128 2832 3414 2887 Baronius
3472 2832 3586 2903 (34)
3607 2837 3667 2889 et

2014 2917 2424 2975 ’I‘illemontius
2447 2919 2582 2991 (35).
2631 2920 2845 2975 Nostra
2886 2923 3053 2976 atate
3097 2919 3185 2976 vir
3231 2919 3304 2976 cl.
3333 2920 3425 2976 Jo.
3458 2920 3663 2977 Daniel

2016 3007 2089 3062 ad
2112 3007 2326 3063 Hoven.
2359 3005 2417 3061 in
2473 3006 2723 3080 epistola
2752 3008 2823 3064 ad
2865 3007 3230 3065 Gerhardum
3296 3008 3657 3077 Meermann,

2016 3095 2340 3151 Minucium
2372 3095 2755 3169 Athenagora
2805 3096 3089 3169 aqualem
3142 3097 3321 3153 luisse
3351 3096 3657 3170 eidemque

239 3190 452 3260 positis
488 3188 651 3245 illius
686 3204 898 3245 nomen
932 3189 1305 3261 prallxerunt
1335 3190 1435 3261 qui
1484 3190 1805 3262 pracipuas
1836 3190 1895 3244 in
1926 3176 1970 3243 C
2009 3185 2332 3257 principem
2350 3184 2501 3241 inter
2521 3184 2734 3242 latinos
2756 3186 3070 3259 scriptores
3085 3186 3437 3243 christianos
3460 3185 3654 3243 locum

238 3277 322 3332 eis
351 3277 479 3349 agit
510 3282 734 3350 partes.

306 3389 335 3415 α
367 3367 473 3421 Est
502 3371 706 3421 autem
741 3365 977 3423 Minucii
1007 3365 1299 3438 dialogus,
1326 3388 1354 3416 »
1385 3366 1580 3439 inquit
1608 3366 1900 3425 cl.Black-

236 3454 551 3520 walliusn
586 3458 775 3523 acute,
807 3455 1103 3527 eleganter
1158 3472 1223 3511 ac
1276 3456 1584 3529 perspicue
1613 3456 1895 3529 digestus.

239 3543 349 3598 Tot
381 3544 502 3599 fere
528 3545 589 3599 in
630 3560 695 3600 eo
717 3560 923 3615 graves
956 3545 1279 3600 sententias
1308 3551 1449 3616 quot
1479 3546 1749 3619 periodos
1796 3548 1898 3603 de-

238 3632 588 3701 prehendis,
619 3638 675 3687 et
704 3633 1003 3688 sententia
1052 3633 1311 3704 quidem,
1337 3639 1544 3705 sponte
1600 3652 1668 3692 ex
1724 3651 1897 3707 argu-

240 3726 439 3776 mento
468 3722 852 3793 proﬂuentes,
884 3722 1126 3778 solerter
1154 3723 1404 3777 orationi
1462 3730 1602 3779 sunt
1639 3724 1893 3781 intexta.

242 3809 596 3865 Rationibus
618 3815 676 3865 et
704 3814 991 3882 pugnatet
1011 3810 1209 3878 vincit,
1239 3816 1651 3885 quantumque
1684 3814 1900 3870 acumi-

240 3898 520 3965 nis,l98
536 3905 765 3954 tantum
781 3898 957 3954 habet
973 3904 1030 3954 et
1042 3898 1203 3955 salis.
1220 3900 1524 3971 Ingenium
1544 3906 1801 3958 anatura
1820 3903 1902 3973 ip-

246 3988 292 4040 si
325 3989 537 4043 datum
570 4004 689 4042 non
713 3988 784 4042 ad
801 3988 1163 4059 fingendum,
1179 3990 1279 4044 sed
1293 3989 1364 4043 ad
1388 3990 1686 4045 veritatem
1701 3991 1896 4046 dicen-

242 4075 408 4145 dam,
450 4093 633 4147 quam
669 4076 994 4131 adulterare
1031 4077 1238 4132 nescit.
1300 4077 1762 4134 Christianorum
1794 4081 1896 4135 d0-

240 4166 499 4219 ctrinam
531 4165 883 4219 criminibus
914 4164 1124 4220 liberat
1153 4180 1279 4236 qua
1298 4166 1507 4237 pagani
1565 4166 1649 4223 eis
1671 4168 1894 4237 objece-

238 4269 395 4319 ram;
416 4253 1002 4324 adversariorumque
1033 4252 1363 4310 calumnias
1393 4255 1453 4310 in
1478 4254 1738 4327 ipsorum
1762 4256 1895 4313 reli-

240 4343 485 4411 gionem
516 4347 639 4397 tam
673 4348 805 4414 apte
822 4347 1056 4413 tamque
1085 4342 1381 4398 evidenter
1396 4348 1707 4416 retorquet,
1740 4350 1805 4401 ut
1835 4363 1898 4403 se

236 4446 384 4485 cum
406 4429 576 4487 mala
609 4447 799 4487 causa
832 4431 1221 4487 fortissimum
1278 4432 1645 4505 maximeque
1692 4435 1898 4492 timen-

316 4626 434 4694 (24)
467 4625 649 4697 Idem,
676 4640 805 4697 cap.
836 4626 891 4681 5.

313 4696 647 4770 (25)(Ειιοὶλ.
684 4696 955 4770 Lugdun.
1003 4698 1157 4769 Epist
1195 4699 1270 4754 ad
1332 4699 1707 4768 Valerianum,
1752 4703 1897 4758 tom.

237 4766 288 4819 ν
324 4768 595 4841 βίὸιὶοιέι.
628 4766 942 4841 ΡΡ.,”ρεε.
964 4766 1092 4824 771.

318 4839 435 4909 (‘26)
470 4840 707 4906 Arnob.,
742 4839 852 4895 loc.
877 4839 975 4895 cit.

242 4910 543 5036 mg7)l%e
566 4910 819 5054 ξέυινῖἔ.
853 4913 1113 4984 Apparat.
1172 4910 1243 4967 ad
1288 4911 1549 4970 Bibliolh.
1583 4912 1726 4971 Max.
1766 4915 1901 4987 PP.,

394 5021 406 5033 .
516 5024 528 5047 ,
605 5000 636 5037 a
684 5026 697 5038 .
806 5025 819 5040 .

250 5024 462 5176 "(.28).
844 5054 909 5111 de
938 5056 1279 5112 Prastantia
1312 5054 1604 5113 Classicor.
1663 5058 1906 5128 Αιισιον..

248 5123 563 5197 εαρη-Ομξ
591 5126 645 5192 9,
680 5142 813 5197 pag.
850 5128 973 5181 195.
1240 5196 1249 5197 ί

248 5164 824 5353 ;;(;2'931:D”o£’v{$2i12
854 5164 1181 5255 ⁸ὖυῑίςειξνιαι.
1217 5196 1549 5271 Cyprianica
1595 5215 1680 5267 ιιι,
1735 5199 1766 5273 §
1819 5200 1907 5271 16,

326 5336 442 5413 (ξφ)
476 5336 786 5413 ῌΙοηᾱρίιιη
818 5339 882 5395 de
915 5338 1308 5409 Eucharistia.,
1341 5356 1473 5413 pag.
1510 5341 1631 5397 119.

254 5408 443 5534 ω(134)
482 5410 647 5478 Cave,
680 5412 817 5466 Hist.
853 5412 1101 5467 lz'lterar.
1124 5413 1313 5480 script.
1343 5408 1553 5483 3061a,
1604 5419 1745 5471 tom.
1784 5415 1824 5483 Ι,
1853 5432 1910 5488 p.

331 5552 441 5638 (32)
480 5551 866 5638 Fabric;nNot.
898 5554 978 5638 Ad
992 5552 1456 5638 _yicrquyruum,
1477 5551 1570 5638 Ide.
1611 5555 1749 5638 Viris
1779 5559 1911 5614 illu-

254 5624 491 5694 stribus,
525 5640 653 5698 cap.
684 5624 773 5695 58,
799 5641 930 5698 pag.
959 5625 1080 5680 153.
1108 5624 1352 5682 Biblioth
1380 5625 1672 5684 ecclesiast.

1926 4544 1974 4609 D

2006 3274 2302 3330 vindicare
2351 3272 2693 3331 allaboravit
2720 3275 2853 3348 (36).

2076 3362 2197 3418 VII.
2226 3366 2441 3417 Prater
2496 3362 2795 3434 dialogum
2847 3363 3021 3435 hunc,
3073 3362 3255 3419 alium
3311 3362 3546 3419 Minucii
3585 3361 3656 3417 li-

2007 3451 2178 3508 brum
2216 3450 2282 3506 de
2309 3453 2438 3507 Fato
2468 3451 2558 3507 vel
2589 3456 2778 3507 contra
2799 3452 3215 3509 Mathematicos
3246 3452 3657 3525 Hieronymus,

2006 3541 2073 3597 de
2132 3541 2272 3596 Viris
2332 3541 2645 3596 illustribus
2679 3541 2871 3613 capite
2921 3542 3012 3609 58,
3048 3540 3130 3597 ita
3186 3546 3419 3597 enarrat
3452 3558 3466 3597 :
3496 3561 3524 3591 »
3547 3540 3656 3597 Sed

2006 3636 2063 3687 et
2085 3630 2235 3686 alius
2264 3630 2373 3686 sub
2403 3631 2641 3686 nomine
2671 3630 2798 3701 ejus
2848 3631 3034 3687 fertur
3090 3631 3154 3686 de
3181 3632 3332 3700 Fato,
3356 3629 3445 3688 vel
3465 3639 3660 3687 contra

2005 3720 2436 3790 Mathemau'cos,
2463 3720 2721 3791 quicum
2764 3719 2837 3775 sit
2868 3724 2926 3777 et
2957 3719 3085 3792 ipse
3130 3719 3333 3775 diserti
3376 3718 3655 3788 hominis,

2006 3825 2123 3864 non
2155 3808 2299 3863 mihi
2325 3808 2551 3863 videtur
2579 3824 2711 3863 cum
2744 3808 3057 3879 superioris
3104 3808 3240 3863 libri
3268 3807 3416 3879 stylo
3449 3824 3657 3864 conve-

2006 3897 2151 3952 nire.
2184 3918 2212 3947 ι»
2250 3896 2418 3951 Liber
2447 3896 2561 3964 hic,
2598 3899 2766 3968 cujus
2796 3899 3182 3970 Hieronymus
3214 3898 3388 3952 etiam
3418 3895 3477 3951 in
3535 3895 3653 3968 epi-

2012 3984 2162 4042 stola
2184 3985 2256 4038 ad
2272 3985 2550 4057 Magnum
2566 3986 2923 4041 mentionem
2947 3986 3084 4041 facit
3096 3985 3408 4057 (37),hodie
3429 4000 3544 4039 non
3557 4001 3653 4039 ex-

2005 4078 2142 4131 stat.
2165 4074 2318 4129 199
2350 4071 2825 4146 EjusMinucium
2848 4072 3027 4131 fuisse
3056 4077 3493 4141 auctorem,non
3529 4088 3652 4128 cer-

2004 4167 2130 4217 tum
2160 4160 2625 4232 quidem,simile
2654 4166 2852 4218 tamen
2870 4179 3004 4218 vero
3027 4167 3133 4232 est,
3160 4162 3286 4233 ipse
3315 4160 3472 4217 enim
3500 4160 3653 4215 indi-

2012 4253 2105 4306 cat
2130 4265 2194 4306 se
2222 4250 2294 4306 de
2348 4250 2469 4307 fato
2499 4250 2884 4307 commentari
2915 4250 3290 4317 voluisse,his
3320 4248 3511 4305 verbis
3541 4247 3654 4320 (38)

2008 4359 2036 4388 α
2069 4342 2151 4394 Ac
2171 4338 2242 4394 de
2273 4338 2392 4395 fato
2439 4338 2609 4407 satis,
2640 4338 2728 4395 vel
2759 4340 2808 4395 si
2850 4356 3036 4412 pauca
3072 4356 3176 4411 pro
3208 4342 3488 4410 tempore,
3540 4337 3658 4394 dis-

2006 4426 2199 4500 putari
2257 4426 2422 4496 alias,
2455 4432 2514 4485 et
2569 4428 2807 4484 uberius
2859 4432 2917 4485 et
2944 4427 3199 4500 plenius.
3232 4448 3262 4477 »
3292 4426 3530 4497 Verum,
3562 4427 3662 4483 ob-

2079 4621 2193 4693 (33)
2224 4621 2392 4678 Remi
2421 4621 2672 4690 Ceillier,
2702 4622 2844 4680 Hist.
2877 4623 2969 4681 des
2997 4631 3224 4682 auleurs
3250 4623 3475 4693 Εεειάςη
3514 4625 3658 4681 tom.

2010 4692 2095 4765 ΙΙ.
2117 4692 2290 4765 chap.
2324 4692 2417 4762 23,
2459 4709 2589 4765 pag.
2624 4695 2751 4751 222.

2080 4764 2196 4908 (34)
2225 4764 2431 4847 Baron,
2466 4764 2559 4821 ad
2579 4783 2715 4822 ann.
2744 4766 2873 4838 211,
2904 4767 2934 4842 §
2962 4768 2996 4824 3
3025 4771 3082 4824 et
3118 4767 3172 4823 4.
3629 4836 3639 4848 ο

2082 4834 2176 4907 (35
2218 4836 2576 4908 Tillemont.,
2637 4839 2917 4908 Mdmoir.,
2958 4843 3102 4897 tom.
3128 4843 3228 4908 III,
3261 4839 3395 4897 Note
3422 4851 3521 4895 sur
3566 4836 3639 4890 Μιη

2082 4834 2196 4908 (35)
2218 4836 2576 4910 Tillemont.,
2637 4834 2931 4909 Memoria,"
2958 4843 3102 4897 tom.
3128 4843 3228 4909 III,
3261 4839 3395 4897 Note
3422 4851 3521 4895 sur
3566 4836 3662 4890 Μία

2012 4906 2187 4965 nuce
2224 4924 2316 4981 ag.
2339 4906 2466 4963 295.
2559 4906 2570 4910 ’
2903 4906 2911 4909 ⁷
3214 4906 3223 4909 '

2092 4926 2218 5059 (365)
2240 4982 2375 5059 0038
2403 4978 2660 5059 primum
2683 4980 2899 5059 locum
2925 4986 3168 5059 occupat
3194 4982 3331 5059 in)!
3362 4979 3432 5059 D_.
3490 4979 3659 5059 εαξη.

2009 5050 2274 5131 ρεήδίῡαδ
2295 5050 2418 5106 sive
2442 5053 2742 5123 spicilegiis
2770 5055 2958 5110 critico
2988 5050 3344 5125 antiquariis,
3373 5050 3658 5133 .Campis,

2019 5126 2179 5175 1766.
2215 5123 2412 5175 Exstat
2440 5124 2615 5175 etiam
2648 5123 2707 5175 in
2747 5124 3011 5175 Lindneri
3034 5124 3291 5175 secunda
3311 5120 3664 5175 Minuane~

2018 5123 2179 5184 1766.
2215 5123 2412 5178 Exstat
2440 5124 2615 5178 etiam
2648 5123 2707 5179 in
2747 5124 3011 5182 Lindneri
3034 5123 3291 5181 secunda
3311 5123 3547 5178 Minucii

2018 5192 2454 5277 ιίοὶεξεάίιίρρθν
2483 5192 2772 5277 1773--..
2873 5263 2886 5277 .
3239 5263 3251 5275 .
3449 5260 3462 5277 .
3532 5276 3537 5277 ,

2090 5266 2221 5350 (37)
2253 5289 2281 5316 α
2315 5260 2609 5350 Minucius
2660 5264 2836 5350 Fellx_
2872 5263 3130 5350 innlibro
3162 5263 3256 5350 cui
3296 5260 3666 5350 (titul-usﬁest

2023 5335 2298 5417 Octavius,
2330 5341 2387 5392 et
2416 5336 2475 5391 in
2499 5335 2904 5417 alterohconlra
2933 5336 3359 5417 Mathematicus,
3387 5335 3435 5389 si
3465 5338 3667 5417 tamen

2020 5407 2326 5481 inscriptio
2360 5423 2475 5462 non
2510 5406 2792 5462 mentitur
2821 5413 3142 5473 auctorem,
3213 5406 3312 5462 uid
3345 5403 3669 5478 gentilium

2024 5485 2448 5534 scripturarum
2483 5477 2707 5534 dimisit
2765 5478 3053 5534 intactum
3074 5480 3102 5534 ?
3136 5424 3527 5534 >ﬂlieronvm.
3559 5476 3669 5534 En.

2024 5476 2707 5555 scripturarumAdimisit
2765 5478 3053 5535 intactum
3074 5480 3102 5535 ?
3136 5500 3164 5529 »
3188 5476 3527 5551 Hieronym.
3559 5476 3670 5551 Ep.

2028 5559 2100 5615 ad
2134 5547 2229 5611 {na
2274 5566 2414 5605 num
2444 5547 2534 5603 83.

2099 5624 2213 5700 (38)
2234 5568 2483 5691 gamus”
2504 5619 2566 5677 in
2599 5621 2790 5681 Octav.
2814 5621 3064 5694 Dialog.,
3095 5636 3223 5697 cap.
3244 5618 3335 5680 36.
