4064 6154
338 305 454 366 207

1631 290 1713 351 M.
1764 284 2142 350 MINUCIUS
2188 281 2440 345 FELIX.

3627 264 3755 333 908

333 439 606 494 servante
636 430 964 504 cl.Dupinio
996 428 1333 501 (39),utrum
1364 425 1424 481 in
1451 424 1565 482 alio
1589 425 1736 480 libro
1760 423 1826 478 de
1853 422 1988 475 Fato
2017 419 2070 483 Α
2103 421 2226 471 tum
2253 419 2360 471 est.
2394 413 2538 469 Cum
2571 428 2702 504 vero
2728 410 2878 504 satis
2938 411 3203 504 apertum
3261 406 3340 464 sit
3367 404 3477 504 hoc
3514 406 3752 504 ingenii

334 525 590 596 amplius
613 520 976 586 disseruerit,
1011 521 1068 574 et
1098 533 1169 572 an
1201 517 1356 572 200
1385 518 1683 580 tractatus,
1718 510 1818 583 qui
1853 508 1986 563 Hie-

335 613 562 686 ronymi
595 610 958 683 temporibus
989 608 1241 672 extabat,
1271 606 1324 661 is
1347 609 1500 661 esset
1531 620 1703 676 quem
1763 598 1983 686 promi-

337 683 512 767 serat,
537 717 612 755 an
645 698 841 771 potius
873 696 1008 751 inde
1038 711 1243 750 ansam
1265 692 1613 763 arripuisset
1641 692 1842 744 auctor
1881 683 1985 740 ali-

333 789 466 862 quis
498 787 813 860 quemdam
836 784 1076 840 Minucii
1108 781 1344 839 nomine
1385 775 1775 852 supponendi,
1804 777 1984 829 incer-

405 913 517 984 (39)
540 910 753 983 Dupin.
779 908 1039 965 Biblioth.
1063 907 1155 963 des
1187 915 1431 962 auteurs.
1458 907 1600 959 tom.
1630 907 1670 970 I,
1697 916 1829 973 pag.
1859 897 1982 954 489.

2097 507 2548 561 monumentum
2572 500 2886 567 interiisse,
2910 500 3127 554 mirum
3151 512 3291 554 sane
3322 498 3479 568 quod
3511 497 3748 558 Sebast,

2097 593 2296 650 Nanus
2319 589 2726 647 Tillemontius
2755 588 2890 660 (50),
2927 589 2995 642 de
3027 587 3279 642 Minucio
3309 587 3555 656 ejusque
3607 585 3750 640 Dia-

2094 681 2228 754 logo
2259 680 2486 736 erudite
2508 680 2826 743 disserens,
2849 678 3024 732 addat
3047 676 3189 731 illud
3211 675 3326 748 legi
3346 675 3502 747 typis
3523 676 3738 730 exscri-

2095 777 2264 844 ptum
2297 769 2356 824 in
2389 768 2639 840 quadam
2671 766 2908 822 Arnobii
2943 765 3216 820 editione.

2167 893 2282 964 (40)
2313 893 2672 960 Tillemont.,
2714 891 2980 959 Mémoir.,
3009 894 3150 946 tom.
3184 888 3279 944 Ill.
3314 904 3449 961 pag.
3481 889 3576 944 73.

559 1215 564 1219 ’
749 1207 1844 1371 FRANCISCI
1948 1199 2966 1357 BALDUINI
3073 1197 3330 1350 JC.

1786 1457 2308 1522 DISSERTATIO

1075 1645 1237 1738 DE
1309 1635 1814 1735 MINUCII
1878 1629 2367 1727 FELICIS
2435 1624 3016 1723 OCTAVIO.

1832 1799 2243 1816 ﬂ

410 1947 482 2002 Ut
512 1947 669 2002 hunc
701 1946 819 2000 sive
849 1941 1135 2011 libellum,
1171 1941 1290 1996 Sive
1343 1936 1664 2009 dialogum.
1697 1933 1798 2004 (Ιυί
1830 1929 1981 1986 ωαι·
2019 1932 2062 1996 Β
2096 1958 2352 2014 persmpe
2394 1941 2563 2009 fallit,
2618 1941 2786 1996 fecit:
2837 1945 2894 1996 et
2935 1956 3069 1996 cum
3121 1941 3383 2013 legerent
3433 1940 3739 2010 Octavium,

338 2036 558 2106 tisjam
592 2033 820 2090 szeculis
861 2033 1005 2087 falso
1065 2029 1325 2085 creditus
1357 2031 1447 2082 est
1505 2026 1818 2093 dictusque
1865 2033 1992 2074 esse

339 2129 579 2181 octavus
600 2121 843 2177 Arnobii
879 2121 1160 2175 adversus
1190 2118 1424 2185 Gentes,
1479 2118 1537 2170 et
1577 2110 1983 2176 inscriberezn,

340 2218 400 2270 et
429 2229 555 2269 esse
590 2211 760 2283 plane
790 2207 1508 2281 liquidoqueafﬁrmarem
1539 2206 1613 2255 Μ.
1639 2197 1871 2254 Minucii
1888 2196 1993 2252 Fe-

338 2301 472 2357 licis
521 2300 821 2361 Octavium,
881 2297 1048 2352 facile
1102 2295 1246 2351 mihi
1307 2292 1731 2366 persuaderunt
1789 2287 1904 2340 duo
1937 2287 1995 2339 et

342 2389 504 2458 boni,
555 2394 613 2444 et
666 2386 908 2458 antiqui,
960 2389 1017 2441 et
1064 2399 1266 2457 graves
1349 2385 1529 2437 testes
1586 2379 1994 2445 auctoresque,

348 2477 688 2535 Lactantius
720 2481 894 2548 atque
942 2474 1354 2546 Hieronymus.
1391 2469 1490 2525 Ille
1537 2467 1694 2524 enim
1751 2477 1994 2520 suarum

343 2567 765 2623 Institutionum
792 2563 893 2618 lib.
919 2579 960 2628 ι,
1002 2578 1132 2634 cap.
1173 2562 1256 2626 11,
1286 2559 1429 2615 citat
1459 2578 1489 2607 «
1523 2553 1845 2612 Minucium
1887 2550 1996 2605 Fe-

345 2653 516 2709 licem
541 2653 599 2708 in
622 2669 710 2722 eo,
743 2655 805 2707 ut
826 2651 927 2717 ait,
957 2649 1126 2718 libro,
1151 2647 1253 2721 qui
1285 2647 1535 2702 Octa-vius
1578 2640 1938 2699 inscribitur.
1965 2659 1993 2688 ››

347 2742 414 2797 Et
434 2758 504 2797 ex
524 2757 590 2796 eo
612 2741 788 2796 verba
825 2739 1093 2811 quadarn
1125 2738 1417 2808 descripta
1454 2733 1658 2790 recitat
1693 2747 1820 2803 quas
1879 2744 1995 2783 non

352 2829 658 2903 patiuntur
678 2845 785 2885 nos
807 2831 909 2884 aut
937 2827 1118 2882 alium
1149 2826 1426 2897 aliquem,
1472 2827 1570 2879 aut
1615 2819 1857 2877 alterius
1903 2832 2000 2871 cu-

344 2921 647 2991 jusquam,
680 2917 1246 2989 Octavium‘ﬁngere.
1279 2915 1440 2970 Idem
1470 2912 1574 2968 lib.
1604 2927 1659 2978 v,
1690 2924 1817 2980 cap.
1841 2904 1990 2975 4,10-

353 3024 538 3079 quens
569 3009 640 3063 de
670 3006 1131 3062 Christianorum
1191 3020 1338 3076 quos
1384 3000 1590 3075 legerit
1646 2995 2014 3069 eloquentia,

351 3097 543 3167 primo
571 3096 695 3151 loco
724 3094 882 3150 hunc
905 3094 1222 3149 Minucium
1249 3092 1469 3148 laudat.
1497 3111 1525 3140 «
1550 3087 1859 3153 Minucius,
1917 3085 2000 3139 in-

352 3184 496 3255 quit,
555 3183 732 3249 Felix,
785 3199 900 3238 non
950 3181 1224 3254 ignobilis
1281 3182 1434 3236 inter
1513 3177 1838 3235 causidicos
1887 3171 1998 3228 loci

2103 2029 2302 2086 statim
2333 2029 2703 2085 somniarunt
2732 2035 2999 2084 octavum
3044 2029 3298 2101 aliquem
3331 2045 3460 2086 esse
3510 2029 3751 2085 librum.

2102 2119 2368 2174 Ridicule
2398 2119 2653 2189 profecto
2674 2122 2729 2172 et
2759 2119 2972 2190 inepte.
3007 2117 3226 2174 Saltem
3258 2119 3513 2174 Arnobio
3545 2135 3752 2191 perpe-

2101 2213 2202 2263 tua
2233 2207 2494 2263 oratione
2527 2207 2713 2261 utenti
2763 2207 3062 2278 dialogum
3093 2212 3310 2263 temere
3341 2209 3754 2264 ascribendum

2103 2313 2219 2353 non
2278 2312 2406 2352 esse
2463 2296 2810 2368 cogitasent.
2864 2300 3081 2351 Verum
3139 2296 3382 2352 inscitiae
3425 2301 3545 2352 tam
3605 2314 3759 2352 caeca

2105 2402 2280 2458 quam
2307 2385 2608 2440 confidens
2629 2390 2719 2440 est
2737 2386 2998 2440 audacia.
3025 2388 3176 2441 Sane
3197 2386 3586 2458 Hieronymus
3605 2386 3756 2440 scri-

2104 2475 2191 2530 bit
2238 2473 2628 2545 Nepotianum
2663 2489 2836 2528 suum
2868 2477 2990 2528 tam
3022 2473 3080 2528 in
3140 2474 3526 2546 scriptoribus
3576 2473 3763 2530 eccle-

2105 2562 2357 2619 siasticis
2388 2561 2699 2634 diligenter
2723 2567 3020 2618 versatum
3064 2563 3268 2631 fuisse,
3301 2568 3384 2630 ut,
3439 2563 3487 2620 si
3515 2562 3651 2633 quid
3686 2580 3758 2619 ex

2104 2652 2179 2707 iis
2199 2652 2581 2722 proferretur,
2617 2650 2815 2706 statim
2847 2656 3189 2723 agnosceret
3244 2657 3418 2724 atque
3456 2652 3755 2706 discerne-

2105 2744 2212 2809 ret,
2245 2739 2386 2811 quid
2418 2739 2929 2811 Tertulliani,quid
2963 2740 3406 2812 Cypriani,quid
3440 2741 3756 2803 Lactantii,

2107 2828 2246 2900 quid
2281 2828 2547 2895 Minucii,
2584 2827 2722 2900 quid
2753 2829 3056 2895 Victorini,
3099 2830 3237 2901 quid
3296 2829 3539 2886 Arnobii
3572 2835 3756 2885 esset.

2105 2918 2410 2985 Caeterum,
2433 2921 2593 2973 tanto
2620 2918 2810 2989 magis
2833 2918 3014 2973 miror
3045 2918 3351 2974 Erasmum
3402 2935 3468 2974 eo
3499 2921 3650 2987 loco,
3683 2919 3757 2973 il-

2107 3007 2231 3062 lum
2249 3007 2377 3062 dico
2390 3007 2700 3062 Erasmum
2725 3006 3024 3062 hominem
3048 3008 3362 3064 accerrimo
3377 3007 3598 3079 judicio
3621 3024 3768 3078 prae-

2108 3095 2622 3163 ditum,ettallium
2660 3095 3012 3168 scriptorum
3045 3097 3270 3153 uimine
3301 3097 3580 3152 obtusum
3615 3112 3764 3151 cen-

2110 3189 2642 3251 sorem,annotasse
2677 3184 2848 3253 hujus
2880 3184 3117 3240 Minucii
3151 3185 3296 3240 nihil
3321 3201 3476 3240 nunc
3508 3189 3763 3240 exstare.

350 3273 480 3329 fuit.
513 3273 703 3344 Hujus
730 3270 898 3336 liber,
940 3271 1030 3326 cui
1082 3271 1332 3327 Octavius
1359 3267 1570 3323 titulus
1597 3268 1707 3330 est,
1741 3263 1999 3361 declarat
2030 3290 2072 3356 ρ
2179 3273 2358 3343 Cujus
2375 3272 2750 3344 potissimum
2781 3273 3150 3346 imperatoris
3169 3274 3530 3346 temporibus
3555 3274 3758 3328 Roma

354 3365 530 3434 quam
562 3362 810 3417 idoneus
839 3361 1100 3416 veritatis
1131 3363 1389 3415 assertor
1444 3372 1572 3412 esse
1617 3351 1918 3426 potuisset,
1947 3351 1999 3405 si

353 3467 416 3508 se
453 3455 640 3507 totum
681 3451 752 3504 ad
784 3450 842 3505 id
877 3449 1139 3505 studium
1180 3447 1544 3504 contulisset.
1581 3466 1610 3494 ››
1636 3442 1828 3499 Testis
1851 3439 2000 3496 alter

353 3544 442 3596 est
467 3539 875 3607 Hieronymus,
909 3539 1009 3609 qui
1042 3538 1217 3604 hunc,
1253 3537 1424 3593 sicuti
1453 3535 1580 3606 ipse
1629 3534 1858 3597 fatetur,
1894 3535 1997 3584 La-

356 3627 640 3682 ctantium
673 3630 933 3690 secutus,
966 3627 1024 3681 in
1055 3627 1307 3696 catalogo
1337 3625 1676 3695 Scriptorum
1730 3618 1996 3676 ecclesia-

357 3718 618 3772 sticarum
647 3715 726 3770 ait
753 3732 766 3771 :
801 3739 829 3766 «
854 3715 1145 3771 Minucius
1175 3715 1351 3786 Felix,
1372 3715 1570 3770 Romae
1591 3709 1840 3781 insignis
1863 3724 1996 3762 cau-

359 3805 600 3876 sidicus,
629 3805 1183 3877 scripsitDialogum
1205 3802 1516 3859 Christiani
1535 3796 1848 3872 et§Ethnici
1879 3796 1997 3851 dis-

357 3893 714 3967 putantium,
775 3894 873 3966 qui
933 3893 1184 3950 Octavius
1232 3890 1593 3948 inscribitur.
1638 3910 1667 3938 »
1724 3887 1880 3942 Idem
1938 3884 1997 3938 in

357 3983 604 4056 epistola
631 3987 704 4038 ad
758 3984 1038 4053 Magnum,
1088 3984 1376 4036 oratorem
1436 3979 1834 4041 Romanum,«
1891 3974 1999 4028 Mi-

355 4073 588 4141 nucius,
620 4071 833 4144 inquit,
867 4070 1044 4135 Felix,
1099 4069 1433 4125 causidicus
1493 4065 1739 4123 Romani
1780 4063 1907 4127 fori,
1940 4062 1998 4117 in

352 4160 524 4227 libro,
556 4160 649 4216 cui
683 4160 888 4215 titulus
917 4159 1165 4216 Octavius
1195 4164 1302 4226 est,
1337 4157 1477 4230 quid
1511 4155 1816 4229 gentilium
1849 4152 1999 4208 scri-

351 4256 660 4322 pturarum
689 4247 914 4304 dimisit
931 4248 1216 4304 intactum
1240 4247 1268 4301 ?
1296 4269 1325 4298 »
1343 4248 1475 4303 Jam
1507 4249 1703 4301 autem
1726 4260 1840 4298 non
1870 4257 2000 4298 esse

352 4339 511 4394 hunc
541 4338 756 4393 librum
790 4338 1031 4393 Arnobii
1063 4337 1206 4393 satis
1235 4340 1412 4409 patet,
1446 4351 1581 4391 cum
1615 4331 1851 4388 Minucii
1871 4347 2000 4386 esse

355 4432 616 4499 apparet.
651 4428 716 4482 Et
744 4443 899 4496 vero,
932 4427 1087 4498 quod
1123 4428 1508 4498 Hieronymus
1541 4425 1596 4479 in
1643 4424 1844 4479 eadem
1875 4420 1996 4492 epi-

353 4515 504 4572 stola
534 4515 788 4585 subjicit,
822 4515 1078 4570 indicare
1109 4515 1324 4587 alioqui
1359 4518 1584 4586 poterat
1613 4510 1848 4568 Arnobii
1881 4525 1996 4564 non

355 4620 503 4672 esse,
529 4620 660 4659 cum
692 4603 929 4676 quidem
963 4621 1079 4659 non
1111 4603 1224 4660 nisi
1257 4610 1504 4676 septem,
1539 4602 1641 4674 qui
1673 4601 1994 4656 etiamnum

355 4696 602 4756 exstant,
625 4692 804 4748 libros
835 4693 1114 4748 adversus
1136 4696 1345 4748 Gentes
1375 4691 1700 4747 Arnobium
1733 4686 1998 4759 scripsis-
2027 4659 2074 4722 Β

353 4798 414 4837 se
466 4786 726 4838 Iestetur.
777 4783 1042 4854 Cumque
1090 4781 1335 4838 alterum
1408 4781 1724 4852 quemdam
1779 4776 1995 4832 librum

353 4870 608 4927 Minucio
639 4876 836 4928 nostro
869 4871 1014 4928 falso
1046 4872 1396 4943 inscriptum
1421 4870 1603 4925 fuisse
1628 4871 1842 4932 narret,
1867 4870 1996 4920 tan-

349 4965 408 5016 to
432 4961 613 5017 miror
642 4961 922 5033 doleoque
954 4961 1141 5031 magis
1166 4959 1452 5029 hunc,qui
1474 4959 1602 5029 ejus
1633 4959 1758 5012 erat
1787 4954 1997 5009 unicus

349 5049 438 5103 καὶ
471 5051 903 5124 γνήσιος,1“υίεεθ
937 5049 1019 5102 illi
1052 5049 1418 5119 subreptum.
1451 5045 1875 5116 alterique,non
1899 5040 1997 5094 do-

351 5140 532 5204 mino,
565 5141 780 5210 injuste
805 5137 1146 5208 ascriptum,
1179 5141 1243 5190 ut
1268 5140 1324 5190 et
1347 5135 1540 5207 plagio
1572 5137 1630 5189 et
1651 5137 1817 5205 partu
1852 5146 1992 5200 sup-

348 5229 538 5301 posito
559 5229 710 5283 facta
732 5231 930 5282 nostro
961 5224 1211 5280 Minucio
1229 5223 1443 5295 duplex
1485 5223 1702 5292 injuria
1742 5236 1870 5276 esse
1907 5218 1991 5273 vi-

346 5317 685 5372 deatur.Sed
705 5316 827 5370 haec
849 5316 1120 5385 frequens
1151 5317 1240 5368 est
1269 5310 1506 5384 querela
1523 5312 1592 5365 de
1625 5310 1991 5366 librariorum

347 5403 494 5458 nihil
527 5420 641 5459 non
672 5409 887 5460 temere
908 5401 1282 5458 miscentium
1315 5401 1992 5466 facinoribus.Fortasse,

340 5495 405 5546 ut
429 5492 588 5546 hunc
616 5491 880 5549 libellum
912 5491 1165 5546 Arnobio
1188 5491 1427 5562 quidam
1450 5490 1824 5556 ascriberent,
1841 5504 1992 5559 quaa-

323 5579 473 5666 ‘dam
505 5579 635 5653 styli
669 5583 730 5638 et
757 5581 1092 5661 argumenti
1117 5580 1468 5650 similitudo,
1521 5596 1648 5652 quae
1680 5578 1989 5653 imperitos

2107 3361 2314 3416 vixerit
2334 3365 2532 3416 noster
2559 3361 2872 3429 Minucius,
2906 3363 3169 3417 nondum
3193 3363 3337 3417 mihi
3367 3362 3511 3418 satis
3551 3359 3758 3430 liquet.

2109 3451 2494 3521 Hieronymus
2525 3450 2582 3504 in
2608 3467 2715 3506 suo
2741 3449 3023 3522 catalogo)
3053 3467 3163 3521 quo
3203 3452 3515 3523 scriptores
3572 3450 3763 3505 eccle-

2107 3539 2375 3594 siasticos
2405 3554 2470 3594 eo
2501 3555 2616 3610 quo
2645 3538 2913 3594 vixerunt
2941 3540 3145 3595 ordine
3175 3555 3472 3595 recensere
3501 3539 3758 3605 videtur,

2107 3627 2276 3682 illum
2307 3626 2539 3699 Origeni
2562 3627 2915 3699 proximum,
2947 3628 3229 3701 Cypriane
3271 3628 3521 3700 priorem
3549 3628 3758 3700 fuisse,

2079 3720 2352 3772 vobscure
2383 3716 2694 3788 signiﬁcat.
2726 3716 2837 3772 Sed
2870 3716 3049 3786 hujus
3097 3717 3314 3788 alioqui
3355 3716 3444 3772 vel
3476 3717 3761 3772 saaculum

2107 3805 2195 3861 vel
2225 3809 2454 3861 aetatem
2488 3822 2606 3860 ιιι-η
2636 3804 2875 3860 indicat.
2907 3806 3072 3861 Certe
3101 3806 3158 3860 in
3183 3806 3455 3879 Cypriani
3483 3807 3553 3861 de
3573 3806 3760 3863 Idolo-

2105 3909 2232 3948 rum
2271 3894 2514 3948 vanitate
2554 3892 2750 3949 libello
2808 3893 3060 3966 plurima
3117 3899 3255 3950 sunt
3285 3910 3408 3966 quas
3458 3899 3545 3950 tot
3599 3895 3763 3951 idem

2107 3982 2299 4037 verbis
2325 3982 2381 4036 in
2407 3981 2640 4037 Octavio
2690 3981 2925 4038 Minucii
2965 3982 3277 4055 leguntur;
3311 3999 3548 4039 necesse
3579 3987 3645 4038 ut
3674 3985 3763 4039 sit

2107 4074 2207 4124 aut
2255 4071 2411 4125 hunc
2442 4070 2514 4124 ab
2555 4069 2675 4139 illo,
2709 4074 2811 4126 aut
2846 4070 3011 4126 illum
3043 4072 3116 4126 ab
3157 4071 3266 4126 hoc
3288 4089 3355 4128 ea
3402 4073 3760 4144 sumpsisse.

2107 4158 2495 4230 Hieronymus
2524 4174 2659 4215 vero
2691 4159 2750 4214 in
2808 4159 3058 4230 epistola
3086 4163 3155 4215 ab
3201 4161 3481 4232 Magnum,
3510 4161 3765 4233 loquens

2107 4249 2178 4304 de
2208 4247 2406 4303 latinis
2493 4248 2879 4320 scriptoribus
2937 4249 3226 4318 Ecclesiae,
3287 4251 3398 4305 etsi
3431 4250 3762 4307 Minucium

2106 4341 2240 4393 ante
2260 4336 2612 4408 Cyprianum
2642 4337 2858 4403 laudet,
2890 4341 3088 4394 tamen
3112 4338 3268 4393 illam
3295 4339 3367 4394 de
3404 4338 3577 4395 idolis
3627 4355 3763 4394 ora-

2106 4425 2324 4479 tionem
2357 4426 2503 4480 201
2533 4425 2822 4480 ascribere
2838 4426 3126 4498 Cypriane
3158 4427 3346 4499 magis
3367 4426 3613 4483 videtur.
3643 4428 3760 4484 Sed

2107 4519 2164 4568 et
2194 4514 2252 4568 in
2283 4513 2564 4586 Apologia
2594 4531 2697 4585 pro
2713 4515 2839 4570 suis
2865 4516 3145 4571 adversus
3175 4515 3758 4584 Jovinianumlibris,

2107 4603 2296 4675 primo
2317 4602 2442 4658 loco
2462 4603 2906 4669 Tertullianum,
2949 4607 3203 4662 secundo
3233 4607 3604 4679 Cyprianum,
3639 4611 3759 4663 ter-

2105 4691 2185 4747 tio
2219 4693 2538 4748 Minucium
2597 4699 3038 4750 commemorat.
3080 4695 3426 4762 Sabellicus,
3485 4697 3584 4752 sed
3629 4698 3760 4752 sine

2107 4786 2276 4847 teste,
2307 4781 2563 4836 affirmat
2583 4799 2717 4837 eum
2765 4783 2959 4838 Roma:
3012 4784 3279 4840 ﬂoruisse
3332 4801 3446 4856 quo
3477 4787 3761 4856 {tempore

2107 4871 2378 4927 Urbanus
2425 4871 2505 4926 ibi
2537 4877 2660 4928 erat
2706 4872 3038 4944 episcopus,
3086 4873 3196 4930 hoc
3253 4877 3364 4944 est,
3393 4873 3758 4946 temporibus

2104 4959 2414 5014 Alexandri
2473 4961 2663 5016 Severi
2710 4961 3103 5032 imperatoris.
3163 4962 3220 5017 Si
3271 4961 3354 5016 ita
3390 4966 3568 5031 esset,
3601 4967 3760 5018 esset

2106 5047 2397 5103 Minucius
2423 5048 2718 5120 antiquior
2745 5049 3048 5122 Cypriano,
3081 5050 3324 5122 aequalis
3368 5050 3755 5118 Tertulliano,

2104 5137 2405 5208 nostrique
2443 5139 2584 5193 adeo
2627 5138 2949 5194 Juriscons.
3007 5139 3254 5212 Ulpiano
3311 5145 3370 5195 et
3417 5140 3619 5195 Paulo.
3653 5141 3762 5195 Ve-

2103 5241 2234 5280 rum
2267 5227 2371 5281 etsi
2401 5226 2779 5298 posteriorem
2813 5227 2990 5284 fuisse
3023 5228 3276 5295 credam,
3308 5233 3507 5284 tamen
3555 5230 3762 5301 proxi-

2101 5331 2198 5369 ma
2228 5313 2328 5369 illa
2371 5319 2638 5387 tempora
2694 5320 2955 5372 secutum
3031 5334 3158 5373 esse
3201 5318 3516 5374 existimo:
3549 5323 3760 5374 nostra

2098 5419 2232 5460 vero
2257 5420 2371 5459 non
2420 5405 2704 5478 attingere
2743 5405 2857 5461 nisi
2903 5405 3206 5462 intervallo
3234 5405 3604 5481 longissimo,
3637 5407 3755 5464 hoc

2097 5497 2208 5556 est,
2240 5510 2528 5549 annorum
2564 5510 2745 5566 prope
2775 5511 2862 5550 cm
2894 5511 3014 5550 ccc.

2167 5581 2482 5639 Minuciam
2528 5587 2762 5656 gentem
2821 5583 2961 5640 olim
3014 5585 3208 5642 Romae
3258 5585 3514 5644 nobilem
3571 5585 3760 5649 fuisse
