4064 6154
304 311 420 375 209

1703 317 2316 378 PROLEGOMENA.

3598 309 3718 381 2l0

303 444 569 514 memini,
600 444 661 501 in
695 462 813 518 qua
843 450 1098 519 quatuor
1126 447 1397 504 consules
1427 447 1668 504 Minucii
1698 449 1954 522 Auguri-
1985 449 2039 516 Α
2072 448 2130 504 in
2163 456 2433 506 senatum
2465 452 2679 507 venire.
2714 471 2743 501 »
2793 451 2916 506 lmo
2945 465 3079 505 vero
3109 451 3167 506 et
3196 447 3322 520 ipse
3365 446 3712 522 Cyprianus,

303 535 361 590 ni
393 534 550 590 intra
579 551 763 590 annos
794 537 1183 608 quadraginta
1216 537 1511 592 numerari
1543 542 1806 608 possunt.
1843 537 1953 593 Sed

305 628 358 678 et
389 623 677 678 Minucios
709 625 907 694 Rufos,
949 629 1006 680 et
1036 623 1322 679 Minucios
1363 625 1646 680 Thermos
1680 624 1737 679 in
1768 625 1955 680 Fastis

305 711 712 767 consularibus
744 712 890 785 lego.
924 713 1182 783 Denique
1209 719 1268 768 et
1307 713 1597 768 Minucius
1639 714 1954 769 Fundanus

304 801 452 856 Asia
498 817 712 871 prases
761 801 871 856 fuit
926 800 1196 871 illustris,
1252 802 1323 856 ad
1387 819 1562 873 quem
1623 802 1952 858 Hadrianus

302 890 616 961 imperator
640 906 757 944 non
790 890 1054 961 iniquam
1078 891 1149 944 de
1175 890 1524 946 Christianis
1543 890 1733 963 legem
1761 892 1946 947 misit:

299 984 362 1033 ut
383 979 513 1048 jam
546 977 692 1033 nihil
725 979 912 1034 dicam
946 980 1016 1034 de
1045 995 1110 1034 eo
1143 981 1315 1050 cujus
1345 980 1404 1034 in
1439 979 1711 1052 Epistolis
1742 980 1951 1035 memi-

298 1067 378 1121 nit
407 1066 650 1133 Plinius,
697 1068 783 1122 vel
818 1084 991 1139 quem
1039 1066 1134 1123 ille
1167 1072 1364 1124 noster
1407 1068 1604 1124 laudat
1655 1068 1948 1137 Julianus,

299 1157 466 1225 cujus
508 1157 581 1211 ad
629 1156 950 1212 Minucium
983 1156 1249 1212 Natalem
1299 1157 1432 1213 libri
1489 1159 1561 1214 de
1609 1158 1748 1214 Jure
1796 1158 1950 1213 civili

300 1243 636 1300 laudantur.

367 1332 469 1388 His
500 1349 634 1389 vero
665 1334 939 1389 omnibus
962 1351 1144 1390 unum
1183 1333 1504 1390 Minucium
1537 1335 1806 1403 Felicem,
1839 1337 1948 1391 etsi

297 1439 411 1476 non
443 1423 623 1478 fuerit
652 1423 917 1494 ejusdem
951 1428 1052 1478 aut
1100 1423 1290 1495 gentis
1343 1428 1444 1478 aut
1492 1423 1748 1492 familia,
1782 1425 1948 1481 facile

304 1517 614 1583 antepono,
649 1516 813 1567 atate
846 1512 1082 1584 quidem
1115 1513 1517 1584 posteriorem,
1567 1514 1831 1569 doctrina
1859 1519 1944 1570 ta-

300 1616 450 1669 men,
481 1599 699 1656 virtute
729 1604 806 1671 et,
836 1601 990 1672 quod
1015 1600 1205 1672 primo
1235 1601 1360 1656 loco
1383 1602 1813 1657 numerandum
1835 1608 1943 1670 est,

300 1688 509 1759 pietate
553 1688 740 1745 multo
789 1689 1171 1761 superiorem.
1231 1689 1363 1744 Fuit
1409 1690 1564 1745 enim
1626 1707 1739 1746 non
1773 1693 1944 1748 modo

293 1777 756 1847 jurisconsultus
787 1795 1058 1851 magnus,
1092 1782 1147 1834 et
1194 1777 1483 1834 excellens
1533 1795 1638 1835 suo
1685 1783 1944 1851 tempore
1976 1814 2024 1879 B

289 1871 519 1923 orator:
550 1868 651 1924 sed
683 1872 758 1937 et,
782 1868 934 1939 quod
979 1868 1174 1938 majus
1198 1872 1305 1937 est,
1339 1868 1452 1922 fuit
1482 1868 1633 1923 serio
1663 1868 1943 1924 Christia-

294 1971 419 2012 nus.
455 1957 663 2011 Afrum
695 1957 878 2012 fuisse
929 1957 1215 2027 suspicor,
1249 1955 1382 2011 licet
1411 1955 1467 2010 id
1502 1958 1794 2012 affirmare
1829 1975 1942 2014 non

291 2044 498 2101 ausim.
534 2045 698 2101 Certe
728 2045 1034 2101 Frontonis
1066 2045 1351 2101 Cirtensis
1398 2045 1576 2112 (Cirta
1609 2052 1802 2103 autem
1837 2049 1943 2104 fuit

287 2133 658 2190 nobilissima
691 2134 976 2189 Numidia
1002 2134 1224 2200 civitas,
1260 2136 1429 2205 cujus
1459 2139 1515 2190 et
1546 2135 1602 2190 in
1637 2135 1939 2193 Pandectis

291 2223 508 2278 mentio
542 2224 627 2295 ﬁt)
658 2223 740 2277 ita
789 2223 1077 2288 meminit,
1117 2228 1184 2278 ut
1230 2223 1289 2278 in
1330 2223 1524 2278 Africa
1552 2229 1847 2280 versatum
1878 2242 1940 2281 se

286 2328 414 2367 esse
446 2310 754 2383 signiﬁcet.
789 2315 1004 2382 Estque
1034 2328 1219 2383 genus
1250 2311 1481 2367 dicendi
1527 2313 1940 2386 scribendique

286 2405 548 2466 secutus,
582 2400 752 2472 quale
799 2400 919 2455 Afri
982 2400 1087 2468 illi,
1123 2400 1541 2469 Tertullianus,
1593 2401 1936 2474 Cyprianus,

283 2489 615 2544 Arnobius:
676 2494 739 2544 ut
775 2489 894 2557 jam
953 2489 1022 2544 de
1054 2489 1477 2561 posterioribus
1537 2507 1650 2546 non
1712 2491 1937 2564 loquar,

288 2595 436 2650 quos
467 2578 670 2633 eadem
706 2577 844 2633 olim
889 2577 1031 2632 aluit
1061 2579 1286 2645 Africa;
1338 2577 1457 2650 illa,
1489 2578 1753 2651 inquam,
1805 2580 1940 2636 felix

289 2668 656 2738 fecundaque
699 2667 912 2735 Africa,
963 2684 1091 2737 qua
1139 2671 1206 2722 ut
1253 2684 1487 2740 semper
1534 2668 1757 2740 aliquid
1808 2670 1938 2725 novi

285 2759 546 2829 proferre
574 2756 899 2822 dicebatur,
933 2755 1016 2810 sic
1048 2757 1219 2811 etiam
1245 2756 1545 2827 religionis
1576 2763 1788 2814 nostra
1816 2758 1941 2813 vin-

285 2847 442 2901 dices
473 2849 531 2900 et
561 2849 834 2915 patronos
867 2844 1241 2899 doctissimos
1272 2844 1722 2917 acerrimosque'
1745 2851 1940 2918 protu-

283 2935 368 2997 lit,
403 2937 461 2988 et
493 2933 565 2988 ad
599 2934 789 3004 ipsius
843 2949 1080 3004 quoque
1130 2933 1403 2988 Romana
1442 2934 1708 2990 Ecclesia
1740 2937 1936 3008 prasi-

285 3024 447 3077 dium
482 3027 659 3093 atque
679 3021 1078 3077 defensionem
1113 3021 1336 3089 emisit;
1371 3039 1507 3078 nam
1539 3028 1594 3078 et
1622 3040 1689 3079 ex
1735 3026 1936 3080 eadem

284 3112 476 3166 Africa
537 3111 852 3182 prodibant
919 3109 1118 3164 hostes
1177 3109 1420 3166 minime
1479 3111 1690 3183 ignavi,
1749 3129 1938 3186 neque

285 3200 539 3271 improbi
576 3199 795 3266 minus,
824 3215 995 3269 quam
1041 3197 1413 3254 vehementes
1461 3182 1934 3272 calumniatores,
1967 3182 2010 3248 (ἶ

287 3289 501 3360 qualis,
529 3304 600 3343 ne
641 3287 875 3360 longius
910 3288 1136 3353 abeam,
1171 3287 1280 3342 fuit
1307 3286 1422 3358 ille,
1455 3289 1626 3359 cujus
1663 3291 1788 3360 jam
1821 3307 1941 3345 me-

286 3377 456 3444 mini,
480 3377 726 3444 Fronto;
763 3393 938 3447 quem
963 3375 1198 3446 quidem
1223 3381 1344 3432 tam
1373 3376 1776 3449 impudentem
1810 3379 1940 3435 rhe-

283 3471 499 3536 torem,
533 3482 714 3536 quam
757 3465 1006 3536 impium
1047 3465 1511 3522 Christianorum
1542 3467 1941 3524 adversarium

282 3555 492 3620 luisse,
518 3571 587 3609 ex
607 3553 862 3608 Minucio
885 3553 1304 3626 intelligemus.
1325 3555 1551 3611 Nollem
1574 3555 1730 3613 hunc
1763 3557 1944 3612 fuisse

283 3643 592 3715 Papirium
629 3643 998 3708 Frontonem,
1017 3643 1536 3715 jurisconsultum,
1571 3644 1668 3716 qui
1708 3645 1768 3699 in
1800 3649 1946 3701 Pan-

280 3734 472 3789 dectis
504 3731 799 3787 laudatur.
833 3732 1112 3804 Suspicor
1151 3734 1348 3804 potius
1381 3734 1563 3790 fuisse
1613 3735 1945 3791 Cornelium

283 3823 646 3877 Frontonem
723 3821 1036 3891 rhetorem,
1096 3838 1272 3893 quem
1326 3822 1689 3894 Capitolinus
1749 3828 1948 3880 narrat

279 3912 469 3966 fuisse
504 3915 920 3982 praeceptorem
954 3911 1025 3968 M.
1059 3911 1337 3966 Antonini
1363 3911 1720 3984 philosophi,
1755 3912 1943 3984 impe-

278 4000 522 4070 ratoris,
555 4003 617 4054 et
661 4015 728 4054 ex
776 4001 947 4071 cujus
976 4000 1153 4056 etiam
1203 4000 1403 4056 schola
1441 4001 1692 4057 oratoria
1723 4001 1946 4074 accepi-

279 4106 421 4144 mus
468 4089 758 4160 prodiisse
807 4087 975 4144 illum
1028 4093 1293 4144 nostrum
1323 4090 1402 4161 (1)
1443 4084 1802 4158 Melitenem,
1850 4090 1948 4160 qui

281 4179 360 4233 ad
393 4177 868 4234 Christianorum
902 4179 1300 4234 defensionem
1351 4179 1742 4251 eloquentiam
1776 4197 1948 4235 suam

279 4268 578 4323 convertit
606 4284 618 4322 :
653 4270 720 4321 ut
749 4268 903 4338 quod
928 4267 1045 4322 illis
1075 4267 1298 4338 impius
1330 4273 1648 4341 praceptor
1669 4270 1948 4341 probrum

284 4361 628 4430 asperserat
659 4356 1079 4424 maledicendo,
1113 4358 1304 4412 bonus
1358 4357 1682 4429 discipulus
1725 4359 1951 4414 abster-

284 4449 455 4518 geret
487 4445 918 4516 respondendo.

2065 543 2346 610 tanquam
2399 539 2543 595 alter
2585 538 2899 610 Minucius,
2941 539 3000 593 in
3053 555 3161 594 sua
3188 537 3447 609 Epistola
3497 539 3565 592 ad
3600 539 3711 594 Do-

2065 631 2268 684 natum
2327 627 2497 700 (Edz’t.
2547 627 2722 684 Oxon.
2778 629 3025 682 Tractatu
3068 627 3132 682 de
3181 626 3393 694 Gratia,
3447 644 3573 697 pag.
3635 628 3710 699 1),

2063 717 2333 772 meminit
2387 719 2514 787 ejus
2557 716 2837 788 temporis
2871 732 3006 788 quo,
3057 720 3122 770 ut
3151 715 3252 781 ait,
3317 715 3711 785 «indulgente

2060 805 2353 862 vindemia
2385 806 2616 861 solutus
2647 806 2882 859 animus
2913 804 2970 858 in
3003 804 3281 875 quietem,
3317 803 3607 860 solemnes
3655 809 3712 860 et

2062 898 2245 949 statas
2277 895 2413 949 anni
2461 893 2762 965 fatigantis
2807 892 3074 947 inducias
3107 893 3365 948 sortitur.
3400 914 3429 942 ι)
3479 897 3543 947 At
3571 898 3709 948 tunc

2060 983 2297 1054 quidem
2345 999 2611 1038 secessus
2661 998 2924 1036 amcenos
2979 985 3212 1051 captare
3242 997 3304 1036 se
3346 980 3447 1046 ait,
3488 980 3587 1036 ubi
3640 981 3709 1037 de

2059 1071 2234 1126 rebus
2288 1071 2499 1126 divinis
2549 1069 2780 1142 cogitet.
2815 1070 2941 1125 Non
2983 1068 3290 1125 dissimilis
3337 1075 3426 1124 est
3455 1071 3707 1125 narratio

2059 1161 2244 1215 nostri
2303 1159 2564 1215 Minucii.
2616 1160 2833 1215 Felices
2861 1175 2994 1214 vero
3045 1157 3157 1213 illa
3203 1157 3379 1228 feria,
3430 1159 3643 1228 quibus
3675 1177 3708 1214 a

2057 1250 2179 1304 foro
2212 1248 2628 1320 subselliisque
2681 1249 2966 1304 abductus
3009 1247 3414 1302 nobilissimus
3445 1247 3706 1302 causidi-

2057 1353 2160 1393 cus
2191 1341 2280 1393 est
2331 1338 2402 1392 ad
2445 1337 2779 1408 religiosam
2809 1337 2930 1392 sive
2979 1336 3531 1392 commentationem
3589 1336 3708 1390 sive

2056 1426 2536 1498 disputationem.
2585 1427 2805 1492 Cicero,
2852 1426 3005 1497 quod
3056 1425 3162 1480 abs
3209 1429 3406 1480 nostro
3455 1424 3708 1480 Scavola

2056 1514 2301 1586 accepit,
2335 1520 2534 1570 narrat
2588 1516 2712 1584 (lib.
2766 1533 2806 1568 ιι
2835 1515 2899 1570 de
2930 1515 3170 1583 Oratore,
3228 1530 3348 1584 cap.
3380 1516 3458 1581 6).
3520 1535 3546 1562 «
3586 1515 3704 1568 La-

2055 1603 2200 1659 lium
2234 1621 2368 1659 cum
2403 1604 2672 1676 Scipione
2702 1602 2940 1658 solitum
2982 1618 3110 1659 esse
3140 1601 3445 1669 rusticari;
3491 1617 3708 1672 eosque

2054 1692 2474 1748 incredibiliter
2523 1709 2930 1764 repuerascere
2973 1708 3102 1747 esse
3134 1689 3358 1756 solitos,
3418 1706 3552 1745 cum
3606 1708 3707 1745 rus

2055 1799 2123 1838 ex
2144 1783 2306 1850 urbe,
2326 1785 2608 1853 tanquam
2628 1797 2696 1836 ex
2725 1780 2974 1836 vinculis
3004 1778 3361 1835 evolassent:
3395 1778 3643 1834 conchas
3675 1800 3704 1828 »

2055 1872 2231 1927 etiam
2262 1894 2290 1923 ‹‹
2319 1875 2377 1926 et
2425 1869 2735 1926 umbilicos
2766 1870 2838 1925 ad
2887 1869 3146 1940 Cajetam
3176 1873 3234 1923 et
3289 1868 3357 1923 ad
3390 1867 3704 1922 Lucrinum

2051 1961 2240 2033 legere
2271 1975 2607 2026 consuesse,
2638 1963 2694 2014 et
2722 1959 2791 2014 ad
2818 1973 3054 2013 omnem
3085 1957 3265 2012 animi
3297 1956 3704 2011 remissionem

2051 2049 2376 2121 ludumque
2407 2046 2778 2104 descendere.
2816 2068 2845 2096 »
2888 2047 3029 2117 Ejus
3060 2061 3193 2100 vero
3223 2044 3472 2115 exempli
3503 2046 3700 2100 statim

2052 2139 2198 2194 mihi
2229 2139 2286 2193 in
2316 2142 2575 2193 mentem
2607 2136 2782 2206 venit,
2807 2152 2941 2191 cum
2964 2133 3282 2190 Minucium
3301 2134 3586 2203 audirem,
3621 2139 3705 2188 re:

2051 2227 2188 2283 licto
2216 2227 2462 2298 strepitu
2505 2224 2742 2294 forensi,
2793 2240 2928 2279 cum
2961 2240 3067 2278 suo
3120 2221 3353 2278 Octavio
3409 2222 3699 2290 rusticari,

2049 2319 2106 2370 et
2139 2315 2199 2369 in
2251 2313 2447 2368 littore
2499 2312 2753 2368 Ostiensi
2785 2311 3040 2366 suaviter
3085 2314 3348 2382 spectare
3391 2309 3698 2382 puerilem,

2049 2419 2225 2474 quem
2274 2401 2570 2469 describit,
2629 2399 2858 2455 ludum.
2921 2400 3033 2455 Sed
3083 2415 3215 2454 cum
3265 2397 3474 2453 deinde
3527 2399 3700 2454 audio

2049 2508 2228 2564 quam
2260 2491 2319 2546 in
2352 2490 2456 2545 illo
2489 2505 2721 2546 secessu
2756 2493 2811 2543 et
2832 2489 3024 2560 gravis
3053 2493 3110 2542 et
3140 2488 3293 2544 seria
3322 2488 3390 2541 de
3423 2486 3700 2559 religione

2049 2581 2369 2653 disputatio
2420 2580 2614 2645 fuerit,
2649 2583 2706 2633 et
2753 2577 2926 2649 quale
2977 2577 3053 2631 sit
3101 2576 3160 2631 in
3193 2577 3422 2632 deserto
3481 2577 3700 2632 fornice

2048 2669 2382 2738 consilium,
2417 2667 2607 2724 sentio
2640 2683 2942 2738 nunquam
2975 2669 3243 2721 coactum
3276 2665 3472 2720 Roma
3517 2665 3698 2720 fuisse

2049 2763 2321 2814 senatum
2352 2756 2563 2828 majori
2595 2756 2665 2810 de
2697 2771 2784 2810 re:
2834 2753 3179 2825 nullumque
3224 2753 3437 2817 forum,
3488 2754 3692 2808 urbem

2049 2846 2295 2911 nullam,
2329 2845 2558 2900 nullum
2591 2842 2912 2916 negotium,
2937 2841 3020 2896 illi
3041 2841 3161 2897 sive
3185 2841 3320 2910 otio,
3343 2841 3466 2896 sive
3497 2841 3697 2896 solitu-

2047 2936 2173 2992 dini
2196 2932 2534 3006 pratulero:
2557 2931 2886 3004 sapiusque
2917 2928 3403 3000 utjurisconsulti
3432 2945 3498 2984 eo
3522 2931 3692 2985 modo

2048 3025 2262 3090 feriari,
2297 3023 2564 3078 secedere
2607 3027 2785 3092 atque
2830 3019 3100 3075 rusticari
3143 3017 3456 3090 aliquando
3493 3017 3692 3085 velint,

2048 3117 2247 3186 optare
2277 3128 2471 3183 cogor.
2531 3112 2617 3166 An
2677 3111 2736 3164 in
2775 3125 2976 3164 eorum
3031 3109 3262 3164 animos
3316 3108 3521 3162 cadere
3581 3125 3698 3162 non

2051 3206 2242 3274 potest
2289 3203 2491 3256 sancta
2541 3199 2738 3270 aliqua
2783 3202 2840 3254 et
2889 3197 3164 3269 religiosa
3211 3200 3268 3252 et
3315 3200 3534 3252 secreto
3593 3214 3699 3252 suo

2051 3291 2229 3363 digna
2263 3305 2455 3344 rerum
2489 3288 2818 3342 divinarum
2865 3285 3184 3357 cogitatio?
3233 3286 3570 3340 Lactantius
3611 3286 3700 3340 in-

2051 3380 2182 3436 nuit
2234 3377 2556 3434 Minucium
2616 3392 2742 3433 sese
2814 3379 3003 3430 totum
3062 3390 3178 3430 non
3253 3375 3571 3430 contulisse
3629 3375 3700 3429 ad

2052 3468 2313 3526 studium
2346 3483 2542 3522 rerum
2563 3465 3114 3521 ecclesiasticarum.
3139 3463 3251 3519 Sed
3275 3468 3434 3518 tanto
3454 3463 3704 3517 nobilior

2053 3558 2181 3629 ejus
2204 3554 2675 3627 jurisprudentia
2724 3553 2852 3620 fuit,
2905 3570 3054 3624 qua,
3100 3552 3294 3624 qualis
3341 3568 3468 3607 esse
3509 3551 3703 3616 debet,

2052 3646 2114 3702 in
2145 3644 2444 3717 republica
2488 3644 2633 3699 fuit:
2686 3647 2743 3699 et
2788 3658 2985 3698 rerum
3033 3642 3366 3697 divinarum
3414 3641 3704 3696 humana-

2055 3751 2304 3806 rumque
2335 3750 2536 3789 curam
2585 3738 2642 3789 et
2689 3730 3080 3805 cognitionem
3135 3729 3471 3802 conjunxit:
3513 3735 3702 3784 tauto-

2055 3841 2169 3896 que
2200 3804 2503 3896 prepterea
2536 3821 2726 3894 magis
2765 3804 2895 3892 ejus
2942 3820 3277 3892 exemplum
3333 3819 3517 3875 nostri
3553 3819 3704 3875 ordi-
3791 3804 3806 3814 ’

2057 3913 2150 3969 nis
2179 3912 2517 3968 hominibus
2565 3910 2934 3977 commendo,
2980 3913 3046 3964 ut
3095 3909 3302 3964 saltem
3353 3907 3560 3962 diebus
3603 3924 3704 3961 ne-

2059 4001 2223 4057 fastis
2253 4002 2312 4056 in
2363 4001 2479 4056 otio
2528 4000 2786 4055 melioris
2833 3997 3132 4071 religionis
3192 3997 3373 4052 fastos
3419 3994 3704 4059 excolant,

2057 4090 2246 4162 iisque
2277 4107 2338 4146 se
2368 4091 2507 4145 dent
2558 4094 2734 4161 atque
2777 4087 3071 4143 addicant.
3123 4085 3427 4141 Habebant
3457 4083 3594 4138 olim
3633 4084 3708 4137 fc-

2001 4186 2005 4189 '
2058 4179 2276 4234 riantes
2310 4178 2553 4234 Romani
2585 4193 2752 4233 suam
2797 4198 2823 4226 α
2855 4175 3256 4232 decursionem
3287 4173 3643 4234 Tiberinam,
3675 4191 3701 4222 ι

2059 4271 2232 4341 cujus
2290 4268 2560 4322 meminit
2615 4265 2811 4322 Cicero
2859 4264 2984 4336 (lib.
3037 4282 3074 4319 v
3123 4263 3188 4318 de
3245 4265 3372 4316 Fin.
3413 4277 3532 4332 cap.
3591 4261 3704 4331 24),

2061 4373 2368 4428 suamque,
2395 4361 2457 4411 ut
2478 4355 2633 4427 leges
2657 4356 2730 4426 (‘2)
2763 4358 2972 4409 nostra
2999 4356 3228 4417 vocant,
3260 4374 3287 4400 «
3324 4350 3644 4418 Majumam
3680 4371 3709 4398 »

2061 4448 2132 4503 ad
2165 4446 2410 4503 Ostiam.
2461 4445 2572 4500 Sed
2605 4443 2868 4498 excursio
2900 4441 3080 4496 nostri
3123 4439 3364 4495 Minucii
3393 4455 3567 4511 quam
3603 4440 3710 4494 mi-

367 4535 525 4591 202
559 4534 885 4589 Minucium
919 4538 1185 4590 nostrum
1234 4539 1428 4590 Roma
1478 4552 1686 4592 causas
1739 4537 1949 4609 egisse,
1985 4553 2028 4618 D
2060 4535 2217 4591 nime
2247 4538 2350 4588 aut
2377 4532 2564 4587 otiosa
2593 4536 2693 4586 aut
2718 4530 2943 4585 ludicra
2974 4529 3127 4584 fuit?
3178 4528 3365 4618 Digna
3392 4528 3544 4583 203
3580 4544 3710 4597 pro-

292 4625 477 4696 paulo
509 4628 646 4680 ante
677 4641 745 4679 ex
775 4623 1077 4680 Lactantio
1107 4631 1163 4678 et
1190 4624 1539 4697 Hieronymo
1571 4626 1793 4681 dictum
1825 4631 1948 4682 est:

293 4729 491 4785 neque
520 4713 632 4768 hoc
657 4713 781 4785 ipse
803 4712 1162 4780 dissimulat,
1186 4729 1318 4768 cum
1341 4712 1768 4770 vindemiarum
1793 4715 1952 4771 feriis

294 4819 502 4857 curam
551 4801 932 4873 judiciariam
990 4801 1102 4857 sibi
1153 4803 1458 4858 remissam
1492 4803 1677 4859 fuisse
1734 4808 1950 4859 narrat.

295 4891 398 4945 Sic
428 4891 587 4945 enim
617 4895 675 4946 et
705 4889 991 4962 Ulpianus
1046 4889 1106 4944 in
1139 4891 1440 4947 Pandectis
1470 4891 1596 4964 lege
1631 4893 1656 4946 1
1691 4891 1758 4947 de
1784 4893 1956 4947 Feriis

303 4979 528 5047 scribit,
547 4980 622 5036 M.
645 4980 924 5035 Antonini
942 4979 1312 5051 imperatoris
1334 4981 1593 5036 oratione
1614 4997 1954 5053 expressum

304 5068 489 5123 fuisse
511 5093 537 5119 ‹‹
567 5087 637 5126 ne
667 5069 805 5142 quis
824 5071 1108 5126 messium
1127 5075 1228 5125 aut
1248 5070 1676 5126 vindemiarum
1697 5075 1957 5142 tempore

304 5159 708 5215 adversarium
750 5163 978 5232 cogeret
1011 5160 1081 5215 ad
1126 5159 1418 5230 judicium
1452 5159 1668 5216 venire.
1700 5182 1728 5210 »
1775 5159 1956 5215 Sicuti

303 5253 362 5302 et
389 5249 712 5304 Suetonius
761 5249 907 5320 (cap.
940 5249 1030 5320 35)
1063 5253 1260 5304 narrat
1298 5251 1626 5319 Augustum
1660 5249 1955 5315 statuisse,

309 5360 336 5384 ιί
373 5355 442 5392 ne
498 5338 827 5410 Septembri
877 5338 1180 5395 Octobrive
1228 5353 1427 5393 mense
1486 5353 1724 5393 necesse
1781 5341 1958 5405 esset,

392 5499 407 5568 ί
417 5500 469 5565 1)
501 5499 854 5554 Sardenscm
889 5498 1249 5570 episcopum,
1322 5500 1616 5554 auctorem
1673 5496 1961 5570 Apologia

310 5585 411 5639 pro
445 5570 817 5641 Christianis.
851 5570 1460 5641 Hieronyn1.,Catalog.

379 5586 411 5624 ο
445 5586 817 5626 unrlsuams.
851 5586 1061 5627 nieron
1106 5586 1186 5624 [ιι.
1218 5586 1460 5641 uamog.

377 5642 457 5715 (2)
488 5640 688 5698 Titulo
718 5641 1026 5716 utriusque
1066 5586 1295 5698 Eodicis
1323 5641 1390 5699 de
1432 5641 1692 5712 Majuma.
1749 5639 1962 5700 Suidas

2064 4626 2234 4690 fecto,
2266 4623 2434 4692 cujus
2482 4620 2728 4692 vestigia
2757 4619 3005 4676 libenter
3043 4617 3404 4689 conspiceret
3431 4619 3709 4689 Augusti-

2063 4730 2203 4770 nus:
2238 4717 2295 4767 et
2323 4710 2489 4765 illum
2524 4725 2845 4777 recessum,
2880 4709 2941 4763 in
2990 4725 3106 4781 quo
3150 4707 3351 4763 habita
3388 4711 3476 4762 est
3504 4706 3711 4777 dispu-

2063 4803 2228 4870 tatio,
2261 4800 2562 4867 salutaret,
2593 4815 2724 4854 cum
2776 4798 2836 4852 in
2869 4797 3110 4853 ecclesia
3148 4795 3402 4852 Ostiensi
3462 4800 3708 4849 matrem

2065 4907 2234 4948 suam
2289 4889 2580 4945 Monicam
2628 4887 2916 4958 sepeliret.
2972 4885 3255 4958 Equidem
3297 4883 3553 4954 religiosi
3585 4883 3711 4951 ejus

2065 4979 2362 5050 colloquii,
2396 4978 2551 5050 quod
2582 4980 2784 5033 sancta
2821 4975 2941 5032 hac
2969 4979 3234 5030 matrona
3284 4988 3416 5027 cum
3449 4970 3566 5024 lilio
3602 4986 3711 5024 suo

2065 5069 2271 5126 habuit
2301 5068 2372 5124 ad
2427 5067 2583 5123 ostia
2629 5065 2730 5121 illa
2784 5064 3056 5120 Tiberina
3110 5060 3304 5134 (sicuti
3352 5060 3477 5130 ipse
3509 5058 3714 5113 recitat

2066 5159 2168 5214 lib.
2201 5175 2257 5213 x1
2292 5156 2672 5228 Con/casiam),
2716 5152 3053 5208 meminisse
3099 5150 3276 5215 soleo,
3309 5147 3536 5218 quoties
3579 5146 3713 5202 Dia-

2067 5246 2265 5319 logum
2298 5246 2454 5300 hunc
2484 5243 2879 5299 Minucianum
2912 5240 3059 5311 lego.

2138 5336 2413 5400 Quanam
2454 5338 2608 5389 esset
2663 5328 2910 5386 Romani
2964 5326 3072 5383 fori
3129 5323 3409 5394 conditio,
3466 5341 3597 5379 cum
3657 5323 3717 5378 in

2073 5497 2248 5554 Ostia:
2278 5510 2376 5549 eos
2405 5493 2576 5548 ludos
2607 5491 2927 5558 celebratos
2975 5485 3156 5558 addit,
3200 5500 3451 5558 quorum
3471 5500 3720 5558 summa

2070 5553 2180 5623 fuit
2227 5561 2518 5627 ἡδυπαθεῖν
2571 5561 2621 5616 ἐν
2668 5565 2788 5622 τοῖς
2838 5553 3152 5622 θαλαττίοιέ
3196 5553 3402 5627 ὕδασιν,
3435 5553 3722 5624 ἀλλήλους

2074 5632 2468 5712 ἐμϐάλλοντες.
