4064 6154
291 317 394 380 213

647 451 1089 516 Fragilicupiens
1117 451 1321 516 illidere
1343 451 1558 516 dentem

529 513 954 578 quregit'solidoi
1119 515 1316 577 (Hemi.
1352 513 1441 563 lib.
1474 528 1527 572 ιι,
1553 513 1700 562 satir.
1735 514 1802 574 1.)

347 633 542 686 Causae
598 633 788 685 status
837 647 947 685 non
1010 648 1164 686 unus
1195 635 1303 686 est.
1358 629 1619 685 Caecilius
1669 629 1820 685 varie
1877 633 1935 685 et

283 720 514 776 confuse
545 719 668 790 agit
699 719 770 773 de
793 719 1014 774 multis.
1050 719 1320 774 Octavius
1350 717 1627 790 pleraque
1649 721 1708 773 et
1737 716 1932 788 depel-

283 795 908 874 1itsolainficiatione,
965 811 1021 862 et
1046 811 1340 878 retorquet
1377 808 1536 876 justa
1586 805 1932 862 recrimina-

283 897 448 950 tione.
492 895 767 961 Quaedam
799 894 1050 966 ingenue
1083 897 1436 950 confitetur:
1494 895 1594 950 sed
1640 895 1773 964 jure
1824 895 1926 949 de-

284 984 484 1040 fendit.
520 984 721 1054 Itaque
751 983 876 1038 haee
907 984 1249 1055 disceptatio
1287 983 1498 1055 partim
1526 983 1687 1050 facti,
1715 984 1926 1054 partim

281 1074 426 1144 juris
457 1071 886 1144 questionibus
916 1077 1162 1127 constat.
1194 1071 1590 1128 Tertullianus
1621 1077 1810 1139 antea,
1869 1077 1928 1127 et

291 1167 413 1217 ante
441 1160 870 1216 Tertullianum
908 1161 1176 1216 Justinus
1208 1165 1264 1216 et
1308 1161 1727 1232 Athenagoras,
1779 1177 1925 1231 quo-

285 1268 405 1306 rum
434 1254 663 1306 exstant
688 1249 1056 1322 apologetici,
1101 1249 1378 1320 libelli,et
1393 1249 1924 1321 posteaCyprianus

281 1339 485 1412 partim
519 1342 721 1394 contra
752 1339 1213 1405 Demetrianum,
1245 1338 1460 1410 partim
1493 1339 1552 1392 in
1605 1335 1802 1392 libello
1853 1337 1924 1391 de

279 1428 542 1483 Vanitate
565 1426 880 1495 ldolorum,
903 1431 959 1482 et
982 1427 1169 1482 multo
1191 1427 1399 1482 deinde
1417 1427 1606 1498 magis
1630 1425 1923 1481 Arnobius

281 1522 447 1589 atque
517 1516 851 1571 Lactantius
893 1516 1046 1571 hanc
1113 1532 1352 1570 causam
1401 1521 1674 1586 egerunt:
1727 1520 1784 1570 et
1830 1515 1922 1570 usi

284 1606 620 1679 plerumque
653 1611 796 1661 sunt
825 1621 940 1659 non
976 1605 1181 1660 iisdem
1210 1604 1380 1659 modo
1406 1609 1460 1658 et
1510 1603 1818 1659 sententiis
1865 1606 1923 1658 et

282 1694 659 1768 argumentis,
695 1694 799 1749 sed
848 1697 907 1749 et
953 1693 1143 1748 verbis
1175 1699 1230 1748 et
1279 1692 1567 1748 formulis.
1625 1692 1714 1747 Sic
1763 1692 1919 1746 enim

281 1785 528 1855 majores
558 1782 741 1838 nostri
773 1783 977 1838 eadem
1007 1782 1078 1838 de
1107 1781 1336 1848 iisdem,
1370 1785 1436 1836 ut
1465 1781 1560 1837 ille
1599 1780 1738 1836 olim
1761 1779 1916 1837 dice-

278 1873 391 1939 bat,
422 1871 618 1927 dicere
668 1870 954 1926 solebant.

342 1962 528 2032 Atque
560 1958 786 2014 utinam
818 1957 1126 2030 posteritas
1165 1956 1278 2013 tale
1309 1957 1675 2013 observasset
1721 1971 1918 2011 exem-

277 2049 459 2122 plum,
495 2048 808 2104 ambitiosa
839 2046 1064 2103 novitas
1093 2046 1310 2102 bonam
1361 2045 1772 2117 antiquitatem
1801 2060 1915 2099 non

277 2138 661 2210 inquinasset.
677 2137 865 2192 Velim
885 2153 1026 2192 sane
1037 2135 1350 2208 Apologias
1362 2151 1742 2206 eorum,quos
1769 2125 1919 2202 dixi,

275 2244 406 2282 cum
428 2227 537 2282 hoc
565 2226 897 2281 Minuciano
925 2224 1120 2280 libello
1150 2223 1399 2280 conferri
1423 2241 1436 2279 :
1471 2227 1537 2278 ut
1553 2222 1733 2280 alium
1766 2237 1920 2278 nunc

275 2314 766 2371 commentarium
799 2313 1066 2384 colligere
1097 2330 1213 2369 non
1245 2314 1321 2368 sit
1353 2329 1608 2368 necesse.
1642 2310 1826 2368 Multa
1855 2326 1925 2365 ex

277 2410 540 2459 veterum
577 2402 1062 2475 philosOphorum
1097 2401 1614 2474 disputationibus,
1647 2404 1703 2455 et
1733 2401 1925 2469 poeta-

276 2509 407 2548 rum
431 2491 668 2560 fabulis,
684 2498 742 2547 et
761 2492 1024 2546 Romana
1040 2492 1349 2562 Graacaque
1371 2488 1615 2545 historia
1634 2486 1924 2544 subtiliter

273 2589 328 2638 et
359 2583 530 2637 docte
561 2581 656 2635 hic
689 2585 1050 2653 repetuntur.
1085 2579 1300 2634 Verum
1333 2579 1599 2649 ineptum
1649 2579 1805 2632 esset
1851 2574 1923 2630 iis

273 2672 343 2726 de
377 2671 552 2726 rebus
583 2669 991 2725 annotationes
1016 2667 1235 2724 multas
1265 2670 1322 2723 et
1375 2667 1596 2722 otiosas
1637 2665 1747 2720 hoc
1795 2663 1922 2722 loco

271 2758 589 2814 inculcare.
623 2757 854 2812 Mallem
887 2774 1010 2827 quae
1033 2757 1104 2811 ad
1122 2755 1542 2827 antiquitatum
1569 2753 1922 2810 Christiana-

273 2865 404 2903 rum
437 2846 782 2902 memoriam
818 2846 1133 2918 pertinent,
1166 2844 1398 2917 copiose
1439 2842 1748 2914 explicare.
1808 2841 1921 2897 Sed

269 2942 326 2992 et
347 2937 563 2991 harum
586 2935 1026 2991 commentariis
1044 2935 1195 2990 alius
1212 2933 1450 2989 dabitur
1472 2931 1708 2988 liberior
1727 2929 1921 2985 locus:

271 3042 407 3081 nam
439 3025 537 3090 iis,
572 3040 719 3094 quos
741 3024 867 3094 jam
897 3021 1186 3091 inchoavi,
1211 3020 1581 3077 absolvendis
1606 3017 1922 3091 aliquando

274 3132 366 3170 me
397 3114 636 3168 dedam.
665 3116 798 3168 Jam
819 3127 953 3167 vero
984 3115 1189 3183 praeter
1221 3109 1374 3181 illos,
1409 3125 1554 3180 quos
1584 3107 1723 3175 dixi,
1755 3105 1921 3160 libel-
1956 3176 1962 3182 .

270 3203 358 3258 los
389 3201 558 3256 valde
589 3199 759 3255 velim
791 3199 967 3255 etiam
997 3199 1092 3254 hic
1125 3198 1238 3271 legi
1268 3202 1325 3253 et
1363 3196 1687 3268 comparari
1720 3195 1920 3250 adver-
1953 3187 1995 3254 C

269 3291 459 3346 sarias
494 3287 787 3344 orationes
816 3287 1146 3360 Symmachi
1169 3291 1226 3342 et
1250 3285 1541 3341 Ambrosii
1571 3302 1583 3340 :
1618 3288 1684 3339 ut
1741 3298 1924 3355 quam

268 3395 514 3434 causam
547 3377 761 3432 acriter
789 3377 1048 3448 quidem,
1089 3375 1187 3431 sed
1223 3374 1493 3447 privatim
1537 3378 1760 3440 tamen,
1809 3387 1924 3444 quo

265 3474 538 3540 tempore
568 3465 916 3522 Christianis
947 3464 1140 3537 palam
1172 3479 1295 3520 esse
1327 3463 1417 3518 vix
1448 3461 1680 3532 licebat,
1733 3465 1925 3517 actam

258 3573 392 3613 esse
426 3573 498 3612 ex
527 3555 786 3611 Minucio
830 3555 1161 3620 audiemus,
1207 3553 1472 3608 eamdem
1533 3550 1738 3606 multis
1790 3554 1923 3622 post

261 3647 444 3702 annis
478 3644 712 3716 publice
750 3644 808 3698 in
840 3642 1030 3699 aulico
1061 3640 1406 3700 consistorio
1429 3641 1642 3696 iterum
1675 3639 1920 3695 iterum-

267 3751 392 3808 que
425 3733 710 3806 agitatam
744 3748 759 3788 :
796 3732 852 3786 in
876 3747 1059 3804 eaque
1089 3730 1343 3788 nobilem
1388 3731 1784 3785 Romanorum
1831 3745 1929 3783 sa-

261 3839 508 3879 crorum
542 3831 875 3894 patronum,
911 3821 1014 3892 qui
1062 3824 1150 3876 est
1198 3819 1464 3875 Pontifex
1513 3817 1805 3873 maximus
1871 3819 1929 3871 et

256 3913 584 3984 praefectus
659 3911 789 3966 urbi
840 3914 984 3976 erat,
1045 3924 1180 3964 eum
1248 3907 1502 3963 maximo
1552 3912 1610 3962 et
1648 3906 1928 3962 acerrimo

257 4001 553 4056 Autistite
615 3998 957 4056 Christianas
1009 3997 1305 4070 religionis
1358 3995 1763 4065 commissum,
1814 4010 1930 4066 quo

256 4095 537 4163 tempore
563 4089 744 4144 nostri
767 4087 937 4144 liberi
968 4090 1152 4158 erant,
1187 4090 1243 4142 et
1274 4086 1426 4142 bona
1459 4100 1741 4156 aequaque
1787 4100 1931 4139 con-

259 4178 521 4246 ditione,
565 4177 878 4233 audiamus
913 4193 925 4230 :
974 4174 1293 4248 prasertim
1327 4190 1456 4228 cum
1483 4175 1662 4245 judex
1693 4177 1748 4228 et
1776 4171 1931 4228 arbi-

258 4272 356 4324 ter
386 4268 642 4336 sederet,
668 4284 780 4322 non
805 4267 980 4321 modo
1010 4269 1128 4320 tam
1163 4263 1470 4336 religiosus
1517 4279 1695 4334 quam
1749 4261 1934 4316 Minu-

261 4356 428 4425 cius,
483 4355 590 4410 sed
646 4353 832 4410 multo
873 4353 1114 4424 majoris
1163 4351 1548 4417 auctoritatis,
1594 4354 1652 4406 et
1679 4351 1776 4422 qui
1810 4365 1933 4406 rem

267 4445 428 4500 bene
435 4443 764 4517 judicatam
790 4443 1050 4514 exsequi,
1081 4444 1138 4497 et
1158 4440 1473 4496 adversarii
1496 4438 1935 4495 calumniatoris

278 4533 683 4606 petulantiam
716 4533 1031 4605 reprimere
1078 4535 1251 4601 atque
1299 4545 1559 4584 coercere
1607 4532 1824 4601 posset.
1877 4527 1937 4583 Si
1967 4552 2014 4616 Ι)

275 4623 420 4693 quis
479 4623 737 4694 denique
779 4621 875 4676 hic
933 4620 1215 4692 adjungat
1282 4616 1593 4688 Augustini
1647 4617 1828 4672 libros
1866 4616 1937 4671 de

276 4712 399 4767 Civi
410 4717 530 4767 tate
551 4711 678 4776 Dei,
699 4711 771 4766 ad
789 4708 1004 4767 Octavii
1028 4707 1482 4780 disputationem
1506 4706 1756 4762 multum
1788 4705 1938 4760 lucis

277 4806 340 4856 et
371 4800 708 4874 splendoris
730 4797 1079 4870 adjunxerit.
1113 4798 1228 4869 Ego
1250 4797 1309 4852 in
1331 4795 1550 4851 talibus
1580 4799 1938 4850 commenta-

281 4891 391 4945 riis
419 4904 578 4945 nunc
598 4888 1002 4945 describendis
1024 4904 1138 4942 non
1161 4885 1548 4952 immorabor;
1574 4885 1675 4940 sed
1693 4883 1942 4938 breviter

283 4983 525 5033 tantum
558 4977 826 5034 delibabo
858 4977 1120 5048 quaedam
1152 4974 1343 5046 capita
1373 4973 1691 5030 Minuciani
1735 4970 1938 5040 libelli,

295 5071 366 5121 ut
396 5065 662 5124 lectorem
700 5082 1108 5140 praemoneam.

370 5157 520 5213 206
548 5157 808 5212 Caecilius
839 5154 1122 5228 principio
1153 5152 1352 5208 laudat
1390 5150 1584 5208 nescio
1615 5168 1789 5223 quam
1824 5150 1945 5206 sive

295 5246 702 5302 Academicam
733 5241 1244 5315 ἀκαταληψίανείνθ
1261 5239 1676 5313 Pyrrhonicam
1706 5238 1940 5314 ἐποχὴν,

303 5336 466 5406 quasi
500 5334 666 5391 nulla
703 5340 858 5390 esset
902 5331 1201 5406 religionis
1251 5329 1526 5397 scientia;
1559 5334 1617 5384 et
1665 5329 1947 5402 Epicurea

374 5498 451 5569 (6)
510 5496 892 5567 Transposita
941 5498 998 5550 et
1047 5491 1295 5569 confusa
1337 5490 1736 5569 vocabula.__(_3.
1789 5493 1944 5569 enim

314 5560 588 5637 Velleius,
641 5560 894 5636 senator;
955 5569 1042 5622 est
1095 5563 1191 5637 ille
1257 5560 1739 5637 Epicureus,_tib.
1783 5581 1828 5637 1,
1882 5563 1947 5620 de

307 5640 459 5698 Orat.
481 5633 600 5714 cap)
634 5655 712 5708 v1,
738 5633 887 5712 quid
905 5637 1060 5705 inde,
1091 5636 1164 5694 ab
1194 5650 1298 5695 vin
1324 5633 1511 5705 capite
1550 5634 1622 5691 ad
1653 5651 1768 5703 xxx,
1800 5635 1946 5692 Pro-

1678 319 2104 380 PROLEGOM
2117 320 2288 379 ENA.

1957 454 2013 520 Α
2042 452 2286 508 audacia
2307 452 2562 523 exagitat
2591 452 2690 508 Dei
2721 451 3169 525 providentiam,
3193 467 3372 525 prope
3393 455 3459 508 ut
3487 453 3584 510 ille
3605 455 3682 526 (6)

3533 323 3538 326 ’
3569 314 3685 382 2M

2043 545 2206 596 Cotta
2235 542 2386 610 apud
2419 541 2754 598 Ciceronem
2785 543 2842 596 in
2876 542 3044 598 libris
3079 541 3150 598 de
3197 541 3411 598 Natura
3441 542 3682 598 deorum

2042 629 2309 685 Octavius
2343 630 2766 686 Providentiam
2818 631 3094 695 defendit,
3138 647 3327 701 neque
3388 630 3461 685 iis
3504 631 3680 686 etiam

2041 720 2400 790 argumentis
2434 720 2513 774 uti
2539 719 2903 790 dedignatur,
2955 721 3170 790 quibus
3219 719 3493 784 Velleius,
3525 720 3681 790 apud

2040 808 2310 862 eumdem
2341 807 2671 862 Ciceronem
2706 806 2916 862 refellit
2945 811 3115 862 Cottae
3148 807 3485 863 vanitatem.
3514 808 3680 864 Greci-

2038 894 2154 951 lius
2185 896 2592 966 exprobrabat,
2625 895 2980 951 Christianos
3004 897 3141 963 Deo,
3163 900 3222 950 ut
3255 896 3488 950 cuidam
3514 897 3679 961 Fato,

2038 985 2324 1043 addicere.
2344 984 2631 1056 quidquid
2663 984 2855 1056 agitur
2875 985 3184 1056 geriturve.
3209 985 3326 1039 Abs
3339 985 3509 1039 verbo
3532 985 3676 1040 Fati.

2036 1074 2267 1130 tametsi
2299 1073 2497 1129 odioso
2533 1079 2766 1145 propter
2813 1073 3064 1144 ineptias
3107 1073 3456 1138 Stoicorum,
3481 1074 3577 1144 qui
3612 1091 3680 1129 ea

2034 1178 2170 1217 voce
2201 1162 2610 1227 abutebantur,
2636 1178 2750 1215 non
2779 1160 3054 1216 abhorret
3082 1160 3374 1216 Octavius.
3408 1161 3516 1215 Sed
3551 1160 3678 1216 lon-

2033 1250 2253 1324 giorem
2280 1267 2347 1305 ea
2367 1251 2438 1304 de
2463 1265 2524 1304 re
2556 1249 3012 1320 disputationem
3045 1250 3104 1305 in
3135 1249 3290 1305 aliud
3321 1253 3556 1321 tempus
3587 1266 3675 1306 re-

2023 1338 2177 1410 jicit,
2209 1342 2265 1395 et
2294 1355 2425 1394 eum
2459 1337 2634 1394 veluti
2676 1337 2981 1410 scopulum
3029 1342 3198 1394 caute
3247 1338 3476 1409 refugit.
3526 1339 3678 1394 Sane

2031 1428 2417 1500 Hieronymus
2464 1426 2523 1482 in
2573 1426 2870 1499 Catalogo,
2924 1431 2980 1482 et
3029 1428 3099 1483 ad
3155 1431 3427 1498 Magnum
3478 1428 3672 1498 (Epist.

2032 1516 2278 1588 Lxxxw),
2300 1516 2469 1571 testis
2507 1518 2596 1571 est
2628 1515 2940 1586 quemdam
2984 1516 3054 1570 de
3089 1517 3225 1571 Fato
3257 1515 3473 1570 librum
3532 1515 3671 1570 olim

2031 1604 2647 1676 Minucioinscriptum
2662 1604 2844 1659 fuisse
2869 1605 2998 1660 :sed
3020 1603 3229 1660 falsam
3253 1605 3433 1660 fuisse
3459 1604 3671 1660 inscri-

2028 1694 2287 1767 ptionem
2322 1697 2536 1748 monet.
2571 1695 2750 1748 Credo
2781 1692 2918 1747 illia
2947 1693 3302 1764 quibusdam
3335 1709 3459 1748 esse
3487 1693 3668 1748 ascri-

2031 1787 2217 1856 ptum,
2265 1781 2404 1855 quia
2450 1781 2544 1836 hic
2594 1781 2899 1837 videbatur
2943 1781 3057 1837 tale
3107 1781 3326 1852 aliquid
3373 1797 3500 1836 esse
3543 1779 3671 1851 pol-

2026 1871 2239 1928 licitus.
2273 1871 2587 1939 Arnobius,
2617 1887 2792 1941 quem
2816 1869 3055 1926 Minucii
3085 1868 3440 1940 discipulum
3455 1875 3511 1924 et
3539 1868 3667 1924 imi-

2031 1964 2277 2017 tatorem
2306 1958 2600 2032 appellare
2648 1958 2825 2026 soleo,
2848 1959 3020 2014 modo
3041 1959 3404 2014 adversarios
3443 1959 3514 2014 de
3546 1959 3660 2013 fato

2027 2053 2281 2117 accusat,
2317 2049 2486 2104 modo
2545 2047 2721 2104 etiam
2779 2047 3138 2103 Christianos
3177 2048 3377 2103 eodem
3432 2047 3668 2102 nomine

2026 2144 2331 2195 accusatos
2383 2137 2564 2193 fuisse
2606 2135 2904 2192 ostendit:
2941 2141 2997 2192 et
3065 2135 3125 2191 in
3167 2141 3415 2206 utraque
3470 2141 3668 2191 tamen

2029 2244 2226 2294 causa,
2258 2242 2393 2282 cum
2427 2226 2496 2280 ad
2531 2241 2652 2280 rem
2676 2233 2912 2280 ventum
2974 2229 3080 2295 est,
3135 2224 3315 2280 haeret
3369 2229 3426 2280 et
3477 2225 3670 2280 nescio

2030 2317 2323 2389 quomodo
2341 2314 2624 2370 attonitus
2641 2310 2846 2387 ἐπέχει.
2870 2313 3017 2369 Nam
3041 2314 3224 2384 (juvat
3243 2314 3399 2369 enim
3438 2319 3675 2385 propter

2031 2404 2354 2462 Minucium
2385 2409 2442 2460 et
2472 2403 2756 2474 quosdam
2789 2399 2932 2457 alios
2953 2403 3139 2458 obiter
3169 2402 3261 2458 hic
3312 2403 3530 2474 notare)
3576 2403 3674 2458 lib.

2029 2511 2130 2561 v11,
2159 2498 2542 2566 posteaquam
2559 2491 2867 2562 exagitavit
2915 2491 3115 2561 fatum,
3149 2491 3471 2562 praesertim
3509 2491 3679 2562 quale

2035 2583 2215 2639 Stoici
2249 2582 2585 2653 ﬁngebant:
2619 2603 2648 2632 ‹‹
2684 2581 2796 2636 Has
2817 2585 3033 2648 tamen,
3062 2579 3272 2651 inquit,
3304 2583 3518 2651 partes,
3541 2580 3680 2651 quia

2032 2688 2124 2728 res
2156 2671 2406 2727 nimium
2446 2668 2607 2741 longi
2637 2672 2725 2724 est
2756 2668 3038 2739 multique
3069 2671 3377 2740 sermonis,
3429 2667 3674 2740 inexpli-

2032 2763 2190 2815 catas
2211 2757 2672 2813 transcurrimus
2695 2760 2870 2829 atque
2901 2757 3171 2812 intactas.
3207 2779 3236 2806 »
3268 2758 3424 2812 Idem
3475 2757 3577 2812 lib.
3609 2774 3675 2826 II,

2031 2864 2165 2905 cum
2191 2847 2470 2903 scriberet
2497 2845 2856 2902 Christianos
2887 2845 3078 2916 urgeri
3115 2848 3370 2916 rogatos,
3429 2862 3502 2900 an
3548 2845 3675 2900 sine

2031 2936 2332 2992 voluntate
2362 2934 2465 2990 Dei
2496 2934 2819 3005 quidquam
2866 2933 3030 2988 fieret
3057 2932 3085 2988 ‘I
3114 2937 3235 2989 tam
3294 2949 3356 2988 se
3404 2933 3676 3002 utrinque

2032 3025 2220 3098 premi
2239 3024 2436 3094 sentit,
2461 3026 2545 3090 ut,
2577 3021 2649 3077 ad
2691 3019 3066 3089 elabendum,
3125 3021 3530 3093 deprecatione
3573 3038 3672 3076 cu-

2023 3114 2264 3186 jusdam
2324 3111 2664 3184 ignorantia:
2739 3114 3006 3166 utatur.»
3057 3111 3137 3178 Si,
3197 3110 3409 3182 inquit,
3468 3114 3678 3166 cuncta

2035 3204 2163 3274 ejus
2194 3201 2490 3258 voluntate
2521 3199 2922 3270 conﬁciantur,
2956 3215 3061 3256 nec
3108 3199 3254 3255 citra
3283 3201 3410 3271 ejus
3468 3205 3677 3255 nutum

2035 3291 2358 3364 quidquam
2392 3292 2580 3362 potest
2623 3289 2682 3344 in
2735 3289 2908 3344 rebus
2939 3288 3025 3344 vel
3051 3288 3349 3360 provenire
3380 3287 3465 3344 vel
3509 3289 3676 3344 cade-

2036 3398 2117 3446 re,
2138 3378 2465 3435 necessario
2488 3377 2754 3450 sequitur
2775 3381 2838 3432 ut
2859 3377 3014 3433 mala
3033 3377 3210 3432 etiam
3233 3383 3442 3431 cuneta
3482 3377 3680 3432 volun-

2038 3473 2153 3527 tate
2185 3470 2312 3540 ejus
2365 3466 2766 3538 intelligantur
2807 3465 3047 3534 enasci;
3108 3465 3200 3520 sin
3244 3469 3436 3521 autem
3488 3466 3680 3522 dicere

2033 3559 2421 3623 voluerimus,
2457 3555 2848 3628 pessimorum
2881 3555 2952 3610 ab
2983 3569 3049 3610 eo
3079 3553 3406 3625 rejicientes
3446 3571 3675 3626 causas,

2037 3647 2177 3704 mali
2209 3663 2337 3702 esse
2358 3645 2684 3709 conscium,
2707 3647 3225 3715 generatoremque
3247 3641 3468 3698 nullius
3491 3661 3510 3698 :
3541 3643 3678 3698 inci-

2038 3737 2202 3809 pient
2230 3734 2412 3792 videri
2443 3736 2546 3790 aut
2576 3749 2642 3789 eo
2672 3732 2854 3792 invito
2897 3748 2989 3788 res
3038 3731 3303 3803 pessimae
3350 3732 3494 3801 ﬁeri,
3554 3736 3674 3803 aut,

2038 3826 2194 3899 quod
2244 3825 2323 3880 sit
2369 3823 2629 3880 immane
2685 3822 2924 3892 dixisse,
2987 3822 3302 3892 nesciente,
3362 3823 3565 3895 ignaro
3615 3839 3679 3877 ac

2038 3913 2255 3970 nescio.
2287 3935 2316 3963 »

2108 4002 2257 4067 Quid
2279 4000 2459 4073 igitur
2474 4000 2735 4066 tandem,
2766 3998 2916 4054 inter
2945 3998 3052 4053 has
3074 3998 3248 4054 veluti
3271 3998 3678 4072 symplegadas

2041 4091 2416 4157 constrictus,
2440 4087 2750 4160 quaestioni
2773 4087 3129 4159 respondet?
3149 4109 3176 4137 «
3201 4087 3680 4158 Respondeamus

2040 4180 2258 4252 inquit,
2289 4194 2526 4234 necesse
2557 4180 2667 4242 est,
2699 4177 2922 4232 nescire
2954 4192 3060 4231 nos
3092 4175 3222 4243 ista,
3246 4182 3336 4230 etc
3362 4197 3387 4222 υ
3409 4176 3680 4230 Justinus

2043 4273 2216 4326 antea
2244 4267 2303 4322 in
2336 4283 2444 4322 sua
2472 4263 2752 4337 Apologia
2783 4281 2896 4320 non
2927 4263 3298 4319 dubitaverat
3327 4262 3423 4328 τὴν
3454 4267 3552 4329 τῆς
3604 4262 3678 4314 εἷ-

2048 4355 2329 4431 μαρμένης
2382 4352 2644 4427 ἀνάγκην,
2701 4356 2768 4407 ut
2829 4351 3104 4424 appellat,
3163 4355 3360 4422 aperte
3411 4351 3680 4417 inﬁciari,

2045 4445 2333 4517 planeque
2356 4441 2772 4513 rejicere,dum
2811 4440 3118 4511 scopulum
3141 4455 3348 4509 unum,
3372 4455 3544 4509 quem
3575 4440 3683 4494 im-

2047 4534 2269 4590 minere
2299 4529 2516 4601 alioqui
2551 4532 2735 4601 putat,
2793 4527 2918 4583 vult
2947 4528 3221 4598 effugere.
3253 4527 3425 4598 Atqui
3459 4531 3599 4582 tunc
3626 4529 3683 4582 in

2049 4623 2296 4680 alterum
2329 4617 2595 4684 incurrit,
2636 4633 2812 4688 quem
2862 4633 2978 4672 non
3027 4615 3223 4672 minus
3253 4622 3354 4672 aut
3394 4616 3686 4672 Minucius

2047 4708 2452 4768 autArnobius
2469 4703 2880 4762 reformidasse
2891 4705 3138 4761 videtur.
3158 4707 3416 4761 Tandem
3433 4723 3563 4762 vero
3577 4710 3688 4761 Au-

2049 4799 2323 4873 gustinus
2355 4797 2413 4853 in
2445 4797 2648 4852 eadem
2677 4793 2870 4850 Africa
2898 4794 3098 4851 volens
3137 4795 3312 4851 veluti
3345 4795 3687 4867 persolvere,

2051 4888 2202 4960 quod
2215 4885 2506 4942 Minucius
2532 4883 2828 4958 pollicitus
2849 4898 2978 4939 esse
2998 4884 3316 4949 dicebatur,
3339 4889 3396 4938 et
3425 4885 3577 4954 quod
3599 4883 3692 4936 hic

2053 4981 2327 5050 prmstare
2359 4975 2604 5032 fortasse
2631 4973 2780 5030 207
2818 4971 2913 5028 vix
2945 4972 3250 5044 potuisset,
3276 4971 3571 5026 cumulate
3603 4970 3695 5024 de-

2053 5065 2326 5137 pendere,
2362 5061 2659 5120 subtiliter
2683 5061 2952 5133 exposuit
2978 5059 3036 5114 in
3070 5060 3179 5115 hac
3208 5058 3526 5130 quaestione
3575 5074 3694 5111 me-

2054 5155 2215 5209 dium
2250 5152 2572 5223 quidpiam,
2608 5167 2722 5221 quo
2763 5147 3035 5204 satisﬁeri
3054 5163 3224 5218 posse
3249 5146 3532 5216 judicavit
3553 5146 3697 5200 utri-

2055 5258 2169 5314 que
2200 5240 2551 5296 difﬁcultati.
2585 5237 2856 5294 Sciebant
2884 5241 2940 5292 et
2996 5234 3287 5290 Minucius
3335 5237 3392 5288 et
3439 5235 3697 5290 Arnobiu

2055 5346 2324 5403 quaenam
2343 5328 2480 5384 olim
2513 5328 2722 5383 fuisset
2751 5323 3039 5381 dissensio
3073 5320 3508 5394 disputatioque
3552 5323 3704 5379 inter

2055 5489 2370 5568 videntiam
2403 5488 2747 5568 impugnat:
2782 5483 2994 5568 cuj.nC.
3046 5483 3230 5568 thta,
3291 5483 3703 5568 Academicus,

2055 5560 2368 5634 respondet
2386 5576 2420 5614 a
2441 5553 2689 5634 capillo
2704 5573 2800 5612 xxx
2812 5553 2882 5611 ad
2910 5553 3252 5611 ﬁnemlibri.
3276 5555 3439 5613 Adde
3473 5555 3705 5611 initium

2054 5630 2190 5692 libri
2209 5649 2270 5689 ιι.
2303 5630 2628 5704 (uxoriam)
