4064 6154
386 286 505 352 215
1684 286 1769 347 Μ.
1815 283 2042 347 MINU(

2155 282 2196 344 S
2243 282 2495 345 FELIX.
3676 282 3803 344 216

388 421 779 495 Chrysippum
812 422 871 476 et
898 418 1214 475 Diodorum
1244 416 1368 489 περὶ
1413 413 1650 471 δυνατῶν
1698 414 1788 470 καὶ
1840 414 2030 489 εἱμαρ-

2155 414 2371 470 Numen
2420 414 2647 471 invocat
2679 431 2693 472 :
2725 412 2897 472 sicuti
2926 416 2984 470 et
3018 413 3353 471 Lactantius
3394 412 3498 472 lib.
3519 431 3579 487 ιι,
3604 430 3710 488 cap
3739 416 3798 486 1,

396 508 580 583 μένης,
613 510 733 565 sive
763 510 834 564 de
866 509 1024 564 Fato.
1058 506 1206 565 Nam
1248 512 1303 562 et
1334 522 1439 563 nos
1469 523 1537 562 ex
1562 506 1831 563 Cicerone
1853 510 2029 575 atque
2139 503 2219 557 ait
2248 503 2563 572 ethenicos,
2597 520 2730 558 cum
2772 505 3063 574 jurarent,
3116 504 3285 559 Deum
3337 504 3551 574 potius,
3615 521 3801 575 quam

391 598 703 655 Plutarcho
735 596 893 652 illam
926 601 1224 666 utcunque
1256 594 1686 667 cognoscimus.
1722 594 1833 649 Sed
1866 608 1938 648 ne
1969 592 2030 647 in
2137 592 2318 648 Jovem
2351 592 2704 647 nominasse.
2740 592 2801 647 In
2844 593 3080 663 antiqua
3111 591 3364 647 formula
3404 592 3802 663 jurisjurandi

391 689 571 757 hujus
592 686 828 759 quidem
841 684 1144 756 judicibus
1166 689 1222 739 et
1246 684 1480 739 arbitris
1503 684 1685 739 nostri
1708 682 2029 754 quidquam
2141 679 2307 736 Rom.
2362 681 2699 736 nominatur
2761 680 3067 752 Diespiter.
3119 681 3228 737 Sed
3294 682 3511 748 Cicero,
3553 681 3656 739 lib.
3714 698 3798 737 vn

392 775 927 848 deprehendebant,
960 774 1113 845 quod
1136 774 1375 829 omnino
1392 776 1795 844 sequerentur.
1831 772 2033 842 Itaque
2144 769 2319 839 Epist.
2352 786 2421 841 ap
2454 771 2687 837 Trebat.,
2720 770 2883 835 dixit,
2927 790 2949 817 ι
2986 771 3186 840 jurare
3215 770 3419 825 Jovem
3450 770 3728 842 lapidem.
3765 792 3795 820 η

389 864 672 938 quamdiu
700 880 812 919 non
842 863 1122 933 liquebat,
1155 863 1398 933 amplius
1429 861 1808 933 pronuntiare
1853 876 2032 932 quam
2142 858 2304 930 Saepe
2329 859 2504 914 etiam
2534 860 2695 915 Jovis
2728 859 3068 915 meminisse
3091 858 3235 915 olim
3248 861 3514 929 jurantes
3547 864 3796 930 constat,

388 958 606 1010 temere
628 952 785 1007 aliud
820 951 1139 1022 statimque
1168 950 1411 1006 deﬁnire
1444 950 1798 1005 maluerunt.
2143 950 2201 1001 et
2230 948 2385 1018 apud
2408 948 2634 1003 Grmcos
2664 946 2791 1009 Ζεὺς
2823 945 3008 1023 ὅρκιος
3048 952 3137 1005 est
3176 947 3522 1020 appellatus.
3580 949 3800 1003 Mirum

463 1042 654 1098 Redeo
693 1039 1002 1096 Caecilium.
1036 1041 1089 1095 Is
1119 1056 1359 1096 suorum
1411 1039 1724 1094 numinum
1774 1036 2034 1109 antiqui-
2144 1050 2299 1103 vero,
2324 1037 2479 1107 quod
2510 1036 2769 1093 Caecilius
2799 1037 3103 1110 gloriatur,
3150 1037 3363 1109 ignotis
3392 1037 3572 1093 etiam
3606 1037 3803 1092 numi-

388 1136 592 1202 tatem,
618 1130 1266 1202 passimquereceptam
1290 1127 1722 1196 auctoritatem,
1744 1132 2037 1197 quantum
2148 1124 2323 1179 nibus
2355 1124 2649 1182 Romanos
2698 1143 2829 1181 aras
2876 1126 3251 1182 exstruxisse.
3301 1127 3445 1184 Nam
3480 1126 3621 1198 quid
3687 1126 3801 1182 hoc

393 1224 605 1293 potest,
638 1222 853 1275 tuetur.
886 1217 1350 1273 Christianorum
1386 1217 1570 1273 Deum
1592 1232 1793 1272 verum
1822 1219 1878 1271 et
1914 1215 2040 1270 uni-
2148 1212 2257 1269 hoc
2289 1212 2446 1269 aliud
2476 1219 2774 1285 est,quam
2795 1230 3051 1271 errorem
3075 1215 3333 1271 conﬁteri
3355 1214 3596 1271 ?Talem
3630 1232 3801 1271 aram

397 1325 532 1365 eum
561 1308 816 1380 exagitat
848 1332 863 1375 ;
889 1312 947 1363 et
972 1322 1070 1363 eos
1099 1307 1321 1362 interea
1348 1310 1630 1377 tanquam
1663 1304 1854 1367 ἀθέους
1905 1318 2038 1375 pro-
2148 1300 2364 1357 Paulus
2392 1302 2637 1359 Athenis
2657 1304 2873 1360 vidisse
2904 1320 2966 1359 se
2986 1304 3086 1373 ait,
3120 1308 3179 1359 et
3234 1320 3303 1359 ex
3350 1319 3419 1359 ea
3466 1304 3651 1359 sumit
3705 1321 3802 1359 ar-

393 1397 626 1453 scindit.
657 1397 927 1451 Octavius
973 1394 1268 1450 idolorum
1323 1393 1583 1450 fabulam
1614 1399 1671 1449 et
1725 1392 2040 1448 vanitatem
2151 1394 2497 1461 gumentum
2528 1392 2972 1448 conviencendaa
2998 1392 3177 1463 hujus
3199 1391 3569 1464 ignorantiae,
3593 1392 3808 1448 docen-

402 1486 554 1542 salse
582 1485 859 1551 traducit,
890 1485 1099 1540 iisdem
1131 1483 1510 1539 etiamverbis
1529 1500 1674 1539 usus
1696 1482 1913 1554 quibus
1943 1483 2042 1552 Cy-
2150 1478 2477 1551 dorumque
2521 1481 2980 1537 Atheniensium.
3013 1480 3211 1553 Neque
3248 1482 3308 1536 in
3354 1481 3539 1537 Attica
3600 1481 3803 1551 modo,

403 1574 645 1649 prianus
676 1575 733 1629 in
792 1574 993 1629 eodem
1043 1576 1386 1644 argumento
1417 1573 1621 1627 utitur.
1663 1572 1859 1642 Neque
1909 1585 2041 1625 vero
2151 1568 2253 1622 sed
2284 1574 2340 1623 et
2371 1569 2430 1624 in
2473 1568 2629 1625 Elide
2686 1570 2868 1626 fuisse
2925 1586 3058 1626 aras
3113 1570 3195 1625 ita
3250 1569 3585 1641 inscriptas,
3630 1570 3803 1626 testis

400 1664 661 1720 difﬁcilis
709 1663 818 1718 fuit
874 1660 1268 1733 reprehensio,
1321 1677 1452 1716 cum
1487 1661 1724 1732 quidem
1756 1664 1813 1715 et
1851 1659 2041 1730 ipsius
2151 1661 2239 1712 est
2267 1657 2345 1728 (7)
2378 1657 2720 1714 Pausanias.
2749 1664 2816 1714 Et
2837 1660 3082 1715 fortasse
3112 1663 3313 1731 postea
3343 1658 3635 1724 Octavius,
3660 1674 3802 1714 cum

398 1752 693 1809 Ciceronis
718 1751 850 1807 libri
878 1751 947 1825 de
972 1750 1191 1805 Natura
1248 1750 1492 1848 deorum
1535 1747 1711 1804 veluti
1736 1748 2044 1847 .suoll‘raga-
2077 1784 2123 1848 B
2152 1746 3805 1848 docereCze'ciliuminstituit,Pauliexemploinderepetiit

400 1845 619 1897 rentur.
652 1840 796 1896 Nam
827 1844 885 1894 et
907 1838 1220 1905 Arnobius,
1250 1837 1329 1892 lib
1369 1854 1458 1903 III,
1498 1841 1631 1909 post
1660 1836 2036 1908 principium,
2077 1836 2122 1848 ν
2151 1851 2269 1889 suae
2292 1836 2660 1892 catecbeseos
2683 1839 2753 1892 de
2783 1836 2902 1891 veri
2934 1837 3033 1893 Dei
3059 1836 3387 1908 cognitione
3417 1836 3799 1908 principium.

399 1930 568 1987 testis
599 1934 707 2000 est,
730 1932 1031 2000 propterea
1053 1926 1335 1997 quosdam
1352 1924 1815 1982 Christianorum
1847 1925 2045 1980 hostes
2226 1923 2373 1979 Illud
2407 1940 2641 1996 quoque
2666 1926 2879 1980 mirum
2909 1925 3087 1981 videri
3110 1928 3321 1996 posset.
3350 1924 3640 1980 Caecilium
3672 1925 3805 1996 glo-

401 2018 716 2089 aliquando
744 2040 771 2068 c.
806 2016 1175 2085 mussitasse,
1208 2015 1387 2069 libros
1411 2013 1545 2069 illos
1576 2016 1751 2085 jussu
1803 2018 2043 2069 senatus
2154 2011 2306 2078 Iiari,
2347 2035 2373 2066 ι
2403 2030 2531 2085 quae
2563 2014 2716 2086 apud
2775 2014 2919 2071 alios
2971 2013 3218 2086 populos
3276 2012 3505 2084 singula
3552 2014 3805 2068 numina

402 2107 720 2163 abolendos
773 2110 947 2175 atque
973 2104 1429 2158 concremandos
1460 2119 1607 2158 esse.
1640 2124 1668 2152 ››
1697 2103 1843 2166 Quid
1866 2102 1893 2157 ?
1951 2118 2043 2156 res
2157 2101 2449 2169 coluntur,
2483 2103 2753 2158 universa
2774 2103 2967 2159 Romae
3000 2102 3108 2158 coli
3135 2119 3147 2159 :
3176 2124 3203 2152 ››
3235 2102 3381 2157 nihil
3412 2106 3477 2158 ut
3516 2102 3802 2175 supersit,

405 2196 531 2265 ipsa
554 2212 680 2267 quaa
702 2193 945 2250 abssuis
966 2208 1198 2263 quoque
1218 2190 1538 2247 cultoribus
1560 2195 1649 2246 est
1682 2189 2050 2261 irrisa(nulla
2159 2206 2336 2260 quam
2372 2196 2435 2246 ut
2465 2208 2638 2247 suum
2670 2192 2966 2247 Pantheon
2996 2191 3247 2264 gloriose
3302 2196 3573 2248 ostentet.
3626 2191 3808 2263 Atqui

407 2284 565 2339 enim
594 2298 855 2353 unquam
887 2279 1121 2336 stultior
1148 2284 1323 2351 atque
1352 2280 1606 2351 ineptior
1645 2278 1843 2334 fabula
1872 2277 2051 2333 ullius

409 2371 842 2445 superstitionis
866 2369 1017 2441 fuit),
1037 2368 1188 2423 ultro
1203 2384 1329 2425 sese
1341 2367 1656 2424 refellebat.
1681 2368 1790 2423 Sed
1813 2372 1872 2423 et
1893 2367 2049 2438 quod

413 2464 528 2519 huc
544 2460 894 2535 pertinebat,
918 2457 1082 2514 facile
1107 2457 1433 2513 describere
1453 2457 1645 2529 potuit
1670 2457 1961 2512 Minucius
1982 2471 2052 2511 ex

412 2549 795 2619 Tertulliano,
823 2547 1073 2616 Justino,
1097 2546 1482 2617 Athenagora,
1516 2544 1839 2617 Theophilo
1865 2563 1879 2601 :
1911 2549 1975 2601 ut
1998 2550 2055 2601 et

412 2646 616 2713 postea
642 2655 712 2694 ex
738 2636 987 2692 Minucio
1034 2635 1347 2703 Arnobius,
1399 2635 1759 2701 Lactantius,
1805 2635 2050 2690 Ambro-

408 2729 552 2801 sius,
581 2726 967 2800 Augustinus,
1011 2741 1147 2781 eum
1194 2725 1460 2780 eamdem
1505 2740 1744 2780 causam
1792 2728 2047 2795 agerent.

407 2820 572 2876 Certe
602 2815 759 2888 quod
792 2812 1063 2869 Octavius
1094 2812 1163 2868 de
1184 2813 1435 2869 Saturno
1454 2818 1676 2881 narrat,
1710 2812 2048 2868 Lactantius

404 2905 603 2978 ipsum
626 2902 947 2960 Minucium
978 2906 1273 2958 auctorem
1305 2900 1553 2957 laudans
1583 2902 1814 2975 repetit,
1838 2902 2045 2958 latius-

406 3010 519 3067 que
539 2992 776 3065 expOnit
793 2991 893 3047 lib.
922 3008 965 3058 1,
996 3006 1101 3063 cap
1147 2989 1235 3046 41.
1264 2990 1337 3047 Ut
1357 2995 1552 3046 autem
1570 2990 1839 3047 Octavius
1861 2994 2043 3047 totam

405 3082 662 3139 fabulam
712 3081 983 3136 Romanis
1029 3079 1464 3152 superstitionis
1494 3079 1647 3137 salse
1693 3080 2041 3148 subsannat,

2159 2280 2429 2335 obstabat
2459 2280 2548 2335 lex
2578 2280 2826 2348 Romuli,
2879 2297 3006 2352 quas
3035 2280 3371 2353 peregrinos
3403 2281 3541 2336 deos
3569 2280 3678 2336 coli
3707 2297 3809 2336 ve-

2161 2369 2343 2423 tabat.
2376 2368 2656 2425 Obstabat
2684 2369 2971 2425 Ciceronis
3002 2370 3311 2437 sententia,
3349 2368 3450 2440 qui
3506 2370 3809 2425 confusio-

2164 2473 2295 2513 nem
2330 2457 2675 2530 religionum
2705 2459 2920 2531 alioqui
2955 2459 3074 2514 fore
3103 2457 3461 2529 pronuntiat.
3491 2458 3602 2515 Sed
3636 2475 3812 2531 pere-

2162 2547 2362 2619 grinos
2398 2547 2643 2603 fortasse
2692 2564 2806 2603 non
2850 2547 3213 2618 judicabant,
3269 2546 3405 2618 quia
3448 2547 3576 2619 jam
3635 2552 3811 2603 erant

2162 2636 2394 2709 publice
2424 2637 2689 2702 acciti,et
2742 2636 2919 2692 veluti
2955 2636 3185 2693 civitate
3235 2636 3454 2692 donati.
3510 2637 3604 2692 Sic
3662 2638 3811 2694 urbs

2160 2724 2281 2793 illa,
2310 2742 2436 2797 qua;
2472 2726 2543 2780 ab
2597 2725 2865 2781 Athenae
2897 2726 3016 2793 (lib.
3052 2742 3091 2791 ι,
3123 2741 3242 2797 cap.
3301 2726 3389 2796 17)
3443 2723 3585 2780 scite
3648 2725 3817 2782 dicta

2158 2819 2280 2870 erat
2310 2812 2544 2885 ἐπιτομὴ
2575 2819 2675 2881 τῆς
2706 2812 3056 2885 οἰκουμένης,
3115 2816 3267 2869 salse
3322 2814 3427 2869 abs
3483 2812 3809 2887 Theophilo

2157 2909 2356 2959 nostro
2388 2909 2524 2959 ante
2555 2903 2792 2959 Minucii
2823 2908 3072 2972 aetatem,
3105 2902 3397 2975 appellata
3426 2907 3515 2958 est
3560 2899 3805 2975 ἐπιτομὴ

2154 2998 2256 3061 τῆς
2308 2988 2751 3064 δεισιδαιμονίας.
2811 2992 2956 3048 Nam
3005 2996 3063 3047 et
3090 2990 3488 3047 Tertullianus
3544 2992 3634 3062 (de
3662 2991 3809 3064 Spe-

2160 3083 2411 3149 ctaculis,
2447 3099 2495 3137 c.
2519 3082 2573 3153 6)
2606 3081 2847 3151 dixerat,
2884 3101 2911 3133 α
2954 3080 3013 3136 in
3044 3097 3113 3136 ea
3168 3080 3505 3136 consedisse
3558 3096 3816 3136 conven-

406 3173 491 3229 sic
520 3175 577 3227 et
599 3171 863 3242 ipsorum
888 3167 1281 3235 oraculorum,
1315 3169 1533 3240 quibus
1569 3172 1872 3241 tantopere
1924 3168 2047 3241 glo-
2080 3143 2122 3210 δ
2162 3176 2287 3227 tum
2319 3170 2761 3241 daemoniorum,
2797 3192 2826 3220 ››
2880 3169 3222 3242 curiamque
3268 3170 3529 3224 deorum.
3581 3170 3819 3226 Interea

416 3260 723 3315 riabantur
751 3257 987 3327 ethnici,
1007 3257 1323 3314 vanitatem
1345 3256 1639 3329 eleganter
1666 3257 1960 3314 ostendit:
1982 3274 2049 3313 ac

410 3352 545 3405 ante
595 3365 764 3404 suam
822 3348 1057 3420 quidem
1098 3350 1324 3401 aetatem
1356 3345 1658 3402 oraculum
1726 3345 2051 3418 Appollinis

415 3438 597 3508 Pythii
633 3437 880 3493 desiisse
910 3436 1220 3508 signiﬁcat,
1247 3435 1420 3490 sicuti
1442 3439 1500 3490 et
1530 3434 1877 3490 Plutarchus
1905 3436 2050 3489 fate-

410 3531 508 3583 tur
527 3525 893 3597 temporibus
915 3524 1145 3580 Adriani
1173 3524 1541 3595 imperatoris
1561 3524 1729 3596 plane
1747 3524 2048 3579 defecisse.

412 3614 507 3670 Sic
532 3613 710 3681 enim,
736 3629 871 3668 cum
902 3612 1245 3668 Christianae
1274 3610 1572 3684 religionis
1600 3613 1812 3667 veritas
1832 3611 2049 3667 invale-

410 3707 618 3771 sceret,
651 3717 888 3757 necesse
917 3700 1031 3755 fuit
1049 3700 1791 3772 evanescereimposturam
1817 3700 2050 3755 illorum

405 3793 511 3843 τῶν
546 3787 920 3863 χρηστηρίων.
945 3793 1121 3844 Porro
1151 3788 1422 3845 Octavius
1467 3790 1539 3844 de
1594 3790 1955 3845 daemonibus
1995 3793 2052 3845 et

406 3891 629 3949 eorum,
663 3894 797 3934 cum
824 3878 930 3933 abs
962 3876 1306 3934 Christianis
1366 3878 1738 3949 adjurantur,
1797 3878 2049 3949 trepida-

404 3966 561 4022 tione
594 3971 811 4035 narrat,
844 3966 995 4038 quod
1027 3970 1199 4021 antea
1226 3966 1500 4022 Justinus
1546 3972 1604 4022 et
1652 3966 2048 4023 Tertullianus

408 4055 468 4110 in
486 4059 796 4127 Apolog.et
812 4054 1133 4126 Cyprianus
1148 4059 1348 4111 contra
1392 4055 1831 4112 Demetrianum
1846 4063 1902 4111 et
1915 4061 2048 4129 post

404 4160 473 4200 ea
504 4145 849 4199 Lactantius
879 4143 977 4199 lib.
1007 4146 1237 4215 quarto,
1270 4160 1398 4215 cap.
1447 4143 1721 4217 vicesimo
1774 4146 2045 4217 septimo.

408 4233 609 4305 Itaque
632 4231 797 4288 facile
819 4231 1029 4288 refellit
1058 4232 1254 4304 ipsum
1277 4249 1510 4305 quoque
1530 4232 1865 4305 Ulpianum,
1891 4233 2051 4289 Chri-

406 4325 627 4393 stanos,
658 4327 723 4377 ut
751 4322 1121 4394 impostores,
1154 4321 1355 4392 hujus,
1389 4327 1454 4377 ut
1508 4327 1734 4389 vocant,
1760 4322 2047 4378 exorciza-

405 4410 584 4467 tionis
615 4410 1160 4480 causa,irridentem
1186 4411 1329 4482 Lege
1348 4411 1399 4480 1,
1429 4410 2041 4480 deExtraord.Cognit.

2161 3277 2275 3316 non
2306 3264 2523 3316 temere
2554 3260 2791 3331 adjecit,
2823 3257 2941 3314 illic
2973 3258 3203 3330 quidvis
3234 3256 3441 3325 colere,
3469 3259 3569 3328 jus
3601 3257 3815 3329 fuisse,

2160 3355 2370 3422 praeter
2401 3353 2580 3404 Deum
2613 3364 2836 3404 verum.
2864 3349 3080 3419 Estque
3112 3348 3366 3418 profecto
3407 3348 3815 3420 memorabile,

2160 3440 2316 3511 quod
2338 3436 2815 3511 Augustinuslib.
2851 3437 3244 3495 IdeConsensu
3291 3436 3817 3508 Evangelislarum,

2160 3544 2288 3599 cap.
2318 3528 2404 3593 18,
2436 3526 2662 3592 scribit,
2713 3543 2817 3581 cur
2871 3525 3038 3581 illum
3101 3541 3286 3597 unum
3344 3542 3460 3580 non
3515 3525 3816 3585 coluerint

2160 3616 2426 3684 Romani,
2460 3615 2560 3687 qui
2592 3615 2858 3671 colebant
2904 3630 3105 3671 omnes
3138 3614 3304 3670 alios.
3369 3614 3530 3682 Quia,
3587 3614 3815 3687 inquit,

2157 3706 2333 3762 solum
2353 3720 2410 3760 se
2437 3705 2544 3761 coli
2566 3703 2819 3774 voluerit,
2855 3704 2983 3761 illo:
3004 3712 3190 3759 autem
3204 3704 3335 3759 deos
3367 3702 3641 3771 Gentium,
3673 3718 3815 3775 quos

2159 3796 2256 3851 isti
2274 3796 2395 3866 jam
2415 3794 2677 3862 colebant,
2710 3793 2820 3849 coli
2844 3792 3211 3865 prohibuerit.
3270 3791 3415 3848 Cum
3487 3796 3683 3848 autem
3734 3793 3814 3849 de

2159 3883 2285 3954 ipso
2309 3882 2536 3939 Christo
2569 3886 2939 3953 quaereretur,
2972 3881 3086 3938 alia
3106 3881 3283 3937 etiam
3314 3898 3493 3937 causa
3525 3881 3653 3949 fuit,
3700 3896 3816 3939 cur

2159 3977 2399 4027 senatus
2430 3970 2792 4028 reclamaret.
2825 3975 3024 4039 Porro,
3056 3970 3505 4040 utAugustinus
3535 3970 3593 4025 in
3636 3986 3704 4025 eo
3736 3969 3813 4026 li-

2159 4061 2263 4116 bro
2295 4060 2481 4116 multa
2512 4059 2788 4131 inculcat,
2817 4077 2942 4132 quae
2964 4075 3033 4114 ex
3063 4064 3261 4114 nostro
3294 4058 3527 4114 Octavio
3557 4059 3815 4130 repetita

2155 4150 2337 4205 videri
2370 4153 2609 4222 possent
2637 4167 2651 4217 ;
2675 4149 2760 4203 sic
2788 4154 2864 4216 et,
2899 4150 3051 4221 quod
3078 4147 3372 4219 eleganter
3393 4147 3705 4219 respondet
3735 4148 3815 4205 de

2158 4238 2379 4294 excidio
2412 4236 2957 4309 Hierosolymitono,
2983 4236 3203 4291 Octavii
3234 4236 3305 4290 de
3334 4236 3537 4291 eadem
3594 4251 3655 4290 re
3714 4252 3812 4291 re-

2157 4327 2533 4398 sponsionem
2563 4326 2891 4382 conﬁrmat.
2913 4326 3024 4381 Sed
3039 4323 3273 4396 singula
3293 4340 3451 4380 nunc
3475 4323 3811 4381 describere

2159 4415 2302 4471 nihil
2333 4416 2559 4471 attinet.
2594 4414 2785 4471 Redeo
2816 4415 2886 4471 ad
2914 4414 3309 4469 Minucianum
3334 4411 3719 4467 auditorium.

408 4499 643 4554 Imaneo
661 4515 775 4554 non
792 4498 971 4554 fuisse
992 4497 1346 4554 exorcismos
1366 4498 1787 4569 posterioribus
1809 4517 2045 4573 quoque
2074 4505 2122 4570 D
2224 4504 2491 4561 Caecilius
2548 4504 2912 4560 Christianos
2997 4506 3253 4569 accusat,
3305 4501 3459 4573 quod
3492 4523 3519 4549 ‹‹
3578 4500 3807 4573 templa

405 4586 791 4658 temporibus,
825 4590 883 4642 et
910 4586 1092 4642 fuisse
1123 4587 1453 4658 frequentes
1475 4588 1534 4642 in
1549 4586 1822 4657 Ecclesia,
1865 4590 2041 4646 intel-

402 4673 506 4747 ligi
537 4690 768 4747 quoque
814 4678 1008 4746 potest
1045 4691 1115 4731 ex
1153 4678 1362 4747 Optato
1418 4677 1548 4732 Afro
1578 4682 1634 4734 et
1686 4680 2040 4751 Augustino,

399 4763 783 4836 scriptoribus
813 4782 845 4819 a
864 4763 1115 4819 Minucio
1146 4764 1389 4820 minime
1418 4764 1643 4823 alienis.

468 4852 582 4909 Sed
614 4857 671 4909 et
700 4854 769 4909 de
826 4853 943 4909 Deo
987 4852 1157 4909 unico
1195 4853 1381 4911 multa
1430 4854 1705 4912 Octavius
1763 4857 2033 4931 inculcat,

393 4958 507 4998 non
538 4942 855 4999 dissimilia
902 4942 995 5009 iis,
1020 4959 1146 5014 quae
1176 4942 1449 4998 Justinus
1486 4942 1611 5017 περῖ
1671 4945 1927 5020 Μοναρχ.
1977 4953 2036 5005 et

388 5031 659 5088 Clemens
686 5031 1115 5087 Alexandrinus
1141 5030 1508 5103 collegerant.
1540 5032 1685 5089 Nam
1719 5038 1777 5088 et
1801 5040 1999 5090 utrum

388 5136 503 5192 que
521 5120 735 5194 legisse
757 5125 956 5176 noster
977 5119 1182 5190 potuit.
1208 5119 1406 5190 Neque
1422 5136 1553 5175 vero
1580 5121 1851 5191 praeterit,
1876 5124 2029 5193 quod

385 5209 708 5282 Cyprianus
742 5212 927 5280 urget,
959 5207 1154 5278 ipsum
1185 5223 1417 5278 quoque
1446 5207 1658 5280 vulgus
1688 5210 2032 5267 naturaliter

385 5297 679 5370 appellare
706 5297 893 5353 Deum
926 5295 1078 5351 208
1112 5312 1299 5350 unum
1350 5301 1408 5352 et
1454 5296 1833 5369 singularem,
1893 5316 2027 5357 eum

460 5458 546 5532 (7)¹
578 5455 898 5511 Pausanias
923 5454 1118 5510 ﬁliae.
1168 5472 1205 5521 ι,
1256 5472 1379 5528 cap.
1436 5457 1501 5511 14
1547 5454 1832 5532 ἀγνώστων
1885 5461 2018 5515 θεῶν

382 5524 828 5667 pmEgiscClemens
856 5598 1231 5668 Protreptrico
1276 5598 1347 5654 ad
1395 5597 1599 5671 Gentes,
1646 5618 1705 5675 p.
1734 5602 1852 5658 58:
1906 5608 2022 5656 Δει-

2151 4600 2435 4666 tanquam
2489 4594 2666 4649 busta
2723 4592 3135 4664 despiciant.»
3214 4591 3449 4647 Fatetur
3498 4589 3801 4646 Octavius.

2150 4683 2297 4739 Nam
2356 4688 2412 4739 et
2468 4682 2738 4738 Clemens
2786 4680 3211 4737 Alexandrinus
3281 4679 3337 4733 in
3408 4681 3801 4753 Προτρεπτικῷ

2149 4777 2322 4829 antea
2355 4772 2713 4845 probaverat,
2746 4769 2847 4826 illa
2877 4786 3004 4826 esse
3034 4770 3109 4841 (8)
3143 4766 3432 4839 sepulcra.
3466 4767 3572 4822 Sed
3606 4768 3800 4824 Arno-

2150 4861 2281 4919 bius
2313 4860 2413 4916 lib.
2447 4878 2501 4916 v1
2535 4883 2563 4911 «
2593 4858 2812 4932 templa
2841 4858 2997 4915 busti
3043 4856 3341 4930 superlata
3365 4877 3393 4904 »
3446 4855 3627 4911 fuisse
3687 4855 3794 4911 ait.

2145 4950 2427 5007 Craterum
2465 4949 2783 5006 Christiani
2808 4948 2923 5004 alia
2943 4951 3144 5019 postea
3193 4946 3417 5000 ratione
3447 4960 3517 4999 ex
3546 4959 3795 5000 suorum

2146 5044 2467 5110 martyrum
2495 5038 2798 5111 sepulcris,
2827 5054 2941 5092 non
2970 5036 3140 5091 modo
3160 5032 3399 5105 templa,
3433 5032 3532 5088 sed
3564 5036 3622 5087 et
3650 5033 3799 5088 alta-

2144 5127 2231 5182 ria
2247 5128 2576 5183 effecerunt.
2597 5127 2794 5198 Neque
2817 5142 2929 5180 non
2952 5122 3443 5196 potuitMinueius
3459 5137 3527 5177 ea
3546 5120 3790 5177 vidisse.

2142 5216 2251 5272 Sed
2284 5216 2365 5272 ita
2394 5221 2478 5272 est
2504 5216 2776 5288 profecto.
2809 5215 2878 5270 Et
2910 5213 2960 5270 si
2994 5215 3246 5283 majores
3272 5209 3456 5268 nostri
3486 5208 3793 5282 religionis

2141 5308 2375 5361 nomine
2409 5303 2595 5362 multa
2626 5304 2878 5359 facerent
2902 5302 2961 5357 in
2994 5300 3248 5374 speciem
3278 5298 3498 5357 similia
3526 5297 3619 5365 iis,
3654 5308 3787 5371 quae

2135 5463 2352 5536 avov'rsc
2406 5466 2513 5518 τῶν
2568 5459 2811 5517 εἰδώλων
2871 5462 2937 5515 τὰ
2997 5459 3219 5533 τεμένη,
3277 5456 3478 5536 τάφους
3542 5456 3694 5518 τινὰς
3748 5456 3787 5524 ἣ

2134 5533 2503 5611 δεσμωτήρια.
