4050 6172
250 365 343 430 217

1569 346 2183 414 PROLEGOMENA.

3456 329 3580 394 218

248 498 304 554 ab
327 490 535 552 ethnicis
565 488 810 546 ﬁebant:
851 491 1070 559 tamen,
1104 487 1256 545 209
1307 487 1447 560 quia
1494 485 1643 542 alius
1693 486 1820 540 erat
1850 490 1899 552 Α
1930 483 2118 538 stiano
2163 499 2278 539 non
2326 481 2562 538 licuisse
2609 491 2885 544 cremare,
2920 477 2978 532 et
3015 467 3296 560 (ineunte)
3328 465 3476 524 libro
3506 465 3578 560 de

247 586 350 641 ﬁnis
374 583 610 652 aliusque
638 595 802 645 usus,
855 596 962 633 sua
993 595 1159 633 sacra
1207 576 1434 632 defendi
1478 591 1649 647 posse
1680 573 1822 629 scie-

245 676 368 739 bant,
396 670 488 725 etsi
518 668 755 724 aliorum
787 665 1119 736 κακοζηλίαν
1166 667 1536 721 damnarent.
1589 662 1818 719 Sacrifi-

242 763 416 816 ciorum
447 759 823 814 Romanorum
855 758 1004 812 ritus
1037 772 1214 828 quam
1237 753 1402 809 valde
1426 750 1701 808 irridentl
1737 753 1825 805 At-

244 850 316 921 qui
342 865 440 903 non
483 846 779 903 dissimilis
823 845 961 901 olim
1015 861 1237 908 eorum,
1290 860 1418 915 quae
1466 841 1591 913 lege
1629 839 1826 896 divina

241 938 416 993 Judzeis
443 937 706 990 mandata
738 939 925 1004 erant,
960 935 1144 988 forma
1177 932 1304 987 fuit.

293 1025 421 1082 Estsi
449 1030 630 1079 autem
663 1023 979 1079 Christiani
1027 1026 1197 1077 aetate
1228 1020 1413 1076 nostri
1455 1017 1695 1076 Minucii
1721 1034 1828 1074 sua

242 1113 412 1185 templa
435 1113 673 1184 superbe
699 1111 961 1167 attollere
992 1112 1062 1166 ad
1096 1110 1424 1181 exemplum
1457 1107 1823 1164 ethnicorum

241 1221 325 1258 non
353 1207 601 1274 possent:
663 1207 854 1256 tamen
913 1217 1052 1255 suas
1096 1198 1303 1254 saltem
1358 1198 1650 1253 habebant
1696 1211 1826 1266 cry-

240 1295 356 1364 ptas,
383 1297 431 1344 et
457 1291 737 1361 quasdam
778 1289 952 1344 etiam
984 1289 1134 1344 aedes
1176 1292 1233 1342 et
1279 1288 1489 1342 domus
1542 1301 1738 1341 sacras
1766 1283 1826 1338 in

242 1380 412 1452 apertis
439 1386 490 1434 et
527 1379 699 1435 editis
745 1378 911 1445 locis,
965 1383 1029 1433 ut
1054 1376 1452 1433 Tertullianus
1500 1376 1602 1440 ait,
1655 1378 1713 1430 et
1737 1372 1827 1428 lu-

239 1469 399 1522 benter
447 1468 860 1523 conveniebant
918 1467 988 1522 ad
1048 1466 1146 1521 illa
1205 1482 1445 1521 suorum
1505 1468 1829 1536 martyrum

239 1556 489 1628 sepulcra:
518 1573 644 1627 quae
685 1555 1024 1628 κοιμητήρια
1061 1555 1369 1610 vocabant.
1414 1554 1560 1610 Nam
1608 1558 1664 1608 et
1709 1551 1831 1606 haec

236 1642 322 1696 illis
344 1642 663 1713 permisisse
712 1642 1042 1698 Gallienum
1093 1643 1506 1714 imperatorem
1557 1642 1677 1713 (qui
1724 1639 1831 1694 Mi-

238 1729 592 1786 nuciiaetatem
639 1748 756 1786 non
805 1731 979 1802 longo
1031 1731 1334 1787 intervallo
1393 1731 1604 1802 attigit)
1655 1731 1829 1784 Euse-

1932 573 2150 628 Resurr.
2211 587 2366 627 cam.
2422 570 2571 626 ridet
2629 584 2746 636 eos,
2805 564 2901 636 qui
2949 586 2976 614 κ
3012 557 3395 627 atrocissime,
3430 577 3458 607 »
3509 559 3578 612 ut

1931 661 2031 727 ait,
2067 684 2096 712 «
2122 664 2370 717 exurunt
2398 660 2722 715 defunctos.
2755 677 2785 706 »

2003 769 2178 824 Porro
2207 763 2689 839 Augustinuslib.
2711 779 2767 818 x1
2791 759 3036 832 Con/ess.
3071 756 3363 828 signiﬁcat
3392 753 3450 808 in
3482 767 3579 808 ec-

1932 857 2110 914 clesia
2155 855 2408 914 Ostiensi
2465 853 2820 926 peculiarem
2874 849 3128 921 aliquem
3182 845 3358 901 etiam
3397 842 3579 899 fuisse

1936 963 2155 1004 morem
2174 947 2328 1002 210
2351 944 2785 1000 humandorum
2809 953 3138 1010 corporum.
3165 936 3249 989 An
3272 932 3322 988 is
3348 946 3581 1004 quoque

1926 1038 2052 1109 jam
2084 1041 2213 1091 tum
2261 1035 2320 1088 in
2353 1050 2463 1088 usu
2519 1036 2692 1098 esset,
2743 1045 2877 1085 cum
2911 1026 2989 1082 ibi
3038 1028 3235 1096 ageret
3263 1021 3578 1090 Minucius,

1935 1124 2150 1181 nescio.
2211 1122 2546 1179 Ridiculum
2602 1136 2756 1185 vero,
2803 1117 2956 1188 quod
3008 1112 3291 1178 Caecilius,
3343 1125 3580 1166 severus

1937 1215 2156 1271 scilicet
2211 1229 2436 1282 censor,
2495 1209 2852 1266 Christianos
2902 1207 3156 1273 accusat,
3218 1199 3355 1272 quia
3392 1214 3579 1270 neque

1937 1303 2255 1377 unguentis
2306 1299 2572 1366 delibuti,
2624 1312 2809 1368 neque
2856 1294 3027 1352 sertis
3075 1288 3328 1347 redimiti
3360 1290 3579 1343 essent.

1938 1394 2174 1456 Mirum,
2197 1392 2351 1464 quod
2384 1391 2602 1445 interea
2632 1404 2747 1443 non
2781 1385 3048 1453 miratur,
3082 1397 3180 1436 eos
3205 1383 3403 1434 tamen
3441 1391 3581 1431 usos

1932 1485 2057 1556 jam
2090 1486 2217 1538 tum
2252 1480 2431 1535 fuisse
2479 1478 2602 1534 oleo
2633 1481 2692 1532 et
2737 1474 3072 1531 chrismate.
3119 1470 3270 1526 Sane
3301 1465 3582 1534 sobriam,

1941 1552 2156 1628 siccam
2189 1569 2595 1642 frugalemque
2642 1565 2843 1631 vitam,
2875 1563 2984 1618 hoc
3015 1565 3104 1616 est
3150 1558 3221 1615 ab
3267 1552 3588 1628 unguentis

1942 1660 2215 1726 alienam,
2249 1657 2359 1730 ipsi
2412 1656 2588 1712 etiam
2637 1651 2854 1709 ethnici
2911 1649 3151 1706 laudare
3197 1643 3499 1701 solebant:
3533 1644 3591 1696 et

1945 1749 2105 1805 Plato
2136 1765 2206 1804 ex
2233 1729 2342 1803 sua
2371 1742 2710 1817 Republica,
2753 1757 2931 1814 quam
2961 1736 3242 1810 optimam
3293 1748 3399 1788 suo
3424 1729 3589 1803 judi-

241 1819 338 1918 hius
359 1820 585 1918 scribit._
627 1820 801 1918 Ridet
856 1824 1051 1918 autem
1110 1820 1394 1918 Caecilius,
1455 1819 1611 1918 quod
1670 1817 1832 1873 Chri-
1869 1854 1916 1918 Β
1945 1839 2034 1895 cio
2064 1838 2251 1910 ﬁngit,
2282 1837 2596 1892 Homerum
2634 1848 2749 1887 non
2780 1828 2938 1900 ejicit
2966 1826 3079 1882 nisi
3128 1825 3426 1895 unguento
3456 1835 3590 1891 per.

240 1907 373 1962 stiani
401 1923 529 1962 suos
564 1909 696 1979 jam
717 1909 836 1963 vita
861 1909 1092 1964 functos
1117 1926 1234 1964 non
1265 1914 1388 1964 tam
1419 1913 1680 1964 mortuos
1709 1922 1838 1962 esse

242 2011 376 2066 quam
402 1996 650 2050 dormire
685 1997 942 2052 dicerent
981 2001 1038 2052 et
1067 1999 1366 2052 crederent
1411 2011 1839 2068 corporumque

242 2084 675 2139 resurrectionem
736 2086 1050 2155 jactarent.
1108 2085 1281 2157 Atqui
1338 2090 1395 2140 et
1451 2086 1603 2158 apud
1663 2101 1838 2141 suum

239 2170 494 2226 Homerum
564 2173 754 2245 (Iliad.
825 2179 866 2226 Ω
921 2191 974 2229 υ.
1033 2175 1158 2245 344)
1225 2173 1463 2245 legerat,
1533 2172 1840 2233 ὑπνώοντας

235 2256 428 2333 ﬁctam,
478 2267 533 2316 et
575 2263 738 2334 apud
778 2262 1088 2334 Virgilium
1139 2262 1375 2335 (.Eneid.
1427 2281 1501 2330 Iv,
1543 2279 1681 2318 vers.
1713 2263 1840 2334 244)

239 2365 486 2406 «somnos
544 2351 890 2416 adimere,»
948 2368 1081 2406 cum
1133 2352 1204 2406 de
1259 2352 1505 2408 mortuis
1555 2352 1614 2407 in
1663 2351 1840 2407 vitam

237 2439 520 2494 revocandis
550 2439 769 2511 agitur.
827 2439 974 2504 Quid
1008 2444 1290 2512 praeterea
1338 2440 1434 2496 hic
1477 2441 1842 2513 responderit

236 2525 457 2582 Octavius
482 2528 736 2583 conferri
772 2532 964 2599 potest
995 2545 1128 2583 cum
1161 2529 1254 2595 iis,
1297 2546 1422 2600 quae
1456 2535 1627 2584 antea
1652 2529 1840 2585 Theo-

240 2613 411 2684 philus,
444 2615 862 2689 Athenagoras,
886 2617 1183 2685 Justinus,
1215 2616 1609 2673 Tertullianus
1640 2619 1838 2674 eadem

236 2702 288 2756 de
311 2721 360 2758 re
392 2705 700 2777 scripsere.
751 2706 897 2762 Nam
949 2706 1058 2762 hoc
1112 2712 1348 2762 secutus
1397 2707 1690 2763 Minucius
1733 2711 1842 2764 est.

235 2788 366 2846 Ridet
389 2793 652 2849 Cecilius
703 2797 844 2866 (cap.
879 2796 968 2863 12)
1013 2794 1400 2864 Christianos,
1454 2796 1610 2866 quod
1670 2797 1843 2852 cada-

230 2895 333 2935 vera
355 2887 570 2952 ungunt,
607 2900 734 2939 non
782 2888 1061 2940 coronant.
1118 2883 1291 2955 Atqui
1335 2889 1393 2940 et
1440 2885 1705 2952 Romani,
1737 2885 1848 2941 etsi

234 2969 342 3037 quid
371 2976 599 3042 agerent
633 2973 994 3045 ignorarent,
1045 2979 1344 3045 unguenta
1373 2973 1639 3029 funebria
1667 2973 1845 3030 habe-

234 3054 359 3114 bant.
387 3059 567 3119 Notus
599 3067 698 3119 est
728 3061 825 3118 ille
854 3062 1024 3118 Ennii
1055 3061 1378 3118 versiculus
1404 3079 1417 3117 :

349 3213 612 3277 Tarquinii
646 3226 845 3276 corpus
871 3212 1016 3263 bona
1043 3212 1244 3263 femina
1270 3213 1398 3264 lavit
1426 3218 1479 3265 et
1498 3215 1670 3266 unxit.

285 3361 342 3417 Et
388 3363 518 3420 licet
575 3365 769 3437 Leges
827 3382 907 3420 xu
961 3365 1147 3420 Tabb.
1207 3365 1474 3422 servilem
1533 3371 1846 3424 uncturam

232 3451 557 3521 cadaverum,
648 3458 713 3508 ut
789 3455 872 3508 ait
945 3454 1139 3509 Cicero
1220 3456 1310 3526 (de
1365 3457 1548 3526 Legio.
1627 3457 1720 3511 lib.
1783 3474 1844 3525 11,

235 3543 450 3613 cap.2-t),
498 3542 798 3611 tollerent,
847 3542 1022 3597 aliam
1066 3548 1263 3598 tamen
1314 3545 1758 3616 relinquebant:
1793 3549 1851 3602 et

235 3624 318 3697 ipsi
360 3631 766 3700 iurisconsulti
836 3631 988 3686 inter
1035 3633 1233 3702 justos
1290 3632 1514 3688 funeris
1573 3639 1848 3706 sumptus

235 3725 488 3788 unguenta
518 3721 788 3776 referunt
830 3719 916 3789 (L.
950 3721 1231 3776 tricesima
1271 3723 1528 3792 septima,
1562 3722 1626 3778 de
1671 3725 1845 3794 Relig.

233 3805 680 3880 etSumpt.fun.).
729 3808 893 3872 Quod
944 3809 1014 3863 ad
1076 3825 1382 3866 «coronas
1429 3812 1776 3867 cadaverum
1815 3834 1845 3863 »

232 3896 415 3964 attinet,
471 3899 695 3952 fatetur
751 3896 1025 3952 Octavius
1083 3898 1434 3955 Christianis
1482 3900 1708 3972 ineptas
1765 3900 1848 3955 vi-

235 3981 358 4036 deri:
388 3990 440 4040 et
467 4003 566 4042 eos
593 3990 910 4058 propterea
956 3986 1016 4040 in
1047 4001 1113 4042 eo
1161 4003 1372 4058 genere
1419 3988 1686 4044 ethnicos
1715 3989 1847 4044 imi-

233 4073 318 4125 tari
393 4074 560 4131 nolle.
655 4073 1051 4130 Tertullianus
1135 4075 1194 4128 in
1281 4073 1428 4131 libro
1510 4077 1579 4131 de
1641 4076 1850 4133 Corona

236 4159 343 4229 (cap.
375 4162 474 4234 13),
523 4162 611 4218 ait
669 4183 697 4214 «
728 4179 764 4217 a
794 4161 1007 4217 smculo
1057 4162 1321 4219 coronari
1353 4167 1411 4218 et
1455 4163 1613 4235 ipsas
1648 4165 1848 4220 Libiti-

234 4262 341 4304 nas:
391 4274 417 4300 »
487 4256 545 4307 et
625 4251 753 4322 ipse
827 4250 1026 4306 Cicero
1096 4267 1199 4323 pro
1274 4251 1471 4307 Flacco
1546 4253 1687 4324 (cap.
1759 4254 1848 4326 31)

236 4339 457 4394 meminit
485 4363 512 4390 α
541 4356 739 4395 aureae
785 4355 1011 4394 coronae
1059 4339 1347 4410 imposita
1397 4344 1626 4396 mortuo
1657 4362 1685 4390 »
1726 4342 1849 4397 cui-

233 4421 336 4480 dam
363 4451 386 4477 α
419 4427 728 4484 Castricio.
757 4448 785 4476 »
815 4427 1033 4483 Verum
1058 4428 1198 4500 quid
1220 4429 1474 4499 antiquae
1497 4427 1654 4500 leges
1679 4429 1846 4486 Rom.

235 4511 286 4567 de
330 4519 546 4573 coronis
597 4517 951 4573 cadaverum
1018 4521 1363 4582 statuerent,
1413 4517 1530 4573 dixi
1581 4508 1656 4572 ad
1703 4519 1851 4574 Duo-

234 4598 382 4658 decim
435 4606 622 4662 Tabb.
682 4603 939 4675 Denique
987 4604 1138 4660 ridet
1185 4611 1243 4660 et
1292 4604 1636 4677 indignatur
1678 4606 1849 4663 Caeci-
1882 4593 1927 4656 D

235 4686 344 4760 lius,
372 4695 518 4765 apud
551 4693 920 4749 Christianos
977 4716 997 4742 ι
1033 4694 1313 4750 cadavera
1365 4693 1622 4763 humari,
1655 4716 1682 4744 »
1733 4712 1849 4751 non

236 4795 255 4824 ι
280 4780 370 4836 uri.
401 4805 430 4832 »
460 4783 682 4839 Verum
732 4786 823 4838 est
868 4787 1033 4838 vetus
1063 4781 1230 4849 illud,
1285 4805 1312 4832 «
1348 4783 1487 4838 Risu
1534 4783 1730 4854 inepto
1761 4783 1847 4839 ni-

230 4865 295 4921 hil
323 4874 399 4925 est
424 4872 703 4944 ineptius.
736 4893 765 4921 »
816 4871 962 4937 Quid
1014 4871 1287 4927 Octavius
1308 4871 1335 4926 7
1374 4871 1732 4943 Simpliciter
1760 4888 1850 4928 re-

231 4959 458 5032 spondet,
473 4961 779 5033 antiquam
803 4977 932 5016 esse
950 4977 1117 5016 suam
1143 4965 1200 5015 et
1220 4960 1517 5016 meliorem
1533 4960 1849 5032 sepeliendi

231 5051 702 5106 consuetudinem.
737 5050 900 5116 Quod
933 5053 992 5105 et
1021 5051 1316 5106 Arnobius
1347 5051 1666 5122 respondit.
1701 5051 1848 5107 Nam

233 5137 277 5186 et
314 5143 433 5202 post
458 5139 779 5194 Minucium
830 5144 992 5194 mota
1036 5138 1247 5194 iterum
1301 5139 1420 5194 haec
1461 5139 1707 5210 quaestio
1733 5144 1845 5196 est.

231 5225 374 5295 Atqui
430 5227 678 5283 Romani
737 5231 1006 5299 poterant
1034 5228 1123 5282 sui
1183 5227 1390 5283 saltem
1431 5227 1721 5283 Ciceronis
1775 5227 1845 5284 li-

231 5309 372 5368 brum
417 5316 712 5371 secundum
759 5317 827 5372 de
873 5317 1108 5386 Legibus
1156 5317 1296 5388 (cap.
1328 5316 1419 5387 22)
1465 5314 1695 5387 legisse,
1745 5317 1847 5387 qui

232 5399 360 5458 hunc
383 5421 605 5460 morem
639 5404 893 5461 defendit
923 5411 980 5461 et
1027 5405 1354 5461 confirmat.
1387 5405 1456 5459 Et
1487 5402 1710 5458 Plinius
1740 5403 1843 5460 lib.

234 5503 312 5554 VII,
341 5508 460 5562 cap.
491 5495 585 5547 54.
621 5514 647 5542 ‹‹
680 5495 898 5566 Ipsum,
930 5494 1142 5565 inquit,
1167 5509 1424 5549 cremare
1457 5493 1611 5564 apud
1636 5493 1844 5549 Roma-

235 5594 316 5634 nos
341 5599 451 5637 non
483 5583 599 5637 fuit
626 5583 830 5638 veteris
859 5583 1113 5638 instituti
1137 5599 1149 5639 :
1185 5587 1337 5638 terra
1366 5581 1788 5638 condebantur.
1812 5604 1841 5632 »

232 5664 346 5725 Sane
392 5670 786 5731 Tertullianus
841 5672 908 5730 de
944 5671 1154 5730 Corona
1209 5671 1353 5744 (cap.
1390 5670 1478 5743 12)
1535 5670 1617 5728 ait
1672 5671 1839 5728 Chri-

1946 1929 2145 1984 fusum
2177 1931 2233 1982 et
2261 1926 2419 1981 vittis
2449 1921 2810 1986 redimitum,
2843 1922 2918 1984 et,
2951 1920 3017 1971 ut
3046 1914 3140 1969 hic
3190 1914 3386 1967 noster
3415 1909 3586 1964 Octa-

1945 2019 2073 2073 vius
2112 2016 2212 2087 ait,
2239 2035 2266 2067 α
2287 2016 2659 2070 coronatum:
2695 2030 2723 2060 »
2755 2023 2887 2064 cum
2921 2002 3277 2077 signiﬁcaret
3325 2013 3448 2054 sese
3477 1995 3589 2051 ha-

1945 2108 2083 2162 bere
2105 2086 2255 2161 nolle
2292 2103 2445 2160 cives
2475 2107 2597 2157 tam
2629 2097 2856 2154 molles.
2888 2097 2965 2150 Ac
2997 2110 3067 2148 ne
3095 2090 3326 2162 longius
3357 2086 3588 2151 abeam,

1947 2194 2342 2265 Vespasianus
2399 2189 2714 2263 quemdam
2755 2182 3070 2258 unguentis
3129 2178 3484 2241 madentem,
3534 2177 3592 2228 et

1949 2285 2170 2358 gratias
2191 2285 2460 2355 agentem
2501 2296 2604 2352 pro
2626 2278 2940 2348 impetrata
2969 2269 3331 2358 praefectura,
3362 2279 3591 2358 aversa-

1951 2352 2068 2444 tus,
2105 2395 2133 2424 (ι
2162 2352 2416 2435 Mallem,
2439 2368 2654 2440 inquit,
2679 2364 2877 2422 allium
2899 2361 3104 2418 oleres.
3133 2380 3162 2408 »
3185 2355 3296 2412 Sed
3317 2352 3454 2426 quid
3477 2368 3593 2407 non

1953 2462 2230 2533 objiceret
2276 2459 2562 2524 Caecilius,
2619 2471 2752 2512 cum
2793 2452 2967 2510 etiam
3018 2446 3380 2506 Christianos
3421 2455 3594 2533 aecus

1952 2527 2060 2618 set,
2115 2550 2254 2622 quia
2301 2550 2472 2606 ﬂores
2521 2546 2760 2603 naribus
2818 2541 3234 2616 supponerent,
3285 2527 3595 2622 necicapiti

1953 2621 2284 2697 coronando
2317 2636 2731 2711 imponerent?
2749 2632 2924 2708 Atqui
2947 2632 3070 2705 ipse
3090 2625 3379 2687 Lucianus
3399 2621 3460 2682 in.
3487 2633 3595 2681 suo

1953 2728 2194 2802 Nigrino
2252 2729 2411 2800 ipsos
2488 2727 2779 2782 Romanos
2856 2722 3070 2779 rectius
3143 2720 3364 2787 irridet,
3446 2717 3598 2788 quod

1954 2815 2314 2875 Christianos
2354 2814 2449 2870 hic
2498 2831 2612 2870 non
2644 2813 2968 2876 imitentur,
3027 2813 3085 2866 et
3135 2807 3348 2864 faciant
3398 2810 3601 2862 contra

1955 2909 2250 2974 naturam,
2279 2904 2565 2977 planeque
2596 2901 2742 2958 nihil
2773 2905 2875 2957 aut
2904 2898 3156 2970 sapiant,
3189 2899 3292 2952 aut
3318 2893 3595 2952 sentiant.

1953 2995 2115 3051 Adde
2143 2994 2300 3050 Tert.
2333 2992 2398 3048 de
2427 2991 2547 3048 Cor.
2579 2991 2702 3046 mil.

2026 3101 2312 3159 Caeterum
2341 3097 2623 3166 Caecilius,
2655 3100 2720 3152 ut
2749 3095 2895 3152 alter
2921 3093 3209 3150 Lucianus
3247 3090 3306 3147 in
3338 3088 3599 3161 Peregri-

1877 3218 1920 3287 ρ
1959 3206 2056 3259 no,
2126 3187 2488 3287 Christianos
2541 3186 2763 3287 irridet,
2803 3184 2978 3286 .quod
3049 3181 3245 3287 colant
3287 3178 3600 3287 hominem

1959 3277 2323 3336 cruciﬁxum.
2357 3276 2630 3333 Octavius
2658 3274 2911 3330 breviter
2939 3283 3115 3345 negat
3143 3269 3442 3327 hominem
3472 3271 3600 3323 tan-

1959 3372 2091 3424 tum
2137 3384 2286 3438 esse,
2337 3382 2512 3438 quem
2555 3364 2784 3420 colant:
2843 3369 2901 3419 et
2957 3361 3189 3434 regerit,
3241 3358 3604 3415 adversarios

1961 3458 2156 3530 potius
2181 3473 2310 3512 esse
2329 3450 2807 3530 ἀνθρωπολάτρας,
2839 3451 2938 3524 qui
2962 3467 3126 3523 reges
3148 3455 3430 3520 tanquam
3461 3448 3601 3504 deos

1959 3545 2172 3613 colant,
2204 3549 2260 3600 et
2289 3561 2391 3616 per
2431 3559 2631 3599 eorum
2681 3543 2856 3597 etiam
2889 3539 3126 3613 genium
3168 3539 3406 3610 jurent:
3460 3537 3603 3610 quin

1959 3634 2079 3690 imo
2111 3634 2346 3707 gravius
2378 3632 2628 3705 puniant
2656 3630 2735 3686 ita
2765 3630 3142 3703 pejerantem,
3179 3644 3356 3700 quam
3388 3626 3438 3682 si
3470 3625 3603 3698 quis

1958 3739 2134 3778 suum
2163 3723 2362 3778 Jovem
2387 3721 2643 3792 jurando
2674 3719 2867 3776 sciens
2898 3717 3139 3775 falleret.
3199 3716 3478 3789 Suspicor
3508 3715 3603 3772 hic

1958 3812 2149 3867 notari
2181 3811 2499 3884 quamdam
2529 3808 3006 3865 constitutionem
3029 3805 3338 3862 Alexandri
3369 3805 3559 3861 Severi
3584 3820 3597 3859 :

1959 3916 2087 3972 quae
2114 3904 2311 3955 tamen
2361 3898 2544 3955 relata
2588 3903 2677 3958 est
2718 3897 2779 3952 in
2811 3896 2992 3953 libros
3037 3896 3198 3952 Juris
3245 3896 3308 3951 L.
3340 3912 3404 3965 II,
3446 3894 3506 3949 C.
3539 3893 3604 3950 de

1956 3990 2136 4046 Rebus
2179 3988 2369 4046 credit.
2419 3992 2566 4044 Sane
2615 3985 2754 4042 olim
2803 3984 3162 4040 Christianos
3210 3981 3468 4038 noluisse
3516 3982 3600 4036 uti

1956 4076 2059 4132 tali
2092 4077 2342 4133 formula
2389 4073 2801 4147 jurisjurandi,
2853 4074 3021 4129 testis
3070 4078 3159 4128 est
3202 4068 3601 4128 Tertullianus

1957 4166 2018 4220 in
2050 4165 2406 4238 Apologelico.
2439 4165 2550 4220 Sed
2599 4167 2759 4219 tanto
2791 4163 2980 4235 magis
3014 4161 3194 4216 miror
3241 4175 3370 4215 eam
3415 4162 3604 4231 poste-

1958 4255 2182 4310 riorum
2240 4255 2534 4311 Caesarum
2610 4252 3069 4308 Christianorum
3143 4249 3371 4321 legibus
3449 4262 3603 4303 com-

1958 4343 2244 4399 mandari.

2027 4431 2290 4487 Caecilius
2321 4429 2740 4487 contumeliose
2770 4428 2974 4501 objicit
3017 4426 3382 4484 Christianos
3422 4426 3601 4482 etiam

1959 4543 1987 4571 «
2021 4520 2210 4591 ipsam
2243 4535 2472 4576 crucem
2505 4519 2767 4574 adorare.
2805 4539 2832 4566 ››
2861 4517 3043 4588 Negat
3073 4515 3364 4572 Octavius.
3395 4515 3606 4571 Adver-

1959 4609 2151 4665 sarius
2206 4608 2300 4672 iis,
2360 4611 2426 4662 ut
2481 4606 2790 4672 furciferis,
2853 4605 3164 4661 maledicit.
3215 4605 3425 4661 Noster
3465 4605 3604 4677 (non

1960 4698 2116 4753 enim
2147 4713 2281 4752 eum
2313 4697 2496 4768 pudet
2524 4694 2712 4750 crucis
2741 4695 3104 4766 Christianae)
3136 4694 3450 4752 cruciferos
3498 4711 3605 4750 suo

1961 4785 2136 4841 modo
2167 4784 2282 4840 dici
2331 4801 2444 4840 non
2499 4787 2755 4850 recusat,
2799 4788 2855 4839 et
2901 4783 2972 4839 de
3030 4801 3146 4840 sua:
3195 4785 3388 4841 crucis
3437 4784 3604 4855 signo

1961 4873 2231 4946 religioso
2274 4874 2450 4945 (quod
2509 4876 2663 4928 certe
2712 4873 3036 4946 majoribus
3070 4873 3209 4929 olim
3259 4873 3475 4930 nostris
3521 4873 3603 4927 fa-

1960 4963 2186 5018 miliare
2217 4963 2345 5036 fuit)
2403 4963 2736 5035 respondet,
2797 4964 2951 5036 quod
3012 4968 3182 5019 antea
3229 4963 3502 5018 Justinus
3549 4963 3606 5014 et

1958 5051 2356 5109 Tertullianus
2387 5053 2762 5124 scripserant,
2802 5057 2860 5108 et
2907 5055 3106 5123 postea
3136 5049 3471 5106 Lactantius
3498 5047 3601 5103 lib.

1960 5157 2036 5212 IV,
2059 5157 2187 5214 cap.
2230 5143 2322 5196 27.
2354 5140 2499 5196 Nam
2530 5145 2587 5196 et
2631 5140 2831 5211 quanti
2883 5139 3026 5194 illud
3088 5138 3288 5194 fecerit
3318 5137 3602 5193 Constan-

1957 5229 2139 5298 tinus,
2175 5233 2380 5285 notum
2412 5233 2541 5285 est:
2584 5233 2736 5284 certe
2773 5232 2835 5283 ut
2862 5225 3035 5299 vulgo
3083 5241 3176 5282 res
3205 5225 3401 5281 minus
3450 5229 3606 5282 esset

1955 5317 2368 5391 ignominiosa,
2415 5316 2597 5373 edixit
2645 5333 2716 5372 ne
2760 5316 3032 5387 deinceps
3091 5313 3399 5370 facinorosi
3446 5316 3605 5372 cruci

1955 5408 2352 5479 afﬁgerentur.
2387 5406 2510 5461 Non
2554 5403 2729 5458 desiit
2755 5408 2948 5460 tamen
2997 5403 3272 5460 Julianus
3298 5405 3598 5477 Apostata,

1955 5502 2021 5552 ut
2070 5495 2357 5562 Caecilius,
2400 5492 2744 5550 Christianis
2790 5491 3124 5565 ignominiae
3170 5511 3350 5552 causa
3397 5512 3599 5570 expro-

1953 5586 2122 5641 brare
2179 5583 2368 5639 crucis
2426 5581 2669 5649 cultum,
2735 5581 2909 5638 sicuti
2967 5601 3035 5640 ex
3086 5583 3296 5658 Cyrillo
3353 5585 3597 5658 intelligi

1952 5676 2164 5746 potest.
3579 5671 3581 5678 '
