4064 6154
423 234 542 299 219
1721 231 1806 294 Μ.
1852 233 2028 297 ΜῙΝῘ

2223 237 2232 294 ἱ
2277 237 2536 299 FELIX.
3711 231 3828 292 220

492 369 639 427 Mira
668 372 758 424 est
789 366 1153 440 impudentia
1183 365 1508 421 calumniae.
1555 367 1631 421 Eo
1663 367 1896 422 tandem
1930 383 2066 424 eva-
2094 427 2097 434 η

2219 369 2482 442 Eschylus
2511 371 2610 443 ait,
2659 370 2758 439 τὴν
2813 367 3071 439 ἀλήθειαν
3126 365 3422 422 ἀνατιθέναι
3477 367 3557 436 τῷ
3613 363 3824 439 χρόνῳ.

423 459 518 525 sit,
570 461 635 512 ut
665 457 859 511 nescio
891 473 1016 528 qum
1072 471 1372 510 sacrorum
1414 459 1677 510 monstra
1725 455 2072 512 Christianis
2182 457 2303 513 Non
2380 464 2546 515 erant
2601 460 2972 532 impostores,
3016 458 3112 530 qui
3186 457 3359 512 verba
3408 456 3645 510 darent:
3711 471 3825 508 non

423 547 744 618 objicerent
790 545 1123 611 adversarii,
1180 567 1207 592 «
1242 549 1298 599 et
1341 544 1539 616 qualia
1587 545 1829 599 demens
1879 545 1954 614 (9)
1986 545 2074 616 (ut
2181 547 2450 624 homines
2471 549 2712 604 clamosi
2732 553 2788 605 et
2817 549 3186 620 impotentes,
3217 546 3316 618 qui
3347 545 3641 612 conviciis,
3693 560 3822 598 ma-

422 635 662 707 quidam
686 638 854 706 poeta
876 633 1041 704 dixit)
1063 633 1342 704 ASgyptus
1364 637 1629 704 portenta
1652 632 1806 687 colit.
1838 655 1865 680 »
1886 632 2073 686 Audet
2181 635 2648 703 ledictis,libellis
2678 638 2917 693 famosis
2949 635 3310 692 adversarios
3344 633 3600 689 vicissim
3630 633 3824 703 Oppri-

422 725 598 782 etiam
632 722 892 777 Caecilius
924 721 1140 793 fingere
1173 721 1304 777 illos
1333 745 1352 770 ι
1382 723 1621 777 adorare
1645 726 1820 792 caput
1847 720 2015 787 asini,
2044 743 2064 770 ι
2182 743 2339 782 mere
2360 727 2588 783 vellent.
2621 727 2814 782 Rebus
2869 725 3015 798 ipsis
3057 725 3260 780 falsam
3310 722 3586 789 refellere,
3648 728 3705 776 et
3762 737 3829 776 eo

423 828 763 885 quanquam
792 811 1018 882 primus
1049 810 1157 865 hoc
1191 827 1304 865 non
1346 811 1596 866 ﬁnxerit.
1647 810 1920 866 Octavius
1950 814 2069 864 tam
2181 816 2417 870 tandem
2445 817 2614 871 modo
2637 818 2864 872 vincere
2894 815 3148 870 sedendo
3179 811 3479 868 etsilendo
3499 810 3828 865 malebant:

423 902 688 974 putidam
749 899 1102 954 calumniam
1158 899 1514 954 inficiatione
1592 899 1847 972 depellit,
1910 903 1965 953 et
2010 897 2069 952 id
2181 903 2230 959 el
2314 905 2462 960 bona
2518 905 2740 960 interea
2810 904 3166 960 conscientia
3233 918 3357 957 sese
3425 900 3833 956 sustentabant

422 989 617 1062 potius
648 989 718 1044 de
768 988 1118 1043 adversariis
1163 990 1309 1044 2M
1347 1004 1475 1043 vere
1524 987 1636 1042 dici
1670 1004 1861 1059 posse,
1895 985 2069 1041 recri-
2180 997 2353 1065 atque
2409 994 2884 1050 consolabantur,
2935 994 3028 1050 Sic
3085 994 3292 1048 bonam
3369 1005 3611 1045 causam
3697 1003 3831 1059 age.

423 1077 702 1133 minando
775 1078 999 1148 probat,
1079 1082 1315 1132 secutus
1387 1093 1558 1130 suum
1645 1074 2070 1130 Tertullianum
2181 1081 2515 1138 bnnlbene,

422 1167 666 1238 (Apolog.
698 1182 745 1221 ε.
802 1167 934 1236 xvn),
984 1165 1082 1237 qui
1135 1170 1192 1221 et
1240 1164 1599 1221 Christianos
1650 1163 1824 1236 vulgo
1883 1163 2069 1218 dictos
2253 1169 2462 1224 Mirum
2495 1168 2951 1237 rursus,Caecilio
2970 1172 3087 1223 tam
3121 1165 3472 1222 insolentem
3491 1164 3679 1220 visam
3702 1180 3833 1219 esse

423 1272 550 1312 esse
581 1254 887 1320 asinarios,
937 1259 990 1310 et
1039 1255 1333 1310 Christum
1389 1254 1583 1326 ipsum
1618 1252 1858 1308 auribus
1891 1251 2069 1307 asini-
2181 1257 2343 1312 illam
2376 1258 2679 1314 intereosc
2717 1258 2955 1313 fraterni
2990 1256 3246 1312 nominis
3277 1254 3778 1317 communionem,
3801 1276 3830 1300 ››

424 1344 518 1400 nis
560 1348 842 1416 tanquam
899 1343 1154 1415 aliquem
1212 1344 1428 1398 Midam
1481 1345 1552 1398 ab
1613 1342 1793 1414 impio
1852 1341 2072 1413 pictore
2181 1347 2491 1403 212mm
2524 1351 2582 1402 et
2637 1346 2763 1418 ipse
2796 1346 3080 1418 Ulpianus
3127 1343 3444 1414 scripserit,
3503 1359 3662 1411 eum,
3725 1342 3830 1412 qui

423 1448 764 1504 expressum
797 1433 977 1488 fuisse
1011 1437 1226 1488 narrat.
1279 1431 1476 1486 Talem
1511 1435 1705 1486 autem
1757 1430 2070 1486 conﬁctam
2182 1437 2450 1491 fraterna
2501 1435 2784 1491 charitate
2827 1435 3106 1505 diligitur,
3157 1433 3267 1489 etsi
3318 1433 3494 1487 frater
3551 1448 3666 1486 non
3725 1431 3829 1499 sit,

425 1521 684 1577 fabulam
733 1538 860 1576 esse
907 1521 1220 1593 signiﬁcat,
1279 1521 1432 1592 quod
1484 1519 1786 1575 Cornelius
1835 1518 2072 1572 Tacitus
2184 1529 2335 1580 recte
2358 1529 2552 1580 tamen
2583 1527 2823 1579 Fratrem
2859 1522 3204 1596 simpliciter
3251 1520 3552 1593 appellari,
3587 1522 3738 1591 quod
3774 1524 3834 1573 et

425 1610 759 1665 mentiendo
817 1609 932 1665 tale
991 1610 1290 1682 quidpiam
1341 1611 1412 1664 de
1467 1609 1687 1664 Judasis
1744 1607 2068 1663 recitasset.
2183 1613 2240 1668 in
2267 1613 2624 1684 librosjuris
2654 1613 2897 1668 relatum
2929 1619 3010 1668 est
3036 1616 3092 1666 L.
3117 1609 3834 1682 quinquagesimaoctatza

423 1702 640 1800 Yerum
673 1702 729 1800 et
759 1704 892 1754 ante
919 1697 1418 1800 Tacitummultis
1433 1699 1613 1800 annis
1641 1697 1786 1769 Api)
1823 1695 2071 1800 Alexan:
2102 1736 2150 1800 B
2181 1701 2248 1756 de
2278 1701 2488 1758 Hazred.
2523 1702 2700 1757 instit.
2762 1701 2911 1765 Quin
2945 1701 3062 1756 imo
3095 1703 3150 1756 et
3193 1698 3331 1754 olim
3370 1699 3530 1770 ipsos
3570 1697 3831 1797 .Essmos,

426 1787 633 1842 drinus
670 1791 930 1858 tempore
983 1786 1254 1858 Caligulaa
1314 1786 1372 1840 in
1423 1785 1642 1840 Judaeis
1701 1785 2072 1840 accusaverat
2105 1785 2150 1800 "
2181 1797 2314 1846 ante
2363 1794 2624 1862 tempore,
2673 1789 3160 1855 Christianorum,
3220 1789 3302 1843 ita
3369 1803 3497 1842 sese
3569 1785 3823 1840 invicem

426 1876 744 1949 quamdam
771 1871 1134 1949 ὀνολατρείαν.
1159 1876 1465 1942 Caeterum,
1491 1891 1625 1929 cum
1647 1872 1937 1944 Josepbus
1958 1871 2031 1926 tal

2224 1878 2584 1951 ampellasse,
2618 1878 2792 1933 didici
2827 1894 2894 1933 ex
2924 1879 3179 1949 quodam
3211 1875 3468 1932 Philonis
3502 1876 3829 1945 fragmento

427 1964 798 2020 mendacium
813 1965 938 2036 jam
960 1963 1294 2032 refutasset,
1321 1963 1519 2018 minus
1540 1961 1960 2035 ignoscendum
1983 1976 2032 2016 ei

2228 1969 2337 2024 uod
2401 1972 2590 2023 exstat
2648 1967 2802 2036 apud
2861 1967 3179 2024 Eusebium
3239 1965 3319 2040 ερὶ
3376 1963 3833 2038 προπαρασκευῆς

426 2053 646 2122 Tacito,
704 2053 802 2125 qui
834 2053 892 2108 in
924 2069 990 2109 eo
1022 2056 1261 2124 perstat,
1317 2051 1557 2107 minimc
1602 2067 1736 2107 vero
1784 2049 1922 2114 illis,
1969 2048 2070 2120 qui
2177 2057 2444 2129 (Hann,
2475 2073 2594 2128 εαρ,
2630 2057 2740 2128 12),

426 2142 635 2214 majori
665 2142 840 2198 etiam
873 2141 1236 2215 impudentia
1278 2140 1625 2198 Christianis
1654 2140 1763 2195 hoc
1794 2139 2072 2212 probrum
2252 2146 2603 2202 Horribilius
2633 2150 2718 2202 est
2747 2144 3015 2213 alterum,
3041 2144 3193 2216 quod
3227 2142 3631 2215 objiciebatur,
3667 2161 3696 2191 α
3718 2141 3835 2196 οιαὶ-

427 2235 766 2303 aspersunt-
2182 2251 2317 2292 men
2341 2234 2728 2291 infanticidii:
2777 2234 3111 2306 accepitque
3141 2233 3259 2288 hinc
3311 2231 3607 2287 calumnia
3654 2229 3834 2302 paulo

496 2319 752 2392 Turpius
783 2323 874 2376 est
903 2320 1054 2392 quod
1089 2319 1354 2376 Cascilius
1383 2319 1586 2374 eodem
1617 2319 1838 2391 pudore
1868 2316 2070 2372 clami-
2181 2329 2314 2398 post
2355 2329 2618 2396 tempora
2658 2322 2914 2394 Trajani,
2965 2326 3022 2377 et
3063 2322 3134 2377 ad
3185 2320 3546 2377 Constantini
3601 2323 3835 2373 aetatem

425 2411 530 2473 tat,
563 2425 664 2465 eos
701 2429 727 2461 ι
758 2409 946 2465 colere
976 2409 1172 2465 nescio
1195 2426 1322 2482 quae
1351 2408 1694 2481 pudenda.»
1731 2408 1923 2480 Ecquo
1955 2406 2074 2461 ruit
2183 2412 2536 2488 perduravit,
2561 2417 2618 2468 et
2648 2411 2886 2484 quidem
2919 2427 3052 2466 cum
3089 2410 3310 2482 tragica
3347 2408 3678 2479 suspicione
3736 2423 3841 2461 cu-

424 2497 659 2570 impura
716 2497 1169 2554 maledicentia?
1217 2497 1486 2554 Octavius
1549 2514 1666 2553 suis
1713 2494 2072 2552 verecundia
2177 2504 2414 2576 jusdnm
2449 2519 2624 2557 omnm
2653 2501 2969 2572 Thyesteae.
3004 2499 3114 2555 Sed
3165 2500 3321 2554 unde
3347 2498 3469 2553 haec
3512 2496 3775 2568 suspicio
3809 2494 3839 2548 ?

424 2603 552 2644 esse
583 2586 876 2660 intelligit,
923 2587 980 2643 id
1029 2587 1275 2660 longiori
1320 2587 1579 2644 oratione
1611 2603 1724 2642 non
1776 2585 2067 2642 refellere:
2183 2594 2265 2648 An
2293 2591 2433 2664 quia
2463 2589 2779 2647 Christiani
2821 2588 3008 2644 dicere
3067 2586 3320 2643 solerent
3379 2601 3440 2642 se
3486 2584 3643 2641 vesci
3699 2600 3841 2639 cor-

423 2676 646 2732 interea
688 2677 890 2732 audire
945 2677 1175 2750 cogitur
1230 2677 1348 2732 alia
1394 2693 1509 2730 non
1571 2675 1769 2730 minus
1799 2674 2070 2742 nefanda,
2184 2697 2322 2754 pore
2353 2684 2410 2736 et
2439 2678 2725 2751 sanguine
2769 2676 3034 2733 Christi?
3065 2675 3218 2731 sicut
3263 2692 3294 2731 e
3349 2674 3576 2730 diverso
3633 2677 3843 2728 narrat

425 2782 558 2822 cum
605 2765 868 2822 Caecilius
919 2765 1272 2820 declamaret
1317 2765 1569 2820 nefarios
1616 2781 1746 2820 esse
1792 2763 2073 2820 Christia-
2183 2769 2547 2842 Augustinus
2599 2767 2886 2840 quosdam
2941 2765 3254 2837 aliquando
3331 2763 3696 2820 existimasse
3761 2762 3838 2817 ab

426 2871 638 2911 norum
683 2858 867 2910 cmtus
924 2854 1324 2922 antelucanos,
1384 2853 1607 2910 incesto
1659 2856 1717 2908 et
1765 2851 2075 2925 parricidio
2184 2857 2532 2916 Christianis
2583 2855 2810 2913 adorari
2870 2855 3136 2911 Cererem
3185 2857 3241 2910 et
3306 2853 3620 2922 Bacchum,
3696 2867 3840 2908 cum

426 2943 702 3016 pollutos,
737 2959 916 3016 prope
948 2947 1011 2998 ut
1042 2942 1181 2998 olim
1231 2947 1397 2998 erant
1430 2943 1622 2998 Romae
1671 2939 2076 3000 Bacchanalia.
2187 2947 2457 3006 audirent
2486 2946 2544 3000 in
2586 2961 2790 3001 eorum
2824 2943 3119 3016 mysteriis
3159 2941 3307 2998 tanti
3339 2941 3463 2996 ﬁeri
3510 2955 3720 3013 panem
3783 2943 3846 2995 et

426 3031 697 3088 Octavius
724 3031 865 3087 talia
893 3031 1140 3088 crimina
1160 3049 1274 3088 non
1306 3030 1495 3088 solum
1520 3033 1625 3088 abs
1657 3031 1780 3086 suis
1811 3030 2068 3103 depellit,
2117 3102 2144 3105 ,Α
2189 3037 2412 3104 vinum,
2445 3049 2630 3105 neque
2661 3032 3018 3104 alioquirem
3076 3029 3486 3100 intelligerent.
3544 3029 3689 3092 Quid
3756 3027 3849 3082 di-

427 3121 530 3178 sed
560 3121 736 3177 etiam
786 3125 1083 3194 retorquet
1130 3121 1189 3176 in
1223 3122 1604 3178 adversarios.
1634 3122 1816 3186 Quam
1850 3102 2074 3176 incesta
2103 3102 2145 3170 C
2185 3143 2336 3192 eam,
2370 3102 2910 3196 quod—Epiphanius
2942 3120 3052 3192 (11)
3080 3123 3299 3186 narrat,
3325 3118 3619 3191 quondam
3653 3117 3844 3172 here-

427 3215 623 3267 essent
653 3211 1048 3266 Romanorum
1079 3228 1246 3267 sacra
1270 3228 1384 3266 non
1416 3211 1812 3283 estignotum.
1844 3209 1988 3264 Nam
2021 3213 2079 3265 et
2184 3215 2350 3285 ticos,
2385 3213 2485 3285 qui
2530 3211 2787 3268 Gnostici
2845 3215 2905 3266 et
2959 3209 3352 3282 Cataphryges
3408 3211 3465 3262 et
3520 3205 3846 3279 Pepuziani

427 3317 629 3357 eorum
683 3304 852 3373 poeta
897 3300 1031 3368 (10),
1092 3323 1120 3350 ‹‹
1163 3300 1311 3356 Nota
1360 3304 1544 3365 Bonas,
1597 3299 1809 3370 inquit,
1856 3302 2078 3355 secreta
2185 3302 2651 3376 appellabantur,
2683 3317 2745 3355 se
2765 3315 2902 3355 vero
2932 3298 3293 3354 Christianos
3319 3314 3449 3352 esse
3469 3295 3846 3352 mentieban-

429 3390 572 3446 deae.
605 3411 634 3440 »
673 3390 776 3445 Diu
805 3388 978 3444 etiam
1014 3389 1304 3444 humanas
1343 3387 1610 3444 victimas
1659 3387 2072 3442 immolarunt:
2186 3397 2302 3458 tur,
2326 3389 2693 3446 commisisse
2711 3389 2867 3460 quod
2901 3387 2995 3443 hic
3033 3385 3298 3441 Czecilius
3345 3385 3621 3441 omnibus
3669 3383 3846 3438 Chri-

429 3478 540 3535 etsi
572 3478 632 3533 in
665 3478 795 3534 aliis
828 3477 1101 3550 gentibus
1132 3478 1304 3548 haus,
1330 3493 1444 3532 non
1469 3477 1593 3548 jam
1628 3477 1757 3531 dico
1789 3480 2076 3541 sanctam,
2186 3480 2395 3538 stianis
2425 3477 2624 3547 objicit
2651 3477 2679 3532 ‘?
2701 3477 2812 3532 Sed
2842 3493 2915 3533 an
2948 3491 3181 3548 aequum
3217 3475 3355 3546 fuit,
3387 3478 3453 3529 ut
3479 3473 3621 3529 viris
3665 3472 3849 3528 bonis

429 3568 532 3624 sed
579 3567 1020 3639 sanguinariam
1075 3570 1132 3621 et
1160 3565 1500 3622 sceleratam
1552 3564 1836 3620 feritatem
1884 3580 2076 3635 repre-
2186 3573 2490 3642 propterea
2527 3568 2929 3640 attingeretur,
2959 3565 3110 3636 quod
3144 3563 3319 3619 abiis
3375 3567 3498 3619 erat
3545 3560 3850 3618 alienissi-

429 3655 773 3712 henderent.
810 3659 909 3710 Est
957 3659 1152 3710 autem
1212 3654 1614 3724 memorabile,
1649 3654 1804 3725 quod
1856 3653 2079 3708 Plutar-
2187 3656 2403 3713 mum?
2448 3655 2769 3712 Adversarii
2823 3655 2951 3710 loco
3015 3652 3377 3726 probationis
3443 3651 3854 3707 obtendebant

431 3744 579 3800 chus
609 3743 668 3798 in
717 3742 1005 3800 Problem.
1039 3748 1256 3812 narrat,
1306 3759 1404 3799 eos
1461 3743 1795 3798 obtendisse
1840 3741 1910 3796 ad
1968 3739 2076 3796 hoc
2188 3747 2404 3802 famam
2432 3749 2488 3802 et
2519 3744 2961 3800 rumorem.Sed
2992 3743 3156 3798 nullo
3178 3758 3408 3813 quoque
3431 3741 3568 3812 jure
3597 3740 3655 3794 id
3687 3739 3849 3807 ﬁeri,

431 3850 608 3892 suum
653 3833 867 3888 factum
913 3833 1334 3903 excusandum,
1383 3831 1745 3902 aliorumque
1787 3831 2076 3886 damnan-
2187 3836 2344 3908 leges
2399 3835 2594 3890 civiles
2644 3849 2748 3905 pro
2798 3832 3015 3888 nostris
3081 3831 3530 3903 reSpondebant,
3581 3834 3638 3884 et
3712 3828 3857 3901 ipse

431 3924 598 3980 dum.
648 3921 864 3978 Mirum
905 3939 1038 3977 vero
1071 3921 1419 3977 Christianis
1465 3937 1628 3976 sacra
1669 3919 1809 3974 talia
1852 3919 2080 3990 objecta
2188 3924 2580 3992 Quintilianus
2609 3923 2722 3995 (12)
2755 3921 2920 3992 dixit,
2957 3940 2980 3970 ι
3015 3919 3158 3975 nulli
3186 3937 3301 3975 non
3332 3919 3509 3975 etiam
3566 3918 3858 3973 innocen-

431 4011 633 4070 fuisse.
669 4011 798 4066 Fuit
825 4014 1020 4066 tamen
1049 4014 1208 4066 vetus
1241 4014 1296 4066 et
1321 4011 1600 4064 diuturna
1616 4009 1737 4064 haec
1761 4007 2076 4064 calumnia:
2188 4014 2416 4070 tissimo
2450 4013 2708 4069 accidere
2749 4027 2920 4083 posse
2971 4011 3174 4066 fraude
3234 4009 3632 4075 inimicorum,
3692 4006 3858 4062 falsa

431 4103 489 4157 et
517 4100 753 4172 quidem
786 4098 1131 4171 promiscuae
1161 4098 1425 4154 libidinis
1469 4097 1864 4170 suspicionem
1915 4096 2081 4152 facile
2189 4102 2574 4174 vulgantium,
2610 4104 2674 4156 ut
2703 4099 2943 4155 sinistro
2985 4113 3219 4153 rumore
3256 4097 3501 4153 laboret.
3560 4116 3586 4148 ι
3649 4097 3854 4162 Quam

433 4189 684 4262 augebat
713 4188 1102 4261 quorumdam
1145 4187 1482 4252 credulitas,
1531 4186 1630 4258 qui
1679 4185 1824 4240 alios
1854 4202 1924 4240 ex
1973 4202 2080 4240 suo
2189 4208 2322 4247 vero
2364 4190 2560 4263 procul
2609 4189 2884 4244 abessent
2932 4186 3247 4243 Christiani
3296 4186 3368 4241 ab
3426 4186 3584 4241 omni
3643 4184 3860 4240 homi—

434 4278 666 4352 ingenio
698 4277 1015 4345 astimant,
1049 4279 1107 4332 et
1136 4279 1422 4330 nocturna
1451 4273 1795 4346 promiscuae
1820 4272 2082 4328 multitu-
2191 4279 2374 4347 cidio,
2407 4279 2548 4335 satis
2579 4277 2848 4332 Octavius
2879 4274 3154 4343 ostendit,
3186 4290 3317 4330 cum
3353 4291 3424 4330 ne
3454 4273 3860 4330 homicidium

434 4367 590 4424 diuis
620 4366 812 4435 coitio,
854 4370 911 4422 et
959 4364 1096 4437 quia
1134 4362 1448 4419 Christiani
1489 4379 1616 4418 sese
1664 4363 1873 4418 fratres
1921 4379 2080 4418 soro-
2192 4367 2431 4441 quidem
2499 4366 2556 4420 in
2625 4364 2782 4420 ludis
2847 4363 3210 4436 gladiatoriis
3276 4368 3540 4436 spectare
3583 4379 3681 4417 eos
3744 4378 3865 4432 per

434 4472 643 4528 resque
691 4454 1073 4527 appellarent,
1119 4457 1294 4525 atque
1342 4452 1516 4508 etiam
1549 4451 1747 4508 osculo
1779 4469 1906 4507 sese
1936 4451 2081 4506 invi-
2117 4470 2160 4534 ι)
2191 4473 2361 4515 suam
2393 4454 2729 4527 religionem
2775 4453 3034 4525 potuisse
3084 4455 3302 4520 narrat,
3355 4453 3507 4524 quod
3563 4457 3615 4506 et
3673 4457 3865 4505 antea

435 4562 560 4602 cem
592 4544 943 4616 exciperent.
979 4543 1125 4611 Quid
1161 4542 1378 4610 dicam,
1411 4541 1609 4597 osculo
1653 4542 1941 4614 quosdam
1973 4542 2083 4597 im-
2196 4543 2555 4617 Theophilus
2586 4542 2732 4598 dixit
2763 4541 2833 4596 ad
2863 4541 3223 4612 Autolycum;
3258 4543 3314 4595 et
3333 4541 3533 4595 eodem
3581 4542 3866 4610 tempore

433 4633 644 4707 pudice
675 4633 893 4688 abusos
924 4632 1099 4688 esse?
1133 4636 1198 4689 ut
1236 4635 1292 4687 et
1345 4631 1556 4688 fatetur
1605 4635 1662 4686 et
1710 4629 2087 4703 conqueritur
2196 4634 2599 4704 Athenagoras
2626 4633 2687 4686 in
2715 4631 3006 4703 Apologia,
3040 4633 3094 4686 el
3118 4628 3296 4685 latius
3335 4627 3728 4684 Tertullianus
3787 4627 3864 4682 in

434 4723 702 4781 Clemens
743 4721 1168 4778 Alexandrinus
1217 4722 1275 4776 in
1319 4721 1541 4794 Paedag.
1587 4719 1899 4777 Christiani
1938 4720 2084 4775 satis
2195 4723 2343 4780 libro
2372 4722 2438 4777 de
2467 4721 2806 4792 Spectac.,et
2835 4722 3038 4790 postea
3059 4718 3400 4773 Lactantius
3433 4717 3540 4773 lib.
3579 4733 3656 4785 vr,
3711 4732 3862 4786 cap.

434 4812 624 4870 multa
640 4811 954 4868 castissimi
973 4811 1063 4866 sui
1085 4811 1323 4883 pudoris
1342 4810 1674 4866 testimonia
1692 4809 2082 4881 opponebant.
2192 4815 2284 4869 20.
2315 4811 2420 4866 Sed
2447 4825 2638 4882 neque
2659 4823 2821 4864 emam
2851 4807 3093 4879 pecudis
3160 4805 3508 4878 sanguinem
3570 4809 3865 4876 gustasse

433 4903 545 4960 Sed
607 4901 752 4958 nihil
807 4907 910 4958 aut
985 4901 1300 4972 impudens
1353 4898 1780 4965 malevolentia,
1843 4915 1970 4969 quae
2022 4901 2088 4953 ut
2197 4906 2427 4957 nostros
2451 4897 2737 4954 Minucius
2787 4896 3065 4964 affirmat,
3113 4895 3285 4950 sicuti
3321 4899 3380 4950 et
3426 4892 3862 4950 Tertullianus.

433 4993 695 5066 linguam
729 4992 907 5048 habet
936 4989 1448 5061 intemperantem,
1485 4988 1570 5043 sic
1601 5003 1790 5058 neque
1833 4987 2084 5041 frontem
2195 4989 2294 5045 Sic
2323 4988 2501 5054 enim,
2557 5003 2731 5059 quam
2782 4983 3029 5057 apostoli
3077 4983 3383 5056 repetitam
3433 4983 3607 5039 Nohas
3656 4981 3864 5054 legem

433 5098 624 5154 neque
678 5097 847 5137 aures
879 5079 1076 5134 habet.
1136 5078 1287 5133 Sane
1320 5081 1376 5132 et
1433 5075 1573 5132 olim
1631 5074 1913 5146 Apionem
1971 5073 2087 5129 tale
2197 5094 2403 5134 rursus
2433 5076 2708 5143 tulerant,
2736 5073 2938 5129 multis
3007 5071 3236 5128 saeculis
3297 5072 3476 5128 nostri
3537 5071 3872 5144 diligenter

434 5171 735 5244 quidpiam
761 5167 1187 5226 deJudaeorum
1231 5165 1477 5220 coetibus
1510 5164 1860 5220 conﬁnxisse
1891 5167 2088 5218 narrat
2197 5167 2600 5236 observarunt,
2634 5180 2749 5220 non
2775 5164 2972 5218 minus
3003 5178 3180 5234 quam
3213 5161 3598 5233 apostolicum
3649 5159 3708 5214 in
3756 5176 3870 5214 ea-

429 5259 743 5332 Josephus.
778 5259 926 5329 Ergo
961 5254 1106 5310 nihil
1139 5254 1355 5310 nostris
1384 5253 1486 5308 tali
1516 5252 1757 5308 infamia
1786 5253 2084 5324 oppressis
2197 5258 2328 5312 dem
2363 5255 2594 5326 Synodo
2625 5253 2924 5309 decretum
2956 5249 3079 5326 περὶ
3112 5249 3383 5325 πορνείας.
3426 5250 3597 5306 Certe
3665 5264 3871 5321 quam

433 5348 592 5404 aliud
647 5345 961 5418 superfuit,
1015 5360 1213 5414 quam,
1266 5343 1418 5414 quod
1477 5342 1618 5398 scite
1674 5346 1731 5398 et
1789 5340 2084 5414 eleganter
2195 5343 2533 5413 honestum,
2565 5340 2924 5414 religiosum,
2958 5340 3240 5412 pudicum
3268 5344 3612 5411 castumque
3670 5337 3870 5393 fuerit

523 5490 581 5558 9)
619 5486 886 5544 Juvenal.
920 5485 1093 5544 Satir.
1141 5486 1206 5540 15
1238 5485 1492 5558 ineunte.
2268 5488 2380 5558 (11)
2412 5484 2794 5558 Epiphanius,
2819 5482 3032 5558 Hieresi
3066 5498 3262 5558 iuvui,
3289 5485 3432 5558 sect.
3459 5499 3576 5550 xxv,
3610 5498 3681 5558 p.‘
3725 5481 3872 5538 416.

523 5492 581 5558 9)
619 5492 886 5544 Juvenal.
920 5492 1093 5544 Satir.
1141 5492 1206 5540 15
1238 5492 1492 5540 ineunte.
2293 5492 2352 5542 11
2412 5492 2794 5557 Epiphanius,
2819 5492 3032 5538 nearest
3066 5498 3262 5552 xnvm,
3290 5492 3432 5538 sect.
3459 5499 3576 5550 xxv,
3610 5498 3668 5553 p.

498 5492 613 5634 ξω)
641 5559 749 5630 Id.,
786 5558 960 5616 Satir.
988 5559 1043 5625 6,
1077 5573 1228 5615 vers.
1262 5557 1388 5614 313.
2268 5492 2380 5631 iw;
2413 5555 2833 5626 Quintilianus,
2861 5554 2964 5610 lib.
3001 5571 3031 5610 v
3057 5555 3238 5612 Instat.
3274 5555 3452 5626 0rat.,
3485 5569 3614 5625 cap.
3651 5551 3706 5607 3.
