4064 6154
242 262 348 322 221

1634 258 2245 323 PROLEGOMENA.

3522 268 3641 331 222

242 390 697 447 Christianorum
745 390 1003 446 solemne
1058 388 1407 458 convivium,
1462 391 1619 463 quod
1664 388 1878 464 ἀγάπην
1910 391 1967 458 Α
1996 408 2298 463 nunquam
2329 395 2642 466 Albiniani,
2678 399 3064 472 nec;Nigrianl
3086 401 3175 460 vel
3197 402 3460 461 Cassiani
3481 402 3641 460 inve-

242 480 628 553 appellabant,
677 479 962 547 Caecilius,
995 479 1043 535 si
1108 496 1305 534 verum
1368 479 1616 551 ingenue
1673 479 1881 551 dicere,

243 586 411 641 quam
442 569 711 640 improbe
726 568 957 623 mentiri
985 567 1310 638 maluisset,
1334 567 1656 639 intelligere
1690 573 1885 639 potue-

244 664 323 713 rat
379 674 498 712 non
560 657 752 713 solum
805 674 874 714 ex
926 656 1263 712 Tertulliani
1325 658 1505 712 nostri
1580 656 1880 728 Apologia,

243 747 334 802 sed
367 752 424 801 et
456 747 546 801 sui
578 744 749 800 Plinii
781 746 1033 817 quadam
1095 746 1166 799 ad
1228 746 1545 816 Trajanum
1603 743 1879 816 Epistola.

241 836 340 891 Sed
376 834 762 906 petulantiam
824 836 1090 907 projectaa
1152 834 1571 890 maledicentiaa
1624 833 1764 904 quid
1793 850 1879 889 re-

242 925 461 979 frenare
492 923 724 996 posset?
753 922 877 979 Dixi
913 924 985 978 de
1014 940 1079 979 eo
1110 923 1369 978 convivio
1401 921 1569 995 plura
1609 923 1665 977 in
1700 939 1880 977 anno-

240 1013 557 1068 tationibus
588 1014 658 1067 ad
696 1012 859 1067 illam
919 1011 1259 1083 Epistolam,
1318 1029 1443 1083 qua
1470 1013 1591 1081 jam
1624 1015 1881 1082 repetere

240 1102 375 1157 nihil
407 1102 640 1157 attinet.
675 1101 816 1157 Utut
846 1106 1039 1156 autem
1098 1101 1364 1156 nocturni
1419 1099 1878 1156 Christianorum

239 1194 417 1246 coetus
448 1190 669 1245 innoxii
701 1195 916 1255 essent,
962 1194 1157 1245 tamen
1218 1190 1487 1244 obstabat
1516 1189 1606 1244 lex
1658 1188 1879 1244 Duode-

237 1280 342 1333 cim
375 1280 563 1334 Tabb.
599 1277 803 1334 multis
861 1278 1112 1333 decretis
1162 1278 1527 1343 confirmata,
1568 1281 1625 1332 et
1683 1277 1882 1349 gravia

235 1373 395 1422 erant
443 1368 675 1438 judicia
748 1368 817 1422 de
874 1366 1131 1439 collegiis
1187 1366 1428 1422 illicitis.
1488 1366 1681 1421 Nostri
1748 1381 1880 1421 vero

235 1457 683 1528 respondebant,
746 1454 890 1510 nihil
977 1453 1306 1526 reipublicae
1368 1470 1495 1510 esse
1563 1453 1805 1526 periculi
1846 1471 1881 1509 a

234 1545 353 1601 suis
379 1545 757 1615 coitionibus,
787 1545 925 1616 quia
962 1549 1162 1599 essent
1193 1542 1540 1599 alienissimi
1593 1544 1663 1598 ab
1717 1542 1877 1597 omni

233 1633 314 1689 vel
344 1634 688 1704 ambitione,
723 1632 809 1689 vel
854 1632 1033 1688 ullius
1063 1632 1366 1704 dignitatis
1402 1630 1879 1703 2I3cogitatio-

234 1739 319 1791 ne,
352 1722 622 1794 nihilque
649 1726 803 1778 esset
831 1723 890 1777 in
937 1721 1254 1794 republica,
1315 1721 1469 1792 quod
1518 1721 1874 1789 atl’ectarent,

234 1813 329 1867 sed
364 1829 476 1867 sua
504 1819 699 1867 essent
730 1811 955 1883 privata
984 1810 1311 1866 conditione
1342 1810 1624 1875 contenti,
1657 1814 1721 1864 ut
1748 1810 1881 1864 Ter-

233 1900 517 1957 tullianus
540 1901 599 1955 in
632 1900 874 1973 Apolog.
906 1900 1236 1972 respondet.

290 1994 581 2044 Creterum
614 1993 678 2043 ut
725 1990 851 2059 jam
907 1993 1244 2060 praeteream
1304 1986 1527 2058 reliqua
1568 1986 1759 2059 capita
1789 1986 1877 2043 vel

230 2076 625 2133 accusationis
682 2077 995 2133 Caeciliane
1054 2076 1143 2132 vel
1193 2076 1440 2131 Octaviae
1498 2076 1874 2148 defensionis,

224 2166 365 2221 illud
397 2168 710 2221 observare
732 2167 921 2237 juvat:
947 2181 1080 2221 cum
1113 2163 1503 2221 calumniator
1535 2165 1874 2237 ingeniosus

224 2261 279 2311 et
307 2272 449 2310 acer
480 2254 630 2309 nihil
661 2272 775 2310 non
795 2254 880 2310 vel
913 2255 1209 2327 conlingat
1238 2253 1324 2309 vel
1345 2258 1871 2327 exaggeret,etma-

214 2344 457 2415 jcstatis
481 2344 747 2415 quaedam
780 2344 996 2399 leviora
1025 2344 1272 2398 crimina
1295 2344 1611 2416 adjungat:
1638 2348 1873 2414 printer-

212 2433 351 2488 iisse
416 2433 642 2486 crimen
701 2431 1142 2504 perduellionis,
1209 2433 1363 2503 quod
1419 2436 1477 2487 et
1533 2430 1631 2486 alii
1704 2436 1873 2487 autea

209 2521 650 2592 objecerant,ed
672 2521 743 2575 ad
766 2537 894 2576 reos
906 2522 1107 2576 statim
1152 2521 1566 2593 opprimendos
1584 2521 1640 2576 in
1666 2521 1872 2591 primis

208 2608 498 2663 idoneum
518 2625 647 2664 esse
679 2609 1101 2665 videbatur.An
1120 2610 1177 2664 id
1210 2610 1620 2678 dissimulavit,
1638 2610 1778 2681 quia
1799 2627 1871 2667 ne

207 2696 408 2751 tenuis
442 2697 683 2767 quidem
716 2698 844 2766 ejus
874 2702 1028 2753 esset
1056 2698 1313 2770 suspicio
1334 2702 1360 2752 .9
1396 2698 1527 2753 Fuit
1555 2703 1706 2753 certe
1739 2715 1868 2770 per-

206 2789 389 2855 petua
411 2784 537 2839 haec
567 2786 857 2856 majorum
889 2790 1157 2841 nostrum
1208 2785 1416 2857 gloria,
1477 2788 1630 2858 quod
1689 2786 1869 2843 nullis

205 2872 452 2943 injuriis
484 2879 605 2927 tam
640 2874 850 2928 irritati
882 2876 1199 2946 potuerint,
1235 2879 1299 2929 ut
1325 2875 1383 2928 in
1441 2876 1736 2947 principes
1765 2880 1870 2933 aut

206 2965 526 3033 tyrannos,
558 2962 671 3017 etsi
703 2962 774 3018 ab
809 2963 880 3019 iis
910 2962 1322 3035 indignissime
1350 2969 1718 3031 vexarentur,
1762 2965 1865 3022 ho-

1996 480 2052 534 ni
2062 481 2105 534 ri
2129 487 2444 553 potuerunt
2464 486 2837 544 Christiani.»
2851 489 3024 546 Juvat
3040 496 3093 546 et
3108 492 3353 548 alterum
3373 492 3637 562 ejusdem

1994 569 2333 628 Tertulliani
2362 573 2578 641 locum,
2620 577 2790 645 cujus
2825 580 3167 634 memoriam
3199 585 3447 636 veterem
3478 580 3641 637 hisce

1993 660 2360 729 temporibus
2391 664 2653 718 renovari
2689 665 3011 735 plurimum
3032 667 3291 734 interest,
3324 668 3638 724 ascribere.

1996 765 2025 794 ‹‹
2056 745 2241 813 Unde,
2268 770 2295 796 »
2327 750 2518 821 inquit
2548 751 2606 805 in
2660 753 2901 825 Apolog.
2935 755 3077 826 (cap.
3136 757 3249 826 35),
3283 778 3311 805 «
3335 761 3392 811 et
3412 756 3560 812 Casii
3586 760 3642 811 et

1996 833 2154 907 Nigri
2186 840 2241 890 et
2268 838 2515 893 Albini?
2557 841 2711 895 unde
2738 842 2837 913 qui
2869 842 3021 897 inter
3050 844 3197 899 duas
3241 843 3437 901 lauros
3476 845 3636 900 obsi—

1990 922 2132 978 dent
2151 924 2434 981 Cresarem
2454 928 2481 982 ‘?
2508 930 2660 984 unde
2687 930 2783 1001 qui
2810 931 3080 987 faucibus
3103 933 3637 1006 ejusexprimendis

1991 1011 2373 1083 palaestricam
2405 1022 2672 1071 exercent
2700 1018 2727 1072 ?
2760 1019 2916 1074 unde
2967 1020 3064 1090 qui
3116 1022 3323 1075 armati
3356 1020 3637 1093 palatium

1990 1099 2349 1173 irrumpunt,
2384 1105 2658 1161 omnibus
2700 1108 3014 1178 Stephanis
3076 1114 3250 1179 atque
3308 1109 3638 1165 Partheniis

1989 1190 2380 1247 audaciores?
2408 1193 2487 1248 De
2520 1195 2819 1264 Romanis,
2847 1197 2960 1252 nisi
2992 1197 3243 1265 fallor,id
3278 1203 3387 1266 est,
3421 1199 3492 1252 de
3522 1214 3638 1253 non

1989 1278 2353 1335 Christianis.
2396 1304 2424 1332 »
2457 1284 2537 1339 Ne
2572 1285 2726 1339 hunc
2754 1285 2989 1355 quidem
3049 1286 3242 1341 locum
3275 1303 3343 1342 ex
3396 1284 3642 1342 historia

1988 1365 2286 1425 illustrare
2316 1373 2618 1441 gravabor.
2643 1374 2883 1429 Avidius
2908 1374 3162 1440 Cassius,
3187 1374 3363 1447 Syriae
3386 1373 3635 1447 legatus,

1993 1457 2281 1513 adversus
2344 1463 2416 1514 M.
2468 1463 2785 1516 Antonium
2818 1463 3228 1534 imperatorem
3283 1466 3640 1529 surrexerat,

1988 1560 2121 1600 cum
2162 1550 2484 1617 pretexeret
2514 1565 2574 1604 se
2632 1551 3061 1622 rempublicam
3123 1552 3427 1608 restituere
3457 1556 3634 1623 atque

1986 1648 2329 1690 conservare
2360 1636 2525 1703 velle,
2548 1655 2726 1710 quam
2759 1640 2937 1695 Marci
2962 1640 3247 1697 dissoluta
3271 1639 3641 1712 indulgentia

1987 1724 2411 1792 pessumdaret.
2446 1725 2758 1782 Christiani
2790 1731 3010 1799 tamen,
3043 1729 3144 1800 qui
3172 1728 3231 1782 in
3263 1729 3437 1784 Marci
3469 1743 3633 1783 exer-

1989 1809 2106 1865 citu
2127 1812 2405 1868 adversus
2422 1814 2867 1871 Marcomannos
2883 1820 3001 1872 tam
3026 1818 3357 1888 frequentes
3369 1817 3632 1884 fuerunt,

1986 1897 2279 1955 Cassianm
2311 1902 2582 1958 factionis
2614 1904 2759 1959 nulli
2785 1905 3039 1960 fuerunt.
3072 1905 3481 1972 Commodum,
3518 1904 3629 1960 im-

1987 2003 2200 2059 purum
2233 1989 2337 2043 214
2396 1993 2712 2062 tyrannum
2774 1996 2831 2047 et
2882 1992 3095 2048 nostris
3152 1992 3627 2060 infestissimum,

1985 2075 2143 2130 domi
2177 2078 2532 2150 strangulari
2567 2080 3239 2153 Romanicurarunt,qui
3263 2081 3347 2135 illi
3380 2081 3631 2137 maxime

1983 2168 2149 2219 erant
2178 2164 2523 2222 familiares.
2560 2173 2648 2223 An
2683 2168 2770 2224 bis
2802 2168 3168 2225 Christianus
3200 2169 3357 2226 ullus
3402 2169 3634 2225 adfuit?

1983 2252 2265 2323 Septimio
2287 2256 2621 2327 Severo,qui
2647 2258 2718 2312 ad
2741 2257 3053 2329 imperium
3076 2258 3418 2329 gladiatorio
3435 2258 3631 2313 animo

1980 2340 2133 2394 viam
2168 2343 2509 2409 affectabat,
2543 2361 2671 2400 sese
2693 2348 2965 2417 opposuit
2987 2347 3338 2403 Pescennius
3367 2347 3542 2419 Niger
3571 2347 3631 2403 in

1983 2428 2173 2499 Lyria,‘
2203 2434 2261 2484 et
2291 2432 2505 2487 deinde
2534 2432 2770 2488 Clodius
2799 2434 3045 2490 Albinus
3076 2434 3133 2489 in
3179 2433 3451 2490 Bratania
3503 2434 3632 2491 Gal-

1979 2515 2195 2589 liaque,
2223 2535 2360 2574 cum
2394 2525 2635 2592 uterque
2667 2529 2780 2577 iam
2813 2523 2965 2578 bono
2988 2524 3122 2593 jure
3138 2527 3423 2595 armatus,
3448 2539 3627 2595 quam

1980 2606 2225 2662 Severus
2257 2608 2365 2663 sibi
2402 2626 2530 2665 esse
2551 2609 2859 2666 videretur.
2894 2612 3039 2665 Nam
3072 2615 3128 2667 et
3148 2611 3271 2682 ipse
3319 2612 3626 2668 Tertullia-

1979 2710 2092 2750 nus
2124 2696 2182 2750 in
2215 2696 2363 2753 libro
2391 2698 2457 2753 de
2511 2700 2694 2755 Pallio
2748 2701 2889 2772 (cap.
2920 2700 2977 2771 2)
3009 2701 3183 2756 hosce
3239 2718 3353 2756 non
3404 2702 3624 2771 minus,

1976 2801 2151 2854 quam
2183 2786 2482 2856 Severum,
2510 2788 2780 2858 Augustos
2804 2788 3117 2860 aliquando
3176 2789 3411 2861 agnovit
3450 2793 3625 2861 atque

1976 2872 2310 2944 appellavit.
2342 2875 2654 2931 Christiani
2686 2881 2883 2932 tamen
2912 2878 2967 2932 in
2994 2893 3196 2932 eorum
3225 2877 3313 2933 vel
3341 2879 3619 2935 exercitu.

1973 2959 2061 3015 vel
2094 2960 2341 3017 factione
2363 2962 2507 3019 nulli
2529 2964 2748 3020 inventi
2774 2970 2934 3020 sunt.
2970 2964 3621 3038 Plautianus,quiprin-

207 3050 329 3104 stili
362 3050 569 3105 animo
592 3056 810 3117 essent,
835 3056 935 3107 aut
952 3051 1089 3107 ullis
1112 3052 1390 3108 adversus
1412 3069 1511 3108 eos
1542 3055 1865 3125 conjuratis
1974 3049 2088 3121 oipi
2119 3051 2421 3122 proximus
2452 3058 2595 3121 erat,
2628 3058 2686 3109 et
2716 3058 2848 3124 post
2877 3071 3012 3110 cum
3067 3055 3338 3111 maximae
3367 3056 3621 3111 auctori-

206 3138 927 3210 eonspirationibus(quae
961 3145 1153 3196 tamen
1189 3140 1405 3213 alioqui
1430 3146 1486 3197 et
1516 3142 1792 3214 speciosae
1810 3147 1867 3200 et
1895 3126 1939 3194 C
1976 3138 2135 3209 tatiS,
2174 3142 2239 3194 ut
2289 3139 2535 3196 Severus
2593 3147 2650 3197 et
2704 3142 3021 3213 Caracalla,
3053 3161 3085 3199 a
3128 3145 3340 3215 quibus
3398 3144 3621 3199 ﬁebant

206 3227 549 3298 frequentes
580 3232 721 3283 tunc
752 3231 939 3298 erant)
969 3230 1414 3297 assentirentur,
1444 3235 1567 3296 aut,
1587 3232 1726 3303 quid
1758 3250 1863 3289 sua

206 3317 527 3391 patientia,
556 3317 885 3387 tolerantia,
917 3318 1587 3388 modestia,contiuentia
1618 3321 1859 3393 dignum

205 3412 387 3473 esset,
422 3423 541 3461 non
571 3406 1005 3463 meminissent.
1040 3407 1291 3463 Tantum
1351 3409 1515 3464 abest
1572 3415 1635 3465 ut
1664 3416 1861 3467 essent

206 3502 306 3549 aut
336 3495 671 3550 turbulenti
693 3500 793 3550 aut
824 3495 1107 3562 seditiosi,
1132 3501 1231 3551 aut
1265 3496 1505 3551 immani
1541 3498 1859 3569 cupiditate

204 3581 452 3638 ultionis
484 3583 1071 3653 abriperentur.Nam
1103 3583 1210 3637 etsi
1233 3599 1299 3637 ea
1323 3583 1858 3657 multitudinesepti

204 3676 423 3737 essent,
459 3674 528 3725 ut
556 3670 727 3726 facile
756 3675 997 3742 possent
1026 3672 1327 3737 conficere,
1362 3673 1516 3742 quod
1539 3673 1598 3727 in
1622 3672 1729 3728 hoc
1760 3690 1857 3745 ge-

204 3775 342 3815 nere
374 3759 797 3826 instituissent,
820 3764 1016 3815 tamen
1052 3761 1137 3815 fas
1168 3777 1281 3815 non
1314 3777 1441 3815 esse
1465 3761 1767 3831 putabant.
1791 3764 1858 3818 Et

199 3865 334 3904 vero
355 3867 479 3905 suae
498 3848 716 3920 alioqui
740 3848 1037 3921 religionis
1067 3853 1124 3904 et
1148 3849 1434 3921 principia
1452 3851 1853 3919 sustulissent,

195 3943 251 3992 et
281 3939 679 3994 fundamenta
708 3937 1070 3993 evertissent.
1105 3940 1227 3993 lmo
1270 3954 1399 3993 vero
1456 3937 1725 3993 humanae
1757 3956 1853 3995 so-

192 4027 429 4083 cietatis
461 4026 698 4081 vincula
756 4026 959 4081 omnia
1015 4026 1444 4082 dissolvissent.
1499 4027 1646 4092 Quid
1679 4028 1851 4083 multi

190 4116 375 4171 etiam
410 4114 749 4187 philosophi
781 4114 1089 4171 ambitiose
1120 4116 1503 4186 praedicarent
1559 4116 1630 4170 de
1654 4120 1850 4187 tyran-

189 4205 432 4271 nicidis,
470 4208 677 4259 notum
709 4207 850 4258 erat.
885 4204 994 4258 Sed
1028 4203 1207 4259 nostri
1240 4203 1458 4258 talibus
1491 4204 1737 4260 ﬂabellis
1768 4206 1851 4259 in-
1898 4258 1905 4263 .

184 4295 363 4349 cendi
394 4309 462 4348 se
495 4310 611 4347 non
644 4292 1058 4363 patiebantur:
1094 4296 1324 4347 tantum
1386 4293 1571 4363 abest,
1606 4298 1669 4349 ut
1725 4295 1853 4349 reli-

186 4382 385 4454 gionis
429 4380 668 4436 nomine
700 4380 769 4434 ad
803 4380 1102 4452 publicum
1127 4380 1504 4452 parricidium
1536 4380 1849 4437 incitaren-

1970 3226 2158 3282 multa
2186 3228 2516 3300 crudeliter,
2524 3231 2962 3304 jugularentur,
2992 3232 3262 3289 immittit
3289 3232 3350 3287 in
3382 3232 3606 3289 curiam

1970 3331 2145 3371 suum
2179 3317 2600 3387 praefectum,et
2631 3320 2834 3375 eodem
2868 3319 3039 3390 paulo
3067 3325 3196 3392 post
3224 3321 3613 3393 irrumpit.An

1970 3404 2341 3459 Plautianum
2364 3406 2675 3461 Christiani
2691 3410 2871 3463 secuti
2891 3415 3308 3482 sunt,quorum
3331 3410 3617 3465 interesse

1968 3492 2273 3547 videbatur
2298 3499 2576 3566 tyrannos
2610 3495 2743 3551 illos
2766 3497 2934 3552 tolli?
2956 3503 3079 3553 Imo
3110 3515 3242 3555 vero
3276 3499 3469 3570 potius
3514 3499 3615 3553 Se-

1968 3595 2168 3636 verum
2193 3583 2310 3653 jam
2343 3584 2791 3641 decumbentem
2824 3586 2909 3640 illi
2962 3604 3069 3643 suo
3124 3588 3299 3643 etiam
3357 3586 3481 3644 oleo
3515 3604 3613 3643 cu-

1969 3676 2179 3726 rarunt
2213 3677 2631 3744 sanaruntque,
2666 3678 2731 3729 ut
2759 3676 2927 3731 testis
2954 3681 3042 3731 est
3087 3675 3485 3732 Tertullianus
3528 3677 3609 3731 ad

1967 3759 2277 3830 Scapulam,
2312 3760 2410 3815 ubi
2424 3765 2481 3817 et
2503 3762 2795 3818 solemnes
2811 3764 3076 3819 Ecclesiae
3100 3780 3298 3835 preces
3320 3782 3423 3837 pro
3447 3765 3607 3837 prin-

1965 3848 2194 3920 cipibus
2228 3855 2663 3907 commemorat.
2690 3853 2839 3907 Tum
2872 3853 3033 3907 addit
3065 3870 3077 3908 :
3106 3876 3132 3905 (ι
3166 3855 3245 3908 Ex
3276 3854 3475 3925 regula
3506 3872 3608 3925 pa-

1964 3936 2187 3992 tientiae
2212 3938 2419 3993 divina:
2452 3955 2623 4011 agere
2642 3957 2749 3995 nos
2768 3941 2914 3996 satis
2946 3942 3326 3998 manifestum
3357 3945 3605 4007 est,cum

1962 4029 2127 4080 tanta
2155 4025 2462 4081 hominum
2478 4028 2791 4084 multitudo
2814 4046 2947 4101 pars
2981 4046 3124 4102 pene
3145 4032 3333 4102 major
3352 4030 3608 4086 civitatis

1963 4116 2268 4185 cujusque,
2304 4114 2365 4169 in
2398 4116 2632 4173 silentio
2672 4122 2730 4173 et
2784 4119 3073 4174 modestia
3132 4121 3383 4191 agimus.
3439 4120 3611 4175 Absit

1962 4204 2139 4274 enim,
2174 4208 2238 4258 ut
2267 4203 2504 4277 indigne
2535 4206 2792 4262 feramus
2824 4223 2891 4262 ea
2922 4225 3027 4264 nos
3060 4209 3203 4281 pati,
3265 4225 3395 4281 quae
3444 4213 3608 4280 opta-

1962 4307 2136 4358 mus;
2172 4297 2274 4347 aut
2309 4291 2591 4348 ultionem
2619 4311 2653 4349 a
2683 4295 2849 4350 nobis
2892 4296 3147 4368 aliquam
3182 4296 3608 4362 machinemur,

1960 4395 2137 4450 quam
2166 4397 2199 4435 a
2226 4381 2340 4435 Deo
2370 4388 2799 4452 exspectamus.
2835 4406 2862 4432 ››
2896 4389 3019 4439 Non
3083 4385 3398 4442 dissimilia
3442 4390 3600 4454 sunt,

186 4469 478 4525 tur.Nihil
508 4475 597 4525 est
628 4468 1111 4540 praetermissum,
1146 4470 1301 4540 quod
1335 4486 1433 4524 eos
1483 4468 1850 4528 inﬂammare
1880 4491 1926 4554 Β
1960 4483 2092 4538 quae
2126 4468 2332 4539 repetit
2358 4468 2415 4522 in
2450 4469 2924 4540 Apologcticomt
2954 4474 3133 4545 digna
3164 4478 3323 4540 sunt,
3353 4490 3478 4545 quae
3510 4474 3602 4530 his

182 4562 482 4629 posset,et
504 4558 665 4612 furor
689 4556 809 4613 fieri
842 4557 1059 4612 dicitur
1104 4557 1241 4612 laesa
1298 4556 1513 4628 saepius
1545 4559 1842 4628 patientia.

183 4648 301 4702 Sed
338 4663 440 4703 eos
474 4644 680 4717 religio
707 4644 1012 4711 continuit,
1045 4650 1101 4701 et
1129 4646 1199 4700 ad
1234 4644 1504 4700 invictam
1537 4647 1708 4701 modo
1741 4664 1845 4718 pa-

186 4737 464 4791 tientiam
498 4735 767 4790 armavit.
804 4734 863 4789 Id
896 4750 1051 4801 vero,
1077 4735 1147 4789 de
1179 4751 1292 4806 quo
1324 4734 1499 4789 etiam
1530 4734 1710 4804 quaeri
1736 4733 1844 4788 hoc

186 4831 457 4897 tempore
488 4824 665 4879 audio
698 4826 755 4878 et
786 4824 983 4893 miror,
1043 4827 1322 4895 perpetua
1370 4821 1626 4893 plurium
1661 4839 1841 4877 saecu-

187 4914 387 4969 lorum
410 4912 657 4967 historia
679 4928 786 4966 nos
814 4911 959 4966 alias
991 4909 1643 4967 confirmabimus.lllud
1670 4912 1842 4967 modo

187 5002 451 5057 breviter
471 5001 775 5071 attingam,
808 4999 964 5071 quod
990 4999 1283 5054 Minucius
1314 4998 1503 5053 dicere
1530 4999 1739 5069 potuit,
1773 5016 1841 5056 ac

192 5090 368 5162 paulo
395 5095 532 5145 ante
558 5090 688 5159 ejus
718 5092 946 5143 aetatem
989 5087 1219 5142 accidit.

259 5178 667 5235 Tertullianus
723 5177 801 5231 ad
854 5176 1157 5247 Scapulam
1187 5176 1325 5247 (cap.
1358 5174 1434 5247 2).
1473 5194 1499 5227 ιι
1520 5174 1683 5231 Circa
1716 5194 1837 5232 ma-

190 5268 488 5336 jestatem,
524 5264 733 5337 inquit,
788 5264 1157 5336 imperatoris
1205 5264 1564 5320 infamamur
1598 5283 1611 5321 :
1645 5273 1837 5322 tamen

260 5428 375 5497 (13)
404 5424 801 5505 Tertullianus
834 5423 1071 5505 Apolog.
1098 5441 1225 5505 cap.
1257 5440 1447 5480 xxxvn
1477 5440 1489 5478 :
1525 5446 1558 5505 «_
1587 5425 1685 5480 Vel
1721 5444 1837 5505 una

200 5494 299 5579 nox
320 5494 595 5579 pauculis
607 5494 819 5579 iaculis
850 5494 1087 5578 largiter
1104 5494 1356 5579 ultiones
1370 5501 1568 5579 posset
1579 5498 1833 5579 pperari,

199 5571 241 5624 si
270 5566 493 5628 malum
510 5566 665 5624 malo
682 5566 963 5639 dispungi
978 5583 1160 5639 penes
1172 5583 1279 5623 nos
1300 5566 1554 5625 liceret.»

1957 4572 2188 4628 quoque
2219 4557 2581 4628 temporibus
2613 4558 3000 4616 inculcantur.
3035 4565 3196 4618 Certe
3216 4563 3299 4618 ait
3319 4563 3600 4619 Christia-

1955 4661 2062 4700 nos
2098 4644 2262 4700 facile
2289 4647 2403 4717 (13)
2427 4668 2454 4696 ‹‹
2491 4647 2688 4717 paucis
2720 4649 2925 4705 faculis
2957 4650 3039 4706 vel
3074 4668 3191 4708 una
3237 4657 3405 4708 nocte
3437 4674 3466 4702 »
3499 4670 3599 4725 po-

1951 4733 2139 4790 tuisse
2160 4750 2287 4789 sese
2305 4734 2579 4801 ulcisci,si
2605 4741 2703 4791 aut
2727 4738 3099 4805 fuissent,aut
3120 4758 3249 4798 esse
3269 4741 3599 4798 voluissent

1953 4823 2128 4895 (quod
2161 4826 2353 4878 tamen
2394 4824 2519 4895 jam
2553 4842 2587 4880 a
2630 4827 2995 4898 temporibus
3043 4832 3289 4887 Neronis
3321 4832 3598 4886 diceban-

1952 4911 2069 4983 tur)
2096 4911 2463 4968 incendiarii.
2499 4934 2529 4964 «
2560 4915 2673 4970 Seb
2723 4916 2897 4985 absit,
2956 4917 3170 4989 inquit,
3225 4923 3290 4973 ut
3344 4923 3445 4973 aut
3474 4917 3597 4988 igni

1951 4999 2210 5056 humano
2239 5001 2566 5057 vindicetur
2597 5004 2793 5061 divina
2843 5011 3039 5074 secta;
3073 5012 3174 5061 aut
3231 5005 3422 5062 doleat
3454 5005 3594 5077 pati.

1950 5091 2009 5146 in
2042 5107 2157 5163 quo
2214 5092 2550 5163 probatur.»
2607 5092 2720 5158 Ait,
2770 5094 2908 5163 illis,
2971 5095 3021 5150 si
3082 5100 3281 5165 aperte
3339 5108 3508 5164 agere
3541 5096 3599 5147 et

1948 5179 2064 5235 vim
2090 5180 2143 5234 vi
2177 5179 2452 5252 repellere
2482 5180 2824 5253 voluissent,
2858 5182 3101 5238 minime
3133 5182 3388 5238 defuisse
3421 5204 3441 5231 α
3477 5181 3591 5237 vim

1950 5273 2401 5326 numerorumet
2429 5270 2788 5342 copiarum.»
2820 5270 3209 5343 Sed,inquit,«
3243 5271 3591 5344 apudistam

1924 5390 2267 5504 VBalduinus
2299 5428 2691 5504 magis,quam
2709 5429 2882 5504 verba
2905 5428 3249 5504 Tertulliani
3271 5432 3592 5504 expressit:

1946 5504 2006 5555 at
2037 5499 2095 5572 in
2124 5516 2258 5572 mox
2287 5499 2666 5572 sequentibus
2706 5501 2836 5572 ipsa
2894 5500 3069 5557 verba
3123 5517 3191 5558 ex
3215 5499 3420 5562 eodem
3468 5504 3594 5560 loco

1638 5573 1833 5627 entem
1941 5569 2658 5643 Apologetioi,(LmnNsa).
