4064 6154
470 289 589 360 223
1770 313 1850 374 M.
1897 313 2278 378 MINUCIUS
2324 317 2574 379 ramx.
3762 311 3884 370 224

471 430 844 521 disciplinam
877 436 1064 509 magis
1091 438 1273 494 occidi
1314 439 1467 508 licet,
1529 461 1706 516 quam
1769 446 2047 504 occidere.
2083 470 2113 498 »
2144 449 2197 515 Α
2228 450 2402 521 perbe
2431 449 2712 520 insultat;
2744 453 2800 506 et
2831 449 2940 505 hoc
2972 449 3205 504 nomine
3223 451 3344 503 tam
3369 441 3602 503 illorum
3638 445 3878 517 religio-

472 520 568 611 Ait
597 519 728 611 illos
754 523 929 579 etiam
981 525 1105 581 sine
1149 531 1328 585 armis
1378 532 1639 602 potuisse
1693 534 1919 591 vincere
1968 553 2119 592 sece-
2230 519 2678 595 nemfastidiose
2701 540 3179 611 deprimit,quam
3204 554 3372 592 suam
3395 536 3646 608 gloriose
3665 535 3883 590 attollit

474 609 686 700 dendo,
741 616 798 666 et
847 630 1091 670 vacuum
1147 617 1426 676 Romanis
1480 638 1654 677 suum
1703 623 1900 680 orbem
1953 625 2120 681 relin-
2227 628 2726 699 superstitionem.
2759 609 2852 683 Sic
2909 609 3063 684 enim
3089 626 3317 700 profani
3363 625 3629 680 homines
3661 642 3728 678 ex
3764 625 3880 677 for-

473 699 725 788 quendo,
759 701 806 756 si
840 701 952 756 alio
986 705 1236 776 migrare
1269 707 1607 766 voluissent.
1643 713 1791 767 Tum
1825 714 1979 768 enim
2013 715 2116 771 de-
2225 722 2368 773 tuna
2399 722 2453 772 et
2504 735 2698 773 rerum
2757 734 3032 773 successu
3064 699 3337 788 pendent.
3398 713 3488 768 Sic
3521 713 3645 783 ipse
3673 715 3879 768 Cicero

470 786 748 878 fuissent,
781 792 995 860 quibus
1027 793 1371 866 imperasset
1427 802 1728 857 Romanus
1779 803 2118 874 imperator.
2221 823 2320 878 pro
2350 808 2540 863 Flacco
2559 807 2982 862 contumeliose
3012 786 3264 875 eaagitat
3283 805 3620 861 Judaeorum
3655 809 3711 857 et
3736 819 3871 872 gen-

473 876 625 930 Adeo
651 878 816 948 pauci
841 889 1206 952 supererant,
1249 887 1349 957 qui
1384 905 1494 942 non
1527 895 1724 946 essent
1780 891 2112 948 Christiani.
2221 876 2340 950 tem
2363 902 2417 950 et
2447 913 2630 951 sacra.
2664 897 2768 951 Sed
2801 901 2858 952 et
2918 895 3201 966 Apionem
3251 893 3471 948 Judaeis
3533 891 3873 946 servitutem

467 966 577 1056 Sed
613 970 842 1022 nostros
864 975 920 1023 et
950 971 1103 1026 cives
1136 990 1366 1030 manere
1415 977 1697 1044 voluisse,
1729 985 1785 1035 et
1815 981 1885 1036 ad
1921 981 2117 1038 hostes
2225 989 2279 1038 et
2302 1001 2613 1053 aerumnas,
2647 989 2926 1056 tanquam
2987 983 3145 1038 falsa:
3178 981 3473 1053 religionis
3515 980 3876 1044 testimonia,

468 1055 862 1111 Romanorum
895 1059 1145 1116 transire
1186 1063 1447 1120 noluisse
1477 1066 1787 1138 signiﬁcat,
1814 1075 1870 1124 et
1900 1071 2118 1126 interca
2225 1074 2586 1129 conﬁdenter
2615 1074 2920 1145 objecisse,
2944 1089 3012 1127 ex
3039 1071 3291 1142 Josepho
3325 1069 3738 1141 intelligimus.
3772 1069 3879 1123 Mi-

465 1145 663 1234 tamen
697 1162 730 1199 a
753 1145 1032 1234 Romanis
1065 1151 1385 1222 appellatos
1411 1170 1538 1209 esse
1569 1173 1681 1211 non
1716 1157 1911 1214 hostes
1944 1160 2116 1215 modo
2224 1179 2354 1218 rum
2386 1178 2542 1228 vero,
2578 1167 2708 1234 post
2737 1168 3000 1233 tempora
3027 1157 3879 1233 quoqueConstantini,Julia-

473 1231 578 1285 sed
611 1235 668 1286 et
698 1233 1028 1324 principum
1061 1245 1116 1292 et
1147 1239 1384 1296 humani
1418 1246 1648 1315 generis
1678 1245 1895 1303 hostes.
1939 1249 2113 1304 Caete-
2221 1269 2364 1306 num
2387 1231 2796 1324 imperatorem
2811 1231 3264 1306 nostros—eadem
3283 1247 3877 1318 rationejimpetiisse

469 1335 602 1374 rum
635 1324 754 1412 tam
777 1323 998 1393 injusta
1059 1332 1115 1382 et
1146 1333 1344 1400 aperta
1378 1332 1485 1387 fuit
1511 1333 1630 1388 haec
1684 1335 1919 1406 injuria,
1955 1337 2116 1408 ulip-
2222 1339 2393 1394 sicuti
2453 1356 2522 1395 ex
2603 1339 2800 1412 Cyrilli
2878 1338 3358 1410 responsionibus
3431 1335 3872 1408 cognoscimus.

469 1425 567 1502 sos
599 1411 833 1467 tandem
867 1412 1062 1470 hostes
1118 1417 1580 1477 Christianorum
1645 1424 1875 1496 puderit
1906 1430 2023 1480 tam
2058 1431 2114 1482 et
2220 1432 2444 1494 Quanto
2476 1428 2535 1483 id
2569 1411 2757 1502 magis
2793 1428 2980 1500 potuit
3011 1427 3298 1496 Czecilius,
3331 1427 3433 1498 qui
3483 1425 3874 1481 Christianos.

470 1497 695 1588 ingrate
725 1516 915 1572 agere,
948 1507 1004 1558 et
1042 1502 1201 1577 loqui
1232 1508 1621 1581 impudenter.
2220 1517 2334 1573 nisi
2367 1517 2633 1584 afflictos,
2669 1497 2969 1581 imiseros,
3004 1531 3308 1588 pauperes,
3350 1497 3555 1569 nullos
3595 1512 3880 1568 viderat?

542 1587 688 1678 Ergo
720 1588 1003 1678 Caecilius,
1040 1598 1413 1664 quantumvis
1443 1602 1952 1675 cssetimpudens,
1986 1620 2111 1659 eru-
2220 1605 2415 1678 itaque
2483 1622 2695 1678 magno
2745 1587 3053 1677 supercilio
3103 1609 3160 1660 et
3210 1604 3366 1659 fastu
3438 1607 3497 1658 et
3531 1605 3877 1672 contemptu

466 1674 688 1766 huitiis
711 1677 946 1750 aliquod
967 1684 1616 1754 perduellioniscrimen
1634 1674 2111 1765 effingereQuid-
2219 1694 2278 1750 in
2318 1674 2434 1751 ieos
2479 1674 2735 1766 despuit,
2783 1674 2840 1749 et
2885 1699 3170 1764 tanquam
3219 1688 3542 1766 καθάρματα
3571 1689 3661 1742 καὶ
3717 1707 3877 1761 περι-

463 1762 560 1883 Y‘ii
582 1764 770 1883 gladi
803 1767 1076 1883 (fillifefe,
1135 1789 1388 1883 carpere,
1432 1780 1696 1883 .mentiri,
1759 1762 2105 1883 calumniari
2139 1818 2186 1883 Β
2216 1784 2443 1856 ψήματα
2472 1784 2628 1855 (utor
2657 1762 2915 1882 Apostoli
2963 1762 3116 1838 2—16
3147 1762 3372 1883 verbis)
3393 1779 3710 1883 proculcat.
3765 1780 3876 1879 Sed

467 1851 618 1910 215
657 1853 884 1944 maluit.
911 1859 1018 1914 Sed
1043 1877 1229 1932 neque
1259 1864 1603 1922 Christianis
1634 1891 1661 1917 «
1699 1869 1937 1925 ascribit
1969 1887 2106 1926 cau-
2139 1851 2186 1883 υ
2218 1851 2605 1928 ΤέλΤαεοηῖθοε
2663 1851 2792 1944 ejus
2824 1871 3070 1944 spiritus
3119 1870 3309 1926 altiori
3344 1851 3562 1926 animo
3621 1868 3881 1941 despicit

465 1956 592 1997 sam
640 1943 1008 2033 publicarum
1066 1949 1506 2011 calamitatum:
1545 1978 1565 2004 ι
1605 1958 1758 2028 quod
1816 1963 2009 2015 tamen
2042 1977 2107 2015 eo
2221 1963 2516 2027 Octavius,
2539 1943 2729 2033 iisque
2751 1943 3011 2017 sanctam
3045 1959 3360 2032 quamdam
3388 1961 3722 2030 superbiam
3760 1976 3873 2029 op-

467 2032 859 2123 temporealii
893 2035 1205 2093 adversarii
1228 2041 1425 2097 odiose
1455 2044 1643 2100 facere
1689 2047 1982 2120 imprimis
2013 2065 2108 2104 so-
2217 2051 2399 2122 ponit,
2433 2068 2552 2123 qua
2581 2032 2727 2106 etin
2759 2055 3098 2122 paupertate
3127 2049 3353 2119 divites,
3389 2052 3447 2104 et
3470 2049 3529 2102 in
3577 2049 3864 2103 servitute

464 2116 1068 2209 lebant.Tristissima
1100 2144 1242 2184 sane
1273 2134 1442 2187 etate
1483 2132 1722 2190 Minucii
1775 2116 1903 2192 erat
1932 2137 2106 2194 facies
2218 2116 2407 2206 liberi,
2441 2116 2584 2195 etin
2634 2116 2828 2195 med-ia
2859 2116 3110 2209 denique
3159 2116 3347 2192 morte
3375 2136 3619 2191 victores
3669 2142 3878 2192 essent

467 2205 715 2299 Romani
762 2211 1015 2284 imperii,
1078 2215 1495 2293 horribilisque
1551 2223 1890 2282 dilaceratio
1932 2231 2110 2299 atque
2226 2205 2438 2285 nostri.
2472 2229 2614 2284 Utut
2645 2233 2837 2283 autem
2871 2205 3134 2282 Caecilius
3166 2225 3335 2281 initio
3376 2226 3761 2298 despumans,
3814 2231 3882 2280 et

464 2295 748 2394 confusio.
781 2301 1152 2394 QAuid‘dicam
1185 2323 1371 2379 genus
1405 2326 1577 2367 omne
1626 2314 1914 2370 malorum
1969 2320 2110 2370 tunc
2220 2318 2678 2390 intemperanter
2707 2317 2962 2372 convicia
2992 2316 3460 2387 profunderet,et
3486 2315 3674 2371 minas
3703 2316 3877 2370 effla-

463 2386 786 2486 inu‘ndasse
810 2389 838 2444 ‘?
867 2391 1182 2486 orbemque
1214 2406 1266 2452 et
1288 2414 1641 2456 concussum
1675 2407 1731 2458 et
1760 2405 2107 2475 permistum
2227 2412 2340 2475 ret,
2373 2386 2430 2462 et
2485 2405 2779 2478 ampullas
2834 2386 3146 2460 horribiles
3203 2405 3530 2476 projiceret,
3615 2405 3878 2475 denique

462 2472 654 2545 hellis,
689 2477 994 2545 incendiis,
1046 2482 1530 2546 inundationibus
1586 2472 1964 2559 term‘motu,
1999 2495 2108 2548 civi
2229 2472 2458 2552 Christo
2489 2472 2802 2550 insultaret
2834 2511 2846 2549 :
2904 2497 3098 2548 tamen
3131 2472 3282 2547 veris
3306 2472 3499 2547 victus
3529 2492 3701 2564 paulo
3736 2472 3880 2564 post

461 2567 652 2622 tatum
688 2567 898 2638 ruinis,
931 2575 1194 2648 gentium
1245 2593 1678 2653 regnorumque
1709 2581 1972 2655 excidiis,
2007 2584 2106 2638 de-
2223 2586 2396 2653 cedit,
2432 2599 2618 2655 neque
2650 2583 3210 2653 arbitrijudicisque
3242 2580 3481 2636 Minucii
3511 2582 3874 2636 sententiam

465 2663 642 2736 nique
673 2667 1000 2722 confectum
1044 2672 1101 2723 et
1134 2670 1302 2737 fame,
1337 2666 1392 2725 et
1444 2675 1604 2743 peste
1653 2672 1887 2744 publica
1914 2672 1942 2728 ?
1980 2672 2105 2728 Non
2216 2677 2530 2746 exspectat,
2563 2673 2664 2728 sed
2701 2671 2854 2727 ultro
2887 2671 2972 2725 illi
3005 2669 3275 2726 occurrit.
3308 2668 3688 2725 Admirabilis
3722 2687 3869 2741 pro-

470 2752 760 2810 commitit
789 2759 985 2810 tamen
1016 2757 1302 2828 Cacilius,
1358 2763 1423 2815 ut
1479 2760 1652 2833 (quod
1710 2761 1921 2834 vulgus
1967 2766 2104 2818 tunc
2214 2764 2362 2819 fecto
2393 2761 2714 2828 conversio,
2750 2761 3075 2833 praesertim
3132 2764 3255 2814 tam
3286 2759 3606 2831 repentina.
3657 2759 3768 2813 Sed
3798 2775 3875 2813 ea

465 2841 823 2912 clamitabat,
848 2849 906 2900 et
927 2850 1061 2902 ante
1075 2851 1321 2920 postque
1341 2849 1543 2904 multis
1565 2850 1790 2906 saeculis
1812 2853 2104 2922 jactatum
2214 2852 2483 2920 ostendit,
2515 2849 2816 2906 sanabiles
2847 2849 3063 2904 multos
3110 2849 3305 2904 Romae
3339 2847 3538 2918 fuisse,
3573 2847 3671 2919 qui
3702 2847 3874 2902 vide-

461 2935 550 2987 est
571 2930 1049 3003 calumniaretur,
1108 2935 1454 2994 Christianis
1503 2943 1691 2994 totum
1732 2939 1878 2994 illud
1927 2940 2104 2997 chaos
2212 2943 2430 2998 bantur
2458 2939 2679 3012 alioqui
2739 2939 2987 3010 depositi
3016 2941 3074 2992 et
3095 2937 3415 3009 deplorati:
3450 2936 3681 2992 veritati
3730 2953 3879 2992 vero

457 3023 759 3092 acceptum
783 3021 908 3078 ﬁeri
929 3023 1158 3093 debere,
1184 3042 1503 3099 eorumque
1534 3028 1818 3099 sanguine
1850 3046 1978 3086 esse
2009 3047 2104 3086 ex-
2212 3047 2468 3089 errorem
2501 3028 2670 3084 facile
2692 3029 2913 3084 cedere.
2940 3029 3087 3099 Ergo
3118 3025 3382 3082 Caecilius
3415 3029 3668 3097 quadam
3685 3024 3879 3079 veluti

458 3107 763 3181 piandum.
801 3115 946 3168 Ante
975 3113 1213 3170 Minucii
1251 3119 1480 3171 aetatem
1501 3117 1919 3174 Tertullianus.
1956 3141 1985 3168 »
2019 3119 2101 3189 Si,
2143 3181 2177 3191 _
2213 3120 2272 3176 in
2297 3121 2432 3191 jure
2481 3118 2750 3174 cessione
2781 3115 3016 3173 Octavio
3047 3115 3364 3170 vindicanti
3399 3113 3584 3170 addici
3615 3118 3875 3185 poterat.

459 3196 803 3273 inquit(14),
828 3201 1051 3258 Tiberis
1074 3205 1412 3260 ascenditin
1435 3207 1645 3262 arva.si
1677 3207 1887 3262 cmlum
1919 3181 2100 3276 stetit,
2136 3181 2178 3249 α
2213 3181 2378 3266 Certe
2405 3207 2556 3263 vinci
2587 3205 2838 3278 dedique
2869 3222 2982 3260 non
3014 3209 3266 3275 recusat,
3294 3208 3350 3259 et
3378 3181 3702 3259 Octavianze
3736 3219 3880 3258 ora-

461 3286 513 3343 si
536 3290 691 3344 terra
713 3289 912 3359 movit,
935 3291 985 3348 si
1010 3293 1215 3365 fames,
1239 3294 1288 3350 si
1313 3293 1465 3366 lues,
1504 3295 1725 3363 statim,
1768 3296 2106 3353 Christianos
2213 3298 2393 3354 tionis
2455 3296 2708 3368 quodam
2742 3294 2908 3366 quasi
2953 3291 3200 3348 fulmine
3232 3291 3560 3365 perculsus,
3585 3296 3882 3362 tanquam

458 3376 534 3434 ad
562 3381 810 3434 Leonem.
848 3401 867 3429 ιν
905 3381 1277 3439 acclamatur.
1314 3383 1436 3440 Non
1458 3383 1654 3439 minus
1678 3384 1878 3440 odiosa
1908 3391 1964 3440 et
2000 3387 2107 3440 im-
2216 3386 2362 3442 alter
2381 3384 2622 3456 quidam
2645 3382 2883 3452 Paulus,
2904 3383 3098 3438 subito
3114 3381 3475 3454 religionem,
3503 3397 3679 3453 quam
3695 3379 3878 3451 igno-

464 3465 659 3522 manis
690 3473 814 3523 erat
851 3468 1195 3526 acclamatio
1219 3475 1481 3544 tempore
1510 3473 1874 3545 Cypriani.ut
1904 3491 1972 3530 ex
1994 3474 2107 3529 hu-
2223 3491 2360 3531 rans
2388 3476 2842 3545 oppugnaverat,
2861 3471 3199 3527 admonitus
3223 3469 3649 3542 complectitur.

453 3556 558 3626 jus
570 3555 642 3610 ad
674 3555 1108 3614 Demetrianum
1142 3559 1398 3632 Epistola
1430 3561 1575 3618 satis
1614 3568 1871 3634 apparet.
1892 3563 2105 3619 Eadem
2286 3562 2506 3618 Vellem
2528 3560 3043 3632 autem,Minucius
3063 3559 3471 3630 nobisquoque
3491 3559 3876 3630 exposuisset

458 3648 516 3700 et
546 3647 809 3716 tempore
833 3647 1094 3702 Arnobii.
1153 3653 1301 3705 Nam
1358 3654 1415 3706 et
1441 3649 1534 3706 hic
1563 3651 1622 3706 in
1654 3651 1778 3706 suis
1827 3653 2107 3709 adversus
2215 3657 2400 3708 totam
2428 3651 2676 3722 hujusce
2699 3646 2979 3722 μετανοίας
3009 3648 3318 3704 historiam
3345 3667 3364 3704 :
3385 3653 3441 3704 et
3463 3652 3546 3718 ut,
3571 3665 3688 3719 qua
3721 3647 3877 3718 lege,

457 3732 673 3788 Gentes
700 3733 865 3790 libris
891 3734 1138 3806 laborat,
1174 3743 1238 3793 ut
1266 3737 1374 3794 hac
1397 3739 1613 3812 publici
1637 3741 1758 3795 odii
1790 3746 1848 3796 et
1878 3742 2106 3798 invidia
2217 3759 2334 3815 qua
2364 3740 2719 3805 conditione,
2753 3737 2970 3810 quibus
3001 3737 3404 3809 sponsoribus,
3435 3753 3547 3808 quo
3579 3735 3719 3804 ritu,
3757 3755 3888 3808 qua

459 3822 702 3878 ﬂamma
733 3827 962 3881 nostros
993 3823 1218 3882 liberet.
1243 3828 1390 3892 Quid
1423 3828 1548 3900 ipse
1607 3835 1808 3901 postea
1836 3831 2107 3903 Symma-
2218 3828 2589 3897 caremonia,
2623 3826 2890 3884 Caecilius
2912 3829 3154 3881 Romam
3187 3841 3472 3892 reversus,
3506 3825 3566 3879 in
3598 3825 3884 3882 Ecclesia

463 3909 612 3967 chus
633 3911 661 3966 ?
683 3928 874 3968 nonne
892 3915 1068 3970 audet
1086 3915 1260 3972 talem
1281 3934 1486 3972 rursus
1503 3917 1853 3974 cantilenam
1877 3924 2111 3975 canere?
2218 3918 2528 3990 collegium
2549 3921 2605 3971 et
2624 3915 3099 3972 communionem
3117 3919 3420 3986 coaptatus
3443 3914 3634 3979 fuerit,
3658 3915 3888 3971 intelli-

465 3999 632 4056 Certe
663 3999 877 4073 dignus
899 4008 1043 4073 erat,
1064 4004 1164 4076 qui
1195 4006 1443 4078 audiret,
1479 4007 1630 4078 quod
1666 4007 1981 4080 aliquando
2003 4010 2110 4064 Ro-
2219 4023 2513 4081 geremus.
2537 4005 2684 4060 Nam
2707 4009 2765 4060 et
2779 4003 3004 4074 antiqui
3023 4002 3183 4058 illius
3203 4003 3382 4068 moris
3405 4003 3687 4058 memoria
3703 4021 3892 4076 expe-

466 4105 575 4144 mae
607 4095 738 4161 post
771 4097 1017 4148 mortem
1068 4094 1371 4149 Commodi
1426 4097 1813 4151 acclamatum
1858 4103 1946 4152 est
1969 4099 2109 4170 (15),
2218 4097 2395 4152 tenda
2424 4099 2532 4150 est.
2569 4094 2679 4150 Sed
2706 4093 2856 4163 quod
2891 4093 3279 4165 Hieronymus
3311 4092 3381 4146 ad
3425 4090 3711 4146 Chronica
3764 4096 3891 4147 Eu-

467 4178 746 4234 Delatores
803 4181 881 4235 ad
939 4182 1181 4238 Leonem.
1242 4184 1350 4238 Sed
1404 4184 1590 4238 nostri
1622 4186 1693 4240 ab
1743 4187 2028 4258 sanguine
2059 4191 2116 4242 et
2223 4185 2391 4254 sebii,
2423 4187 2480 4238 et
2509 4181 2875 4255 Augustinus
2925 4180 3026 4236 lib.
3072 4197 3174 4236 vm
3206 4179 3568 4236 Confession.
3629 4182 3776 4252 (cap.
3826 4182 3890 4252 2)

376 4259 393 4283 κ
469 4266 714 4326 ultionis
772 4270 1090 4342 cupiditate
1146 4277 1312 4327 erant
1357 4271 1548 4328 alieni.
1608 4275 1957 4331 Ambrosius
1996 4293 2114 4331 non
2224 4280 2422 4328 narrat
2451 4273 2522 4326 de
2553 4271 2784 4326 duobus
2817 4269 2950 4325 aliis
3001 4269 3264 4340 ejusdem
3313 4273 3372 4325 et
3403 4268 3786 4336 conditionis,
3829 4277 3890 4325 et

467 4374 684 4430 passus
725 4363 814 4414 est
843 4377 976 4415 eum
1002 4361 1058 4414 in
1087 4361 1332 4416 crimine
1353 4366 1473 4416 tam
1507 4361 1654 4418 falso
1683 4363 1906 4419 diutius
1921 4366 2114 4420 exsul-
2223 4361 2467 4432 ordinis,
2492 4365 2550 4415 et
2569 4359 2782 4432 gentis,
2806 4363 2863 4414 et
2889 4357 3107 4430 ingenii
3129 4358 3291 4427 viris,
3323 4357 3575 4412 Arnobio
3598 4362 3654 4413 et
3675 4357 3894 4414 Victo-

469 4446 731 4501 tare.Sed
767 4463 900 4502 cum
932 4464 1046 4503 non
1073 4448 1256 4504 multo
1281 4453 1410 4520 post
1435 4449 1574 4505 urbs
1596 4450 1726 4522 ipsa
1755 4457 1924 4523 capta
1943 4459 2116 4524 atque
2224 4451 2374 4506 rino.
2422 4449 2749 4522 cogitemus
2803 4449 3020 4503 factum
3061 4463 3294 4518 quoque
3341 4463 3470 4502 esse
3501 4447 3571 4502 de
3625 4446 3892 4503 Caecilio.

475 4535 702 4604 direpta
733 4536 1077 4608 fuisset,non
1100 4538 1462 4593 erubuerunt
1483 4538 1648 4610 impii
1669 4539 2118 4598 calumniatores
2151 4551 2196 4616 D
2229 4539 2348 4596 lmo
2379 4555 2512 4594 vero
2543 4537 2637 4593 hic
2685 4537 2950 4594 Caecilius
3015 4536 3230 4591 fatetur
3286 4551 3432 4605 sese,
3494 4541 3895 4608 posteaquam

476 4622 656 4679 talem
689 4629 980 4696 postremo
1011 4626 1236 4682 eladem
1271 4625 1536 4700 religioni
1568 4628 1908 4686 Christianae
1941 4631 2118 4687 ascri-
2233 4627 2515 4684 intellexit
2547 4627 2688 4700 quid
2721 4644 2837 4682 non
2869 4627 2946 4682 sit
2988 4641 3122 4681 vera
3151 4624 3375 4698 religio,
3428 4624 3759 4681 desiderare
3797 4627 3899 4681 in-

482 4713 658 4768 here:
693 4718 1046 4784 coactusque
1069 4719 1158 4772 est
1189 4733 1394 4773 rursus
1422 4717 1788 4790 Augustinus
1811 4724 1930 4774 tam
1962 4724 2121 4776 tetra:
2231 4717 2642 4791 telligentiam,
2674 4713 3545 4788 cognitionem,institutionem
3577 4713 3901 4786 religionis

484 4800 908 4858 maledicentia
945 4820 1266 4861 occurrere.
1299 4806 1444 4862 Nam
1475 4811 1532 4862 et
1564 4812 1868 4878 propterea
1893 4825 1954 4864 se
1984 4825 2124 4864 suos
2233 4823 2380 4862 verze
2418 4824 2432 4874 ;
2467 4822 2596 4861 eam
2627 4821 2762 4860 vero
2819 4803 3149 4859 catechesin
3209 4804 3265 4857 in
3315 4802 3471 4858 diem
3529 4807 3896 4875 sequentem

480 4891 546 4948 de
596 4892 825 4948 Civitate
852 4894 952 4948 Dei
976 4892 1155 4950 libros
1204 4894 1510 4967 scripsisse
1560 4895 1798 4951 fatetur.
1823 4897 1959 4968 Agit
1989 4913 2124 4968 ergo
2235 4896 2416 4952 fuisse
2446 4895 2724 4966 rejectam
2759 4893 3052 4948 Minucius
3083 4891 3304 4948 scribit.
3353 4891 3464 4946 Sed
3495 4895 3657 4947 tanto
3691 4894 3906 4964 magis

479 4981 677 5039 minus
700 4981 990 5039 malitiose
1012 4983 1295 5054 Cacilius,
1327 4983 1427 5055 qui
1445 4983 1694 5040 aliorum
1726 4985 1987 5056 exemplo
2036 4989 2125 5040 ta-
2237 4983 2424 5054 doleo,
2456 4983 2699 5038 alteram
2733 4982 2885 5038 hanc
2936 4981 3220 5050 scholam,
3253 4997 3376 5052 quas
3409 4980 3727 5036 Minuciani
3753 4981 3912 5037 libri

473 5069 589 5126 lem
623 5071 806 5127 facem
835 5070 896 5127 in
919 5076 1150 5126 nostros
1177 5089 1292 5126 non
1315 5077 1677 5144 contorquet,
1705 5089 1891 5144 neque
1922 5089 2125 5129 eorum
2237 5072 2463 5144 Optima
2491 5075 2548 5127 et
2577 5070 2834 5127 maxima
2859 5087 2998 5142 pars
3054 5069 3282 5135 fuisset,
3315 5086 3429 5124 non
3488 5070 3704 5125 editam
3733 5085 3912 5138 esse,

477 5159 872 5216 innocentiam
905 5164 1025 5215 tam
1055 5159 1294 5230 indigne
1324 5164 1543 5215 onerat.
1588 5160 1710 5216 Imo
1766 5177 1898 5217 vero
1939 5161 2028 5218 iis.
2065 5167 2130 5217 ut
2238 5161 2450 5217 saltem
2484 5177 2600 5216 non
2631 5165 2875 5216 exstare.
2929 5158 3075 5215 Nam
3107 5174 3300 5230 neque
3363 5157 3507 5214 satis
3533 5163 3620 5214 est
3670 5157 3914 5215 falsum

480 5251 735 5318 miseris,
763 5255 828 5305 ut
859 5249 1048 5319 victis,
1083 5253 1146 5303 ut
1166 5249 1370 5317 servis,
1408 5247 1532 5320 ipse
1562 5252 1845 5321 tanquam
1900 5251 2128 5324 magnis
2240 5250 2525 5321 refellere,
2548 5266 2750 5305 verum
2770 5249 2942 5304 etiam
2975 5248 3180 5303 docere
3230 5251 3457 5320 oportet
3491 5265 3503 5303 :
3540 5252 3606 5303 ut
3633 5252 3710 5316 et,
3745 5249 3916 5319 quid

483 5338 741 5395 victoriis
771 5338 981 5406 elatus,
1015 5343 1069 5392 et
1094 5354 1326 5393 summa
1349 5336 1622 5394 felicitate
1653 5338 2010 5409 cumulatus,
2035 5359 2125 5397 su-
2240 5356 2360 5396 non
2391 5340 2488 5408 sit,
2522 5342 2579 5396 et
2622 5339 2764 5410 quid
2796 5338 2874 5395 sit
2903 5338 3059 5395 Deus
3108 5339 3210 5393 aut
3266 5336 3488 5409 religio,
3543 5342 3918 5408 exponetur.

557 5498 672 5571 (1A4)
705 5498 927 5571 Desunt
950 5499 1214 5569 quoniam
1333 5495 1674 5551 Tertulliani
1722 5497 1966 5571 Apolog.
2000 5517 2126 5571 cap.
2240 5498 2480 5568 reliqua.
2680 5569 2688 5571 _
2717 5569 2751 5571 Η
3067 5566 3089 5571 Α
3295 5565 3331 5571 __
3449 5496 3744 5571 (Ιιιξῡειὶ.)

478 5565 576 5642 4οέ
608 5565 690 5626 ita
723 5565 1088 5642 supplenda:
1123 5573 1183 5625 Si
1217 5570 1419 5624 Tiberis
1449 5571 1694 5624 ascendit
1725 5565 1796 5626 ad
1825 5565 2134 5637 maEniafsi
2311 5565 2423 5642 (15)
2458 5569 2832 5642 Lampridius
2872 5569 3019 5642 ,Vita
3052 5565 3332 5642 Commodi
3358 5565 3484 5640 cap.
3520 5568 3606 5642 1_8,
3640 5573 3698 5623 et
3735 5567 3925 5642 hanc

481 5639 642 5700 Nilus
681 5637 812 5699 non'
838 5637 1094 5699 ascendit
1138 5643 1197 5697 in
1253 5657 1406 5708 arca,
1459 5642 1513 5697 .ςί
1540 5642 1735 5698 caelum
1763 5644 1930 5711 stetit,
1963 5647 2020 5699 et
2049 5642 2134 5699 sic
2241 5645 2298 5698 et
2319 5637 2549 5700 'similes
2579 5637 3031 5699 acclamationes
3057 5637 3334 5711 prodidit.
3430 5637 3448 5640 “
3508 5638 3811 5709 (ῙιιΝῡεη.)
