  <div class='ocr_page' id='page_1' title='image "/cluster/home/n/w/nwhite01/storage/ocr_20150623/3/hvd.32044073549586/166.png"; bbox 0 0 4064 6154; ppageno 0'>
   <div class='ocr_carea' id='block_1_1' title="bbox 206 277 316 343">
    <p class='ocr_par' dir='ltr' id='par_1_1' title="bbox 206 277 316 343">
     <span class='ocr_line' id='line_1_1' title="bbox 206 277 316 343; baseline 0.055 -6"><span class='ocrx_word' id='word_1_1' title='bbox 206 277 316 343; x_wconf 79' lang='lat'><strong>225</strong></span> 
     </span>
    </p>
   </div>
   <div class='ocr_carea' id='block_1_2' title="bbox 1589 264 2199 332">
    <p class='ocr_par' dir='ltr' id='par_1_2' title="bbox 1589 264 2199 332">
     <span class='ocr_line' id='line_1_2' title="bbox 1589 264 2199 332; baseline -0.002 -4"><span class='ocrx_word' id='word_1_2' title='bbox 1589 264 2199 332; x_wconf 81' lang='lat' dir='ltr'><strong>PROLEGOMENA.</strong></span> 
     </span>
    </p>
   </div>
   <div class='ocr_carea' id='block_1_3' title="bbox 3476 272 3594 340">
    <p class='ocr_par' dir='ltr' id='par_1_3' title="bbox 3476 272 3594 340">
     <span class='ocr_line' id='line_1_3' title="bbox 3476 272 3594 340; baseline 0.034 -4"><span class='ocrx_word' id='word_1_3' title='bbox 3476 272 3594 340; x_wconf 75' lang='lat'><strong>226</strong></span> 
     </span>
    </p>
   </div>
   <div class='ocr_carea' id='block_1_4' title="bbox 207 399 3594 477">
    <p class='ocr_par' dir='ltr' id='par_1_4' title="bbox 207 399 3594 477">
     <span class='ocr_line' id='line_1_4' title="bbox 207 399 3594 477; baseline -0 -11"><span class='ocrx_word' id='word_1_4' title='bbox 207 411 304 467; x_wconf 84' lang='lat' dir='ltr'><strong>Sed</strong></span> <span class='ocrx_word' id='word_1_5' title='bbox 336 411 478 465; x_wconf 86' lang='lat' dir='ltr'><strong>bene</strong></span> <span class='ocrx_word' id='word_1_6' title='bbox 510 408 720 464; x_wconf 90' lang='lat' dir='ltr'><strong>habet:</strong></span> <span class='ocrx_word' id='word_1_7' title='bbox 783 404 937 477; x_wconf 91' lang='lat' dir='ltr'><strong>quod</strong></span> <span class='ocrx_word' id='word_1_8' title='bbox 997 404 1091 461; x_wconf 89' lang='lat' dir='ltr'><strong>hic</strong></span> <span class='ocrx_word' id='word_1_9' title='bbox 1137 401 1562 472; x_wconf 78' lang='lat' dir='ltr'><strong>desideramus,</strong></span> <span class='ocrx_word' id='word_1_10' title='bbox 1622 399 1839 457; x_wconf 81' lang='lat' dir='ltr'><strong>sarcire</strong></span> <span class='ocrx_word' id='word_1_11' title='bbox 1868 401 1921 465; x_wconf 82' lang='grc' dir='ltr'><strong>Α</strong></span> <span class='ocrx_word' id='word_1_12' title='bbox 1953 400 2208 468; x_wconf 84' lang='lat' dir='ltr'><strong>fuerunt,</strong></span> <span class='ocrx_word' id='word_1_13' title='bbox 2243 404 2308 454; x_wconf 91' lang='lat' dir='ltr'><strong>ut</strong></span> <span class='ocrx_word' id='word_1_14' title='bbox 2337 401 2558 471; x_wconf 91' lang='lat' dir='ltr'><strong>optimo</strong></span> <span class='ocrx_word' id='word_1_15' title='bbox 2581 401 2714 472; x_wconf 84' lang='lat' dir='ltr'><strong>jure</strong></span> <span class='ocrx_word' id='word_1_16' title='bbox 2744 403 3085 476; x_wconf 78' lang='lat' dir='ltr'><strong>optimaque</strong></span> <span class='ocrx_word' id='word_1_17' title='bbox 3113 406 3448 464; x_wconf 88' lang='lat' dir='ltr'><strong>conditione</strong></span> <span class='ocrx_word' id='word_1_18' title='bbox 3464 425 3594 466; x_wconf 90' lang='lat' dir='ltr'><strong>esse</strong></span> 
     </span>
    </p>
   </div>
   <div class='ocr_carea' id='block_1_5' title="bbox 205 489 1837 572">
    <p class='ocr_par' dir='ltr' id='par_1_5' title="bbox 205 489 1837 572">
     <span class='ocr_line' id='line_1_5' title="bbox 205 489 1837 572; baseline -0.007 -17"><span class='ocrx_word' id='word_1_19' title='bbox 205 503 382 572; x_wconf 88' lang='lat' dir='ltr'><strong>potest</strong></span> <span class='ocrx_word' id='word_1_20' title='bbox 422 497 741 570; x_wconf 80' lang='lat' dir='ltr'><strong>Augustini</strong></span> <span class='ocrx_word' id='word_1_21' title='bbox 779 496 928 551; x_wconf 91' lang='lat' dir='ltr'><strong>liber</strong></span> <span class='ocrx_word' id='word_1_22' title='bbox 983 495 1048 550; x_wconf 83' lang='lat' dir='ltr'><strong>de</strong></span> <span class='ocrx_word' id='word_1_23' title='bbox 1097 492 1509 550; x_wconf 68' lang='lat' dir='ltr'><strong>Catechizandis</strong></span> <span class='ocrx_word' id='word_1_24' title='bbox 1584 489 1837 556; x_wconf 79' lang='lat' dir='ltr'><strong>rudibus,</strong></span> 
     </span>
    </p>
   </div>
   <div class='ocr_carea' id='block_1_6' title="bbox 204 577 1840 660">
    <p class='ocr_par' dir='ltr' id='par_1_6' title="bbox 204 577 1840 660">
     <span class='ocr_line' id='line_1_6' title="bbox 204 577 1840 660; baseline -0.007 -17"><span class='ocrx_word' id='word_1_25' title='bbox 204 589 292 660; x_wconf 88' lang='lat' dir='ltr'><strong>qui</strong></span> <span class='ocrx_word' id='word_1_26' title='bbox 323 593 380 642; x_wconf 89' lang='lat' dir='ltr'><strong>et</strong></span> <span class='ocrx_word' id='word_1_27' title='bbox 407 587 568 659; x_wconf 88' lang='lat' dir='ltr'><strong>leges</strong></span> <span class='ocrx_word' id='word_1_28' title='bbox 598 590 656 641; x_wconf 89' lang='lat' dir='ltr'><strong>et</strong></span> <span class='ocrx_word' id='word_1_29' title='bbox 688 583 1000 640; x_wconf 81' lang='lat' dir='ltr'><strong>formulam</strong></span> <span class='ocrx_word' id='word_1_30' title='bbox 1038 581 1246 639; x_wconf 84' lang='lat' dir='ltr'><strong>veteris</strong></span> <span class='ocrx_word' id='word_1_31' title='bbox 1297 581 1669 637; x_wconf 90' lang='lat' dir='ltr'><strong>oatechescos</strong></span> <span class='ocrx_word' id='word_1_32' title='bbox 1725 577 1840 633; x_wconf 88' lang='lat' dir='ltr'><strong>ele-</strong></span> 
     </span>
    </p>
   </div>
   <div class='ocr_carea' id='block_1_7' title="bbox 205 670 1840 749">
    <p class='ocr_par' dir='ltr' id='par_1_7' title="bbox 205 670 1840 749">
     <span class='ocr_line' id='line_1_7' title="bbox 205 670 1840 749; baseline -0.007 -18"><span class='ocrx_word' id='word_1_33' title='bbox 205 680 397 749; x_wconf 85' lang='lat' dir='ltr'><strong>ganter</strong></span> <span class='ocrx_word' id='word_1_34' title='bbox 426 673 744 730; x_wconf 90' lang='lat' dir='ltr'><strong>describit:</strong></span> <span class='ocrx_word' id='word_1_35' title='bbox 786 677 844 728; x_wconf 90' lang='lat' dir='ltr'><strong>et</strong></span> <span class='ocrx_word' id='word_1_36' title='bbox 874 672 1162 742; x_wconf 90' lang='lat' dir='ltr'><strong>quomodo</strong></span> <span class='ocrx_word' id='word_1_37' title='bbox 1220 670 1296 727; x_wconf 92' lang='lat' dir='ltr'><strong>sit</strong></span> <span class='ocrx_word' id='word_1_38' title='bbox 1351 670 1645 742; x_wconf 90' lang='lat' dir='ltr'><strong>agendum</strong></span> <span class='ocrx_word' id='word_1_39' title='bbox 1705 682 1840 721; x_wconf 91' lang='lat' dir='ltr'><strong>cum</strong></span> 
     </span>
    </p>
   </div>
   <div class='ocr_carea' id='block_1_8' title="bbox 207 753 1840 831">
    <p class='ocr_par' dir='ltr' id='par_1_8' title="bbox 207 753 1840 831">
     <span class='ocr_line' id='line_1_8' title="bbox 207 753 1840 831; baseline -0.007 -10"><span class='ocrx_word' id='word_1_40' title='bbox 207 764 382 821; x_wconf 85' lang='lat' dir='ltr'><strong>doctis</strong></span> <span class='ocrx_word' id='word_1_41' title='bbox 407 768 463 819; x_wconf 88' lang='lat' dir='ltr'><strong>et</strong></span> <span class='ocrx_word' id='word_1_42' title='bbox 493 762 793 828; x_wconf 80' lang='lat' dir='ltr'><strong>litteratis,</strong></span> <span class='ocrx_word' id='word_1_43' title='bbox 824 762 1001 817; x_wconf 89' lang='lat' dir='ltr'><strong>etiam</strong></span> <span class='ocrx_word' id='word_1_44' title='bbox 1022 765 1218 816; x_wconf 89' lang='lat' dir='ltr'><strong>monet</strong></span> <span class='ocrx_word' id='word_1_45' title='bbox 1241 777 1254 815; x_wconf 93' lang='lat'><strong>:</strong></span> <span class='ocrx_word' id='word_1_46' title='bbox 1281 775 1472 831; x_wconf 90' lang='lat' dir='ltr'><strong>neque</strong></span> <span class='ocrx_word' id='word_1_47' title='bbox 1490 753 1840 813; x_wconf 87' lang='lat' dir='ltr'><strong>dissimilem</strong></span> 
     </span>
    </p>
   </div>
   <div class='ocr_carea' id='block_1_9' title="bbox 206 846 1847 918">
    <p class='ocr_par' dir='ltr' id='par_1_9' title="bbox 206 846 1847 918">
     <span class='ocr_line' id='line_1_9' title="bbox 206 846 1847 918; baseline -0.007 -10"><span class='ocrx_word' id='word_1_48' title='bbox 206 853 431 910; x_wconf 83' lang='lat' dir='ltr'><strong>Minucii</strong></span> <span class='ocrx_word' id='word_1_49' title='bbox 453 857 617 907; x_wconf 70' lang='lat' dir='ltr'><strong>aetate</strong></span> <span class='ocrx_word' id='word_1_50' title='bbox 639 851 808 906; x_wconf 84' lang='lat' dir='ltr'><strong>credo</strong></span> <span class='ocrx_word' id='word_1_51' title='bbox 840 849 1165 905; x_wconf 89' lang='lat' dir='ltr'><strong>catechesin</strong></span> <span class='ocrx_word' id='word_1_52' title='bbox 1197 848 1401 918; x_wconf 86' lang='lat' dir='ltr'><strong>fuisse,</strong></span> <span class='ocrx_word' id='word_1_53' title='bbox 1458 851 1515 902; x_wconf 89' lang='lat' dir='ltr'><strong>et</strong></span> <span class='ocrx_word' id='word_1_54' title='bbox 1557 846 1650 902; x_wconf 90' lang='lat' dir='ltr'><strong>his</strong></span> <span class='ocrx_word' id='word_1_55' title='bbox 1704 859 1847 916; x_wconf 88' lang='lat' dir='ltr'><strong>quo-</strong></span> 
     </span>
    </p>
   </div>
   <div class='ocr_carea' id='block_1_10' title="bbox 205 937 1842 1015">
    <p class='ocr_par' dir='ltr' id='par_1_10' title="bbox 205 937 1842 1015">
     <span class='ocr_line' id='line_1_10' title="bbox 205 937 1842 1015; baseline -0.005 -19"><span class='ocrx_word' id='word_1_56' title='bbox 205 959 306 1015; x_wconf 88' lang='lat' dir='ltr'><strong>que</strong></span> <span class='ocrx_word' id='word_1_57' title='bbox 332 939 702 1013; x_wconf 83' lang='lat' dir='ltr'><strong>temporibus</strong></span> <span class='ocrx_word' id='word_1_58' title='bbox 733 956 846 994; x_wconf 93' lang='lat' dir='ltr'><strong>non</strong></span> <span class='ocrx_word' id='word_1_59' title='bbox 875 937 1171 994; x_wconf 90' lang='lat' dir='ltr'><strong>observari</strong></span> <span class='ocrx_word' id='word_1_60' title='bbox 1189 937 1384 993; x_wconf 84' lang='lat' dir='ltr'><strong>miror.</strong></span> <span class='ocrx_word' id='word_1_61' title='bbox 1413 937 1585 991; x_wconf 85' lang='lat' dir='ltr'>Juvat</span> <span class='ocrx_word' id='word_1_62' title='bbox 1622 937 1842 1000; x_wconf 88' lang='lat' dir='ltr'><strong>autem,</strong></span> 
     </span>
    </p>
   </div>
   <div class='ocr_carea' id='block_1_11' title="bbox 205 1025 1844 1086">
    <p class='ocr_par' dir='ltr' id='par_1_11' title="bbox 205 1025 1844 1086">
     <span class='ocr_line' id='line_1_11' title="bbox 205 1025 1844 1086; baseline -0.005 0"><span class='ocrx_word' id='word_1_63' title='bbox 205 1030 582 1086; x_wconf 78' lang='lat' dir='ltr'><strong>utCazcilium</strong></span> <span class='ocrx_word' id='word_1_64' title='bbox 617 1028 953 1084; x_wconf 80' lang='lat' dir='ltr'><strong>audivimus</strong></span> <span class='ocrx_word' id='word_1_65' title='bbox 1010 1032 1408 1082; x_wconf 82' lang='lat' dir='ltr'><strong>accusatorem</strong></span> <span class='ocrx_word' id='word_1_66' title='bbox 1459 1029 1516 1081; x_wconf 90' lang='lat' dir='ltr'><strong>et</strong></span> <span class='ocrx_word' id='word_1_67' title='bbox 1573 1025 1844 1080; x_wconf 91' lang='lat' dir='ltr'><strong>adversa-</strong></span> 
     </span>
    </p>
   </div>
   <div class='ocr_carea' id='block_1_12' title="bbox 202 1113 1844 1190">
    <p class='ocr_par' dir='ltr' id='par_1_12' title="bbox 202 1113 1844 1190">
     <span class='ocr_line' id='line_1_12' title="bbox 202 1113 1844 1190; baseline -0.005 -15"><span class='ocrx_word' id='word_1_68' title='bbox 202 1121 373 1190; x_wconf 88' lang='lat' dir='ltr'><strong>rium,</strong></span> <span class='ocrx_word' id='word_1_69' title='bbox 410 1117 774 1174; x_wconf 63' lang='lat' dir='ltr'><strong>nunc&#39;rebus</strong></span> <span class='ocrx_word' id='word_1_70' title='bbox 821 1115 1113 1172; x_wconf 84' lang='lat' dir='ltr'><strong>conversis</strong></span> <span class='ocrx_word' id='word_1_71' title='bbox 1158 1119 1422 1188; x_wconf 88' lang='lat' dir='ltr'><strong>spectare</strong></span> <span class='ocrx_word' id='word_1_72' title='bbox 1477 1113 1844 1168; x_wconf 90' lang='lat' dir='ltr'><strong>catechume-</strong></span> 
     </span>
    </p>
   </div>
   <div class='ocr_carea' id='block_1_13' title="bbox 201 1201 1847 1275">
    <p class='ocr_par' dir='ltr' id='par_1_13' title="bbox 201 1201 1847 1275">
     <span class='ocr_line' id='line_1_13' title="bbox 201 1201 1847 1275; baseline -0.007 -11"><span class='ocrx_word' id='word_1_73' title='bbox 201 1225 362 1264; x_wconf 90' lang='lat' dir='ltr'><strong>num.</strong></span> <span class='ocrx_word' id='word_1_74' title='bbox 397 1205 813 1263; x_wconf 89' lang='lat' dir='ltr'><strong>Catechumeni</strong></span> <span class='ocrx_word' id='word_1_75' title='bbox 844 1210 982 1260; x_wconf 88' lang='lat' dir='ltr'><strong>tunc</strong></span> <span class='ocrx_word' id='word_1_76' title='bbox 1013 1204 1186 1260; x_wconf 89' lang='lat' dir='ltr'><strong>etiam</strong></span> <span class='ocrx_word' id='word_1_77' title='bbox 1219 1201 1662 1275; x_wconf 80' lang='lat' dir='ltr'><strong>appellabantur</strong></span> <span class='ocrx_word' id='word_1_78' title='bbox 1694 1221 1722 1251; x_wconf 85' lang='lat'><strong>«</strong></span> <span class='ocrx_word' id='word_1_79' title='bbox 1748 1217 1847 1254; x_wconf 90' lang='lat' dir='ltr'><strong>au-</strong></span> 
     </span>
    </p>
   </div>
   <div class='ocr_carea' id='block_1_14' title="bbox 203 1289 1846 1360">
    <p class='ocr_par' dir='ltr' id='par_1_14' title="bbox 203 1289 1846 1360">
     <span class='ocr_line' id='line_1_14' title="bbox 203 1289 1846 1360; baseline -0.005 -8"><span class='ocrx_word' id='word_1_80' title='bbox 203 1297 418 1352; x_wconf 88' lang='lat' dir='ltr'><strong>ditores</strong></span> <span class='ocrx_word' id='word_1_81' title='bbox 453 1319 474 1344; x_wconf 66' lang='lat' dir='ltr'>n</span> <span class='ocrx_word' id='word_1_82' title='bbox 521 1294 608 1349; x_wconf 91' lang='lat' dir='ltr'><strong>vel</strong></span> <span class='ocrx_word' id='word_1_83' title='bbox 660 1294 988 1360; x_wconf 84' lang='lat' dir='ltr'><strong>audientes,</strong></span> <span class='ocrx_word' id='word_1_84' title='bbox 1018 1315 1048 1343; x_wconf 85' lang='lat'><strong>»</strong></span> <span class='ocrx_word' id='word_1_85' title='bbox 1100 1292 1273 1348; x_wconf 84' lang='lat' dir='ltr'><strong>sicuti</strong></span> <span class='ocrx_word' id='word_1_86' title='bbox 1332 1308 1400 1347; x_wconf 91' lang='lat' dir='ltr'><strong>ex</strong></span> <span class='ocrx_word' id='word_1_87' title='bbox 1449 1289 1652 1345; x_wconf 89' lang='lat' dir='ltr'><strong>multis</strong></span> <span class='ocrx_word' id='word_1_88' title='bbox 1705 1290 1846 1344; x_wconf 87' lang='lat' dir='ltr'><strong>Ter-</strong></span> 
     </span>
    </p>
   </div>
   <div class='ocr_carea' id='block_1_15' title="bbox 197 1377 1847 1456">
    <p class='ocr_par' dir='ltr' id='par_1_15' title="bbox 197 1377 1847 1456">
     <span class='ocr_line' id='line_1_15' title="bbox 197 1377 1847 1456; baseline -0.007 -13"><span class='ocrx_word' id='word_1_89' title='bbox 197 1385 429 1443; x_wconf 87' lang='lat' dir='ltr'><strong>tulliani</strong></span> <span class='ocrx_word' id='word_1_90' title='bbox 460 1384 607 1440; x_wconf 92' lang='lat' dir='ltr'><strong>locis</strong></span> <span class='ocrx_word' id='word_1_91' title='bbox 637 1391 912 1456; x_wconf 88' lang='lat' dir='ltr'><strong>apparet:</strong></span> <span class='ocrx_word' id='word_1_92' title='bbox 947 1386 1229 1453; x_wconf 82' lang='lat' dir='ltr'><strong>erantque</strong></span> <span class='ocrx_word' id='word_1_93' title='bbox 1259 1379 1554 1454; x_wconf 88' lang='lat' dir='ltr'><strong>imprimis</strong></span> <span class='ocrx_word' id='word_1_94' title='bbox 1605 1377 1847 1444; x_wconf 87' lang='lat' dir='ltr'><strong>dociles,</strong></span> 
     </span>
    </p>
   </div>
   <div class='ocr_carea' id='block_1_16' title="bbox 197 1466 1849 1548">
    <p class='ocr_par' dir='ltr' id='par_1_16' title="bbox 197 1466 1849 1548">
     <span class='ocr_line' id='line_1_16' title="bbox 197 1466 1849 1548; baseline -0.007 -17"><span class='ocrx_word' id='word_1_95' title='bbox 197 1475 563 1548; x_wconf 89' lang='lat' dir='ltr'><strong>minimeque</strong></span> <span class='ocrx_word' id='word_1_96' title='bbox 595 1472 952 1528; x_wconf 87' lang='lat' dir='ltr'><strong>refractarii:</strong></span> <span class='ocrx_word' id='word_1_97' title='bbox 989 1471 1142 1544; x_wconf 88' lang='lat' dir='ltr'><strong>quod</strong></span> <span class='ocrx_word' id='word_1_98' title='bbox 1183 1474 1241 1526; x_wconf 86' lang='lat' dir='ltr'><strong>et</strong></span> <span class='ocrx_word' id='word_1_99' title='bbox 1284 1469 1409 1542; x_wconf 90' lang='lat' dir='ltr'><strong>ipse</strong></span> <span class='ocrx_word' id='word_1_100' title='bbox 1469 1467 1760 1524; x_wconf 88' lang='lat' dir='ltr'><strong>Lucianus</strong></span> <span class='ocrx_word' id='word_1_101' title='bbox 1790 1466 1849 1520; x_wconf 91' lang='lat' dir='ltr'><strong>in</strong></span> 
     </span>
    </p>
   </div>
   <div class='ocr_carea' id='block_1_17' title="bbox 198 1556 1850 1636">
    <p class='ocr_par' dir='ltr' id='par_1_17' title="bbox 198 1556 1850 1636">
     <span class='ocr_line' id='line_1_17' title="bbox 198 1556 1850 1636; baseline -0.006 -14"><span class='ocrx_word' id='word_1_102' title='bbox 198 1565 486 1636; x_wconf 77' lang='lat' dir='ltr'><strong>Philopat.</strong></span> <span class='ocrx_word' id='word_1_103' title='bbox 523 1562 762 1618; x_wconf 86' lang='lat' dir='ltr'><strong>indicat.</strong></span> <span class='ocrx_word' id='word_1_104' title='bbox 793 1561 1175 1616; x_wconf 76' lang='lat' dir='ltr'><strong>Contentiosae</strong></span> <span class='ocrx_word' id='word_1_105' title='bbox 1208 1560 1406 1631; x_wconf 82' lang='lat' dir='ltr'><strong>itaque</strong></span> <span class='ocrx_word' id='word_1_106' title='bbox 1425 1556 1850 1630; x_wconf 86' lang='lat' dir='ltr'><strong>disputationes</strong></span> 
     </span>
    </p>
   </div>
   <div class='ocr_carea' id='block_1_18' title="bbox 195 1647 1850 1720">
    <p class='ocr_par' dir='ltr' id='par_1_18' title="bbox 195 1647 1850 1720">
     <span class='ocr_line' id='line_1_18' title="bbox 195 1647 1850 1720; baseline -0.005 -11"><span class='ocrx_word' id='word_1_107' title='bbox 195 1653 373 1710; x_wconf 72' lang='lat' dir='ltr'><strong>nullae</strong></span> <span class='ocrx_word' id='word_1_108' title='bbox 406 1669 543 1708; x_wconf 88' lang='lat' dir='ltr'><strong>cum</strong></span> <span class='ocrx_word' id='word_1_109' title='bbox 573 1651 646 1706; x_wconf 90' lang='lat' dir='ltr'><strong>iis</strong></span> <span class='ocrx_word' id='word_1_110' title='bbox 676 1654 874 1718; x_wconf 89' lang='lat' dir='ltr'><strong>erant;</strong></span> <span class='ocrx_word' id='word_1_111' title='bbox 912 1650 1012 1706; x_wconf 91' lang='lat' dir='ltr'><strong>sed</strong></span> <span class='ocrx_word' id='word_1_112' title='bbox 1045 1648 1288 1720; x_wconf 88' lang='lat' dir='ltr'><strong>placidis</strong></span> <span class='ocrx_word' id='word_1_113' title='bbox 1312 1647 1735 1704; x_wconf 83' lang='lat' dir='ltr'><strong>monitionibus</strong></span> <span class='ocrx_word' id='word_1_114' title='bbox 1758 1661 1850 1701; x_wconf 90' lang='lat' dir='ltr'><strong>re-</strong></span> 
     </span>
    </p>
   </div>
   <div class='ocr_carea' id='block_1_19' title="bbox 193 1733 1852 1815">
    <p class='ocr_par' dir='ltr' id='par_1_19' title="bbox 193 1733 1852 1815">
     <span class='ocr_line' id='line_1_19' title="bbox 193 1733 1852 1815; baseline -0.005 -19"><span class='ocrx_word' id='word_1_115' title='bbox 193 1743 336 1815; x_wconf 87' lang='lat' dir='ltr'><strong>ligio</strong></span> <span class='ocrx_word' id='word_1_116' title='bbox 369 1741 858 1796; x_wconf 88' lang='lat' dir='ltr'><strong>docebatur.Post</strong></span> <span class='ocrx_word' id='word_1_117' title='bbox 879 1736 1204 1794; x_wconf 90' lang='lat' dir='ltr'><strong>catechesin</strong></span> <span class='ocrx_word' id='word_1_118' title='bbox 1230 1735 1326 1808; x_wconf 91' lang='lat' dir='ltr'><strong>qui</strong></span> <span class='ocrx_word' id='word_1_119' title='bbox 1340 1737 1462 1804; x_wconf 85' lang='lat' dir='ltr'><strong>jam</strong></span> <span class='ocrx_word' id='word_1_120' title='bbox 1486 1752 1592 1791; x_wconf 90' lang='lat' dir='ltr'><strong>sua</strong></span> <span class='ocrx_word' id='word_1_121' title='bbox 1611 1733 1852 1790; x_wconf 90' lang='lat' dir='ltr'><strong>nomina</strong></span> 
     </span>
    </p>
   </div>
   <div class='ocr_carea' id='block_1_20' title="bbox 192 1821 1855 1900">
    <p class='ocr_par' dir='ltr' id='par_1_20' title="bbox 192 1821 1855 1900">
     <span class='ocr_line' id='line_1_20' title="bbox 192 1821 1855 1900; baseline -0.005 -14"><span class='ocrx_word' id='word_1_122' title='bbox 192 1831 466 1886; x_wconf 63' lang='lat' dir='ltr'><strong>Ecclesiae</strong></span> <span class='ocrx_word' id='word_1_123' title='bbox 499 1829 799 1896; x_wconf 89' lang='lat' dir='ltr'><strong>dederant,</strong></span> <span class='ocrx_word' id='word_1_124' title='bbox 834 1831 899 1882; x_wconf 90' lang='lat' dir='ltr'><strong>ut</strong></span> <span class='ocrx_word' id='word_1_125' title='bbox 931 1827 1222 1900; x_wconf 85' lang='lat' dir='ltr'><strong>Baptismo</strong></span> <span class='ocrx_word' id='word_1_126' title='bbox 1254 1824 1644 1895; x_wconf 87' lang='lat' dir='ltr'><strong>initiarentur,</strong></span> <span class='ocrx_word' id='word_1_127' title='bbox 1661 1821 1855 1896; x_wconf 90' lang='lat' dir='ltr'><strong>appel-</strong></span> 
     </span>
    </p>
   </div>
   <div class='ocr_carea' id='block_1_21' title="bbox 188 1913 1858 1988">
    <p class='ocr_par' dir='ltr' id='par_1_21' title="bbox 188 1913 1858 1988">
     <span class='ocr_line' id='line_1_21' title="bbox 188 1913 1858 1988; baseline -0.005 -13"><span class='ocrx_word' id='word_1_128' title='bbox 188 1920 293 1975; x_wconf 86' lang='lat' dir='ltr'><strong>lati</strong></span> <span class='ocrx_word' id='word_1_129' title='bbox 329 1922 476 1974; x_wconf 89' lang='lat' dir='ltr'><strong>sunt</strong></span> <span class='ocrx_word' id='word_1_130' title='bbox 509 1941 535 1966; x_wconf 81' lang='lat'><strong><em>«</em></strong></span> <span class='ocrx_word' id='word_1_131' title='bbox 568 1920 1001 1988; x_wconf 86' lang='lat' dir='ltr'><strong>competentes:</strong></span> <span class='ocrx_word' id='word_1_132' title='bbox 1039 1936 1061 1965; x_wconf 72' lang='grc' dir='ltr'><strong><em>ι</em></strong></span> <span class='ocrx_word' id='word_1_133' title='bbox 1101 1929 1421 1986; x_wconf 92' lang='lat' dir='ltr'><strong>eorumque</strong></span> <span class='ocrx_word' id='word_1_134' title='bbox 1444 1929 1649 1969; x_wconf 83' lang='lat' dir='ltr'><strong>rursus</strong></span> <span class='ocrx_word' id='word_1_135' title='bbox 1671 1913 1730 1967; x_wconf 93' lang='lat' dir='ltr'><strong>in</strong></span> <span class='ocrx_word' id='word_1_136' title='bbox 1761 1929 1858 1967; x_wconf 92' lang='lat' dir='ltr'><strong>or-</strong></span> 
     </span>
    </p>
   </div>
   <div class='ocr_carea' id='block_1_22' title="bbox 195 2002 1858 2076">
    <p class='ocr_par' dir='ltr' id='par_1_22' title="bbox 195 2002 1858 2076">
     <span class='ocr_line' id='line_1_22' title="bbox 195 2002 1858 2076; baseline -0.005 -12"><span class='ocrx_word' id='word_1_137' title='bbox 195 2010 334 2065; x_wconf 87' lang='lat' dir='ltr'><strong>dine</strong></span> <span class='ocrx_word' id='word_1_138' title='bbox 369 2006 664 2064; x_wconf 79' lang='lat' dir='ltr'><strong>Caecilium</strong></span> <span class='ocrx_word' id='word_1_139' title='bbox 688 2006 816 2076; x_wconf 90' lang='lat' dir='ltr'><strong>jam</strong></span> <span class='ocrx_word' id='word_1_140' title='bbox 849 2009 1116 2061; x_wconf 90' lang='lat' dir='ltr'><strong>nostrum</strong></span> <span class='ocrx_word' id='word_1_141' title='bbox 1139 2003 1473 2076; x_wconf 88' lang='lat' dir='ltr'><strong>conspicere</strong></span> <span class='ocrx_word' id='word_1_142' title='bbox 1487 2004 1674 2074; x_wconf 85' lang='lat' dir='ltr'><strong>juvat.</strong></span> <span class='ocrx_word' id='word_1_143' title='bbox 1719 2002 1858 2056; x_wconf 83' lang='lat' dir='ltr'><strong>Post</strong></span> 
     </span>
    </p>
   </div>
   <div class='ocr_carea' id='block_1_23' title="bbox 194 2091 1854 2169">
    <p class='ocr_par' dir='ltr' id='par_1_23' title="bbox 194 2091 1854 2169">
     <span class='ocr_line' id='line_1_23' title="bbox 194 2091 1854 2169; baseline -0.008 -17"><span class='ocrx_word' id='word_1_144' title='bbox 194 2099 570 2169; x_wconf 85' lang='lat' dir='ltr'><strong>Baptismum</strong></span> <span class='ocrx_word' id='word_1_145' title='bbox 605 2095 961 2150; x_wconf 89' lang='lat' dir='ltr'><strong>candidatus</strong></span> <span class='ocrx_word' id='word_1_146' title='bbox 990 2093 1242 2164; x_wconf 90' lang='lat' dir='ltr'><strong>denique</strong></span> <span class='ocrx_word' id='word_1_147' title='bbox 1266 2093 1558 2165; x_wconf 86' lang='lat' dir='ltr'><strong>particeps</strong></span> <span class='ocrx_word' id='word_1_148' title='bbox 1575 2091 1854 2146; x_wconf 71' lang='lat' dir='ltr'><strong>ﬂebat-.ch</strong></span> 
     </span>
    </p>
   </div>
   <div class='ocr_carea' id='block_1_24' title="bbox 200 2178 1858 2257">
    <p class='ocr_par' dir='ltr' id='par_1_24' title="bbox 200 2178 1858 2257">
     <span class='ocr_line' id='line_1_24' title="bbox 200 2178 1858 2257; baseline -0.007 -15"><span class='ocrx_word' id='word_1_149' title='bbox 200 2187 350 2242; x_wconf 70' lang='lat'><strong>217</strong></span> <span class='ocrx_word' id='word_1_150' title='bbox 387 2181 729 2257; x_wconf 68' lang='grc' dir='ltr'><strong>μυστηρίων,</strong></span> <span class='ocrx_word' id='word_1_151' title='bbox 764 2201 797 2238; x_wconf 93' lang='lat' dir='ltr'><strong>a</strong></span> <span class='ocrx_word' id='word_1_152' title='bbox 827 2183 1042 2255; x_wconf 89' lang='lat' dir='ltr'><strong>quibus</strong></span> <span class='ocrx_word' id='word_1_153' title='bbox 1073 2186 1244 2238; x_wconf 87' lang='lat' dir='ltr'><strong>antea</strong></span> <span class='ocrx_word' id='word_1_154' title='bbox 1283 2180 1486 2254; x_wconf 90' lang='lat' dir='ltr'><strong>procul</strong></span> <span class='ocrx_word' id='word_1_155' title='bbox 1534 2180 1737 2235; x_wconf 88' lang='lat' dir='ltr'><strong>abesse</strong></span> <span class='ocrx_word' id='word_1_156' title='bbox 1760 2178 1858 2248; x_wconf 85' lang='lat' dir='ltr'><strong>ju-</strong></span> 
     </span>
    </p>
   </div>
   <div class='ocr_carea' id='block_1_25' title="bbox 199 2268 1858 2344">
    <p class='ocr_par' dir='ltr' id='par_1_25' title="bbox 199 2268 1858 2344">
     <span class='ocr_line' id='line_1_25' title="bbox 199 2268 1858 2344; baseline -0.005 -15"><span class='ocrx_word' id='word_1_157' title='bbox 199 2275 480 2329; x_wconf 86' lang='lat' dir='ltr'><strong>bebatur.</strong></span> <span class='ocrx_word' id='word_1_158' title='bbox 515 2273 715 2344; x_wconf 89' lang='lat' dir='ltr'><strong>Neque</strong></span> <span class='ocrx_word' id='word_1_159' title='bbox 746 2289 886 2327; x_wconf 89' lang='lat' dir='ltr'><strong>sane</strong></span> <span class='ocrx_word' id='word_1_160' title='bbox 917 2273 987 2326; x_wconf 92' lang='lat' dir='ltr'><strong>de</strong></span> <span class='ocrx_word' id='word_1_161' title='bbox 1017 2271 1110 2338; x_wconf 92' lang='lat' dir='ltr'><strong>iis,</strong></span> <span class='ocrx_word' id='word_1_162' title='bbox 1145 2275 1247 2325; x_wconf 89' lang='lat' dir='ltr'><strong>aut</strong></span> <span class='ocrx_word' id='word_1_163' title='bbox 1277 2270 1608 2342; x_wconf 90' lang='lat' dir='ltr'><strong>promiscue</strong></span> <span class='ocrx_word' id='word_1_164' title='bbox 1657 2268 1858 2338; x_wconf 89' lang='lat' dir='ltr'><strong>dispu-</strong></span> 
     </span>
    </p>
   </div>
   <div class='ocr_carea' id='block_1_26' title="bbox 202 2358 1864 2431">
    <p class='ocr_par' dir='ltr' id='par_1_26' title="bbox 202 2358 1864 2431">
     <span class='ocr_line' id='line_1_26' title="bbox 202 2358 1864 2431; baseline -0.005 -12"><span class='ocrx_word' id='word_1_165' title='bbox 202 2367 354 2429; x_wconf 86' lang='lat' dir='ltr'><strong>tare,</strong></span> <span class='ocrx_word' id='word_1_166' title='bbox 390 2366 495 2416; x_wconf 89' lang='lat' dir='ltr'><strong>aut</strong></span> <span class='ocrx_word' id='word_1_167' title='bbox 525 2378 720 2416; x_wconf 90' lang='lat' dir='ltr'><strong>coram</strong></span> <span class='ocrx_word' id='word_1_168' title='bbox 753 2360 1010 2431; x_wconf 87' lang='lat' dir='ltr'><strong>profanis</strong></span> <span class='ocrx_word' id='word_1_169' title='bbox 1032 2359 1370 2415; x_wconf 91' lang='lat' dir='ltr'><strong>hominibus</strong></span> <span class='ocrx_word' id='word_1_170' title='bbox 1411 2358 1715 2422; x_wconf 89' lang='lat' dir='ltr'><strong>disserere,</strong></span> <span class='ocrx_word' id='word_1_171' title='bbox 1745 2373 1864 2411; x_wconf 91' lang='lat' dir='ltr'><strong>ma-</strong></span> 
     </span>
    </p>
   </div>
   <div class='ocr_carea' id='block_1_27' title="bbox 198 2444 1862 2522">
    <p class='ocr_par' dir='ltr' id='par_1_27' title="bbox 198 2444 1862 2522">
     <span class='ocr_line' id='line_1_27' title="bbox 198 2444 1862 2522; baseline -0.005 -16"><span class='ocrx_word' id='word_1_172' title='bbox 198 2453 366 2522; x_wconf 80' lang='lat' dir='ltr'><strong>jores</strong></span> <span class='ocrx_word' id='word_1_173' title='bbox 397 2448 583 2505; x_wconf 84' lang='lat' dir='ltr'><strong>nostri</strong></span> <span class='ocrx_word' id='word_1_174' title='bbox 615 2449 899 2504; x_wconf 85' lang='lat' dir='ltr'><strong>solebant.</strong></span> <span class='ocrx_word' id='word_1_175' title='bbox 947 2449 1136 2505; x_wconf 86' lang='lat' dir='ltr'><strong>Testis</strong></span> <span class='ocrx_word' id='word_1_176' title='bbox 1193 2452 1282 2504; x_wconf 89' lang='lat' dir='ltr'><strong>est</strong></span> <span class='ocrx_word' id='word_1_177' title='bbox 1343 2447 1626 2502; x_wconf 92' lang='lat' dir='ltr'><strong>Theodor.</strong></span> <span class='ocrx_word' id='word_1_178' title='bbox 1662 2447 1772 2518; x_wconf 79' lang='grc'>(16)</span> <span class='ocrx_word' id='word_1_179' title='bbox 1803 2444 1862 2499; x_wconf 90' lang='lat' dir='ltr'><strong>in</strong></span> 
     </span>
    </p>
   </div>
   <div class='ocr_carea' id='block_1_28' title="bbox 203 2533 1864 2610">
    <p class='ocr_par' dir='ltr' id='par_1_28' title="bbox 203 2533 1864 2610">
     <span class='ocr_line' id='line_1_28' title="bbox 203 2533 1864 2610; baseline -0.004 -14"><span class='ocrx_word' id='word_1_180' title='bbox 203 2541 385 2596; x_wconf 83' lang='lat' dir='ltr'><strong>Eran.</strong></span> <span class='ocrx_word' id='word_1_181' title='bbox 431 2539 580 2594; x_wconf 89' lang='lat' dir='ltr'><strong>Nam</strong></span> <span class='ocrx_word' id='word_1_182' title='bbox 623 2539 724 2592; x_wconf 91' lang='lat' dir='ltr'><strong>illa</strong></span> <span class='ocrx_word' id='word_1_183' title='bbox 773 2537 1106 2610; x_wconf 86' lang='lat' dir='ltr'><strong>religiosius</strong></span> <span class='ocrx_word' id='word_1_184' title='bbox 1164 2541 1340 2609; x_wconf 89' lang='lat' dir='ltr'><strong>atque</strong></span> <span class='ocrx_word' id='word_1_185' title='bbox 1395 2536 1539 2591; x_wconf 90' lang='lat' dir='ltr'><strong>adeo</strong></span> <span class='ocrx_word' id='word_1_186' title='bbox 1595 2533 1864 2589; x_wconf 88' lang='lat' dir='ltr'><strong>timidius</strong></span> 
     </span>
    </p>
   </div>
   <div class='ocr_carea' id='block_1_29' title="bbox 201 2623 1864 2698">
    <p class='ocr_par' dir='ltr' id='par_1_29' title="bbox 201 2623 1864 2698">
     <span class='ocr_line' id='line_1_29' title="bbox 201 2623 1864 2698; baseline -0.004 -14"><span class='ocrx_word' id='word_1_187' title='bbox 201 2630 520 2685; x_wconf 81' lang='lat' dir='ltr'><strong>tractanda</strong></span> <span class='ocrx_word' id='word_1_188' title='bbox 548 2645 677 2683; x_wconf 89' lang='lat' dir='ltr'><strong>esse</strong></span> <span class='ocrx_word' id='word_1_189' title='bbox 708 2627 1075 2683; x_wconf 86' lang='lat' dir='ltr'><strong>sentiebant:</strong></span> <span class='ocrx_word' id='word_1_190' title='bbox 1109 2631 1165 2682; x_wconf 91' lang='lat' dir='ltr'><strong>et</strong></span> <span class='ocrx_word' id='word_1_191' title='bbox 1197 2642 1481 2698; x_wconf 89' lang='lat' dir='ltr'><strong>quorsum</strong></span> <span class='ocrx_word' id='word_1_192' title='bbox 1525 2623 1743 2696; x_wconf 90' lang='lat' dir='ltr'><strong>alioqui</strong></span> <span class='ocrx_word' id='word_1_193' title='bbox 1774 2639 1864 2678; x_wconf 92' lang='lat' dir='ltr'><strong>res</strong></span> 
     </span>
    </p>
   </div>
   <div class='ocr_carea' id='block_1_30' title="bbox 204 2715 1865 2789">
    <p class='ocr_par' dir='ltr' id='par_1_30' title="bbox 204 2715 1865 2789">
     <span class='ocr_line' id='line_1_30' title="bbox 204 2715 1865 2789; baseline -0.004 -15"><span class='ocrx_word' id='word_1_194' title='bbox 204 2719 504 2785; x_wconf 76' lang='lat' dir='ltr'><strong>evaderet,</strong></span> <span class='ocrx_word' id='word_1_195' title='bbox 535 2717 708 2789; x_wconf 90' lang='lat' dir='ltr'><strong>longe</strong></span> <span class='ocrx_word' id='word_1_196' title='bbox 740 2715 1160 2789; x_wconf 89' lang='lat' dir='ltr'><strong>prospioibant.</strong></span> <span class='ocrx_word' id='word_1_197' title='bbox 1195 2717 1399 2787; x_wconf 88' lang='lat' dir='ltr'><strong>Itaque</strong></span> <span class='ocrx_word' id='word_1_198' title='bbox 1426 2715 1583 2780; x_wconf 89' lang='lat' dir='ltr'><strong>licet,</strong></span> <span class='ocrx_word' id='word_1_199' title='bbox 1603 2729 1734 2768; x_wconf 90' lang='lat' dir='ltr'><strong>cum</strong></span> <span class='ocrx_word' id='word_1_200' title='bbox 1768 2729 1865 2767; x_wconf 91' lang='lat' dir='ltr'><strong>ac-</strong></span> 
     </span>
    </p>
   </div>
   <div class='ocr_carea' id='block_1_31' title="bbox 209 2800 1868 2878">
    <p class='ocr_par' dir='ltr' id='par_1_31' title="bbox 209 2800 1868 2878">
     <span class='ocr_line' id='line_1_31' title="bbox 209 2800 1868 2878; baseline -0.005 -14"><span class='ocrx_word' id='word_1_201' title='bbox 209 2811 574 2864; x_wconf 85' lang='lat' dir='ltr'><strong>cusarentur</strong></span> <span class='ocrx_word' id='word_1_202' title='bbox 603 2822 805 2862; x_wconf 89' lang='lat' dir='ltr'><strong>eorum</strong></span> <span class='ocrx_word' id='word_1_203' title='bbox 836 2805 1096 2878; x_wconf 76' lang='grc' dir='ltr'><strong>συνάξεις,</strong></span> <span class='ocrx_word' id='word_1_204' title='bbox 1144 2820 1358 2876; x_wconf 89' lang='lat' dir='ltr'><strong>magna</strong></span> <span class='ocrx_word' id='word_1_205' title='bbox 1406 2820 1583 2859; x_wconf 89' lang='lat' dir='ltr'><strong>causa</strong></span> <span class='ocrx_word' id='word_1_206' title='bbox 1622 2819 1751 2859; x_wconf 91' lang='lat' dir='ltr'><strong>esse</strong></span> <span class='ocrx_word' id='word_1_207' title='bbox 1780 2800 1868 2855; x_wconf 87' lang='lat' dir='ltr'><strong>vi-</strong></span> 
     </span>
    </p>
   </div>
   <div class='ocr_carea' id='block_1_32' title="bbox 207 2889 1867 2967">
    <p class='ocr_par' dir='ltr' id='par_1_32' title="bbox 207 2889 1867 2967">
     <span class='ocr_line' id='line_1_32' title="bbox 207 2889 1867 2967; baseline -0.005 -14"><span class='ocrx_word' id='word_1_208' title='bbox 207 2899 474 2966; x_wconf 85' lang='lat' dir='ltr'><strong>deretur,</strong></span> <span class='ocrx_word' id='word_1_209' title='bbox 525 2912 631 2952; x_wconf 90' lang='lat' dir='ltr'><strong>cur</strong></span> <span class='ocrx_word' id='word_1_210' title='bbox 698 2913 981 2967; x_wconf 83' lang='lat' dir='ltr'><strong>exponere</strong></span> <span class='ocrx_word' id='word_1_211' title='bbox 1029 2895 1306 2951; x_wconf 86' lang='lat' dir='ltr'><strong>deberent</strong></span> <span class='ocrx_word' id='word_1_212' title='bbox 1365 2891 1650 2966; x_wconf 89' lang='lat' dir='ltr'><strong>quidquid</strong></span> <span class='ocrx_word' id='word_1_213' title='bbox 1703 2892 1761 2946; x_wconf 93' lang='lat' dir='ltr'><strong>in</strong></span> <span class='ocrx_word' id='word_1_214' title='bbox 1793 2889 1867 2946; x_wconf 90' lang='lat' dir='ltr'><strong>iis</strong></span> 
     </span>
    </p>
   </div>
   <div class='ocr_carea' id='block_1_33' title="bbox 211 2981 1867 3060">
    <p class='ocr_par' dir='ltr' id='par_1_33' title="bbox 211 2981 1867 3060">
     <span class='ocr_line' id='line_1_33' title="bbox 211 2981 1867 3060; baseline -0.004 -18"><span class='ocrx_word' id='word_1_215' title='bbox 211 2990 495 3060; x_wconf 81' lang='lat' dir='ltr'><strong>ageretur</strong></span> <span class='ocrx_word' id='word_1_216' title='bbox 518 3030 530 3053; x_wconf 91' lang='lat'><strong>,</strong></span> <span class='ocrx_word' id='word_1_217' title='bbox 567 2991 765 3041; x_wconf 87' lang='lat' dir='ltr'><strong>tamen</strong></span> <span class='ocrx_word' id='word_1_218' title='bbox 797 2986 866 3040; x_wconf 90' lang='lat' dir='ltr'><strong>de</strong></span> <span class='ocrx_word' id='word_1_219' title='bbox 899 2984 1190 3058; x_wconf 82' lang='lat' dir='ltr'><strong>mysteriis</strong></span> <span class='ocrx_word' id='word_1_220' title='bbox 1223 2984 1367 3039; x_wconf 89' lang='lat' dir='ltr'><strong>nihil</strong></span> <span class='ocrx_word' id='word_1_221' title='bbox 1400 2983 1602 3038; x_wconf 88' lang='lat' dir='ltr'><strong>dicunt</strong></span> <span class='ocrx_word' id='word_1_222' title='bbox 1633 2983 1690 3037; x_wconf 91' lang='lat' dir='ltr'><strong>in</strong></span> <span class='ocrx_word' id='word_1_223' title='bbox 1725 2981 1867 3050; x_wconf 85' lang='lat' dir='ltr'><strong>foro,</strong></span> 
     </span>
    </p>
   </div>
   <div class='ocr_carea' id='block_1_34' title="bbox 212 3071 1872 3146">
    <p class='ocr_par' dir='ltr' id='par_1_34' title="bbox 212 3071 1872 3146">
     <span class='ocr_line' id='line_1_34' title="bbox 212 3071 1872 3146; baseline -0.004 -16"><span class='ocrx_word' id='word_1_224' title='bbox 212 3092 414 3146; x_wconf 87' lang='lat' dir='ltr'><strong>neque</strong></span> <span class='ocrx_word' id='word_1_225' title='bbox 442 3075 515 3130; x_wconf 90' lang='lat' dir='ltr'><strong>de</strong></span> <span class='ocrx_word' id='word_1_226' title='bbox 545 3074 616 3130; x_wconf 92' lang='lat' dir='ltr'><strong>iis</strong></span> <span class='ocrx_word' id='word_1_227' title='bbox 647 3091 782 3130; x_wconf 92' lang='lat' dir='ltr'><strong>cum</strong></span> <span class='ocrx_word' id='word_1_228' title='bbox 814 3073 1159 3130; x_wconf 86' lang='lat' dir='ltr'><strong>adversariis</strong></span> <span class='ocrx_word' id='word_1_229' title='bbox 1200 3076 1301 3128; x_wconf 90' lang='lat' dir='ltr'><strong>aut</strong></span> <span class='ocrx_word' id='word_1_230' title='bbox 1356 3071 1715 3128; x_wconf 88' lang='lat' dir='ltr'><strong>contendunt</strong></span> <span class='ocrx_word' id='word_1_231' title='bbox 1771 3072 1872 3126; x_wconf 91' lang='lat' dir='ltr'><strong>aut</strong></span> 
     </span>
    </p>
   </div>
   <div class='ocr_carea' id='block_1_35' title="bbox 213 3160 616 3237">
    <p class='ocr_par' dir='ltr' id='par_1_35' title="bbox 213 3160 616 3237">
     <span class='ocr_line' id='line_1_35' title="bbox 213 3160 616 3237; baseline -0.002 -17"><span class='ocrx_word' id='word_1_232' title='bbox 213 3166 480 3237; x_wconf 87' lang='lat' dir='ltr'><strong>litigant.</strong></span> <span class='ocrx_word' id='word_1_233' title='bbox 606 3160 616 3169; x_wconf 71' lang='grc'>’</span> 
     </span>
    </p>
   </div>
   <div class='ocr_carea' id='block_1_36' title="bbox 282 3251 1871 3325">
    <p class='ocr_par' dir='ltr' id='par_1_36' title="bbox 282 3251 1871 3325">
     <span class='ocr_line' id='line_1_36' title="bbox 282 3251 1871 3325; baseline -0.003 -15"><span class='ocrx_word' id='word_1_234' title='bbox 282 3259 482 3325; x_wconf 87' lang='lat' dir='ltr'><strong>Atque</strong></span> <span class='ocrx_word' id='word_1_235' title='bbox 515 3254 633 3309; x_wconf 81' lang='lat' dir='ltr'><strong>haec</strong></span> <span class='ocrx_word' id='word_1_236' title='bbox 666 3253 904 3324; x_wconf 89' lang='lat' dir='ltr'><strong>quidem</strong></span> <span class='ocrx_word' id='word_1_237' title='bbox 936 3253 1221 3308; x_wconf 88' lang='lat' dir='ltr'><strong>hactenus</strong></span> <span class='ocrx_word' id='word_1_238' title='bbox 1243 3251 1492 3307; x_wconf 90' lang='lat' dir='ltr'><strong>breviter</strong></span> <span class='ocrx_word' id='word_1_239' title='bbox 1513 3265 1871 3323; x_wconf 73' lang='lat' dir='ltr'><strong>praemonere</strong></span> 
     </span>
    </p>
   </div>
   <div class='ocr_carea' id='block_1_37' title="bbox 214 3337 1870 3407">
    <p class='ocr_par' dir='ltr' id='par_1_37' title="bbox 214 3337 1870 3407">
     <span class='ocr_line' id='line_1_37' title="bbox 214 3337 1870 3407; baseline -0.002 -13"><span class='ocrx_word' id='word_1_240' title='bbox 214 3343 410 3397; x_wconf 77' lang='lat' dir='ltr'><strong>visum</strong></span> <span class='ocrx_word' id='word_1_241' title='bbox 447 3342 577 3407; x_wconf 87' lang='lat' dir='ltr'><strong>fuit,</strong></span> <span class='ocrx_word' id='word_1_242' title='bbox 613 3345 676 3396; x_wconf 92' lang='lat' dir='ltr'><strong>ut</strong></span> <span class='ocrx_word' id='word_1_243' title='bbox 697 3341 771 3396; x_wconf 89' lang='lat' dir='ltr'><strong>ad</strong></span> <span class='ocrx_word' id='word_1_244' title='bbox 803 3339 1357 3396; x_wconf 81' lang='lat' dir='ltr'><strong>OctaviiMinuciani</strong></span> <span class='ocrx_word' id='word_1_245' title='bbox 1380 3337 1686 3393; x_wconf 88' lang='lat' dir='ltr'><strong>lectionem</strong></span> <span class='ocrx_word' id='word_1_246' title='bbox 1718 3337 1870 3390; x_wconf 90' lang='lat' dir='ltr'><strong>viam</strong></span> 
     </span>
    </p>
   </div>
   <div class='ocr_carea' id='block_1_38' title="bbox 214 3424 1872 3503">
    <p class='ocr_par' dir='ltr' id='par_1_38' title="bbox 214 3424 1872 3503">
     <span class='ocr_line' id='line_1_38' title="bbox 214 3424 1872 3503; baseline -0.004 -19"><span class='ocrx_word' id='word_1_247' title='bbox 214 3432 396 3486; x_wconf 73' lang='lat' dir='ltr'><strong>veluti</strong></span> <span class='ocrx_word' id='word_1_248' title='bbox 428 3430 869 3503; x_wconf 64' lang='lat' dir='ltr'><strong>pramunirem,</strong></span> <span class='ocrx_word' id='word_1_249' title='bbox 895 3446 1020 3501; x_wconf 73' lang='lat' dir='ltr'><strong>quae</strong></span> <span class='ocrx_word' id='word_1_250' title='bbox 1043 3434 1100 3484; x_wconf 91' lang='lat' dir='ltr'><strong>et</strong></span> <span class='ocrx_word' id='word_1_251' title='bbox 1119 3427 1587 3484; x_wconf 87' lang='lat' dir='ltr'><strong>Christianarum</strong></span> <span class='ocrx_word' id='word_1_252' title='bbox 1616 3424 1872 3496; x_wconf 87' lang='lat' dir='ltr'><strong>antiqui-</strong></span> 
     </span>
    </p>
   </div>
   <div class='ocr_carea' id='block_1_39' title="bbox 215 3515 1873 3585">
    <p class='ocr_par' dir='ltr' id='par_1_39' title="bbox 215 3515 1873 3585">
     <span class='ocr_line' id='line_1_39' title="bbox 215 3515 1873 3585; baseline -0.004 -10"><span class='ocrx_word' id='word_1_253' title='bbox 215 3527 409 3575; x_wconf 83' lang='lat' dir='ltr'><strong>tatum</strong></span> <span class='ocrx_word' id='word_1_254' title='bbox 444 3519 786 3575; x_wconf 87' lang='lat' dir='ltr'><strong>memoriam</strong></span> <span class='ocrx_word' id='word_1_255' title='bbox 821 3518 990 3574; x_wconf 90' lang='lat' dir='ltr'><strong>nobis</strong></span> <span class='ocrx_word' id='word_1_256' title='bbox 1022 3517 1412 3585; x_wconf 89' lang='lat' dir='ltr'><strong>commendet,</strong></span> <span class='ocrx_word' id='word_1_257' title='bbox 1437 3521 1494 3570; x_wconf 89' lang='lat' dir='ltr'><strong>et</strong></span> <span class='ocrx_word' id='word_1_258' title='bbox 1522 3515 1594 3570; x_wconf 93' lang='lat' dir='ltr'><strong>ad</strong></span> <span class='ocrx_word' id='word_1_259' title='bbox 1625 3531 1752 3569; x_wconf 91' lang='lat' dir='ltr'><strong>eam</strong></span> <span class='ocrx_word' id='word_1_260' title='bbox 1786 3530 1873 3568; x_wconf 89' lang='lat' dir='ltr'><strong>re-</strong></span> 
     </span>
    </p>
   </div>
   <div class='ocr_carea' id='block_1_40' title="bbox 225 3605 1873 3679">
    <p class='ocr_par' dir='ltr' id='par_1_40' title="bbox 225 3605 1873 3679">
     <span class='ocr_line' id='line_1_40' title="bbox 225 3605 1873 3679; baseline -0.004 -16"><span class='ocrx_word' id='word_1_261' title='bbox 225 3610 450 3665; x_wconf 80' lang='lat' dir='ltr'><strong>novand</strong></span> <span class='ocrx_word' id='word_1_262' title='bbox 460 3627 555 3664; x_wconf 90' lang='lat' dir='ltr'><strong>am</strong></span> <span class='ocrx_word' id='word_1_263' title='bbox 572 3626 680 3664; x_wconf 89' lang='lat' dir='ltr'><strong>nos</strong></span> <span class='ocrx_word' id='word_1_264' title='bbox 694 3607 1068 3679; x_wconf 87' lang='lat' dir='ltr'><strong>excitet,quid</strong></span> <span class='ocrx_word' id='word_1_265' title='bbox 1085 3611 1141 3663; x_wconf 91' lang='lat' dir='ltr'><strong>et</strong></span> <span class='ocrx_word' id='word_1_266' title='bbox 1156 3605 1371 3677; x_wconf 90' lang='lat' dir='ltr'><strong>alioqui</strong></span> <span class='ocrx_word' id='word_1_267' title='bbox 1395 3605 1689 3660; x_wconf 83' lang='lat' dir='ltr'><strong>Romanas</strong></span> <span class='ocrx_word' id='word_1_268' title='bbox 1711 3607 1873 3657; x_wconf 85' lang='lat' dir='ltr'><strong>tanto</strong></span> 
     </span>
    </p>
   </div>
   <div class='ocr_carea' id='block_1_41' title="bbox 225 3695 1875 3771">
    <p class='ocr_par' dir='ltr' id='par_1_41' title="bbox 225 3695 1875 3771">
     <span class='ocr_line' id='line_1_41' title="bbox 225 3695 1875 3771; baseline -0.005 -17"><span class='ocrx_word' id='word_1_269' title='bbox 225 3700 414 3755; x_wconf 82' lang='lat' dir='ltr'><strong>studio</strong></span> <span class='ocrx_word' id='word_1_270' title='bbox 451 3699 883 3771; x_wconf 88' lang='lat' dir='ltr'><strong>persequimur.</strong></span> <span class='ocrx_word' id='word_1_271' title='bbox 915 3699 1103 3768; x_wconf 83' lang='lat' dir='ltr'><strong>Atque</strong></span> <span class='ocrx_word' id='word_1_272' title='bbox 1127 3696 1353 3752; x_wconf 88' lang='lat' dir='ltr'><strong>utinam</strong></span> <span class='ocrx_word' id='word_1_273' title='bbox 1385 3695 1485 3765; x_wconf 93' lang='lat' dir='ltr'><strong>qui</strong></span> <span class='ocrx_word' id='word_1_274' title='bbox 1510 3695 1704 3750; x_wconf 80' lang='lat' dir='ltr'><strong>Romae</strong></span> <span class='ocrx_word' id='word_1_275' title='bbox 1736 3695 1875 3747; x_wconf 91' lang='lat' dir='ltr'><strong>sunt</strong></span> 
     </span>
    </p>
   </div>
   <div class='ocr_carea' id='block_1_42' title="bbox 229 3781 1871 3858">
    <p class='ocr_par' dir='ltr' id='par_1_42' title="bbox 229 3781 1871 3858">
     <span class='ocr_line' id='line_1_42' title="bbox 229 3781 1871 3858; baseline -0.004 -17"><span class='ocrx_word' id='word_1_276' title='bbox 229 3788 373 3842; x_wconf 84' lang='lat' dir='ltr'><strong>docti</strong></span> <span class='ocrx_word' id='word_1_277' title='bbox 409 3788 705 3858; x_wconf 86' lang='lat' dir='ltr'><strong>homines,</strong></span> <span class='ocrx_word' id='word_1_278' title='bbox 741 3791 800 3842; x_wconf 89' lang='lat' dir='ltr'><strong>et</strong></span> <span class='ocrx_word' id='word_1_279' title='bbox 831 3785 1057 3841; x_wconf 91' lang='lat' dir='ltr'><strong>nullum</strong></span> <span class='ocrx_word' id='word_1_280' title='bbox 1085 3802 1195 3840; x_wconf 91' lang='lat' dir='ltr'><strong>non</strong></span> <span class='ocrx_word' id='word_1_281' title='bbox 1229 3783 1668 3854; x_wconf 87' lang='lat' dir='ltr'><strong>etiamlapidem</strong></span> <span class='ocrx_word' id='word_1_282' title='bbox 1692 3781 1871 3836; x_wconf 85' lang='lat' dir='ltr'><strong>revol-</strong></span> 
     </span>
    </p>
   </div>
   <div class='ocr_carea' id='block_1_43' title="bbox 225 3870 1871 3947">
    <p class='ocr_par' dir='ltr' id='par_1_43' title="bbox 225 3870 1871 3947">
     <span class='ocr_line' id='line_1_43' title="bbox 225 3870 1871 3947; baseline -0.004 -18"><span class='ocrx_word' id='word_1_283' title='bbox 225 3883 383 3942; x_wconf 85' lang='lat' dir='ltr'><strong>vunt,</strong></span> <span class='ocrx_word' id='word_1_284' title='bbox 418 3877 770 3947; x_wconf 86' lang='lat' dir='ltr'><strong>nullamque</strong></span> <span class='ocrx_word' id='word_1_285' title='bbox 801 3877 1001 3930; x_wconf 88' lang='lat' dir='ltr'><strong>nonin</strong></span> <span class='ocrx_word' id='word_1_286' title='bbox 1051 3874 1198 3947; x_wconf 90' lang='lat' dir='ltr'><strong>ipsis</strong></span> <span class='ocrx_word' id='word_1_287' title='bbox 1253 3873 1548 3945; x_wconf 88' lang='lat' dir='ltr'><strong>lapidibus</strong></span> <span class='ocrx_word' id='word_1_288' title='bbox 1614 3870 1871 3925; x_wconf 87' lang='lat' dir='ltr'><strong>litteram</strong></span> 
     </span>
    </p>
   </div>
   <div class='ocr_carea' id='block_1_44' title="bbox 223 3961 1870 4036">
    <p class='ocr_par' dir='ltr' id='par_1_44' title="bbox 223 3961 1870 4036">
     <span class='ocr_line' id='line_1_44' title="bbox 223 3961 1870 4036; baseline -0.005 -16"><span class='ocrx_word' id='word_1_289' title='bbox 223 3968 566 4033; x_wconf 83' lang='lat' dir='ltr'><strong>observant,</strong></span> <span class='ocrx_word' id='word_1_290' title='bbox 595 3970 658 4020; x_wconf 91' lang='lat' dir='ltr'><strong>ut</strong></span> <span class='ocrx_word' id='word_1_291' title='bbox 697 3965 953 4036; x_wconf 65' lang='lat' dir='ltr'><strong>antiquae</strong></span> <span class='ocrx_word' id='word_1_292' title='bbox 982 3962 1316 4034; x_wconf 66' lang='lat' dir='ltr'><strong>reipublicae</strong></span> <span class='ocrx_word' id='word_1_293' title='bbox 1367 3961 1590 4033; x_wconf 90' lang='lat' dir='ltr'><strong>aliquid</strong></span> <span class='ocrx_word' id='word_1_294' title='bbox 1642 3963 1870 4028; x_wconf 87' lang='lat' dir='ltr'><strong>eruant,</strong></span> 
     </span>
    </p>
   </div>
   <div class='ocr_carea' id='block_1_45' title="bbox 220 4049 1872 4126">
    <p class='ocr_par' dir='ltr' id='par_1_45' title="bbox 220 4049 1872 4126">
     <span class='ocr_line' id='line_1_45' title="bbox 220 4049 1872 4126; baseline -0.004 -18"><span class='ocrx_word' id='word_1_295' title='bbox 220 4057 428 4111; x_wconf 82' lang='lat' dir='ltr'><strong>veteris</strong></span> <span class='ocrx_word' id='word_1_296' title='bbox 461 4070 698 4126; x_wconf 88' lang='lat' dir='ltr'><strong>quoque</strong></span> <span class='ocrx_word' id='word_1_297' title='bbox 717 4053 984 4109; x_wconf 71' lang='lat' dir='ltr'><strong>Ecclesia:</strong></span> <span class='ocrx_word' id='word_1_298' title='bbox 1017 4052 1380 4107; x_wconf 89' lang='lat' dir='ltr'><strong>monimenta</strong></span> <span class='ocrx_word' id='word_1_299' title='bbox 1403 4050 1639 4122; x_wconf 89' lang='lat' dir='ltr'><strong>(quibus</strong></span> <span class='ocrx_word' id='word_1_300' title='bbox 1670 4049 1872 4104; x_wconf 87' lang='lat' dir='ltr'><strong>eadem</strong></span> 
     </span>
    </p>
   </div>
   <div class='ocr_carea' id='block_1_46' title="bbox 220 4138 1876 4215">
    <p class='ocr_par' dir='ltr' id='par_1_46' title="bbox 220 4138 1876 4215">
     <span class='ocr_line' id='line_1_46' title="bbox 220 4138 1876 4215; baseline -0.005 -16"><span class='ocrx_word' id='word_1_301' title='bbox 220 4146 357 4200; x_wconf 88' lang='lat' dir='ltr'><strong>urbs</strong></span> <span class='ocrx_word' id='word_1_302' title='bbox 390 4143 686 4214; x_wconf 86' lang='lat' dir='ltr'><strong>abundat)</strong></span> <span class='ocrx_word' id='word_1_303' title='bbox 720 4141 1085 4215; x_wconf 87' lang='lat' dir='ltr'><strong>colligerent,</strong></span> <span class='ocrx_word' id='word_1_304' title='bbox 1126 4141 1463 4213; x_wconf 90' lang='lat' dir='ltr'><strong>pluresque,</strong></span> <span class='ocrx_word' id='word_1_305' title='bbox 1498 4139 1597 4211; x_wconf 89' lang='lat' dir='ltr'><strong>qui</strong></span> <span class='ocrx_word' id='word_1_306' title='bbox 1631 4138 1693 4193; x_wconf 87' lang='lat' dir='ltr'><strong>in</strong></span> <span class='ocrx_word' id='word_1_307' title='bbox 1723 4154 1791 4193; x_wconf 90' lang='lat' dir='ltr'><strong>ea</strong></span> <span class='ocrx_word' id='word_1_308' title='bbox 1819 4142 1876 4192; x_wconf 92' lang='lat' dir='ltr'><strong>et</strong></span> 
     </span>
    </p>
   </div>
   <div class='ocr_carea' id='block_1_47' title="bbox 216 4226 1874 4303">
    <p class='ocr_par' dir='ltr' id='par_1_47' title="bbox 216 4226 1874 4303">
     <span class='ocr_line' id='line_1_47' title="bbox 216 4226 1874 4303; baseline -0.004 -17"><span class='ocrx_word' id='word_1_309' title='bbox 216 4235 509 4300; x_wconf 85' lang='lat' dir='ltr'><strong>vixerunt,</strong></span> <span class='ocrx_word' id='word_1_310' title='bbox 544 4236 604 4288; x_wconf 88' lang='lat' dir='ltr'><strong>et</strong></span> <span class='ocrx_word' id='word_1_311' title='bbox 633 4231 844 4303; x_wconf 85' lang='lat' dir='ltr'><strong>sepulti</strong></span> <span class='ocrx_word' id='word_1_312' title='bbox 876 4236 1033 4296; x_wconf 91' lang='lat' dir='ltr'><strong>sunt,</strong></span> <span class='ocrx_word' id='word_1_313' title='bbox 1055 4230 1340 4286; x_wconf 88' lang='lat' dir='ltr'><strong>Minucios</strong></span> <span class='ocrx_word' id='word_1_314' title='bbox 1363 4229 1694 4284; x_wconf 84' lang='lat' dir='ltr'><strong>excitarent.</strong></span> <span class='ocrx_word' id='word_1_315' title='bbox 1720 4226 1874 4282; x_wconf 90' lang='lat' dir='ltr'><strong>Satis</strong></span> 
     </span>
    </p>
   </div>
   <div class='ocr_carea' id='block_1_48' title="bbox 210 4315 1876 4394">
    <p class='ocr_par' dir='ltr' id='par_1_48' title="bbox 210 4315 1876 4394">
     <span class='ocr_line' id='line_1_48' title="bbox 210 4315 1876 4394; baseline -0.005 -16"><span class='ocrx_word' id='word_1_316' title='bbox 210 4325 361 4394; x_wconf 84' lang='lat' dir='ltr'><strong>jam,</strong></span> <span class='ocrx_word' id='word_1_317' title='bbox 397 4323 551 4378; x_wconf 86' lang='lat' dir='ltr'><strong>satis</strong></span> <span class='ocrx_word' id='word_1_318' title='bbox 585 4325 672 4376; x_wconf 90' lang='lat' dir='ltr'><strong>est</strong></span> <span class='ocrx_word' id='word_1_319' title='bbox 701 4338 983 4376; x_wconf 89' lang='lat' dir='ltr'><strong>novorum</strong></span> <span class='ocrx_word' id='word_1_320' title='bbox 1013 4319 1080 4375; x_wconf 92' lang='lat' dir='ltr'><strong>de</strong></span> <span class='ocrx_word' id='word_1_321' title='bbox 1105 4319 1384 4391; x_wconf 84' lang='lat' dir='ltr'><strong>religione</strong></span> <span class='ocrx_word' id='word_1_322' title='bbox 1410 4315 1876 4372; x_wconf 74' lang='lat' dir='ltr'><strong>libellorum.Ve-</strong></span> 
     </span>
    </p>
   </div>
   <div class='ocr_carea' id='block_1_49' title="bbox 219 4402 1876 4482">
    <p class='ocr_par' dir='ltr' id='par_1_49' title="bbox 219 4402 1876 4482">
     <span class='ocr_line' id='line_1_49' title="bbox 219 4402 1876 4482; baseline -0.005 -17"><span class='ocrx_word' id='word_1_323' title='bbox 219 4413 454 4467; x_wconf 85' lang='lat' dir='ltr'><strong>teribus</strong></span> <span class='ocrx_word' id='word_1_324' title='bbox 488 4410 686 4482; x_wconf 87' lang='lat' dir='ltr'><strong>potius</strong></span> <span class='ocrx_word' id='word_1_325' title='bbox 720 4408 778 4464; x_wconf 91' lang='lat' dir='ltr'><strong>in</strong></span> <span class='ocrx_word' id='word_1_326' title='bbox 808 4408 1000 4464; x_wconf 90' lang='lat' dir='ltr'><strong>lucem</strong></span> <span class='ocrx_word' id='word_1_327' title='bbox 1032 4406 1368 4464; x_wconf 91' lang='lat' dir='ltr'><strong>revocandis</strong></span> <span class='ocrx_word' id='word_1_328' title='bbox 1417 4405 1595 4476; x_wconf 85' lang='lat' dir='ltr'><strong>hujus</strong></span> <span class='ocrx_word' id='word_1_329' title='bbox 1645 4402 1876 4477; x_wconf 87' lang='lat' dir='ltr'><strong>generis</strong></span> 
     </span>
    </p>
   </div>
   <div class='ocr_carea' id='block_1_50' title="bbox 1950 489 3594 567">
    <p class='ocr_par' dir='ltr' id='par_1_50' title="bbox 1950 489 3594 567">
     <span class='ocr_line' id='line_1_50' title="bbox 1950 489 3594 567; baseline 0.006 -23"><span class='ocrx_word' id='word_1_330' title='bbox 1950 489 2294 554; x_wconf 89' lang='lat' dir='ltr'><strong>recusarint,</strong></span> <span class='ocrx_word' id='word_1_331' title='bbox 2318 506 2452 545; x_wconf 90' lang='lat' dir='ltr'><strong>cum</strong></span> <span class='ocrx_word' id='word_1_332' title='bbox 2487 490 2590 546; x_wconf 91' lang='lat' dir='ltr'><strong>hoc</strong></span> <span class='ocrx_word' id='word_1_333' title='bbox 2617 491 2687 546; x_wconf 91' lang='lat' dir='ltr'><strong>iis</strong></span> <span class='ocrx_word' id='word_1_334' title='bbox 2719 491 2883 548; x_wconf 87' lang='lat' dir='ltr'><strong>licuit</strong></span> <span class='ocrx_word' id='word_1_335' title='bbox 2915 510 3016 565; x_wconf 90' lang='lat' dir='ltr'><strong>per</strong></span> <span class='ocrx_word' id='word_1_336' title='bbox 3045 495 3354 567; x_wconf 89' lang='lat' dir='ltr'><strong>principes.</strong></span> <span class='ocrx_word' id='word_1_337' title='bbox 3389 497 3594 555; x_wconf 91' lang='lat' dir='ltr'><strong>Chris-</strong></span> 
     </span>
    </p>
   </div>
   <div class='ocr_carea' id='block_1_51' title="bbox 1951 578 3591 651">
    <p class='ocr_par' dir='ltr' id='par_1_51' title="bbox 1951 578 3591 651">
     <span class='ocr_line' id='line_1_51' title="bbox 1951 578 3591 651; baseline 0.005 -17"><span class='ocrx_word' id='word_1_338' title='bbox 1951 578 2211 634; x_wconf 87' lang='lat' dir='ltr'><strong>stianos:</strong></span> <span class='ocrx_word' id='word_1_339' title='bbox 2246 595 2432 651; x_wconf 90' lang='lat' dir='ltr'><strong>neque</strong></span> <span class='ocrx_word' id='word_1_340' title='bbox 2475 584 2597 634; x_wconf 91' lang='lat' dir='ltr'><strong>tam</strong></span> <span class='ocrx_word' id='word_1_341' title='bbox 2657 580 2822 648; x_wconf 87' lang='lat' dir='ltr'><strong>fatui,</strong></span> <span class='ocrx_word' id='word_1_342' title='bbox 2884 587 2950 637; x_wconf 92' lang='lat' dir='ltr'><strong>ut</strong></span> <span class='ocrx_word' id='word_1_343' title='bbox 3005 583 3112 639; x_wconf 92' lang='lat' dir='ltr'><strong>hoc</strong></span> <span class='ocrx_word' id='word_1_344' title='bbox 3163 585 3444 642; x_wconf 83' lang='lat' dir='ltr'><strong>beneﬁcio</strong></span> <span class='ocrx_word' id='word_1_345' title='bbox 3476 603 3591 643; x_wconf 89' lang='lat' dir='ltr'><strong>non</strong></span> 
     </span>
    </p>
   </div>
   <div class='ocr_carea' id='block_1_52' title="bbox 1952 669 3594 743">
    <p class='ocr_par' dir='ltr' id='par_1_52' title="bbox 1952 669 3594 743">
     <span class='ocr_line' id='line_1_52' title="bbox 1952 669 3594 743; baseline 0.006 -21"><span class='ocrx_word' id='word_1_346' title='bbox 1952 671 2290 723; x_wconf 86' lang='lat' dir='ltr'><strong>uterentur:</strong></span> <span class='ocrx_word' id='word_1_347' title='bbox 2324 685 2513 740; x_wconf 90' lang='lat' dir='ltr'><strong>neque</strong></span> <span class='ocrx_word' id='word_1_348' title='bbox 2543 673 2662 724; x_wconf 89' lang='lat' dir='ltr'><strong>tam</strong></span> <span class='ocrx_word' id='word_1_349' title='bbox 2709 669 2915 741; x_wconf 86' lang='lat' dir='ltr'><strong>iniqui,</strong></span> <span class='ocrx_word' id='word_1_350' title='bbox 2950 677 3014 727; x_wconf 91' lang='lat' dir='ltr'><strong>ut</strong></span> <span class='ocrx_word' id='word_1_351' title='bbox 3068 673 3117 728; x_wconf 88' lang='lat' dir='ltr'><strong>si</strong></span> <span class='ocrx_word' id='word_1_352' title='bbox 3177 674 3314 743; x_wconf 89' lang='lat' dir='ltr'><strong>quid</strong></span> <span class='ocrx_word' id='word_1_353' title='bbox 3372 674 3432 730; x_wconf 90' lang='lat' dir='ltr'><strong>in</strong></span> <span class='ocrx_word' id='word_1_354' title='bbox 3469 677 3594 732; x_wconf 84' lang='lat' dir='ltr'><strong>suis</strong></span> 
     </span>
    </p>
   </div>
   <div class='ocr_carea' id='block_1_53' title="bbox 1951 757 3596 836">
    <p class='ocr_par' dir='ltr' id='par_1_53' title="bbox 1951 757 3596 836">
     <span class='ocr_line' id='line_1_53' title="bbox 1951 757 3596 836; baseline 0.005 -25"><span class='ocrx_word' id='word_1_355' title='bbox 1951 757 2404 828; x_wconf 86' lang='lat' dir='ltr'><strong>imperatoribus</strong></span> <span class='ocrx_word' id='word_1_356' title='bbox 2453 757 2870 827; x_wconf 88' lang='lat' dir='ltr'><strong>desiderarent,</strong></span> <span class='ocrx_word' id='word_1_357' title='bbox 2905 776 3264 832; x_wconf 85' lang='lat' dir='ltr'><strong>paganorum</strong></span> <span class='ocrx_word' id='word_1_358' title='bbox 3289 762 3376 833; x_wconf 92' lang='lat' dir='ltr'><strong>(ut</strong></span> <span class='ocrx_word' id='word_1_359' title='bbox 3403 763 3596 836; x_wconf 89' lang='lat' dir='ltr'><strong>loqui-</strong></span> 
     </span>
    </p>
   </div>
   <div class='ocr_carea' id='block_1_54' title="bbox 1953 845 3592 924">
    <p class='ocr_par' dir='ltr' id='par_1_54' title="bbox 1953 845 3592 924">
     <span class='ocr_line' id='line_1_54' title="bbox 1953 845 3592 924; baseline 0.006 -25"><span class='ocrx_word' id='word_1_360' title='bbox 1953 863 2087 901; x_wconf 92' lang='lat' dir='ltr'><strong>mur</strong></span> <span class='ocrx_word' id='word_1_361' title='bbox 2114 851 2493 918; x_wconf 85' lang='lat' dir='ltr'><strong>tyrannorum</strong></span> <span class='ocrx_word' id='word_1_362' title='bbox 2542 845 2668 902; x_wconf 92' lang='lat' dir='ltr'><strong>loco</strong></span> <span class='ocrx_word' id='word_1_363' title='bbox 2716 864 2814 902; x_wconf 91' lang='lat' dir='ltr'><strong>eos</strong></span> <span class='ocrx_word' id='word_1_364' title='bbox 2873 847 3187 906; x_wconf 84' lang='lat' dir='ltr'><strong>baberent:</strong></span> <span class='ocrx_word' id='word_1_365' title='bbox 3223 867 3409 924; x_wconf 91' lang='lat' dir='ltr'><strong>neque</strong></span> <span class='ocrx_word' id='word_1_366' title='bbox 3469 857 3592 909; x_wconf 90' lang='lat' dir='ltr'><strong>tam</strong></span> 
     </span>
    </p>
   </div>
   <div class='ocr_carea' id='block_1_55' title="bbox 1954 935 3596 1012">
    <p class='ocr_par' dir='ltr' id='par_1_55' title="bbox 1954 935 3596 1012">
     <span class='ocr_line' id='line_1_55' title="bbox 1954 935 3596 1012; baseline 0.004 -21"><span class='ocrx_word' id='word_1_367' title='bbox 1954 935 2192 1002; x_wconf 89' lang='lat' dir='ltr'><strong>morosi,</strong></span> <span class='ocrx_word' id='word_1_368' title='bbox 2226 939 2290 990; x_wconf 92' lang='lat' dir='ltr'><strong>ut</strong></span> <span class='ocrx_word' id='word_1_369' title='bbox 2317 935 2564 1006; x_wconf 68' lang='lat' dir='ltr'><strong>publicae</strong></span> <span class='ocrx_word' id='word_1_370' title='bbox 2596 935 3014 1007; x_wconf 89' lang='lat' dir='ltr'><strong>tranquillitati</strong></span> <span class='ocrx_word' id='word_1_371' title='bbox 3065 938 3209 994; x_wconf 83' lang='lat' dir='ltr'><strong>nihil</strong></span> <span class='ocrx_word' id='word_1_372' title='bbox 3268 941 3596 1012; x_wconf 88' lang='lat' dir='ltr'><strong>quidquam</strong></span> 
     </span>
    </p>
   </div>
   <div class='ocr_carea' id='block_1_56' title="bbox 1954 1025 3602 1103">
    <p class='ocr_par' dir='ltr' id='par_1_56' title="bbox 1954 1025 3602 1103">
     <span class='ocr_line' id='line_1_56' title="bbox 1954 1025 3602 1103; baseline 0.005 -24"><span class='ocrx_word' id='word_1_373' title='bbox 1954 1025 2367 1080; x_wconf 90' lang='lat' dir='ltr'><strong>condonarent.</strong></span> <span class='ocrx_word' id='word_1_374' title='bbox 2403 1025 2634 1096; x_wconf 90' lang='lat' dir='ltr'><strong>Loquor</strong></span> <span class='ocrx_word' id='word_1_375' title='bbox 2665 1026 2735 1080; x_wconf 92' lang='lat' dir='ltr'><strong>de</strong></span> <span class='ocrx_word' id='word_1_376' title='bbox 2766 1025 2858 1090; x_wconf 89' lang='lat' dir='ltr'><strong>iis,</strong></span> <span class='ocrx_word' id='word_1_377' title='bbox 2884 1026 2984 1097; x_wconf 91' lang='lat' dir='ltr'><strong>qui</strong></span> <span class='ocrx_word' id='word_1_378' title='bbox 3017 1044 3131 1082; x_wconf 90' lang='lat' dir='ltr'><strong>non</strong></span> <span class='ocrx_word' id='word_1_379' title='bbox 3159 1028 3398 1085; x_wconf 89' lang='lat' dir='ltr'><strong>fuerunt</strong></span> <span class='ocrx_word' id='word_1_380' title='bbox 3427 1029 3602 1103; x_wconf 88' lang='lat' dir='ltr'><strong>dege-</strong></span> 
     </span>
    </p>
   </div>
   <div class='ocr_carea' id='block_1_57' title="bbox 1956 1113 3599 1186">
    <p class='ocr_par' dir='ltr' id='par_1_57' title="bbox 1956 1113 3599 1186">
     <span class='ocr_line' id='line_1_57' title="bbox 1956 1113 3599 1186; baseline 0.004 -18"><span class='ocrx_word' id='word_1_381' title='bbox 1956 1130 2142 1169; x_wconf 91' lang='lat' dir='ltr'><strong>neres.</strong></span> <span class='ocrx_word' id='word_1_382' title='bbox 2178 1114 2289 1169; x_wconf 91' lang='lat' dir='ltr'><strong>Sed</strong></span> <span class='ocrx_word' id='word_1_383' title='bbox 2329 1113 2523 1169; x_wconf 79' lang='lat' dir='ltr'><strong>liberae</strong></span> <span class='ocrx_word' id='word_1_384' title='bbox 2574 1114 2843 1170; x_wconf 75' lang='lat' dir='ltr'><strong>Ecclesize</strong></span> <span class='ocrx_word' id='word_1_385' title='bbox 2875 1115 3247 1186; x_wconf 87' lang='lat' dir='ltr'><strong>splendorem</strong></span> <span class='ocrx_word' id='word_1_386' title='bbox 3305 1133 3419 1173; x_wconf 90' lang='lat' dir='ltr'><strong>non</strong></span> <span class='ocrx_word' id='word_1_387' title='bbox 3452 1119 3599 1174; x_wconf 90' lang='lat' dir='ltr'><strong>vidit</strong></span> 
     </span>
    </p>
   </div>
   <div class='ocr_carea' id='block_1_58' title="bbox 1955 1202 3598 1276">
    <p class='ocr_par' dir='ltr' id='par_1_58' title="bbox 1955 1202 3598 1276">
     <span class='ocr_line' id='line_1_58' title="bbox 1955 1202 3598 1276; baseline 0.003 -19"><span class='ocrx_word' id='word_1_388' title='bbox 1955 1203 2271 1258; x_wconf 89' lang='lat' dir='ltr'><strong>Minucius:</strong></span> <span class='ocrx_word' id='word_1_389' title='bbox 2289 1202 2594 1258; x_wconf 89' lang='lat' dir='ltr'><strong>servientis</strong></span> <span class='ocrx_word' id='word_1_390' title='bbox 2613 1204 2784 1259; x_wconf 92' lang='lat' dir='ltr'><strong>modo</strong></span> <span class='ocrx_word' id='word_1_391' title='bbox 2798 1204 3127 1276; x_wconf 90' lang='lat' dir='ltr'><strong>squalorem</strong></span> <span class='ocrx_word' id='word_1_392' title='bbox 3150 1206 3598 1262; x_wconf 90' lang='lat' dir='ltr'><strong>vidit.Nostrum</strong></span> 
     </span>
    </p>
   </div>
   <div class='ocr_carea' id='block_1_59' title="bbox 1955 1295 3594 1368">
    <p class='ocr_par' dir='ltr' id='par_1_59' title="bbox 1955 1295 3594 1368">
     <span class='ocr_line' id='line_1_59' title="bbox 1955 1295 3594 1368; baseline 0.004 -22"><span class='ocrx_word' id='word_1_393' title='bbox 1955 1308 2089 1347; x_wconf 88' lang='lat' dir='ltr'><strong>vero</strong></span> <span class='ocrx_word' id='word_1_394' title='bbox 2119 1295 2229 1360; x_wconf 89' lang='lat' dir='ltr'><strong>est,</strong></span> <span class='ocrx_word' id='word_1_395' title='bbox 2261 1296 2577 1364; x_wconf 90' lang='lat' dir='ltr'><strong>utrumque</strong></span> <span class='ocrx_word' id='word_1_396' title='bbox 2608 1297 2831 1348; x_wconf 88' lang='lat' dir='ltr'><strong>statum</strong></span> <span class='ocrx_word' id='word_1_397' title='bbox 2872 1297 2929 1348; x_wconf 92' lang='lat' dir='ltr'><strong>et</strong></span> <span class='ocrx_word' id='word_1_398' title='bbox 2959 1295 3264 1366; x_wconf 89' lang='lat' dir='ltr'><strong>utriusque</strong></span> <span class='ocrx_word' id='word_1_399' title='bbox 3316 1296 3594 1368; x_wconf 87' lang='lat' dir='ltr'><strong>temporis</strong></span> 
     </span>
    </p>
   </div>
   <div class='ocr_carea' id='block_1_60' title="bbox 1957 1380 3598 1455">
    <p class='ocr_par' dir='ltr' id='par_1_60' title="bbox 1957 1380 3598 1455">
     <span class='ocr_line' id='line_1_60' title="bbox 1957 1380 3598 1455; baseline 0.002 -18"><span class='ocrx_word' id='word_1_400' title='bbox 1957 1380 2354 1437; x_wconf 90' lang='lat' dir='ltr'><strong>conditionem</strong></span> <span class='ocrx_word' id='word_1_401' title='bbox 2393 1385 2548 1438; x_wconf 91' lang='lat' dir='ltr'><strong>recto</strong></span> <span class='ocrx_word' id='word_1_402' title='bbox 2600 1381 2968 1438; x_wconf 90' lang='lat' dir='ltr'><strong>considerare</strong></span> <span class='ocrx_word' id='word_1_403' title='bbox 3020 1387 3194 1455; x_wconf 91' lang='lat' dir='ltr'><strong>atque</strong></span> <span class='ocrx_word' id='word_1_404' title='bbox 3248 1383 3598 1454; x_wconf 88' lang='lat' dir='ltr'><strong>discernere,</strong></span> 
     </span>
    </p>
   </div>
   <div class='ocr_carea' id='block_1_61' title="bbox 1957 1469 3602 1546">
    <p class='ocr_par' dir='ltr' id='par_1_61' title="bbox 1957 1469 3602 1546">
     <span class='ocr_line' id='line_1_61' title="bbox 1957 1469 3602 1546; baseline 0.002 -19"><span class='ocrx_word' id='word_1_405' title='bbox 1957 1475 2016 1527; x_wconf 91' lang='lat' dir='ltr'><strong>et</strong></span> <span class='ocrx_word' id='word_1_406' title='bbox 2045 1470 2155 1526; x_wconf 92' lang='lat' dir='ltr'><strong>hoc</strong></span> <span class='ocrx_word' id='word_1_407' title='bbox 2184 1474 2452 1538; x_wconf 79' lang='lat' dir='ltr'><strong>externae,</strong></span> <span class='ocrx_word' id='word_1_408' title='bbox 2485 1475 2549 1526; x_wconf 90' lang='lat' dir='ltr'><strong>ut</strong></span> <span class='ocrx_word' id='word_1_409' title='bbox 2579 1469 2661 1527; x_wconf 87' lang='lat' dir='ltr'><strong>ita</strong></span> <span class='ocrx_word' id='word_1_410' title='bbox 2680 1469 2905 1543; x_wconf 88' lang='lat' dir='ltr'><strong>loquar,</strong></span> <span class='ocrx_word' id='word_1_411' title='bbox 2930 1472 3128 1527; x_wconf 68' lang='lat' dir='ltr'><strong>formae</strong></span> <span class='ocrx_word' id='word_1_412' title='bbox 3149 1477 3602 1546; x_wconf 90' lang='lat' dir='ltr'><strong>temporumque</strong></span> 
     </span>
    </p>
   </div>
   <div class='ocr_carea' id='block_1_62' title="bbox 1959 1559 3608 1634">
    <p class='ocr_par' dir='ltr' id='par_1_62' title="bbox 1959 1559 3608 1634">
     <span class='ocr_line' id='line_1_62' title="bbox 1959 1559 3608 1634; baseline 0.002 -19"><span class='ocrx_word' id='word_1_413' title='bbox 1959 1559 2278 1616; x_wconf 90' lang='lat' dir='ltr'><strong>discrimen</strong></span> <span class='ocrx_word' id='word_1_414' title='bbox 2313 1560 2630 1631; x_wconf 89' lang='lat' dir='ltr'><strong>prudenter</strong></span> <span class='ocrx_word' id='word_1_415' title='bbox 2671 1560 3003 1626; x_wconf 89' lang='lat' dir='ltr'><strong>observare,</strong></span> <span class='ocrx_word' id='word_1_416' title='bbox 3036 1564 3101 1616; x_wconf 92' lang='lat' dir='ltr'><strong>ut</strong></span> <span class='ocrx_word' id='word_1_417' title='bbox 3146 1566 3204 1618; x_wconf 89' lang='lat' dir='ltr'><strong>et</strong></span> <span class='ocrx_word' id='word_1_418' title='bbox 3238 1563 3608 1634; x_wconf 87' lang='lat' dir='ltr'><strong>antiquitatis</strong></span> 
     </span>
    </p>
   </div>
   <div class='ocr_carea' id='block_1_63' title="bbox 1960 1649 3606 1722">
    <p class='ocr_par' dir='ltr' id='par_1_63' title="bbox 1960 1649 3606 1722">
     <span class='ocr_line' id='line_1_63' title="bbox 1960 1649 3606 1722; baseline 0.002 -18"><span class='ocrx_word' id='word_1_419' title='bbox 1960 1649 2260 1715; x_wconf 89' lang='lat' dir='ltr'><strong>memoria,</strong></span> <span class='ocrx_word' id='word_1_420' title='bbox 2293 1651 2350 1704; x_wconf 90' lang='lat' dir='ltr'><strong>et</strong></span> <span class='ocrx_word' id='word_1_421' title='bbox 2389 1649 2675 1719; x_wconf 88' lang='lat' dir='ltr'><strong>majorum</strong></span> <span class='ocrx_word' id='word_1_422' title='bbox 2739 1653 3071 1705; x_wconf 89' lang='lat' dir='ltr'><strong>nostrorum</strong></span> <span class='ocrx_word' id='word_1_423' title='bbox 3127 1651 3412 1722; x_wconf 83' lang='lat' dir='ltr'><strong>exemplis</strong></span> <span class='ocrx_word' id='word_1_424' title='bbox 3447 1656 3606 1708; x_wconf 92' lang='lat' dir='ltr'><strong>recte</strong></span> 
     </span>
    </p>
   </div>
   <div class='ocr_carea' id='block_1_64' title="bbox 1960 1736 3614 1810">
    <p class='ocr_par' dir='ltr' id='par_1_64' title="bbox 1960 1736 3614 1810">
     <span class='ocr_line' id='line_1_64' title="bbox 1960 1736 3614 1810; baseline 0.002 -17"><span class='ocrx_word' id='word_1_425' title='bbox 1960 1742 2220 1793; x_wconf 89' lang='lat' dir='ltr'><strong>utamur.</strong></span> <span class='ocrx_word' id='word_1_426' title='bbox 2281 1736 2383 1792; x_wconf 89' lang='lat' dir='ltr'><strong>Hic</strong></span> <span class='ocrx_word' id='word_1_427' title='bbox 2430 1737 2585 1792; x_wconf 90' lang='lat' dir='ltr'><strong>enim</strong></span> <span class='ocrx_word' id='word_1_428' title='bbox 2645 1741 2701 1791; x_wconf 90' lang='lat' dir='ltr'><strong>et</strong></span> <span class='ocrx_word' id='word_1_429' title='bbox 2757 1737 2910 1793; x_wconf 75' lang='lat' dir='ltr'><strong>2I8</strong></span> <span class='ocrx_word' id='word_1_430' title='bbox 2960 1738 3273 1808; x_wconf 87' lang='lat' dir='ltr'><strong>prudentia</strong></span> <span class='ocrx_word' id='word_1_431' title='bbox 3304 1756 3516 1810; x_wconf 79' lang='lat' dir='ltr'><strong>magna</strong></span> <span class='ocrx_word' id='word_1_432' title='bbox 3554 1745 3614 1796; x_wconf 91' lang='lat' dir='ltr'><strong>et</strong></span> 
     </span>
    </p>
   </div>
   <div class='ocr_carea' id='block_1_65' title="bbox 1965 1826 3615 1897">
    <p class='ocr_par' dir='ltr' id='par_1_65' title="bbox 1965 1826 3615 1897">
     <span class='ocr_line' id='line_1_65' title="bbox 1965 1826 3615 1897; baseline 0.002 -14"><span class='ocrx_word' id='word_1_433' title='bbox 1965 1826 2234 1883; x_wconf 89' lang='lat' dir='ltr'><strong>cautione</strong></span> <span class='ocrx_word' id='word_1_434' title='bbox 2266 1826 2522 1881; x_wconf 88' lang='lat' dir='ltr'><strong>maxima</strong></span> <span class='ocrx_word' id='word_1_435' title='bbox 2553 1843 2699 1897; x_wconf 89' lang='lat' dir='ltr'><strong>opus</strong></span> <span class='ocrx_word' id='word_1_436' title='bbox 2719 1843 2848 1881; x_wconf 86' lang='lat' dir='ltr'><strong>esse</strong></span> <span class='ocrx_word' id='word_1_437' title='bbox 2873 1827 3052 1882; x_wconf 83' lang='lat' dir='ltr'><strong>fateor</strong></span> <span class='ocrx_word' id='word_1_438' title='bbox 3078 1845 3090 1882; x_wconf 94' lang='lat'><strong>:</strong></span> <span class='ocrx_word' id='word_1_439' title='bbox 3124 1833 3330 1883; x_wconf 89' lang='lat' dir='ltr'><strong>etcum</strong></span> <span class='ocrx_word' id='word_1_440' title='bbox 3354 1828 3445 1884; x_wconf 84' lang='lat' dir='ltr'><strong>lex</strong></span> <span class='ocrx_word' id='word_1_441' title='bbox 3465 1846 3615 1886; x_wconf 90' lang='lat' dir='ltr'><strong>nova</strong></span> 
     </span>
    </p>
   </div>
   <div class='ocr_carea' id='block_1_66' title="bbox 1965 1913 3609 1989">
    <p class='ocr_par' dir='ltr' id='par_1_66' title="bbox 1965 1913 3609 1989">
     <span class='ocr_line' id='line_1_66' title="bbox 1965 1913 3609 1989; baseline 0.002 -18"><span class='ocrx_word' id='word_1_442' title='bbox 1965 1920 2224 1987; x_wconf 91' lang='lat' dir='ltr'><strong>rogatur,</strong></span> <span class='ocrx_word' id='word_1_443' title='bbox 2261 1915 2443 1970; x_wconf 81' lang='lat' dir='ltr'><strong>fertur</strong></span> <span class='ocrx_word' id='word_1_444' title='bbox 2472 1932 2623 1986; x_wconf 78' lang='lat' dir='ltr'><strong>saepe</strong></span> <span class='ocrx_word' id='word_1_445' title='bbox 2653 1913 2802 1969; x_wconf 89' lang='lat' dir='ltr'><strong>illud</strong></span> <span class='ocrx_word' id='word_1_446' title='bbox 2837 1917 2924 1972; x_wconf 92' lang='lat' dir='ltr'><strong>Uti</strong></span> <span class='ocrx_word' id='word_1_447' title='bbox 2952 1933 3136 1986; x_wconf 85' lang='lat' dir='ltr'><strong>rogas,</strong></span> <span class='ocrx_word' id='word_1_448' title='bbox 3179 1916 3391 1989; x_wconf 70' lang='lat' dir='ltr'><strong>saepius</strong></span> <span class='ocrx_word' id='word_1_449' title='bbox 3451 1917 3609 1974; x_wconf 91' lang='lat' dir='ltr'><strong>istud</strong></span> 
     </span>
    </p>
   </div>
   <div class='ocr_carea' id='block_1_67' title="bbox 1966 2003 3612 2076">
    <p class='ocr_par' dir='ltr' id='par_1_67' title="bbox 1966 2003 3612 2076">
     <span class='ocr_line' id='line_1_67' title="bbox 1966 2003 3612 2076; baseline 0.002 -16"><span class='ocrx_word' id='word_1_450' title='bbox 1966 2006 2218 2076; x_wconf 83' lang='lat' dir='ltr'><strong>Antiqua,</strong></span> <span class='ocrx_word' id='word_1_451' title='bbox 2251 2003 2417 2059; x_wconf 87' lang='lat' dir='ltr'><strong>nobis</strong></span> <span class='ocrx_word' id='word_1_452' title='bbox 2442 2008 2505 2059; x_wconf 89' lang='lat' dir='ltr'><strong>ut</strong></span> <span class='ocrx_word' id='word_1_453' title='bbox 2535 2009 2805 2059; x_wconf 90' lang='lat' dir='ltr'><strong>occurrat</strong></span> <span class='ocrx_word' id='word_1_454' title='bbox 2843 2009 3018 2076; x_wconf 87' lang='lat' dir='ltr'><strong>atque</strong></span> <span class='ocrx_word' id='word_1_455' title='bbox 3068 2006 3314 2076; x_wconf 83' lang='lat' dir='ltr'><strong>placeat,</strong></span> <span class='ocrx_word' id='word_1_456' title='bbox 3374 2023 3612 2064; x_wconf 89' lang='lat' dir='ltr'><strong>necesse</strong></span> 
     </span>
    </p>
   </div>
   <div class='ocr_carea' id='block_1_68' title="bbox 1967 2092 3616 2164">
    <p class='ocr_par' dir='ltr' id='par_1_68' title="bbox 1967 2092 3616 2164">
     <span class='ocr_line' id='line_1_68' title="bbox 1967 2092 3616 2164; baseline 0 -14"><span class='ocrx_word' id='word_1_457' title='bbox 1967 2098 2075 2157; x_wconf 90' lang='lat' dir='ltr'><strong>est,</strong></span> <span class='ocrx_word' id='word_1_458' title='bbox 2109 2109 2318 2164; x_wconf 90' lang='lat' dir='ltr'><strong>resque</strong></span> <span class='ocrx_word' id='word_1_459' title='bbox 2351 2092 2623 2164; x_wconf 89' lang='lat' dir='ltr'><strong>postulat.</strong></span> <span class='ocrx_word' id='word_1_460' title='bbox 2661 2092 3022 2164; x_wconf 88' lang='lat' dir='ltr'><strong>Insculptum</strong></span> <span class='ocrx_word' id='word_1_461' title='bbox 3066 2093 3258 2149; x_wconf 81' lang='lat' dir='ltr'><strong>Romae</strong></span> <span class='ocrx_word' id='word_1_462' title='bbox 3316 2095 3377 2150; x_wconf 89' lang='lat' dir='ltr'><strong>in</strong></span> <span class='ocrx_word' id='word_1_463' title='bbox 3435 2093 3616 2152; x_wconf 88' lang='lat' dir='ltr'><strong>veteri</strong></span> 
     </span>
    </p>
   </div>
   <div class='ocr_carea' id='block_1_69' title="bbox 1970 2181 3614 2249">
    <p class='ocr_par' dir='ltr' id='par_1_69' title="bbox 1970 2181 3614 2249">
     <span class='ocr_line' id='line_1_69' title="bbox 1970 2181 3614 2249; baseline 0.002 -12"><span class='ocrx_word' id='word_1_464' title='bbox 1970 2198 2259 2237; x_wconf 89' lang='lat' dir='ltr'><strong>marmore</strong></span> <span class='ocrx_word' id='word_1_465' title='bbox 2281 2197 2407 2236; x_wconf 90' lang='lat' dir='ltr'><strong>esse</strong></span> <span class='ocrx_word' id='word_1_466' title='bbox 2437 2181 2670 2249; x_wconf 90' lang='lat' dir='ltr'><strong>dicitur,</strong></span> <span class='ocrx_word' id='word_1_467' title='bbox 2705 2181 2956 2236; x_wconf 81' lang='lat' dir='ltr'><strong>CANDIDA</strong></span> <span class='ocrx_word' id='word_1_468' title='bbox 2989 2199 3159 2238; x_wconf 67' lang='lat' dir='ltr'><strong>servo</strong></span> <span class='ocrx_word' id='word_1_469' title='bbox 3186 2199 3445 2239; x_wconf 75' lang='lat' dir='ltr'><strong>NOBILIOR</strong></span> <span class='ocrx_word' id='word_1_470' title='bbox 3465 2199 3614 2240; x_wconf 75' lang='grc' dir='ltr'><strong>Αωιο</strong></span> 
     </span>
    </p>
   </div>
   <div class='ocr_carea' id='block_1_70' title="bbox 1970 2270 3618 2342">
    <p class='ocr_par' dir='ltr' id='par_1_70' title="bbox 1970 2270 3618 2342">
     <span class='ocr_line' id='line_1_70' title="bbox 1970 2270 3618 2342; baseline 0.001 -16"><span class='ocrx_word' id='word_1_471' title='bbox 1970 2288 2130 2326; x_wconf 73' lang='lat' dir='ltr'><strong>FELIX</strong></span> <span class='ocrx_word' id='word_1_472' title='bbox 2160 2286 2511 2334; x_wconf 79' lang='lat' dir='ltr'><strong>ANTIQUITAS.</strong></span> <span class='ocrx_word' id='word_1_473' title='bbox 2548 2270 2659 2325; x_wconf 91' lang='lat' dir='ltr'><strong>Sed</strong></span> <span class='ocrx_word' id='word_1_474' title='bbox 2709 2271 2835 2341; x_wconf 87' lang='lat' dir='ltr'><strong>ejus</strong></span> <span class='ocrx_word' id='word_1_475' title='bbox 2893 2271 3248 2342; x_wconf 75' lang='lat' dir='ltr'><strong>praejudiciis</strong></span> <span class='ocrx_word' id='word_1_476' title='bbox 3309 2272 3618 2330; x_wconf 86' lang='lat' dir='ltr'><strong>infeliciter</strong></span> 
     </span>
    </p>
   </div>
   <div class='ocr_carea' id='block_1_71' title="bbox 1972 2359 3618 2433">
    <p class='ocr_par' dir='ltr' id='par_1_71' title="bbox 1972 2359 3618 2433">
     <span class='ocr_line' id='line_1_71' title="bbox 1972 2359 3618 2433; baseline 0.002 -18"><span class='ocrx_word' id='word_1_477' title='bbox 1972 2360 2368 2430; x_wconf 87' lang='lat' dir='ltr'><strong>abuteremur,</strong></span> <span class='ocrx_word' id='word_1_478' title='bbox 2395 2360 2507 2414; x_wconf 90' lang='lat' dir='ltr'><strong>nisi</strong></span> <span class='ocrx_word' id='word_1_479' title='bbox 2541 2359 2790 2415; x_wconf 88' lang='lat' dir='ltr'><strong>liberum</strong></span> <span class='ocrx_word' id='word_1_480' title='bbox 2821 2360 3534 2433; x_wconf 90' lang='lat' dir='ltr'><strong>integrumquejudicium</strong></span> <span class='ocrx_word' id='word_1_481' title='bbox 3558 2363 3618 2418; x_wconf 90' lang='lat' dir='ltr'><strong>in</strong></span> 
     </span>
    </p>
   </div>
   <div class='ocr_carea' id='block_1_72' title="bbox 1973 2447 3619 2521">
    <p class='ocr_par' dir='ltr' id='par_1_72' title="bbox 1973 2447 3619 2521">
     <span class='ocr_line' id='line_1_72' title="bbox 1973 2447 3619 2521; baseline 0.003 -19"><span class='ocrx_word' id='word_1_482' title='bbox 1973 2447 2045 2504; x_wconf 91' lang='lat' dir='ltr'><strong>iis</strong></span> <span class='ocrx_word' id='word_1_483' title='bbox 2077 2447 2476 2504; x_wconf 90' lang='lat' dir='ltr'><strong>discernendis</strong></span> <span class='ocrx_word' id='word_1_484' title='bbox 2510 2452 2684 2521; x_wconf 90' lang='lat' dir='ltr'><strong>atque</strong></span> <span class='ocrx_word' id='word_1_485' title='bbox 2731 2448 3045 2521; x_wconf 84' lang='lat' dir='ltr'><strong>diligendis</strong></span> <span class='ocrx_word' id='word_1_486' title='bbox 3094 2449 3511 2507; x_wconf 87' lang='lat' dir='ltr'><strong>adhibeamus:</strong></span> <span class='ocrx_word' id='word_1_487' title='bbox 3546 2467 3619 2507; x_wconf 91' lang='lat' dir='ltr'><strong>ne</strong></span> 
     </span>
    </p>
   </div>
   <div class='ocr_carea' id='block_1_73' title="bbox 1971 2535 3617 2612">
    <p class='ocr_par' dir='ltr' id='par_1_73' title="bbox 1971 2535 3617 2612">
     <span class='ocr_line' id='line_1_73' title="bbox 1971 2535 3617 2612; baseline 0.002 -21"><span class='ocrx_word' id='word_1_488' title='bbox 1971 2535 2058 2592; x_wconf 89' lang='lat' dir='ltr'><strong>vel</strong></span> <span class='ocrx_word' id='word_1_489' title='bbox 2091 2536 2329 2592; x_wconf 83' lang='lat' dir='ltr'><strong>confuse</strong></span> <span class='ocrx_word' id='word_1_490' title='bbox 2361 2536 2559 2592; x_wconf 89' lang='lat' dir='ltr'><strong>omnia</strong></span> <span class='ocrx_word' id='word_1_491' title='bbox 2597 2537 2970 2610; x_wconf 88' lang='lat' dir='ltr'><strong>misceamus,</strong></span> <span class='ocrx_word' id='word_1_492' title='bbox 3031 2537 3118 2593; x_wconf 88' lang='lat' dir='ltr'><strong>vel</strong></span> <span class='ocrx_word' id='word_1_493' title='bbox 3149 2538 3441 2596; x_wconf 87' lang='lat' dir='ltr'><strong>malitiose</strong></span> <span class='ocrx_word' id='word_1_494' title='bbox 3468 2556 3617 2612; x_wconf 60' lang='lat' dir='ltr'><strong>pra-</strong></span> 
     </span>
    </p>
   </div>
   <div class='ocr_carea' id='block_1_74' title="bbox 1974 2625 3612 2700">
    <p class='ocr_par' dir='ltr' id='par_1_74' title="bbox 1974 2625 3612 2700">
     <span class='ocr_line' id='line_1_74' title="bbox 1974 2625 3612 2700; baseline 0.002 -20"><span class='ocrx_word' id='word_1_495' title='bbox 1974 2630 2290 2681; x_wconf 88' lang='lat' dir='ltr'><strong>tereamus.</strong></span> <span class='ocrx_word' id='word_1_496' title='bbox 2323 2643 2451 2697; x_wconf 72' lang='lat' dir='ltr'><strong>quae</strong></span> <span class='ocrx_word' id='word_1_497' title='bbox 2479 2625 2696 2681; x_wconf 88' lang='lat' dir='ltr'><strong>imitari</strong></span> <span class='ocrx_word' id='word_1_498' title='bbox 2730 2643 2836 2682; x_wconf 92' lang='lat' dir='ltr'><strong>nos</strong></span> <span class='ocrx_word' id='word_1_499' title='bbox 2869 2633 3112 2699; x_wconf 78' lang='lat' dir='ltr'><strong>oportet;</strong></span> <span class='ocrx_word' id='word_1_500' title='bbox 3135 2627 3221 2682; x_wconf 85' lang='lat' dir='ltr'><strong>vel</strong></span> <span class='ocrx_word' id='word_1_501' title='bbox 3253 2628 3450 2697; x_wconf 88' lang='lat' dir='ltr'><strong>etiam,</strong></span> <span class='ocrx_word' id='word_1_502' title='bbox 3484 2645 3612 2700; x_wconf 76' lang='lat' dir='ltr'><strong>quae</strong></span> 
     </span>
    </p>
   </div>
   <div class='ocr_carea' id='block_1_75' title="bbox 1975 2714 3616 2790">
    <p class='ocr_par' dir='ltr' id='par_1_75' title="bbox 1975 2714 3616 2790">
     <span class='ocr_line' id='line_1_75' title="bbox 1975 2714 3616 2790; baseline 0.002 -21"><span class='ocrx_word' id='word_1_503' title='bbox 1975 2714 2112 2770; x_wconf 87' lang='lat' dir='ltr'><strong>huic</strong></span> <span class='ocrx_word' id='word_1_504' title='bbox 2143 2715 2298 2770; x_wconf 71' lang='lat' dir='ltr'><strong>aetati</strong></span> <span class='ocrx_word' id='word_1_505' title='bbox 2331 2732 2445 2770; x_wconf 92' lang='lat' dir='ltr'><strong>non</strong></span> <span class='ocrx_word' id='word_1_506' title='bbox 2479 2715 2847 2783; x_wconf 89' lang='lat' dir='ltr'><strong>conveniunt,</strong></span> <span class='ocrx_word' id='word_1_507' title='bbox 2892 2716 3350 2788; x_wconf 82' lang='lat' dir='ltr'><strong>intemperanter</strong></span> <span class='ocrx_word' id='word_1_508' title='bbox 3405 2733 3616 2790; x_wconf 87' lang='lat' dir='ltr'><strong>urgea-</strong></span> 
     </span>
    </p>
   </div>
   <div class='ocr_carea' id='block_1_76' title="bbox 1977 2803 3618 2878">
    <p class='ocr_par' dir='ltr' id='par_1_76' title="bbox 1977 2803 3618 2878">
     <span class='ocr_line' id='line_1_76' title="bbox 1977 2803 3618 2878; baseline 0.003 -22"><span class='ocrx_word' id='word_1_509' title='bbox 1977 2819 2130 2858; x_wconf 90' lang='lat' dir='ltr'><strong>mns.</strong></span> <span class='ocrx_word' id='word_1_510' title='bbox 2167 2803 2310 2858; x_wconf 90' lang='lat' dir='ltr'><strong>Cum</strong></span> <span class='ocrx_word' id='word_1_511' title='bbox 2334 2803 2473 2857; x_wconf 91' lang='lat' dir='ltr'><strong>olim</strong></span> <span class='ocrx_word' id='word_1_512' title='bbox 2497 2804 2566 2858; x_wconf 91' lang='lat' dir='ltr'><strong>de</strong></span> <span class='ocrx_word' id='word_1_513' title='bbox 2597 2803 2962 2858; x_wconf 88' lang='lat' dir='ltr'><strong>testamentis</strong></span> <span class='ocrx_word' id='word_1_514' title='bbox 2993 2810 3281 2876; x_wconf 86' lang='lat' dir='ltr'><strong>ageretur,</strong></span> <span class='ocrx_word' id='word_1_515' title='bbox 3314 2805 3406 2860; x_wconf 81' lang='lat' dir='ltr'><strong>lex</strong></span> <span class='ocrx_word' id='word_1_516' title='bbox 3453 2823 3618 2878; x_wconf 72' lang='lat' dir='ltr'><strong>quae-</strong></span> 
     </span>
    </p>
   </div>
   <div class='ocr_carea' id='block_1_77' title="bbox 1979 2892 3619 2965">
    <p class='ocr_par' dir='ltr' id='par_1_77' title="bbox 1979 2892 3619 2965">
     <span class='ocr_line' id='line_1_77' title="bbox 1979 2892 3619 2965; baseline 0.002 -18"><span class='ocrx_word' id='word_1_517' title='bbox 1979 2893 2114 2948; x_wconf 88' lang='lat' dir='ltr'><strong>dam</strong></span> <span class='ocrx_word' id='word_1_518' title='bbox 2147 2892 2332 2949; x_wconf 89' lang='lat' dir='ltr'><strong>civilis</strong></span> <span class='ocrx_word' id='word_1_519' title='bbox 2361 2893 2683 2965; x_wconf 88' lang='lat' dir='ltr'><strong>respondit,</strong></span> <span class='ocrx_word' id='word_1_520' title='bbox 2721 2915 2742 2944; x_wconf 78' lang='grc' dir='ltr'><strong><em>α</em></strong></span> <span class='ocrx_word' id='word_1_521' title='bbox 2779 2893 3152 2950; x_wconf 89' lang='lat' dir='ltr'><strong>retinendum</strong></span> <span class='ocrx_word' id='word_1_522' title='bbox 3208 2911 3337 2950; x_wconf 88' lang='lat' dir='ltr'><strong>esse</strong></span> <span class='ocrx_word' id='word_1_523' title='bbox 3395 2911 3619 2951; x_wconf 86' lang='lat' dir='ltr'><strong>morem</strong></span> 
     </span>
    </p>
   </div>
   <div class='ocr_carea' id='block_1_78' title="bbox 1981 2982 3618 3050">
    <p class='ocr_par' dir='ltr' id='par_1_78' title="bbox 1981 2982 3618 3050">
     <span class='ocr_line' id='line_1_78' title="bbox 1981 2982 3618 3050; baseline 0.004 -14"><span class='ocrx_word' id='word_1_524' title='bbox 1981 2982 2334 3038; x_wconf 64' lang='lat' dir='ltr'><strong>fidelissimae</strong></span> <span class='ocrx_word' id='word_1_525' title='bbox 2365 2982 2690 3039; x_wconf 88' lang='lat' dir='ltr'><strong>vetustatis.</strong></span> <span class='ocrx_word' id='word_1_526' title='bbox 2722 3004 2750 3032; x_wconf 84' lang='lat'>»</span> <span class='ocrx_word' id='word_1_527' title='bbox 2786 2984 2846 3039; x_wconf 94' lang='lat' dir='ltr'><strong>L.</strong></span> <span class='ocrx_word' id='word_1_528' title='bbox 2880 3000 3038 3050; x_wconf 78' lang='lat' dir='ltr'><strong>XVIII,</strong></span> <span class='ocrx_word' id='word_1_529' title='bbox 3097 2983 3239 3041; x_wconf 89' lang='lat' dir='ltr'><strong>Cod.</strong></span> <span class='ocrx_word' id='word_1_530' title='bbox 3288 2983 3354 3040; x_wconf 82' lang='lat' dir='ltr'><strong>de</strong></span> <span class='ocrx_word' id='word_1_531' title='bbox 3385 2986 3618 3042; x_wconf 85' lang='lat' dir='ltr'><strong>Testam.</strong></span> 
     </span>
    </p>
   </div>
   <div class='ocr_carea' id='block_1_79' title="bbox 1980 3071 3624 3146">
    <p class='ocr_par' dir='ltr' id='par_1_79' title="bbox 1980 3071 3624 3146">
     <span class='ocr_line' id='line_1_79' title="bbox 1980 3071 3624 3146; baseline 0.003 -20"><span class='ocrx_word' id='word_1_532' title='bbox 1980 3071 2243 3143; x_wconf 84' lang='lat' dir='ltr'><strong>Cumque</strong></span> <span class='ocrx_word' id='word_1_533' title='bbox 2274 3072 2344 3128; x_wconf 92' lang='lat' dir='ltr'><strong>de</strong></span> <span class='ocrx_word' id='word_1_534' title='bbox 2377 3071 2593 3127; x_wconf 83' lang='lat' dir='ltr'><strong>finibus</strong></span> <span class='ocrx_word' id='word_1_535' title='bbox 2626 3076 2682 3127; x_wconf 90' lang='lat' dir='ltr'><strong>et</strong></span> <span class='ocrx_word' id='word_1_536' title='bbox 2712 3073 2914 3128; x_wconf 90' lang='lat' dir='ltr'><strong>ordine</strong></span> <span class='ocrx_word' id='word_1_537' title='bbox 2945 3073 3386 3146; x_wconf 84' lang='lat' dir='ltr'><strong>gubernationis</strong></span> <span class='ocrx_word' id='word_1_538' title='bbox 3435 3074 3624 3132; x_wconf 81' lang='lat' dir='ltr'><strong>eccle-</strong></span> 
     </span>
    </p>
   </div>
   <div class='ocr_carea' id='block_1_80' title="bbox 1902 3142 3627 3233">
    <p class='ocr_par' dir='ltr' id='par_1_80' title="bbox 1902 3142 3627 3233">
     <span class='ocr_line' id='line_1_80' title="bbox 1902 3142 3627 3233; baseline 0.002 -16"><span class='ocrx_word' id='word_1_539' title='bbox 1902 3142 1945 3208; x_wconf 66' lang='grc' dir='ltr'><strong>ί]</strong></span> <span class='ocrx_word' id='word_1_540' title='bbox 1983 3161 2228 3218; x_wconf 68' lang='lat' dir='ltr'><strong>siasticae</strong></span> <span class='ocrx_word' id='word_1_541' title='bbox 2252 3165 2628 3233; x_wconf 73' lang='lat' dir='ltr'><strong>quaereretur,</strong></span> <span class='ocrx_word' id='word_1_542' title='bbox 2662 3163 2861 3218; x_wconf 89' lang='lat' dir='ltr'><strong>audita</strong></span> <span class='ocrx_word' id='word_1_543' title='bbox 2891 3142 3206 3219; x_wconf 53' lang='lat' dir='ltr'><strong>in—Nicaeno</strong></span> <span class='ocrx_word' id='word_1_544' title='bbox 3260 3163 3506 3220; x_wconf 91' lang='lat' dir='ltr'><strong>concilio</strong></span> <span class='ocrx_word' id='word_1_545' title='bbox 3537 3168 3627 3222; x_wconf 89' lang='lat' dir='ltr'><strong>est</strong></span> 
     </span>
    </p>
   </div>
   <div class='ocr_carea' id='block_1_81' title="bbox 1981 3251 3625 3309">
    <p class='ocr_par' dir='ltr' id='par_1_81' title="bbox 1981 3251 3625 3309">
     <span class='ocr_line' id='line_1_81' title="bbox 1981 3251 3625 3309; baseline 0.002 -4"><span class='ocrx_word' id='word_1_546' title='bbox 1981 3251 2083 3306; x_wconf 90' lang='lat' dir='ltr'><strong>illa</strong></span> <span class='ocrx_word' id='word_1_547' title='bbox 2113 3267 2256 3306; x_wconf 86' lang='lat' dir='ltr'><strong>vox:</strong></span> <span class='ocrx_word' id='word_1_548' title='bbox 2311 3254 2397 3305; x_wconf 86' lang='lat' dir='ltr'><strong>TA</strong></span> <span class='ocrx_word' id='word_1_549' title='bbox 2457 3253 2713 3306; x_wconf 79' lang='grc' dir='ltr'><strong>ΔΡΧΑΙΑ</strong></span> <span class='ocrx_word' id='word_1_550' title='bbox 2761 3252 2896 3306; x_wconf 85' lang='grc' dir='ltr'><strong>ΕΘΗ</strong></span> <span class='ocrx_word' id='word_1_551' title='bbox 2931 3256 3302 3308; x_wconf 82' lang='grc' dir='ltr'><strong>ΚΡΑΤΕΙΤΩ..</strong></span> <span class='ocrx_word' id='word_1_552' title='bbox 3335 3253 3508 3309; x_wconf 89' lang='lat' dir='ltr'><strong>Nulla</strong></span> <span class='ocrx_word' id='word_1_553' title='bbox 3536 3258 3625 3309; x_wconf 88' lang='lat' dir='ltr'><strong>ta-</strong></span> 
     </span>
    </p>
   </div>
   <div class='ocr_carea' id='block_1_82' title="bbox 1984 3340 3624 3414">
    <p class='ocr_par' dir='ltr' id='par_1_82' title="bbox 1984 3340 3624 3414">
     <span class='ocr_line' id='line_1_82' title="bbox 1984 3340 3624 3414; baseline 0.002 -20"><span class='ocrx_word' id='word_1_554' title='bbox 1984 3355 2116 3394; x_wconf 91' lang='lat' dir='ltr'><strong>men</strong></span> <span class='ocrx_word' id='word_1_555' title='bbox 2152 3340 2260 3394; x_wconf 82' lang='lat' dir='ltr'><strong>l‘uit</strong></span> <span class='ocrx_word' id='word_1_556' title='bbox 2318 3341 2679 3410; x_wconf 87' lang='lat' dir='ltr'><strong>superstitio,</strong></span> <span class='ocrx_word' id='word_1_557' title='bbox 2739 3358 2864 3412; x_wconf 68' lang='lat' dir='ltr'><strong>quae</strong></span> <span class='ocrx_word' id='word_1_558' title='bbox 2934 3341 3392 3412; x_wconf 86' lang='lat' dir='ltr'><strong>intemperanter</strong></span> <span class='ocrx_word' id='word_1_559' title='bbox 3447 3347 3624 3414; x_wconf 88' lang='lat' dir='ltr'><strong>atque</strong></span> 
     </span>
    </p>
   </div>
   <div class='ocr_carea' id='block_1_83' title="bbox 1982 3430 3629 3504">
    <p class='ocr_par' dir='ltr' id='par_1_83' title="bbox 1982 3430 3629 3504">
     <span class='ocr_line' id='line_1_83' title="bbox 1982 3430 3629 3504; baseline 0.001 -20"><span class='ocrx_word' id='word_1_560' title='bbox 1982 3430 2334 3500; x_wconf 89' lang='lat' dir='ltr'><strong>impotenter</strong></span> <span class='ocrx_word' id='word_1_561' title='bbox 2362 3433 2616 3500; x_wconf 89' lang='lat' dir='ltr'><strong>urgeret,</strong></span> <span class='ocrx_word' id='word_1_562' title='bbox 2651 3431 2805 3500; x_wconf 92' lang='lat' dir='ltr'><strong>quod</strong></span> <span class='ocrx_word' id='word_1_563' title='bbox 2853 3430 3181 3501; x_wconf 64' lang='lat' dir='ltr'><strong>reipublicae</strong></span> <span class='ocrx_word' id='word_1_564' title='bbox 3241 3430 3403 3487; x_wconf 88' lang='lat' dir='ltr'><strong>salus</strong></span> <span class='ocrx_word' id='word_1_565' title='bbox 3460 3447 3629 3504; x_wconf 89' lang='lat' dir='ltr'><strong>repu-</strong></span> 
     </span>
    </p>
   </div>
   <div class='ocr_carea' id='block_1_84' title="bbox 1982 3518 3628 3593">
    <p class='ocr_par' dir='ltr' id='par_1_84' title="bbox 1982 3518 3628 3593">
     <span class='ocr_line' id='line_1_84' title="bbox 1982 3518 3628 3593; baseline 0.002 -20"><span class='ocrx_word' id='word_1_566' title='bbox 1982 3519 2188 3573; x_wconf 88' lang='lat' dir='ltr'><strong>diaret.</strong></span> <span class='ocrx_word' id='word_1_567' title='bbox 2227 3518 2291 3572; x_wconf 89' lang='lat' dir='ltr'><strong>Et</strong></span> <span class='ocrx_word' id='word_1_568' title='bbox 2324 3522 2388 3572; x_wconf 88' lang='lat' dir='ltr'><strong>ut</strong></span> <span class='ocrx_word' id='word_1_569' title='bbox 2419 3519 2714 3590; x_wconf 88' lang='lat' dir='ltr'><strong>sapientes</strong></span> <span class='ocrx_word' id='word_1_570' title='bbox 2735 3518 3168 3589; x_wconf 87' lang='lat' dir='ltr'><strong>jurisconsulti,</strong></span> <span class='ocrx_word' id='word_1_571' title='bbox 3202 3520 3299 3574; x_wconf 92' lang='lat' dir='ltr'><strong>ubi</strong></span> <span class='ocrx_word' id='word_1_572' title='bbox 3332 3521 3404 3576; x_wconf 91' lang='lat' dir='ltr'><strong>de</strong></span> <span class='ocrx_word' id='word_1_573' title='bbox 3442 3519 3628 3593; x_wconf 86' lang='lat' dir='ltr'><strong>magi-</strong></span> 
     </span>
    </p>
   </div>
   <div class='ocr_carea' id='block_1_85' title="bbox 1984 3606 3632 3680">
    <p class='ocr_par' dir='ltr' id='par_1_85' title="bbox 1984 3606 3632 3680">
     <span class='ocr_line' id='line_1_85' title="bbox 1984 3606 3632 3680; baseline 0.003 -20"><span class='ocrx_word' id='word_1_574' title='bbox 1984 3611 2274 3661; x_wconf 86' lang='lat' dir='ltr'><strong>stratuum</strong></span> <span class='ocrx_word' id='word_1_575' title='bbox 2291 3609 2426 3678; x_wconf 91' lang='lat' dir='ltr'><strong>jure</strong></span> <span class='ocrx_word' id='word_1_576' title='bbox 2449 3623 2527 3678; x_wconf 91' lang='lat' dir='ltr'><strong>qu</strong></span> <span class='ocrx_word' id='word_1_577' title='bbox 2541 3606 2702 3662; x_wconf 83' lang='lat' dir='ltr'><strong>aestio</strong></span> <span class='ocrx_word' id='word_1_578' title='bbox 2727 3607 3157 3679; x_wconf 85' lang='lat' dir='ltr'><strong>esset,graviter</strong></span> <span class='ocrx_word' id='word_1_579' title='bbox 3182 3610 3632 3680; x_wconf 89' lang='lat' dir='ltr'><strong>respondebant,</strong></span> 
     </span>
    </p>
   </div>
   <div class='ocr_carea' id='block_1_86' title="bbox 1982 3695 3635 3767">
    <p class='ocr_par' dir='ltr' id='par_1_86' title="bbox 1982 3695 3635 3767">
     <span class='ocr_line' id='line_1_86' title="bbox 1982 3695 3635 3767; baseline 0.002 -16"><span class='ocrx_word' id='word_1_580' title='bbox 1982 3713 2096 3751; x_wconf 90' lang='lat' dir='ltr'><strong>non</strong></span> <span class='ocrx_word' id='word_1_581' title='bbox 2131 3695 2317 3751; x_wconf 89' lang='lat' dir='ltr'><strong>solum</strong></span> <span class='ocrx_word' id='word_1_582' title='bbox 2353 3696 2740 3766; x_wconf 89' lang='lat' dir='ltr'><strong>spectandum</strong></span> <span class='ocrx_word' id='word_1_583' title='bbox 2765 3696 3059 3767; x_wconf 89' lang='lat' dir='ltr'><strong>esse,quid</strong></span> <span class='ocrx_word' id='word_1_584' title='bbox 3101 3696 3293 3752; x_wconf 79' lang='lat' dir='ltr'><strong>Romae</strong></span> <span class='ocrx_word' id='word_1_585' title='bbox 3318 3699 3533 3753; x_wconf 84' lang='lat' dir='ltr'><strong>factum</strong></span> <span class='ocrx_word' id='word_1_586' title='bbox 3556 3699 3635 3754; x_wconf 91' lang='lat' dir='ltr'><strong>sit</strong></span> 
     </span>
    </p>
   </div>
   <div class='ocr_carea' id='block_1_87' title="bbox 1985 3784 3630 3857">
    <p class='ocr_par' dir='ltr' id='par_1_87' title="bbox 1985 3784 3630 3857">
     <span class='ocr_line' id='line_1_87' title="bbox 1985 3784 3630 3857; baseline 0.002 -18"><span class='ocrx_word' id='word_1_587' title='bbox 1985 3785 2081 3839; x_wconf 92' lang='lat' dir='ltr'><strong>sed</strong></span> <span class='ocrx_word' id='word_1_588' title='bbox 2115 3784 2290 3840; x_wconf 84' lang='lat' dir='ltr'><strong>etiam</strong></span> <span class='ocrx_word' id='word_1_589' title='bbox 2342 3785 2480 3856; x_wconf 88' lang='lat' dir='ltr'><strong>quid</strong></span> <span class='ocrx_word' id='word_1_590' title='bbox 2540 3784 2662 3839; x_wconf 87' lang='lat' dir='ltr'><strong>lieri</strong></span> <span class='ocrx_word' id='word_1_591' title='bbox 2723 3786 2928 3840; x_wconf 80' lang='lat' dir='ltr'><strong>debeat</strong></span> <span class='ocrx_word' id='word_1_592' title='bbox 2967 3787 3134 3857; x_wconf 80' lang='lat' dir='ltr'><strong>(Lege</strong></span> <span class='ocrx_word' id='word_1_593' title='bbox 3192 3787 3538 3844; x_wconf 88' lang='lat' dir='ltr'><strong>duodecima</strong></span> <span class='ocrx_word' id='word_1_594' title='bbox 3567 3787 3630 3843; x_wconf 84' lang='lat' dir='ltr'><strong>de</strong></span> 
     </span>
    </p>
   </div>
   <div class='ocr_carea' id='block_1_88' title="bbox 1985 3874 3625 3947">
    <p class='ocr_par' dir='ltr' id='par_1_88' title="bbox 1985 3874 3625 3947">
     <span class='ocr_line' id='line_1_88' title="bbox 1985 3874 3625 3947; baseline 0.002 -18"><span class='ocrx_word' id='word_1_595' title='bbox 1985 3874 2109 3945; x_wconf 80' lang='lat' dir='ltr'><strong>Ofﬁ.</strong></span> <span class='ocrx_word' id='word_1_596' title='bbox 2147 3875 2360 3946; x_wconf 70' lang='lat' dir='ltr'><strong>Przes.),</strong></span> <span class='ocrx_word' id='word_1_597' title='bbox 2395 3874 2477 3929; x_wconf 91' lang='lat' dir='ltr'><strong>sic</strong></span> <span class='ocrx_word' id='word_1_598' title='bbox 2501 3874 2674 3929; x_wconf 87' lang='lat' dir='ltr'><strong>etiam</strong></span> <span class='ocrx_word' id='word_1_599' title='bbox 2699 3879 2959 3946; x_wconf 88' lang='lat' dir='ltr'><strong>spectare</strong></span> <span class='ocrx_word' id='word_1_600' title='bbox 2980 3875 3402 3947; x_wconf 84' lang='lat' dir='ltr'><strong>debemus,non</strong></span> <span class='ocrx_word' id='word_1_601' title='bbox 3435 3876 3625 3932; x_wconf 89' lang='lat' dir='ltr'><strong>solum</strong></span> 
     </span>
    </p>
   </div>
   <div class='ocr_carea' id='block_1_89' title="bbox 1984 3962 3624 4037">
    <p class='ocr_par' dir='ltr' id='par_1_89' title="bbox 1984 3962 3624 4037">
     <span class='ocr_line' id='line_1_89' title="bbox 1984 3962 3624 4037; baseline 0.002 -20"><span class='ocrx_word' id='word_1_602' title='bbox 1984 3962 2122 4034; x_wconf 87' lang='lat' dir='ltr'><strong>quid</strong></span> <span class='ocrx_word' id='word_1_603' title='bbox 2158 3964 2409 4034; x_wconf 87' lang='lat' dir='ltr'><strong>majores</strong></span> <span class='ocrx_word' id='word_1_604' title='bbox 2442 3964 2621 4018; x_wconf 91' lang='lat' dir='ltr'><strong>nostri</strong></span> <span class='ocrx_word' id='word_1_605' title='bbox 2660 3963 2920 4027; x_wconf 90' lang='lat' dir='ltr'><strong>fecerint,</strong></span> <span class='ocrx_word' id='word_1_606' title='bbox 2956 3965 3053 4019; x_wconf 88' lang='lat' dir='ltr'><strong>sed</strong></span> <span class='ocrx_word' id='word_1_607' title='bbox 3086 3969 3142 4019; x_wconf 89' lang='lat' dir='ltr'><strong>et</strong></span> <span class='ocrx_word' id='word_1_608' title='bbox 3181 3981 3295 4037; x_wconf 91' lang='lat' dir='ltr'><strong>quo</strong></span> <span class='ocrx_word' id='word_1_609' title='bbox 3341 3970 3624 4037; x_wconf 89' lang='lat' dir='ltr'><strong>tempore,</strong></span> 
     </span>
    </p>
   </div>
   <div class='ocr_carea' id='block_1_90' title="bbox 1983 4051 3630 4125">
    <p class='ocr_par' dir='ltr' id='par_1_90' title="bbox 1983 4051 3630 4125">
     <span class='ocr_line' id='line_1_90' title="bbox 1983 4051 3630 4125; baseline 0.004 -23"><span class='ocrx_word' id='word_1_610' title='bbox 1983 4067 2167 4122; x_wconf 76' lang='lat' dir='ltr'><strong>quave</strong></span> <span class='ocrx_word' id='word_1_611' title='bbox 2197 4051 2549 4118; x_wconf 91' lang='lat' dir='ltr'><strong>conditione,</strong></span> <span class='ocrx_word' id='word_1_612' title='bbox 2582 4055 2683 4106; x_wconf 90' lang='lat' dir='ltr'><strong>aut</strong></span> <span class='ocrx_word' id='word_1_613' title='bbox 2715 4052 2870 4123; x_wconf 87' lang='lat' dir='ltr'><strong>quali</strong></span> <span class='ocrx_word' id='word_1_614' title='bbox 2902 4054 3052 4108; x_wconf 81' lang='lat' dir='ltr'><strong>fine:</strong></span> <span class='ocrx_word' id='word_1_615' title='bbox 3089 4071 3279 4125; x_wconf 86' lang='lat' dir='ltr'><strong>neque</strong></span> <span class='ocrx_word' id='word_1_616' title='bbox 3329 4071 3442 4109; x_wconf 88' lang='lat' dir='ltr'><strong>non</strong></span> <span class='ocrx_word' id='word_1_617' title='bbox 3503 4069 3630 4109; x_wconf 90' lang='lat' dir='ltr'><strong>me-</strong></span> 
     </span>
    </p>
   </div>
   <div class='ocr_carea' id='block_1_91' title="bbox 1985 4139 3628 4214">
    <p class='ocr_par' dir='ltr' id='par_1_91' title="bbox 1985 4139 3628 4214">
     <span class='ocr_line' id='line_1_91' title="bbox 1985 4139 3628 4214; baseline 0.001 -18"><span class='ocrx_word' id='word_1_618' title='bbox 1985 4139 2229 4196; x_wconf 89' lang='lat' dir='ltr'><strong>minisse</strong></span> <span class='ocrx_word' id='word_1_619' title='bbox 2260 4157 2491 4212; x_wconf 90' lang='lat' dir='ltr'><strong>quoque</strong></span> <span class='ocrx_word' id='word_1_620' title='bbox 2516 4144 2763 4213; x_wconf 90' lang='lat' dir='ltr'><strong>oportet,</strong></span> <span class='ocrx_word' id='word_1_621' title='bbox 2792 4142 2944 4213; x_wconf 89' lang='lat' dir='ltr'><strong>quod</strong></span> <span class='ocrx_word' id='word_1_622' title='bbox 2976 4141 3067 4197; x_wconf 86' lang='lat' dir='ltr'><strong>lex</strong></span> <span class='ocrx_word' id='word_1_623' title='bbox 3099 4143 3362 4214; x_wconf 83' lang='lat' dir='ltr'><strong>quaedam</strong></span> <span class='ocrx_word' id='word_1_624' title='bbox 3408 4145 3628 4209; x_wconf 91' lang='lat' dir='ltr'><strong>monet,</strong></span> 
     </span>
    </p>
   </div>
   <div class='ocr_carea' id='block_1_92' title="bbox 1983 4229 3629 4302">
    <p class='ocr_par' dir='ltr' id='par_1_92' title="bbox 1983 4229 3629 4302">
     <span class='ocr_line' id='line_1_92' title="bbox 1983 4229 3629 4302; baseline 0.001 -18"><span class='ocrx_word' id='word_1_625' title='bbox 1983 4247 2099 4284; x_wconf 89' lang='lat' dir='ltr'><strong>non</strong></span> <span class='ocrx_word' id='word_1_626' title='bbox 2131 4233 2251 4284; x_wconf 91' lang='lat' dir='ltr'><strong>tam</strong></span> <span class='ocrx_word' id='word_1_627' title='bbox 2285 4229 2567 4301; x_wconf 84' lang='lat' dir='ltr'><strong>exemplis</strong></span> <span class='ocrx_word' id='word_1_628' title='bbox 2598 4247 2772 4301; x_wconf 89' lang='lat' dir='ltr'><strong>quam</strong></span> <span class='ocrx_word' id='word_1_629' title='bbox 2807 4230 3036 4302; x_wconf 92' lang='lat' dir='ltr'><strong>legibus</strong></span> <span class='ocrx_word' id='word_1_630' title='bbox 3061 4231 3448 4300; x_wconf 90' lang='lat' dir='ltr'><strong>judicandum</strong></span> <span class='ocrx_word' id='word_1_631' title='bbox 3479 4247 3629 4298; x_wconf 89' lang='lat' dir='ltr'><strong>esse,</strong></span> 
     </span>
    </p>
   </div>
   <div class='ocr_carea' id='block_1_93' title="bbox 1987 4318 3634 4391">
    <p class='ocr_par' dir='ltr' id='par_1_93' title="bbox 1987 4318 3634 4391">
     <span class='ocr_line' id='line_1_93' title="bbox 1987 4318 3634 4391; baseline 0.001 -17"><span class='ocrx_word' id='word_1_632' title='bbox 1987 4320 2136 4391; x_wconf 88' lang='lat' dir='ltr'><strong>Ergo</strong></span> <span class='ocrx_word' id='word_1_633' title='bbox 2169 4319 2315 4374; x_wconf 86' lang='lat' dir='ltr'><strong>facio</strong></span> <span class='ocrx_word' id='word_1_634' title='bbox 2348 4318 2739 4390; x_wconf 88' lang='lat' dir='ltr'><strong>perlubenter,</strong></span> <span class='ocrx_word' id='word_1_635' title='bbox 2792 4324 2856 4374; x_wconf 87' lang='lat' dir='ltr'><strong>ut</strong></span> <span class='ocrx_word' id='word_1_636' title='bbox 2905 4323 2961 4375; x_wconf 90' lang='lat' dir='ltr'><strong>et</strong></span> <span class='ocrx_word' id='word_1_637' title='bbox 3010 4320 3544 4390; x_wconf 87' lang='lat' dir='ltr'><strong>jurisprudentiam</strong></span> <span class='ocrx_word' id='word_1_638' title='bbox 3576 4323 3634 4375; x_wconf 90' lang='lat' dir='ltr'><strong>et</strong></span> 
     </span>
    </p>
   </div>
   <div class='ocr_carea' id='block_1_94' title="bbox 1986 4406 3637 4476">
    <p class='ocr_par' dir='ltr' id='par_1_94' title="bbox 1986 4406 3637 4476">
     <span class='ocr_line' id='line_1_94' title="bbox 1986 4406 3637 4476; baseline 0.001 -15"><span class='ocrx_word' id='word_1_639' title='bbox 1986 4406 2292 4462; x_wconf 88' lang='lat' dir='ltr'><strong>historiam</strong></span> <span class='ocrx_word' id='word_1_640' title='bbox 2327 4408 2688 4476; x_wconf 73' lang='lat' dir='ltr'><strong>conjunctim</strong></span> <span class='ocrx_word' id='word_1_641' title='bbox 2724 4411 2826 4461; x_wconf 88' lang='lat' dir='ltr'><strong>aut</strong></span> <span class='ocrx_word' id='word_1_642' title='bbox 2855 4407 3066 4474; x_wconf 88' lang='lat' dir='ltr'><strong>colam,</strong></span> <span class='ocrx_word' id='word_1_643' title='bbox 3097 4412 3198 4462; x_wconf 89' lang='lat' dir='ltr'><strong>aut</strong></span> <span class='ocrx_word' id='word_1_644' title='bbox 3224 4408 3428 4463; x_wconf 87' lang='lat' dir='ltr'><strong>saltem</strong></span> <span class='ocrx_word' id='word_1_645' title='bbox 3449 4406 3637 4463; x_wconf 89' lang='lat' dir='ltr'><strong>colen-</strong></span> 
     </span>
    </p>
   </div>
   <div class='ocr_carea' id='block_1_95' title="bbox 224 4493 3635 4579">
    <p class='ocr_par' dir='ltr' id='par_1_95' title="bbox 224 4493 3635 4579">
     <span class='ocr_line' id='line_1_95' title="bbox 224 4493 3635 4579; baseline -0.001 -25"><span class='ocrx_word' id='word_1_646' title='bbox 224 4499 494 4572; x_wconf 80' lang='lat' dir='ltr'><strong>reliquiis</strong></span> <span class='ocrx_word' id='word_1_647' title='bbox 526 4515 762 4570; x_wconf 89' lang='lat' dir='ltr'><strong>operam</strong></span> <span class='ocrx_word' id='word_1_648' title='bbox 791 4498 1038 4552; x_wconf 88' lang='lat' dir='ltr'><strong>demus:</strong></span> <span class='ocrx_word' id='word_1_649' title='bbox 1071 4500 1127 4552; x_wconf 92' lang='lat' dir='ltr'><strong>et</strong></span> <span class='ocrx_word' id='word_1_650' title='bbox 1147 4495 1338 4550; x_wconf 91' lang='lat' dir='ltr'><strong>simus</strong></span> <span class='ocrx_word' id='word_1_651' title='bbox 1360 4493 1673 4566; x_wconf 89' lang='lat' dir='ltr'><strong>aliquando</strong></span> <span class='ocrx_word' id='word_1_652' title='bbox 1698 4494 1876 4548; x_wconf 58' lang='lat' dir='ltr'><strong>docta</strong></span> <span class='ocrx_word' id='word_1_653' title='bbox 1909 4515 1954 4579; x_wconf 84' lang='lat' dir='ltr'><strong>D</strong></span> <span class='ocrx_word' id='word_1_654' title='bbox 1990 4497 2124 4552; x_wconf 87' lang='lat' dir='ltr'><strong>dam</strong></span> <span class='ocrx_word' id='word_1_655' title='bbox 2158 4511 2285 4550; x_wconf 81' lang='lat' dir='ltr'><strong>esse</strong></span> <span class='ocrx_word' id='word_1_656' title='bbox 2313 4513 2464 4567; x_wconf 86' lang='lat' dir='ltr'><strong>saepe</strong></span> <span class='ocrx_word' id='word_1_657' title='bbox 2494 4497 2802 4566; x_wconf 85' lang='lat' dir='ltr'><strong>proﬁtear:</strong></span> <span class='ocrx_word' id='word_1_658' title='bbox 2841 4500 2897 4550; x_wconf 91' lang='lat' dir='ltr'><strong>et</strong></span> <span class='ocrx_word' id='word_1_659' title='bbox 2929 4496 3165 4566; x_wconf 90' lang='lat' dir='ltr'><strong>quidem</strong></span> <span class='ocrx_word' id='word_1_660' title='bbox 3230 4502 3543 4568; x_wconf 87' lang='lat' dir='ltr'><strong>utramque</strong></span> <span class='ocrx_word' id='word_1_661' title='bbox 3573 4497 3635 4551; x_wconf 91' lang='lat' dir='ltr'><strong>in</strong></span> 
     </span>
    </p>
   </div>
   <div class='ocr_carea' id='block_1_96' title="bbox 220 4581 1880 4660">
    <p class='ocr_par' dir='ltr' id='par_1_96' title="bbox 220 4581 1880 4660">
     <span class='ocr_line' id='line_1_96' title="bbox 220 4581 1880 4660; baseline -0.005 -17"><span class='ocrx_word' id='word_1_662' title='bbox 220 4588 602 4660; x_wconf 82' lang='lat' dir='ltr'><strong>antiquitatis</strong></span> <span class='ocrx_word' id='word_1_663' title='bbox 635 4587 1044 4659; x_wconf 86' lang='lat' dir='ltr'><strong>potius,quam</strong></span> <span class='ocrx_word' id='word_1_664' title='bbox 1071 4585 1262 4640; x_wconf 90' lang='lat' dir='ltr'><strong>inanis</strong></span> <span class='ocrx_word' id='word_1_665' title='bbox 1286 4583 1560 4639; x_wconf 87' lang='lat' dir='ltr'><strong>novitatis</strong></span> <span class='ocrx_word' id='word_1_666' title='bbox 1590 4581 1836 4638; x_wconf 90' lang='lat' dir='ltr'><strong>studiosi</strong></span> <span class='ocrx_word' id='word_1_667' title='bbox 1861 4600 1880 4636; x_wconf 89' lang='lat'><strong>:</strong></span> 
     </span>
    </p>
   </div>
   <div class='ocr_carea' id='block_1_97' title="bbox 219 4673 1884 4748">
    <p class='ocr_par' dir='ltr' id='par_1_97' title="bbox 219 4673 1884 4748">
     <span class='ocr_line' id='line_1_97' title="bbox 219 4673 1884 4748; baseline -0.005 -15"><span class='ocrx_word' id='word_1_668' title='bbox 219 4681 644 4748; x_wconf 82' lang='lat' dir='ltr'><strong>majorumque</strong></span> <span class='ocrx_word' id='word_1_669' title='bbox 673 4683 1009 4733; x_wconf 90' lang='lat' dir='ltr'><strong>nostrorum</strong></span> <span class='ocrx_word' id='word_1_670' title='bbox 1041 4675 1327 4747; x_wconf 90' lang='lat' dir='ltr'><strong>imagines</strong></span> <span class='ocrx_word' id='word_1_671' title='bbox 1361 4678 1418 4728; x_wconf 89' lang='lat' dir='ltr'><strong>et</strong></span> <span class='ocrx_word' id='word_1_672' title='bbox 1450 4673 1804 4741; x_wconf 88' lang='lat' dir='ltr'><strong>intueamur,</strong></span> <span class='ocrx_word' id='word_1_673' title='bbox 1827 4673 1884 4725; x_wconf 92' lang='lat' dir='ltr'><strong>et</strong></span> 
     </span>
    </p>
   </div>
   <div class='ocr_carea' id='block_1_98' title="bbox 220 4763 1882 4834">
    <p class='ocr_par' dir='ltr' id='par_1_98' title="bbox 220 4763 1882 4834">
     <span class='ocr_line' id='line_1_98' title="bbox 220 4763 1882 4834; baseline -0.005 -13"><span class='ocrx_word' id='word_1_674' title='bbox 220 4767 380 4834; x_wconf 78' lang='lat' dir='ltr'><strong>aliis,</strong></span> <span class='ocrx_word' id='word_1_675' title='bbox 424 4783 494 4821; x_wconf 92' lang='lat' dir='ltr'><strong>ne</strong></span> <span class='ocrx_word' id='word_1_676' title='bbox 529 4766 660 4821; x_wconf 86' lang='lat' dir='ltr'><strong>novi</strong></span> <span class='ocrx_word' id='word_1_677' title='bbox 693 4766 962 4820; x_wconf 89' lang='lat' dir='ltr'><strong>homines</strong></span> <span class='ocrx_word' id='word_1_678' title='bbox 995 4781 1122 4820; x_wconf 91' lang='lat' dir='ltr'><strong>esse</strong></span> <span class='ocrx_word' id='word_1_679' title='bbox 1153 4765 1298 4818; x_wconf 86' lang='lat' dir='ltr'><strong>forte</strong></span> <span class='ocrx_word' id='word_1_680' title='bbox 1328 4763 1655 4829; x_wconf 86' lang='lat' dir='ltr'><strong>videamur,</strong></span> <span class='ocrx_word' id='word_1_681' title='bbox 1688 4764 1882 4815; x_wconf 91' lang='lat' dir='ltr'><strong>osten-</strong></span> 
     </span>
    </p>
   </div>
   <div class='ocr_carea' id='block_1_99' title="bbox 211 4847 1884 4926">
    <p class='ocr_par' dir='ltr' id='par_1_99' title="bbox 211 4847 1884 4926">
     <span class='ocr_line' id='line_1_99' title="bbox 211 4847 1884 4926; baseline -0.006 -15"><span class='ocrx_word' id='word_1_682' title='bbox 211 4863 340 4911; x_wconf 84' lang='lat' dir='ltr'><strong>tem</strong></span> <span class='ocrx_word' id='word_1_683' title='bbox 353 4873 449 4910; x_wconf 90' lang='lat' dir='ltr'><strong>us.</strong></span> <span class='ocrx_word' id='word_1_684' title='bbox 485 4859 683 4926; x_wconf 84' lang='lat' dir='ltr'><strong>Neque</strong></span> <span class='ocrx_word' id='word_1_685' title='bbox 704 4858 990 4922; x_wconf 89' lang='lat' dir='ltr'><strong>tamen,et</strong></span> <span class='ocrx_word' id='word_1_686' title='bbox 1012 4853 1059 4908; x_wconf 90' lang='lat' dir='ltr'><strong>si</strong></span> <span class='ocrx_word' id='word_1_687' title='bbox 1084 4853 1285 4908; x_wconf 89' lang='lat' dir='ltr'><strong>eadem</strong></span> <span class='ocrx_word' id='word_1_688' title='bbox 1309 4867 1509 4907; x_wconf 88' lang='lat' dir='ltr'><strong>eorum</strong></span> <span class='ocrx_word' id='word_1_689' title='bbox 1533 4849 1735 4922; x_wconf 88' lang='lat' dir='ltr'><strong>religio</strong></span> <span class='ocrx_word' id='word_1_690' title='bbox 1759 4847 1884 4903; x_wconf 90' lang='lat' dir='ltr'><strong>ani-</strong></span> 
     </span>
    </p>
   </div>
   <div class='ocr_carea' id='block_1_100' title="bbox 216 4937 1884 5015">
    <p class='ocr_par' dir='ltr' id='par_1_100' title="bbox 216 4937 1884 5015">
     <span class='ocr_line' id='line_1_100' title="bbox 216 4937 1884 5015; baseline -0.005 -14"><span class='ocrx_word' id='word_1_691' title='bbox 216 4961 489 5015; x_wconf 86' lang='lat' dir='ltr'><strong>musque</strong></span> <span class='ocrx_word' id='word_1_692' title='bbox 519 4945 673 4998; x_wconf 91' lang='lat' dir='ltr'><strong>idem</strong></span> <span class='ocrx_word' id='word_1_693' title='bbox 707 4944 901 5012; x_wconf 88' lang='lat' dir='ltr'><strong>fuerit,</strong></span> <span class='ocrx_word' id='word_1_694' title='bbox 934 4943 1137 4999; x_wconf 89' lang='lat' dir='ltr'><strong>eadem</strong></span> <span class='ocrx_word' id='word_1_695' title='bbox 1172 4957 1406 5012; x_wconf 90' lang='lat' dir='ltr'><strong>quoque</strong></span> <span class='ocrx_word' id='word_1_696' title='bbox 1441 4957 1672 5011; x_wconf 87' lang='lat' dir='ltr'><strong>semper</strong></span> <span class='ocrx_word' id='word_1_697' title='bbox 1710 4937 1884 4994; x_wconf 89' lang='lat' dir='ltr'><strong>facies</strong></span> 
     </span>
    </p>
   </div>
   <div class='ocr_carea' id='block_1_101' title="bbox 212 5028 1888 5102">
    <p class='ocr_par' dir='ltr' id='par_1_101' title="bbox 212 5028 1888 5102">
     <span class='ocr_line' id='line_1_101' title="bbox 212 5028 1888 5102; baseline -0.005 -12"><span class='ocrx_word' id='word_1_698' title='bbox 212 5036 369 5100; x_wconf 83' lang='lat' dir='ltr'><strong>fuit,</strong></span> <span class='ocrx_word' id='word_1_699' title='bbox 407 5033 623 5088; x_wconf 87' lang='lat' dir='ltr'><strong>idemve</strong></span> <span class='ocrx_word' id='word_1_700' title='bbox 675 5038 882 5088; x_wconf 89' lang='lat' dir='ltr'><strong>status.</strong></span> <span class='ocrx_word' id='word_1_701' title='bbox 925 5033 1048 5087; x_wconf 87' lang='lat' dir='ltr'><strong>Non</strong></span> <span class='ocrx_word' id='word_1_702' title='bbox 1097 5031 1250 5086; x_wconf 90' lang='lat' dir='ltr'><strong>enim</strong></span> <span class='ocrx_word' id='word_1_703' title='bbox 1274 5047 1500 5102; x_wconf 90' lang='lat' dir='ltr'><strong>semper</strong></span> <span class='ocrx_word' id='word_1_704' title='bbox 1524 5029 1707 5084; x_wconf 89' lang='lat' dir='ltr'><strong>vexati</strong></span> <span class='ocrx_word' id='word_1_705' title='bbox 1732 5028 1888 5098; x_wconf 90' lang='lat' dir='ltr'><strong>abje-</strong></span> 
     </span>
    </p>
   </div>
   <div class='ocr_carea' id='block_1_102' title="bbox 217 5117 1884 5193">
    <p class='ocr_par' dir='ltr' id='par_1_102' title="bbox 217 5117 1884 5193">
     <span class='ocr_line' id='line_1_102' title="bbox 217 5117 1884 5193; baseline -0.004 -15"><span class='ocrx_word' id='word_1_706' title='bbox 217 5126 435 5193; x_wconf 86' lang='lat' dir='ltr'><strong>ctique</strong></span> <span class='ocrx_word' id='word_1_707' title='bbox 456 5124 795 5193; x_wconf 85' lang='lat' dir='ltr'><strong>jacuerunt,</strong></span> <span class='ocrx_word' id='word_1_708' title='bbox 829 5137 1011 5193; x_wconf 88' lang='lat' dir='ltr'><strong>neque</strong></span> <span class='ocrx_word' id='word_1_709' title='bbox 1051 5125 1169 5176; x_wconf 89' lang='lat' dir='ltr'><strong>tam</strong></span> <span class='ocrx_word' id='word_1_710' title='bbox 1204 5125 1306 5176; x_wconf 89' lang='lat' dir='ltr'><strong>aut</strong></span> <span class='ocrx_word' id='word_1_711' title='bbox 1334 5119 1546 5191; x_wconf 87' lang='lat' dir='ltr'><strong>ingrati</strong></span> <span class='ocrx_word' id='word_1_712' title='bbox 1570 5123 1672 5173; x_wconf 92' lang='lat' dir='ltr'><strong>aut</strong></span> <span class='ocrx_word' id='word_1_713' title='bbox 1702 5117 1884 5190; x_wconf 91' lang='lat' dir='ltr'><strong>inepti</strong></span> 
     </span>
    </p>
   </div>
   <div class='ocr_carea' id='block_1_103' title="bbox 302 5241 1885 5317">
    <p class='ocr_par' dir='ltr' id='par_1_103' title="bbox 302 5241 1885 5317">
     <span class='ocr_line' id='line_1_103' title="bbox 302 5241 1885 5317; baseline -0.003 -16"><span class='ocrx_word' id='word_1_714' title='bbox 302 5247 424 5316; x_wconf 81' lang='lat' dir='ltr'><strong>(l6)</strong></span> <span class='ocrx_word' id='word_1_715' title='bbox 443 5246 1141 5317; x_wconf 83' lang='lat' dir='ltr'><strong>Theoderetus,Gyrensis</strong></span> <span class='ocrx_word' id='word_1_716' title='bbox 1163 5245 1498 5317; x_wconf 85' lang='lat' dir='ltr'><strong>episcopus,</strong></span> <span class='ocrx_word' id='word_1_717' title='bbox 1524 5243 1582 5297; x_wconf 92' lang='lat' dir='ltr'><strong>in</strong></span> <span class='ocrx_word' id='word_1_718' title='bbox 1608 5241 1885 5317; x_wconf 81' lang='lat' dir='ltr'><strong>Dialogis,</strong></span> 
     </span>
    </p>
   </div>
   <div class='ocr_carea' id='block_1_104' title="bbox 223 5313 1887 5388">
    <p class='ocr_par' dir='ltr' id='par_1_104' title="bbox 223 5313 1887 5388">
     <span class='ocr_line' id='line_1_104' title="bbox 223 5313 1887 5388; baseline -0.002 -16"><span class='ocrx_word' id='word_1_719' title='bbox 223 5313 453 5388; x_wconf 82' lang='lat' dir='ltr'><strong>quibus</strong></span> <span class='ocrx_word' id='word_1_720' title='bbox 493 5319 762 5372; x_wconf 64' lang='lat' dir='ltr'><strong>Eranistes</strong></span> <span class='ocrx_word' id='word_1_721' title='bbox 790 5313 999 5373; x_wconf 39' lang='lat' dir='ltr'><strong>nom—en</strong></span> <span class='ocrx_word' id='word_1_722' title='bbox 1045 5318 1164 5382; x_wconf 89' lang='lat' dir='ltr'><strong>dat,</strong></span> <span class='ocrx_word' id='word_1_723' title='bbox 1199 5313 1444 5386; x_wconf 44' lang='lat' dir='ltr'><strong>&quot;Dialogo</strong></span> <span class='ocrx_word' id='word_1_724' title='bbox 1472 5317 1528 5379; x_wconf 89' lang='lat'><strong>2,</strong></span> <span class='ocrx_word' id='word_1_725' title='bbox 1557 5331 1710 5388; x_wconf 79' lang='lat' dir='ltr'><strong>pag.</strong></span> <span class='ocrx_word' id='word_1_726' title='bbox 1742 5313 1887 5388; x_wconf 42' lang='lat' dir='ltr'><strong>ABE),</strong></span> 
     </span>
    </p>
   </div>
   <div class='ocr_carea' id='block_1_105' title="bbox 223 5385 1883 5457">
    <p class='ocr_par' dir='ltr' id='par_1_105' title="bbox 223 5385 1883 5457">
     <span class='ocr_line' id='line_1_105' title="bbox 223 5385 1883 5457; baseline -0.004 -12"><span class='ocrx_word' id='word_1_727' title='bbox 223 5385 313 5445; x_wconf 56' lang='grc' dir='ltr'><strong>ἀί.</strong></span> <span class='ocrx_word' id='word_1_728' title='bbox 349 5392 508 5457; x_wconf 79' lang='lat' dir='ltr'><strong>Lips.</strong></span> <span class='ocrx_word' id='word_1_729' title='bbox 553 5389 635 5444; x_wconf 86' lang='lat' dir='ltr'><strong>ita</strong></span> <span class='ocrx_word' id='word_1_730' title='bbox 685 5389 1083 5445; x_wconf 87' lang='lat' dir='ltr'><strong>Orthodoxum</strong></span> <span class='ocrx_word' id='word_1_731' title='bbox 1142 5385 1794 5457; x_wconf 17' lang='lat' dir='ltr'><strong>inducitiEranistaSLde</strong></span> <span class='ocrx_word' id='word_1_732' title='bbox 1825 5385 1883 5457; x_wconf 88' lang='lat' dir='ltr'><strong>S_.</strong></span> 
     </span>
    </p>
   </div>
   <div class='ocr_carea' id='block_1_106' title="bbox 229 5454 1884 5533">
    <p class='ocr_par' dir='ltr' id='par_1_106' title="bbox 229 5454 1884 5533">
     <span class='ocr_line' id='line_1_106' title="bbox 229 5454 1884 5533; baseline -0.001 -18"><span class='ocrx_word' id='word_1_733' title='bbox 229 5454 610 5533; x_wconf 79' lang='lat' dir='ltr'><strong>Eucharistia</strong></span> <span class='ocrx_word' id='word_1_734' title='bbox 656 5461 1033 5533; x_wconf 77' lang='lat' dir='ltr'><strong>interroganti</strong></span> <span class='ocrx_word' id='word_1_735' title='bbox 1087 5459 1579 5533; x_wconf 81' lang='lat' dir='ltr'><strong>respondentem:</strong></span> <span class='ocrx_word' id='word_1_736' title='bbox 1654 5454 1726 5508; x_wconf 83' lang='grc' dir='ltr'>Οὐ</span> <span class='ocrx_word' id='word_1_737' title='bbox 1771 5454 1884 5533; x_wconf 81' lang='grc' dir='ltr'><strong>χρῂ</strong></span> 
     </span>
    </p>
   </div>
   <div class='ocr_carea' id='block_1_107' title="bbox 230 5525 1888 5608">
    <p class='ocr_par' dir='ltr' id='par_1_107' title="bbox 230 5525 1888 5608">
     <span class='ocr_line' id='line_1_107' title="bbox 230 5525 1888 5608; baseline 0.011 -25"><span class='ocrx_word' id='word_1_738' title='bbox 230 5536 421 5608; x_wconf 57' lang='lat' dir='ltr'><strong>mea:</strong></span> <span class='ocrx_word' id='word_1_739' title='bbox 473 5530 640 5608; x_wconf 55' lang='grc' dir='ltr'>εἰπεῖν</span> <span class='ocrx_word' id='word_1_740' title='bbox 671 5550 683 5562; x_wconf 75' lang='grc'>³</span> <span class='ocrx_word' id='word_1_741' title='bbox 747 5525 906 5592; x_wconf 50' lang='grc' dir='ltr'><strong>εἷκὸςν</strong></span> <span class='ocrx_word' id='word_1_742' title='bbox 952 5531 1052 5605; x_wconf 78' lang='grc' dir='ltr'><strong>γάρ</strong></span> <span class='ocrx_word' id='word_1_743' title='bbox 1124 5525 1273 5590; x_wconf 64' lang='grc' dir='ltr'><strong>τιῦας</strong></span> <span class='ocrx_word' id='word_1_744' title='bbox 1358 5527 1638 5608; x_wconf 65' lang='grc' dir='ltr'><strong>ἀμυήτους</strong></span> <span class='ocrx_word' id='word_1_745' title='bbox 1706 5525 1888 5601; x_wconf 55' lang='grc' dir='ltr'><strong>πάρέί⁶</strong></span> 
     </span>
    </p>
   </div>
   <div class='ocr_carea' id='block_1_108' title="bbox 231 5601 1883 5678">
    <p class='ocr_par' dir='ltr' id='par_1_108' title="bbox 231 5601 1883 5678">
     <span class='ocr_line' id='line_1_108' title="bbox 231 5601 1883 5678; baseline 0.001 -21"><span class='ocrx_word' id='word_1_746' title='bbox 231 5601 334 5660; x_wconf 67' lang='grc' dir='ltr'><strong>ναί.</strong></span> <span class='ocrx_word' id='word_1_747' title='bbox 370 5606 490 5662; x_wconf 81' lang='lat' dir='ltr'><strong>Non</strong></span> <span class='ocrx_word' id='word_1_748' title='bbox 520 5605 672 5662; x_wconf 80' lang='lat' dir='ltr'><strong>decet</strong></span> <span class='ocrx_word' id='word_1_749' title='bbox 701 5608 882 5676; x_wconf 84' lang='lat' dir='ltr'><strong>aperte</strong></span> <span class='ocrx_word' id='word_1_750' title='bbox 911 5601 1062 5675; x_wconf 73' lang='lat' dir='ltr'><strong>loqui</strong></span> <span class='ocrx_word' id='word_1_751' title='bbox 1081 5619 1100 5656; x_wconf 91' lang='lat'><strong>:</strong></span> <span class='ocrx_word' id='word_1_752' title='bbox 1126 5603 1383 5678; x_wconf 77' lang='lat' dir='ltr'><strong>fortassis</strong></span> <span class='ocrx_word' id='word_1_753' title='bbox 1420 5601 1621 5657; x_wconf 78' lang='lat' dir='ltr'><strong>adsunt</strong></span> <span class='ocrx_word' id='word_1_754' title='bbox 1677 5608 1883 5676; x_wconf 83' lang='lat' dir='ltr'><strong>myste-</strong></span> 
     </span>
    </p>
   </div>
   <div class='ocr_carea' id='block_1_109' title="bbox 1991 4584 3639 4655">
    <p class='ocr_par' dir='ltr' id='par_1_109' title="bbox 1991 4584 3639 4655">
     <span class='ocr_line' id='line_1_109' title="bbox 1991 4584 3639 4655; baseline 0.002 -17"><span class='ocrx_word' id='word_1_755' title='bbox 1991 4588 2239 4655; x_wconf 87' lang='lat' dir='ltr'><strong>utroque</strong></span> <span class='ocrx_word' id='word_1_756' title='bbox 2269 4599 2499 4654; x_wconf 87' lang='lat' dir='ltr'><strong>genere,</strong></span> <span class='ocrx_word' id='word_1_757' title='bbox 2534 4584 2928 4638; x_wconf 87' lang='lat' dir='ltr'><strong>humanarum</strong></span> <span class='ocrx_word' id='word_1_758' title='bbox 2963 4585 3089 4638; x_wconf 92' lang='lat' dir='ltr'><strong>dico</strong></span> <span class='ocrx_word' id='word_1_759' title='bbox 3113 4593 3168 4639; x_wconf 89' lang='lat' dir='ltr'><strong>et</strong></span> <span class='ocrx_word' id='word_1_760' title='bbox 3190 4584 3522 4640; x_wconf 81' lang='lat' dir='ltr'><strong>divinarum</strong></span> <span class='ocrx_word' id='word_1_761' title='bbox 3552 4602 3639 4641; x_wconf 82' lang='lat' dir='ltr'><strong>re-</strong></span> 
     </span>
    </p>
   </div>
   <div class='ocr_carea' id='block_1_110' title="bbox 1992 4671 3635 4742">
    <p class='ocr_par' dir='ltr' id='par_1_110' title="bbox 1992 4671 3635 4742">
     <span class='ocr_line' id='line_1_110' title="bbox 1992 4671 3635 4742; baseline 0.001 -14"><span class='ocrx_word' id='word_1_762' title='bbox 1992 4690 2145 4742; x_wconf 90' lang='lat' dir='ltr'><strong>rum,</strong></span> <span class='ocrx_word' id='word_1_763' title='bbox 2205 4673 2324 4728; x_wconf 91' lang='lat' dir='ltr'><strong>sive</strong></span> <span class='ocrx_word' id='word_1_764' title='bbox 2380 4671 2637 4727; x_wconf 88' lang='lat' dir='ltr'><strong>civilium</strong></span> <span class='ocrx_word' id='word_1_765' title='bbox 2700 4676 2755 4726; x_wconf 93' lang='lat' dir='ltr'><strong>et</strong></span> <span class='ocrx_word' id='word_1_766' title='bbox 2805 4672 3358 4732; x_wconf 87' lang='lat' dir='ltr'><strong>ecclesiasticarum.</strong></span> <span class='ocrx_word' id='word_1_767' title='bbox 3399 4675 3544 4730; x_wconf 90' lang='lat' dir='ltr'><strong>Nam</strong></span> <span class='ocrx_word' id='word_1_768' title='bbox 3577 4679 3635 4730; x_wconf 89' lang='lat' dir='ltr'><strong>et</strong></span> 
     </span>
    </p>
   </div>
   <div class='ocr_carea' id='block_1_111' title="bbox 1994 4761 3637 4833">
    <p class='ocr_par' dir='ltr' id='par_1_111' title="bbox 1994 4761 3637 4833">
     <span class='ocr_line' id='line_1_111' title="bbox 1994 4761 3637 4833; baseline 0.002 -17"><span class='ocrx_word' id='word_1_769' title='bbox 1994 4779 2196 4816; x_wconf 91' lang='lat' dir='ltr'><strong>earum</strong></span> <span class='ocrx_word' id='word_1_770' title='bbox 2229 4761 2619 4832; x_wconf 88' lang='lat' dir='ltr'><strong>intelligentia</strong></span> <span class='ocrx_word' id='word_1_771' title='bbox 2650 4767 2824 4833; x_wconf 88' lang='lat' dir='ltr'><strong>atque</strong></span> <span class='ocrx_word' id='word_1_772' title='bbox 2856 4763 3140 4819; x_wconf 89' lang='lat' dir='ltr'><strong>memoria</strong></span> <span class='ocrx_word' id='word_1_773' title='bbox 3192 4763 3369 4820; x_wconf 89' lang='lat' dir='ltr'><strong>talem</strong></span> <span class='ocrx_word' id='word_1_774' title='bbox 3428 4765 3637 4820; x_wconf 90' lang='lat' dir='ltr'><strong>horum</strong></span> 
     </span>
    </p>
   </div>
   <div class='ocr_carea' id='block_1_112' title="bbox 1995 4850 3640 4924">
    <p class='ocr_par' dir='ltr' id='par_1_112' title="bbox 1995 4850 3640 4924">
     <span class='ocr_line' id='line_1_112' title="bbox 1995 4850 3640 4924; baseline 0 -20"><span class='ocrx_word' id='word_1_775' title='bbox 1995 4850 2325 4905; x_wconf 88' lang='lat' dir='ltr'><strong>studiorum</strong></span> <span class='ocrx_word' id='word_1_776' title='bbox 2357 4851 2828 4921; x_wconf 88' lang='lat' dir='ltr'><strong>conjnnctionem</strong></span> <span class='ocrx_word' id='word_1_777' title='bbox 2856 4853 3099 4924; x_wconf 89' lang='lat' dir='ltr'><strong>requirit</strong></span> <span class='ocrx_word' id='word_1_778' title='bbox 3123 4868 3135 4906; x_wconf 94' lang='lat'><strong>:</strong></span> <span class='ocrx_word' id='word_1_779' title='bbox 3163 4858 3249 4918; x_wconf 89' lang='lat' dir='ltr'><strong>ut,</strong></span> <span class='ocrx_word' id='word_1_780' title='bbox 3281 4853 3327 4909; x_wconf 91' lang='lat' dir='ltr'><strong>si</strong></span> <span class='ocrx_word' id='word_1_781' title='bbox 3373 4851 3640 4907; x_wconf 89' lang='lat' dir='ltr'><strong>Tiberius</strong></span> 
     </span>
    </p>
   </div>
   <div class='ocr_carea' id='block_1_113' title="bbox 1995 4939 3638 5012">
    <p class='ocr_par' dir='ltr' id='par_1_113' title="bbox 1995 4939 3638 5012">
     <span class='ocr_line' id='line_1_113' title="bbox 1995 4939 3638 5012; baseline 0 -19"><span class='ocrx_word' id='word_1_782' title='bbox 1995 4939 2312 5010; x_wconf 87' lang='lat' dir='ltr'><strong>imperator</strong></span> <span class='ocrx_word' id='word_1_783' title='bbox 2356 4945 2512 4996; x_wconf 77' lang='lat' dir='ltr'><strong>recte</strong></span> <span class='ocrx_word' id='word_1_784' title='bbox 2556 4940 2860 5011; x_wconf 83' lang='lat' dir='ltr'><strong>judicavit,</strong></span> <span class='ocrx_word' id='word_1_785' title='bbox 2901 4942 3210 4997; x_wconf 90' lang='lat' dir='ltr'><strong>militarem</strong></span> <span class='ocrx_word' id='word_1_786' title='bbox 3267 4941 3638 5012; x_wconf 90' lang='lat' dir='ltr'><strong>disciplinam</strong></span> 
     </span>
    </p>
   </div>
   <div class='ocr_carea' id='block_1_114' title="bbox 1995 5029 3642 5102">
    <p class='ocr_par' dir='ltr' id='par_1_114' title="bbox 1995 5029 3642 5102">
     <span class='ocr_line' id='line_1_114' title="bbox 1995 5029 3642 5102; baseline 0 -20"><span class='ocrx_word' id='word_1_787' title='bbox 1995 5029 2174 5100; x_wconf 91' lang='lat' dir='ltr'><strong>(quod</strong></span> <span class='ocrx_word' id='word_1_788' title='bbox 2208 5029 2288 5083; x_wconf 90' lang='lat' dir='ltr'><strong>ait</strong></span> <span class='ocrx_word' id='word_1_789' title='bbox 2318 5029 2430 5102; x_wconf 87' lang='lat' dir='ltr'><strong>(l7)</strong></span> <span class='ocrx_word' id='word_1_790' title='bbox 2461 5029 2796 5101; x_wconf 87' lang='lat' dir='ltr'><strong>Suetonius)</strong></span> <span class='ocrx_word' id='word_1_791' title='bbox 2829 5047 2897 5084; x_wconf 88' lang='lat' dir='ltr'><strong>ex</strong></span> <span class='ocrx_word' id='word_1_792' title='bbox 2925 5031 3273 5101; x_wconf 87' lang='lat' dir='ltr'><strong>antiquitate</strong></span> <span class='ocrx_word' id='word_1_793' title='bbox 3313 5045 3442 5085; x_wconf 89' lang='lat' dir='ltr'><strong>esse</strong></span> <span class='ocrx_word' id='word_1_794' title='bbox 3473 5043 3642 5098; x_wconf 89' lang='lat' dir='ltr'><strong>repe-</strong></span> 
     </span>
    </p>
   </div>
   <div class='ocr_carea' id='block_1_115' title="bbox 1997 5113 3642 5190">
    <p class='ocr_par' dir='ltr' id='par_1_115' title="bbox 1997 5113 3642 5190">
     <span class='ocr_line' id='line_1_115' title="bbox 1997 5113 3642 5190; baseline -0.002 -18"><span class='ocrx_word' id='word_1_795' title='bbox 1997 5118 2256 5186; x_wconf 91' lang='lat' dir='ltr'><strong>tendam,</strong></span> <span class='ocrx_word' id='word_1_796' title='bbox 2291 5134 2398 5172; x_wconf 90' lang='lat' dir='ltr'><strong>nos</strong></span> <span class='ocrx_word' id='word_1_797' title='bbox 2432 5117 2616 5172; x_wconf 91' lang='lat' dir='ltr'><strong>multo</strong></span> <span class='ocrx_word' id='word_1_798' title='bbox 2645 5119 2832 5190; x_wconf 86' lang='lat' dir='ltr'><strong>magis</strong></span> <span class='ocrx_word' id='word_1_799' title='bbox 2865 5118 3189 5173; x_wconf 87' lang='lat' dir='ltr'><strong>sentiamus</strong></span> <span class='ocrx_word' id='word_1_800' title='bbox 3207 5117 3536 5185; x_wconf 90' lang='lat' dir='ltr'><strong>rectiusque</strong></span> <span class='ocrx_word' id='word_1_801' title='bbox 3555 5113 3642 5168; x_wconf 92' lang='lat' dir='ltr'><strong>di-</strong></span> 
     </span>
    </p>
   </div>
   <div class='ocr_carea' id='block_1_116' title="bbox 1996 5236 3644 5311">
    <p class='ocr_par' dir='ltr' id='par_1_116' title="bbox 1996 5236 3644 5311">
     <span class='ocr_line' id='line_1_116' title="bbox 1996 5236 3644 5311; baseline -0.002 -16"><span class='ocrx_word' id='word_1_802' title='bbox 1996 5243 2100 5311; x_wconf 79' lang='lat' dir='ltr'><strong>riis</strong></span> <span class='ocrx_word' id='word_1_803' title='bbox 2120 5241 2364 5311; x_wconf 84' lang='lat' dir='ltr'><strong>nondum</strong></span> <span class='ocrx_word' id='word_1_804' title='bbox 2413 5243 2642 5311; x_wconf 76' lang='lat' dir='ltr'><strong>initiati.</strong></span> <span class='ocrx_word' id='word_1_805' title='bbox 2677 5241 2871 5296; x_wconf 84' lang='lat' dir='ltr'><strong>Refert</strong></span> <span class='ocrx_word' id='word_1_806' title='bbox 2916 5239 3214 5295; x_wconf 88' lang='lat' dir='ltr'><strong>Eranistes</strong></span> <span class='ocrx_word' id='word_1_807' title='bbox 3239 5258 3252 5294; x_wconf 88' lang='lat'><strong>:</strong></span> <span class='ocrx_word' id='word_1_808' title='bbox 3280 5236 3644 5311; x_wconf 73' lang='grc' dir='ltr'><strong>Ἀῖνιγμτκτώ-</strong></span> 
     </span>
    </p>
   </div>
   <div class='ocr_carea' id='block_1_117' title="bbox 1999 5308 3644 5386">
    <p class='ocr_par' dir='ltr' id='par_1_117' title="bbox 1999 5308 3644 5386">
     <span class='ocr_line' id='line_1_117' title="bbox 1999 5308 3644 5386; baseline 0.001 -21"><span class='ocrx_word' id='word_1_809' title='bbox 1999 5308 2106 5373; x_wconf 84' lang='grc' dir='ltr'><strong>δως</strong></span> <span class='ocrx_word' id='word_1_810' title='bbox 2138 5313 2172 5380; x_wconf 76' lang='grc' dir='ltr'><strong>ἡ</strong></span> <span class='ocrx_word' id='word_1_811' title='bbox 2207 5310 2490 5383; x_wconf 81' lang='grc' dir='ltr'><strong>ἀπόκρισις</strong></span> <span class='ocrx_word' id='word_1_812' title='bbox 2542 5309 2697 5366; x_wconf 79' lang='grc' dir='ltr'><strong>ἔστω.</strong></span> <span class='ocrx_word' id='word_1_813' title='bbox 2769 5315 3119 5382; x_wconf 81' lang='lat' dir='ltr'><strong>Proponatur</strong></span> <span class='ocrx_word' id='word_1_814' title='bbox 3174 5327 3297 5382; x_wconf 86' lang='lat' dir='ltr'><strong>ergo</strong></span> <span class='ocrx_word' id='word_1_815' title='bbox 3349 5308 3644 5386; x_wconf 28' lang='lat' dir='ltr'><strong>iri—forma</strong></span> 
     </span>
    </p>
   </div>
   <div class='ocr_carea' id='block_1_118' title="bbox 1995 5386 2633 5455">
    <p class='ocr_par' dir='ltr' id='par_1_118' title="bbox 1995 5386 2633 5455">
     <span class='ocr_line' id='line_1_118' title="bbox 1995 5386 2633 5455; baseline -0.008 -14"><span class='ocrx_word' id='word_1_816' title='bbox 1995 5386 2309 5453; x_wconf 65' lang='lat' dir='ltr'><strong>wnigmatis</strong></span> <span class='ocrx_word' id='word_1_817' title='bbox 2338 5387 2633 5455; x_wconf 77' lang='lat' dir='ltr'><strong>responsio.</strong></span> 
     </span>
    </p>
   </div>
   <div class='ocr_carea' id='block_1_119' title="bbox 2068 5453 3650 5527">
    <p class='ocr_par' dir='ltr' id='par_1_119' title="bbox 2068 5453 3650 5527">
     <span class='ocr_line' id='line_1_119' title="bbox 2068 5453 3650 5527; baseline 0.001 -19"><span class='ocrx_word' id='word_1_818' title='bbox 2068 5456 2180 5527; x_wconf 90' lang='grc'><strong>(17)</strong></span> <span class='ocrx_word' id='word_1_819' title='bbox 2211 5453 2524 5527; x_wconf 82' lang='lat' dir='ltr'><strong>Suetonius</strong></span> <span class='ocrx_word' id='word_1_820' title='bbox 2559 5455 2728 5527; x_wconf 79' lang='lat' dir='ltr'><strong>Tiber.</strong></span> <span class='ocrx_word' id='word_1_821' title='bbox 2766 5469 2893 5523; x_wconf 89' lang='lat' dir='ltr'><strong>cap.</strong></span> <span class='ocrx_word' id='word_1_822' title='bbox 2933 5454 3037 5508; x_wconf 78' lang='lat'><strong>19:</strong></span> <span class='ocrx_word' id='word_1_823' title='bbox 3085 5453 3455 5527; x_wconf 76' lang='lat' dir='ltr'><strong>Disciplinam</strong></span> <span class='ocrx_word' id='word_1_824' title='bbox 3499 5471 3650 5512; x_wconf 81' lang='lat' dir='ltr'><strong>acer-</strong></span> 
     </span>
    </p>
   </div>
   <div class='ocr_carea' id='block_1_120' title="bbox 1998 5525 3656 5599">
    <p class='ocr_par' dir='ltr' id='par_1_120' title="bbox 1998 5525 3656 5599">
     <span class='ocr_line' id='line_1_120' title="bbox 1998 5525 3656 5599; baseline 0.002 -18"><span class='ocrx_word' id='word_1_825' title='bbox 1998 5525 2134 5582; x_wconf 85' lang='lat' dir='ltr'><strong>rime</strong></span> <span class='ocrx_word' id='word_1_826' title='bbox 2162 5525 2362 5599; x_wconf 72' lang='lat' dir='ltr'><strong>exegit,</strong></span> <span class='ocrx_word' id='word_1_827' title='bbox 2395 5525 3020 5599; x_wconf 78' lang='lat' dir='ltr'><strong>animadversionumet</strong></span> <span class='ocrx_word' id='word_1_828' title='bbox 3069 5526 3509 5596; x_wconf 83' lang='lat' dir='ltr'><strong>ignominiarum</strong></span> <span class='ocrx_word' id='word_1_829' title='bbox 3556 5543 3656 5597; x_wconf 86' lang='lat' dir='ltr'><strong>ge-</strong></span> 
     </span>
    </p>
   </div>
   <div class='ocr_carea' id='block_1_121' title="bbox 1994 5598 3007 5670">
    <p class='ocr_par' dir='ltr' id='par_1_121' title="bbox 1994 5598 3007 5670">
     <span class='ocr_line' id='line_1_121' title="bbox 1994 5598 3007 5670; baseline -0.003 -14"><span class='ocrx_word' id='word_1_830' title='bbox 1994 5599 2219 5656; x_wconf 84' lang='lat' dir='ltr'><strong>neribus</strong></span> <span class='ocrx_word' id='word_1_831' title='bbox 2249 5598 2319 5657; x_wconf 79' lang='lat' dir='ltr'><strong>ex</strong></span> <span class='ocrx_word' id='word_1_832' title='bbox 2353 5598 2684 5670; x_wconf 79' lang='lat' dir='ltr'><strong>antiquitate</strong></span> <span class='ocrx_word' id='word_1_833' title='bbox 2735 5598 3007 5670; x_wconf 83' lang='lat' dir='ltr'><strong>repetitis.</strong></span> 
     </span>
    </p>
   </div>
  </div>
