4064 6154
491 289 606 351 227

1809 289 1894 354 Μ.
1939 286 2319 354 MINUCIUS
2363 285 2615 352 FELIX.

3787 287 3892 352 228

495 438 720 491 camus,
753 421 978 479 civilem
1002 427 1059 479 et
1088 420 1542 480 ecclesiasticam
1573 425 1728 481 bona
1759 425 1871 480 fide
1903 424 2130 497 judicio
2161 431 2217 496 Α
2247 424 2576 487 observent,
2612 438 2724 477 non
2757 420 2950 477 solum
2981 420 3121 493 quid
3152 423 3371 477 veterea
3403 419 3881 494 Christiani,tem-

499 527 612 582 que
641 510 794 567 bono
821 511 958 567 inde
989 512 1166 584 repeti
1217 513 1446 569 debere.
1521 516 1749 571 Interea
1794 531 1947 584 vero,
2002 513 2142 585 quia
2251 529 2386 584 pore
2419 510 2678 574 Minucii,
2717 511 2993 577 facerent,
3044 527 3177 566 cum
3227 509 3384 566 aliud
3441 527 3556 566 non
3611 517 3878 581 possent:

495 599 654 654 varie
677 603 737 656 et
767 600 1087 673 periculose
1116 601 1211 656 hic
1239 601 1419 657 errari
1452 620 1624 674 posse
1667 603 1874 674 sentio,
1923 603 2137 658 iterum
2248 601 2347 657 sed
2381 605 2437 656 et
2468 601 2606 672 quid
2641 604 2935 672 optarent,
2985 604 3044 656 et
3103 599 3202 655 ubi
3259 605 3502 671 possent
3559 599 3881 658 faciendum

489 687 825 760 iterumque
856 691 1191 746 obtestabor
1207 707 1410 748 omnes
1429 692 1613 748 bonos
1635 697 1690 748 et
1711 693 2082 763 cordatos,ut
2106 708 2140 747 a
2247 704 2374 744 esse
2406 692 2768 744 statuerent:
2803 693 2861 743 et
2887 706 3039 758 vero,
3069 689 3210 760 quid
3240 691 3484 756 tantem,
3538 704 3668 743 cum
3720 687 3885 748 liberi

490 777 846 834 factionibus
875 779 1084 850 aversi,
1117 784 1174 835 et
1205 797 1237 835 a
1258 781 1451 836 studio
1482 781 1735 853 partium
1788 779 1983 846 alieni,
2018 780 2135 852 pri-

491 882 656 920 mum
681 867 957 923 vetustati
980 872 1208 922 tantum
1241 870 1602 926 auctoritatis
1641 870 1921 941 tribuant,
1946 886 2132 942 quan-

484 960 618 1009 tum
675 952 761 1009 illi
821 955 1108 1012 debetur:
1171 956 1380 1014 deinde
1421 957 1643 1030 placide
1675 959 1929 1031 cogitent
1957 962 2131 1029 atque

2245 778 2503 845 fuerunt,
2538 777 2798 847 fecerint,
2832 782 2898 833 ut
2927 781 2983 833 et
3011 776 3433 850 rempublicam
3478 780 3536 832 et
3583 777 3880 835 ecclesiam

2245 871 2396 923 recte
2439 865 2883 922 constituerent.

1501 1295 1604 1354 AD
1651 1293 1961 1354 PRIMAM
2007 1291 2386 1353 LlNDNERI
2432 1288 2864 1351 EDITIONEM

902 1463 1434 1562 JOANNIS
1499 1467 2062 1562 AUGUSTI
2129 1463 2681 1560 ERNESTI
2745 1462 3460 1559 PR/EFATIO.

2024 1661 2330 1677 Ψ

649 1787 799 1843 219
831 1788 991 1846 Docto
1022 1793 1073 1844 et
1123 1791 1421 1846 chnstiano
1475 1792 1665 1847 lectori
1703 1792 1939 1847 salutem

546 1873 910 1931 Ininstitutis
932 1889 1154 1944 eorum,
1183 1895 1285 1951 per
1307 1897 1454 1952 quos
1477 1880 1764 1936 bonarum
1787 1879 2115 1935 litterarum

475 1963 743 2019 omnium
773 1965 1186 2038 imprimisque
1207 1985 1529 2037 sacrarum,
1556 1968 2003 2042 intelligentiam
2029 1973 2115 2024 at-

474 2066 588 2122 que
618 2051 921 2109 scientiam
953 2053 1107 2110 Deus
1139 2055 1392 2111 reddidit
1431 2057 1628 2128 generi
1673 2057 1952 2126 humano,
2005 2056 2114 2112 hoc

467 2140 693 2210 reperio
725 2139 926 2207 fuisse,
962 2146 1026 2195 ut
1050 2146 1105 2196 et
1133 2142 1246 2214 ipsi
1279 2161 1444 2199 sacra
1474 2161 1616 2200 cum.
1641 2145 1917 2200 humanis
1975 2161 2112 2200 con-

2147 1791 2196 1856 B
2225 1787 2390 1859 quasi
2405 1803 2507 1860 per
2522 1785 3207 1854 manustraditamﬁdeli
3223 1787 3594 1859 possessione
3615 1788 3685 1843 ad
3702 1805 3878 1846 usum

2230 1876 2533 1948 publicum
2586 1875 2802 1932 multos
2832 1893 3018 1930 annos
3058 1875 3371 1932 retinuisse
3400 1876 3531 1948 (18).
3557 1876 3674 1932 Nec
3704 1877 3782 1933 ab
3818 1893 3880 1934 ea

2226 1965 2450 2022 ratione
2481 1965 2724 2021 recessit
2751 1965 3093 2021 Joachimus
3141 1965 3531 2036 Camerarius,
3560 1966 3775 2021 tertius
3809 1968 3873 2022 de

2227 2070 2470 2110 numero
2501 2070 2726 2121 eorum,
2761 2053 2860 2124 qui
2895 2052 3116 2108 litteras
3155 2054 3309 2126 apud
3361 2070 3467 2109 nos
3526 2054 3876 2123 fundarunt,

2223 2159 2394 2213 quem
2427 2143 2688 2198 studiose
2732 2141 3158 2213 diligenterque
3216 2146 3498 2199 tractasse
3554 2144 3876 2215 scriptores

456 2227 794 2298 jungerent,
827 2245 930 2284 nec
965 2229 1160 2286 minus
1191 2231 1438 2288 studiosi
1485 2239 1682 2290 essent
1728 2233 2109 2306 legendorum
2220 2230 2666 2298 ecclesiasticos,
2700 2231 2854 2286 πθ
2883 2235 2938 2286 et
2968 2229 3280 2302 disciplina
3313 2230 3613 2287 Mosellani
3653 2233 3872 2304 arguit,

471 2315 686 2372 veteris
713 2316 1001 2387 Ecclesia,
1053 2317 1258 2374 Graca
1325 2322 1679 2394 Latinaque,
1729 2326 2106 2398 scriptorum,

465 2417 644 2472 quam
676 2419 803 2474 qua
825 2406 898 2459 ab
931 2405 1364 2478 antiquioribus
1386 2409 1600 2467 Gracis
1629 2416 1687 2467 et
1713 2413 1990 2470 Romanis
2011 2431 2106 2469 ac-

462 2495 630 2562 cepta
656 2494 941 2563 tenerent,
975 2498 1031 2550 et
1060 2496 1325 2566 ejusdem
1357 2500 1791 2570 conjunctionis
1837 2508 2105 2559 auctores

465 2596 856 2653 suasoresque
877 2588 1073 2639 essent
1090 2585 1181 2648 iis,
1204 2585 1301 2658 qui
1328 2603 1388 2642 se
1410 2589 1479 2642 ad
1504 2606 1703 2644 eorum
1729 2590 2102 2663 disciplinam

462 2669 986 2742 auctoritatemque
1013 2673 1416 2731 contulissent.
1433 2677 1512 2732 Ne
1534 2679 1798 2750 exempla
1820 2697 1850 2735 e
1872 2681 2102 2753 longin-

456 2774 570 2828 quo
600 2763 958 2830 repetamus,
993 2762 1362 2835 externisque
1392 2767 1464 2821 de
1494 2767 1748 2838 populis,
1797 2770 2098 2838 Erasmus,

457 2861 633 2917 quem
659 2845 716 2900 in
748 2847 1114 2920 principibus
1157 2850 1646 2911 instauratoribus
1715 2857 2099 2915 humanitatis

457 2933 696 2989 erudita
729 2943 1044 2993 numerant
1075 2956 1299 3008 omnes,
1333 2960 1448 2998 non
1474 2945 1670 3000 minus
1693 2953 2012 3016 curaverat,
2035 2952 2102 3004 ut

457 3021 517 3078 in
549 3023 783 3096 scriptis
810 3026 1188 3098 antiquorum
1218 3030 1478 3087 Ecclesia
1501 3033 1815 3090 Doctorum
1839 3041 2098 3094 versatus

453 3116 631 3179 esset,
663 3129 840 3184 quam
873 3115 930 3168 in
959 3116 1216 3186 profanis
1245 3117 1574 3177 Gracorum
1613 3127 1671 3177 et
1729 3124 2092 3194 Latinorum,

454 3214 559 3254 nec
590 3200 722 3270 plus
736 3200 785 3255 ei
801 3201 968 3257 debet
993 3202 1312 3276 antiquitas
1333 3206 1528 3264 Graca
1547 3213 1604 3265 et
1626 3210 2092 3284 Romana,quam

453 3285 880 3357 Ecclesiastica,
908 3294 973 3344 ut
1004 3291 1101 3362 qui
1132 3292 1287 3349 haud
1339 3297 1514 3367 paulo
1568 3298 1734 3368 plura
1792 3301 2095 3359 volumina

452 3372 718 3430 Ecclesia
761 3377 969 3432 veteris
1002 3383 1333 3450 Doctorum,
1366 3401 1541 3455 quam
1576 3386 1956 3445 classicorum
1990 3408 2091 3445 au-

452 3466 702 3551 ctorum,
738 3464 808 3520 ad
841 3464 1013 3522 fidem
1057 3469 1325 3526 codicum
1386 3477 1697 3547 recensuit,
1761 3478 2089 3551 castigavit,

450 3549 787 3639 illustravit.
831 3554 894 3608 In
927 3557 1142 3612 nostris
1168 3564 1362 3615 autem
1396 3563 1586 3631 terris,
1621 3549 2007 3639 primum,qui
2030 3549 2090 3624 in

449 3636 559 3694 hac
594 3639 789 3712 Lipsia
811 3648 1012 3698 nostra
1037 3645 1310 3702 fundator
1339 3648 1624 3706 bonarum
1647 3636 1970 3710 litterarum
1993 3674 2090 3712 ex-

451 3725 621 3795 stitit,
681 3728 830 3784 Petr.
891 3733 1262 3802 Mosellanus,
1344 3737 1424 3792 ita
1496 3739 1723 3798 Gracos
1769 3749 1825 3799 et
1860 3747 2088 3801 Latinos

453 3811 767 3883 scriptores
797 3815 1209 3889 interpretatus
1239 3827 1347 3888 est,
1380 3829 1444 3879 ut
1475 3828 1695 3897 pariter
1737 3831 1807 3885 ad
1871 3832 2087 3888 intelli-

443 3899 701 3972 gentiam
733 3905 789 3992 et
811 3903 1112 3963 lectionem
1146 3910 1252 3964 PP.
1288 3911 1740 3986 interpretandis
1772 3919 2088 3992 Scripturis

444 3992 500 4045 Β.
533 3993 590 4045 et
620 3991 1000 4063 pralegendis
1032 3999 1216 4069 poetis
1246 4001 1670 4076 ecclesiasticis,
1691 3991 2087 4068 adolescentes

442 4077 786 4171 amulanlcs
816 4083 943 4153 ejus
975 4087 1192 4154 studia,
1229 4089 1337 4145 hoc
1367 4097 1476 4158 est,
1512 4093 1711 4149 florem
1737 4096 2083 4171 juventutis,

443 4167 776 4256 adduceret.
811 4171 994 4234 Quam
1029 4175 1399 4249 disciplinam
1434 4182 1507 4236 ab
1540 4200 1604 4238 eo
1636 4191 1930 4256 acceptam
1950 4167 2085 4244 reti;

440 4254 570 4310 nuit
611 4260 668 4312 et
719 4259 844 4314 suis
911 4264 1148 4318 tradidit
1205 4269 1494 4340 Casparus
1553 4254 1866 4340 Bornerus,
1915 4263 2088 4333 viret

441 4343 593 4432 ipse,
623 4349 687 4399 ut
707 4347 933 4418 judicat
961 4352 1162 4408 Joach.
1196 4359 1563 4414 Camerarius
1593 4363 1677 4432 (in
1711 4364 1810 4418 Vit.
1842 4365 2085 4423 Ph.Me-

447 4431 690 4490 lanchth.
723 4452 778 4506 ρ.
806 4437 897 4506 71)
944 4441 1012 4494 ad
1049 4441 1388 4514 disciplinas
1421 4446 1749 4506 fundandae
1770 4457 1965 4519 natus,
1988 4455 2083 4510 cui

2220 2324 2277 2375 et
2305 2319 2458 2376 clare
2490 2320 2700 2375 docent
2731 2318 3066 2376 Notationes
3097 2320 3417 2392 ﬁgurarum
3438 2320 3730 2375 sermonis
3757 2320 3872 2376 Do-

2219 2408 2364 2462 mini
2393 2408 2448 2464 J.
2482 2410 2540 2463 C.
2570 2413 2626 2463 et
2659 2407 3091 2480 Apostolorum,
3146 2412 3202 2462 et
3251 2407 3347 2463 alii
3403 2407 3606 2472 libelli,
3633 2409 3703 2463 ad
3743 2425 3867 2468 rem

2216 2496 2671 2554 ecclesiasticam
2706 2497 3082 2569 pertinentes.
3107 2497 3254 2560 Quid
3280 2497 3470 2552 dicam
3500 2498 3570 2553 de
3592 2496 3692 2553 illo
3720 2501 3866 2553 Ger-

2216 2587 2428 2640 mania
2459 2590 2812 2658 praceptore
2849 2585 3159 2657 Philippo?
3201 2600 3390 2656 quem.
3455 2585 3589 2656 quis
3650 2587 3862 2654 nescit,

2213 2691 2344 2730 cum
2379 2691 2650 2730 summus
2688 2679 2841 2729 esset
2866 2673 3076 2729 litteris
3117 2675 3175 2728 in
3216 2673 3431 2730 Gracis
3491 2674 3862 2746 Latinisque,

2212 2765 2402 2834 quoad
2435 2781 2465 2819 e
2499 2763 2704 2835 poetis,
2726 2763 3078 2831 oratoribus,
3095 2762 3390 2819 historicis
3410 2769 3465 2818 et
3487 2763 3859 2835 philosophis

2212 2869 2326 2907 non
2353 2851 2702 2908 Christianis
2732 2852 3060 2918 discunlur,
3095 2854 3364 2906 eumdem
3390 2851 3713 2923 principem
3746 2852 3865 2908 illis

2209 2941 2572 3012 temporibus
2604 2941 2660 2994 in
2692 2939 2783 2994 his
2815 2940 3139 3012 prasertim
3171 2940 3363 3009 terris,
3417 2939 3598 2996 fuisse
3631 2940 3860 2996 littera-

2208 3047 2338 3085 rum
2371 3029 2917 3097 ecclesiasticarum,
2942 3029 3022 3085 ita
3053 3034 3347 3086 versatum
3370 3029 3424 3083 in
3460 3029 3618 3084 omni
3645 3046 3862 3102 genere

2208 3117 2560 3190 scriptorum
2593 3118 2804 3174 veteris
2834 3117 3125 3184 Ecclesia,
3158 3123 3222 3173 ut
3252 3117 3394 3172 nihil
3421 3117 3726 3187 aliud,nisi
3754 3119 3861 3174 hos

2207 3211 2486 3264 tractasse
2513 3207 2695 3264 videri
2727 3207 2971 3279 posset?
3001 3209 3187 3278 Atque
3219 3207 3373 3278 quod
3403 3205 3595 3278 magia
3615 3207 3857 3274 mirere,

2203 3296 2264 3351 in
2294 3313 2358 3353 eo
2389 3313 2598 3370 genere
2630 3313 2807 3369 prope
2853 3295 3045 3352 adhuc
3080 3295 3312 3364 juvenis
3372 3295 3452 3350 ita
3503 3295 3855 3368 profecerat,

2203 3391 2268 3442 ut
2296 3387 2354 3440 in
2386 3385 2699 3458 colloquio,
2732 3385 2884 3457 quod
2917 3385 2978 3440 in
3011 3385 3119 3440 hac
3153 3387 3296 3440 urbe
3315 3385 3386 3440 de
3417 3383 3722 3456 religione,
3751 3403 3859 3442 au-

2201 3480 2356 3531 ctore
2385 3475 2649 3548 Georgio,
2683 3475 2849 3541 duce,
2879 3491 2974 3529 an.
3008 3491 3192 3529 MDXIX
3227 3473 3356 3542 fuit,
3408 3474 3859 3546 disputantibus

2200 3580 2332 3619 cum
2403 3564 2567 3618 Eccio
2625 3563 2961 3636 Theologis,
3015 3563 3413 3618 Carolostadio
3461 3568 3519 3618 et
3572 3563 3850 3632 Luthero,

2201 3653 2378 3709 etiam
2409 3652 2535 3708 loca
2564 3653 2798 3708 Patrum
2832 3653 3146 3722 subjiceret
3187 3651 3338 3707 inter
3395 3651 3856 3722 disputandum,

2201 3742 2416 3814 quibus
2448 3741 2529 3796 illi
2564 3742 2842 3796 adversus
2874 3740 3107 3795 Eccium
3142 3745 3462 3794 uterentur.
3509 3739 3585 3793 Ex
3615 3756 3737 3810 quo
3775 3741 3857 3795 in-

2200 3830 2380 3903 telligi
2417 3835 2625 3902 potest,
2658 3830 2807 3885 hanc
2849 3836 2973 3884 tum
3007 3827 3328 3900 disciplina
3353 3829 3595 3882 formam
3622 3829 3679 3882 in
3706 3829 3854 3884 Ger-

2199 3919 2409 3975 mania
2441 3920 2602 3985 locis,
2637 3935 2766 3990 qua
2795 3917 2963 3973 bonis
2994 3917 3202 3972 litteris
3249 3915 3566 3989 plurimum
3622 3917 3851 3972 tribue-

2197 4014 2346 4079 rent,
2381 4009 2662 4077 fuisse,ut
2691 4012 3009 4079 utrumque
3035 4023 3221 4079 genus
3243 4006 3633 4072 litterarum,a
3653 4007 3854 4076 prima

2197 4113 2375 4169 prope
2408 4097 2676 4168 pueritia,
2718 4098 3190 4168 conjungeretur.
3223 4095 3364 4165 Ejus
3399 4111 3566 4165 porro
3591 4094 3856 4167 discipli-

2196 4203 2282 4240 na
2315 4186 2654 4257 diligentem
2687 4187 2986 4240 custodem
3019 4189 3073 4240 et
3106 4191 3402 4239 auctorem
3447 4199 3515 4238 ac
3544 4198 3855 4238 commen-

2195 4275 2457 4330 datorem
2493 4276 2683 4346 patria
2706 4279 2902 4330 nostra
2918 4273 3127 4328 habuit
3143 4273 3455 4343 Georgium
3491 4270 3854 4339 Fabricium,

2193 4368 2261 4419 ut
2291 4363 2390 4420 illa
2419 4363 2564 4436 ipsa,
2584 4380 2759 4436 quam
2791 4367 2924 4418 ante
2955 4361 3569 4427 commemoravimus,
3590 4360 3859 4431 Epistola

2197 4453 2474 4518 declaret,
2509 4452 2569 4506 in
2603 4469 2720 4522 qua
2749 4451 3004 4522 graviter
3032 4449 3296 4521 queritur
3319 4466 3440 4519 eos,
3491 4449 3587 4520 qui
3647 4448 3858 4505 latina

443 4519 732 4613 Eutherus
762 4529 819 4579 et
848 4527 1257 4586 Melanchthon
1290 4535 1516 4590 tantum
1552 4536 1610 4592 in
1645 4539 1751 4594 hac
1776 4543 2092 4599 Academia
2123 4527 2168 4592 D
2199 4540 2499 4613 elegantia
2524 4519 2777 4596 studiosi
2800 4555 2928 4594 esse
2958 4554 3024 4594 ac
3050 4519 3232 4593 videri
3289 4519 3521 4602 velint,i
3550 4536 3858 4610 negligere

447 4606 802 4696 tribuerunt,
832 4621 1119 4684 quantum
1153 4621 1396 4677 nemini.
1431 4623 1612 4696 Cujus
1662 4628 1740 4684 rei
1790 4635 2085 4688 auctorem

444 4695 722 4785 idoneum
749 4699 1035 4760 habemus
1093 4708 1402 4781 Georgium
1462 4695 1814 4785 Fabricium,
1877 4719 2087 4776 schola

434 4783 806 4881 Borncriana
839 4792 1166 4864 alumnum,
1201 4800 1301 4869 qui
1331 4803 1596 4858 eamdem
1629 4805 1700 4860 ab
1733 4783 1807 4861 eo?
1832 4807 2089 4881 discipli-

445 4890 532 4964 na
567 4875 811 4964 formam
833 4884 1229 4956 accepit.Nam
1254 4887 1311 4942 in
1343 4889 1607 4962 epistola,
1633 4910 1749 4964 qua
1772 4875 2090 4956 Alexandro

442 4959 959 5041 Martisburgensis
1011 4959 1876 5045 prasulatusﬁadministratori
1927 5002 2090 5040 com-

433 5053 675 5109 mendat
708 5073 922 5131 corpus
958 5067 1256 5132 poetarum
1291 5064 1774 5135 Christianorum,
1809 5070 1923 5126 ait:
1959 5095 1987 5122 «
2021 5077 2090 5128 Se

427 5138 652 5228 Leipsa
684 5148 977 5206 audivisse
1017 5153 1186 5222 Casp.
1241 5152 1582 5221 Bornerum,
1643 5155 1888 5228 hymnos
1946 5165 2090 5216 Pru-

431 5227 618 5285 dentii
650 5233 1132 5308 interpretantem
1157 5240 1558 5296 eruditissime
1585 5260 1599 5298 :
1629 5227 1876 5316 eamque
1897 5246 2091 5304 lectio-

424 5333 560 5375 nem
593 5319 784 5392 illum,
818 5343 851 5380 a
883 5327 1003 5382 viro
1034 5326 1367 5383 clarissimo
1401 5328 1568 5386 Petro
1598 5332 1913 5391 Mosellano
1970 5337 2085 5394 sibi

2200 4629 2546 4702 plerumque
2577 4627 2791 4700 scripla
2817 4627 3194 4699 antiquorum
3219 4624 3489 4682 Ecclesia
3511 4628 3860 4680 Doctorum.

2199 4735 2450 4792 quorum
2484 4716 2652 4772 lectio
2719 4716 3014 4789 egregiam
3072 4715 3398 4772 doctrinam
3455 4712 3856 4784 Ecclesiaque

2199 4806 2403 4864 utilem
2455 4805 2807 4878 suppeditet,
2870 4807 3261 4877 pietatemque
3318 4803 3454 4870 alat,
3480 4803 3650 4874 cujus
3685 4801 3855 4857 haud

2199 4895 2372 4968 paulo
2405 4895 2591 4964 major
2619 4909 2749 4950 esse
2789 4893 3018 4964 debeat,
3071 4909 3248 4965 quam
3301 4891 3624 4962 elegantia,
3685 4907 3859 4946 cura.

2197 4983 2345 5048 Quid
2369 4983 2396 5038 ?
2428 4982 2756 5050 Barthium,
2790 4982 3155 5049 Reinesium,
3192 4981 3486 5047 Rivinum,
3522 4979 3861 5035 Rittershu-

2198 5072 2353 5127 eium
2410 5075 2467 5126 et
2523 5069 2680 5126 haud
2744 5086 2960 5142 paucos
3022 5069 3192 5138 alios,
3245 5070 3346 5142 qui
3399 5068 3546 5124 satis
3585 5067 3863 5139 cognitos

2197 5160 2395 5225 habet,
2422 5159 2562 5231 quin
2595 5160 2762 5227 sciat,
2796 5175 2895 5216 eos
2930 5161 2986 5215 in
3019 5163 3244 5229 catera,
3277 5158 3599 5213 latinarum
3639 5155 3866 5228 impri-

2199 5249 2312 5305 mis
2341 5248 2689 5314 litterarum,
2721 5249 2987 5319 scientia,
3019 5249 3197 5305 etiam
3225 5248 3334 5303 hoc
3375 5262 3562 5320 genus
3611 5244 3868 5316 diligen-

2196 5338 2428 5395 tissime
2461 5341 2760 5406 lractasse,
2795 5337 3046 5394 coluisse
3093 5345 3266 5409 atque
3323 5333 3610 5393 ornasse?
3664 5334 3866 5398 Quam

495 5515 978 5610 Bo‘r‘nero
1035 5523 1209 5580 etiam
1273 5511 1641 5584 Prudentium
1701 5530 1922 5590 editum
1977 5551 2104 5592 esse
2143 5535 2353 5610 Lipsia
2384 5534 2577 5592 discas
2631 5533 2766 5592 licet
2805 5551 2836 5592 e
2865 5539 2930 5591 G.
2968 5533 3214 5592 Fabricii
3252 5534 3549 5590 Comment.
3582 5531 3639 5587 in
3699 5533 3868 5588 Poet.

441 5582 636 5642 Christ.
676 5609 738 5666 p.
777 5594 847 5647 30
876 5593 1005 5652 init.
