  <div class='ocr_page' id='page_1' title='image "/cluster/home/n/w/nwhite01/storage/ocr_20150623/3/hvd.32044073549586/168.png"; bbox 0 0 4064 6154; ppageno 0'>
   <div class='ocr_carea' id='block_1_1' title="bbox 210 324 335 384">
    <p class='ocr_par' dir='ltr' id='par_1_1' title="bbox 210 324 335 384">
     <span class='ocr_line' id='line_1_1' title="bbox 210 324 335 384; baseline 0 0"><span class='ocrx_word' id='word_1_1' title='bbox 210 324 335 384; x_wconf 77' lang='lat'>229</span> 
     </span>
    </p>
   </div>
   <div class='ocr_carea' id='block_1_2' title="bbox 1616 309 2225 378">
    <p class='ocr_par' dir='ltr' id='par_1_2' title="bbox 1616 309 2225 378">
     <span class='ocr_line' id='line_1_2' title="bbox 1616 309 2225 378; baseline -0.002 -2"><span class='ocrx_word' id='word_1_2' title='bbox 1616 309 2225 378; x_wconf 83' lang='lat' dir='ltr'>PROLEGOMENA.</span> 
     </span>
    </p>
   </div>
   <div class='ocr_carea' id='block_1_3' title="bbox 3504 321 3624 384">
    <p class='ocr_par' dir='ltr' id='par_1_3' title="bbox 3504 321 3624 384">
     <span class='ocr_line' id='line_1_3' title="bbox 3504 321 3624 384; baseline 0 -1"><span class='ocrx_word' id='word_1_3' title='bbox 3504 321 3624 384; x_wconf 78' lang='lat'>230</span> 
     </span>
    </p>
   </div>
   <div class='ocr_carea' id='block_1_4' title="bbox 210 446 3623 524">
    <p class='ocr_par' dir='ltr' id='par_1_4' title="bbox 210 446 3623 524">
     <span class='ocr_line' id='line_1_4' title="bbox 210 446 3623 524; baseline 0 -13"><span class='ocrx_word' id='word_1_4' title='bbox 210 455 437 512; x_wconf 90' lang='lat' dir='ltr'>multos</span> <span class='ocrx_word' id='word_1_5' title='bbox 467 453 610 509; x_wconf 90' lang='lat' dir='ltr'>alios</span> <span class='ocrx_word' id='word_1_6' title='bbox 632 453 703 507; x_wconf 94' lang='lat' dir='ltr'>de</span> <span class='ocrx_word' id='word_1_7' title='bbox 728 449 1148 507; x_wconf 90' lang='lat' dir='ltr'>recentioribus</span> <span class='ocrx_word' id='word_1_8' title='bbox 1169 446 1595 506; x_wconf 88' lang='lat' dir='ltr'>litteratoribus</span> <span class='ocrx_word' id='word_1_9' title='bbox 1617 465 1862 522; x_wconf 88' lang='lat' dir='ltr'>possum</span> <span class='ocrx_word' id='word_1_10' title='bbox 1893 451 1947 516; x_wconf 84' lang='grc' dir='ltr'><strong>Α</strong></span> <span class='ocrx_word' id='word_1_11' title='bbox 1977 448 2159 516; x_wconf 90' lang='lat' dir='ltr'>ribus,</span> <span class='ocrx_word' id='word_1_12' title='bbox 2195 465 2228 503; x_wconf 91' lang='lat' dir='ltr'>a</span> <span class='ocrx_word' id='word_1_13' title='bbox 2259 449 2434 504; x_wconf 84' lang='lat' dir='ltr'>rebus</span> <span class='ocrx_word' id='word_1_14' title='bbox 2469 447 2697 519; x_wconf 80' lang='lat' dir='ltr'>magnis</span> <span class='ocrx_word' id='word_1_15' title='bbox 2717 453 2774 504; x_wconf 91' lang='lat' dir='ltr'>et</span> <span class='ocrx_word' id='word_1_16' title='bbox 2799 448 3044 506; x_wconf 83' lang='lat' dir='ltr'>utilibus</span> <span class='ocrx_word' id='word_1_17' title='bbox 3062 453 3130 506; x_wconf 91' lang='lat' dir='ltr'>ad</span> <span class='ocrx_word' id='word_1_18' title='bbox 3155 453 3491 524; x_wconf 84' lang='lat' dir='ltr'>religionem</span> <span class='ocrx_word' id='word_1_19' title='bbox 3515 473 3623 511; x_wconf 84' lang='lat' dir='ltr'>va-</span> 
     </span>
    </p>
   </div>
   <div class='ocr_carea' id='block_1_5' title="bbox 209 539 1858 612">
    <p class='ocr_par' dir='ltr' id='par_1_5' title="bbox 209 539 1858 612">
     <span class='ocr_line' id='line_1_5' title="bbox 209 539 1858 612; baseline -0.003 -13"><span class='ocrx_word' id='word_1_20' title='bbox 209 559 694 606; x_wconf 85' lang='lat' dir='ltr'>commemorare,</span> <span class='ocrx_word' id='word_1_21' title='bbox 716 541 815 612; x_wconf 88' lang='lat' dir='ltr'>qui</span> <span class='ocrx_word' id='word_1_22' title='bbox 845 539 1159 612; x_wconf 86' lang='lat' dir='ltr'>plurimum</span> <span class='ocrx_word' id='word_1_23' title='bbox 1192 539 1328 595; x_wconf 87' lang='lat' dir='ltr'>huic</span> <span class='ocrx_word' id='word_1_24' title='bbox 1358 540 1557 612; x_wconf 79' lang='lat' dir='ltr'>generi</span> <span class='ocrx_word' id='word_1_25' title='bbox 1613 540 1858 611; x_wconf 89' lang='lat' dir='ltr'>scripto-</span> 
     </span>
    </p>
   </div>
   <div class='ocr_carea' id='block_1_6' title="bbox 210 628 1860 704">
    <p class='ocr_par' dir='ltr' id='par_1_6' title="bbox 210 628 1860 704">
     <span class='ocr_line' id='line_1_6' title="bbox 210 628 1860 704; baseline -0.003 -16"><span class='ocrx_word' id='word_1_26' title='bbox 210 652 343 689; x_wconf 86' lang='lat' dir='ltr'>rum</span> <span class='ocrx_word' id='word_1_27' title='bbox 375 632 623 704; x_wconf 90' lang='lat' dir='ltr'>legendo</span> <span class='ocrx_word' id='word_1_28' title='bbox 658 630 1021 685; x_wconf 89' lang='lat' dir='ltr'>tribuerunt:</span> <span class='ocrx_word' id='word_1_29' title='bbox 1055 628 1114 683; x_wconf 91' lang='lat' dir='ltr'>in</span> <span class='ocrx_word' id='word_1_30' title='bbox 1146 629 1239 684; x_wconf 87' lang='lat' dir='ltr'>his</span> <span class='ocrx_word' id='word_1_31' title='bbox 1285 632 1374 684; x_wconf 89' lang='lat' dir='ltr'>Jo.</span> <span class='ocrx_word' id='word_1_32' title='bbox 1435 628 1590 683; x_wconf 87' lang='lat' dir='ltr'>Frid.</span> <span class='ocrx_word' id='word_1_33' title='bbox 1643 628 1860 684; x_wconf 89' lang='lat' dir='ltr'>Grono-</span> 
     </span>
    </p>
   </div>
   <div class='ocr_carea' id='block_1_7' title="bbox 211 716 1857 792">
    <p class='ocr_par' dir='ltr' id='par_1_7' title="bbox 211 716 1857 792">
     <span class='ocr_line' id='line_1_7' title="bbox 211 716 1857 792; baseline -0.003 -16"><span class='ocrx_word' id='word_1_34' title='bbox 211 723 388 792; x_wconf 89' lang='lat' dir='ltr'>vium,</span> <span class='ocrx_word' id='word_1_35' title='bbox 442 737 628 775; x_wconf 90' lang='lat' dir='ltr'>unum</span> <span class='ocrx_word' id='word_1_36' title='bbox 678 718 946 775; x_wconf 91' lang='lat' dir='ltr'>omnium</span> <span class='ocrx_word' id='word_1_37' title='bbox 995 716 1412 790; x_wconf 89' lang='lat' dir='ltr'>elegantissum</span> <span class='ocrx_word' id='word_1_38' title='bbox 1460 717 1857 772; x_wconf 81' lang='lat' dir='ltr'>Romanorum</span> 
     </span>
    </p>
   </div>
   <div class='ocr_carea' id='block_1_8' title="bbox 214 806 1858 882">
    <p class='ocr_par' dir='ltr' id='par_1_8' title="bbox 214 806 1858 882">
     <span class='ocr_line' id='line_1_8' title="bbox 214 806 1858 882; baseline -0.005 -14"><span class='ocrx_word' id='word_1_39' title='bbox 214 811 566 882; x_wconf 89' lang='lat' dir='ltr'>scriptorum</span> <span class='ocrx_word' id='word_1_40' title='bbox 598 809 996 880; x_wconf 82' lang='lat' dir='ltr'>interpretem,</span> <span class='ocrx_word' id='word_1_41' title='bbox 1027 807 1130 878; x_wconf 88' lang='lat' dir='ltr'>qui</span> <span class='ocrx_word' id='word_1_42' title='bbox 1152 823 1265 863; x_wconf 92' lang='lat' dir='ltr'>non</span> <span class='ocrx_word' id='word_1_43' title='bbox 1299 806 1496 862; x_wconf 91' lang='lat' dir='ltr'>minus</span> <span class='ocrx_word' id='word_1_44' title='bbox 1529 806 1697 862; x_wconf 90' lang='lat' dir='ltr'>bonis</span> <span class='ocrx_word' id='word_1_45' title='bbox 1757 806 1858 860; x_wconf 85' lang='lat' dir='ltr'>ob-</span> 
     </span>
    </p>
   </div>
   <div class='ocr_carea' id='block_1_9' title="bbox 214 894 1860 968">
    <p class='ocr_par' dir='ltr' id='par_1_9' title="bbox 214 894 1860 968">
     <span class='ocr_line' id='line_1_9' title="bbox 214 894 1860 968; baseline -0.004 -11"><span class='ocrx_word' id='word_1_46' title='bbox 214 899 646 957; x_wconf 84' lang='lat' dir='ltr'>servationibus</span> <span class='ocrx_word' id='word_1_47' title='bbox 727 896 998 968; x_wconf 88' lang='lat' dir='ltr'>antiquos</span> <span class='ocrx_word' id='word_1_48' title='bbox 1060 895 1378 968; x_wconf 90' lang='lat' dir='ltr'>scriptores</span> <span class='ocrx_word' id='word_1_49' title='bbox 1435 894 1860 951; x_wconf 90' lang='lat' dir='ltr'>ecclesiasticos</span> 
     </span>
    </p>
   </div>
   <div class='ocr_carea' id='block_1_10' title="bbox 212 984 1572 1057">
    <p class='ocr_par' dir='ltr' id='par_1_10' title="bbox 212 984 1572 1057">
     <span class='ocr_line' id='line_1_10' title="bbox 212 984 1572 1057; baseline -0.004 -12"><span class='ocrx_word' id='word_1_50' title='bbox 212 987 531 1046; x_wconf 81' lang='lat' dir='ltr'>illustravit</span> <span class='ocrx_word' id='word_1_51' title='bbox 582 991 638 1042; x_wconf 92' lang='lat' dir='ltr'>et</span> <span class='ocrx_word' id='word_1_52' title='bbox 685 985 1012 1057; x_wconf 83' lang='lat' dir='ltr'>castigavit,</span> <span class='ocrx_word' id='word_1_53' title='bbox 1047 1001 1225 1056; x_wconf 89' lang='lat' dir='ltr'>quam</span> <span class='ocrx_word' id='word_1_54' title='bbox 1257 984 1572 1040; x_wconf 84' lang='lat' dir='ltr'>Romanos.</span> 
     </span>
    </p>
   </div>
   <div class='ocr_carea' id='block_1_11' title="bbox 283 1088 1860 1162">
    <p class='ocr_par' dir='ltr' id='par_1_11' title="bbox 283 1088 1860 1162">
     <span class='ocr_line' id='line_1_11' title="bbox 283 1088 1860 1162; baseline -0.003 -13"><span class='ocrx_word' id='word_1_55' title='bbox 283 1096 426 1149; x_wconf 84' lang='lat' dir='ltr'>Eam</span> <span class='ocrx_word' id='word_1_56' title='bbox 459 1097 655 1150; x_wconf 89' lang='lat' dir='ltr'>autem</span> <span class='ocrx_word' id='word_1_57' title='bbox 688 1091 973 1147; x_wconf 90' lang='lat' dir='ltr'>rationem</span> <span class='ocrx_word' id='word_1_58' title='bbox 996 1089 1214 1146; x_wconf 87' lang='lat' dir='ltr'>multas</span> <span class='ocrx_word' id='word_1_59' title='bbox 1233 1094 1290 1146; x_wconf 90' lang='lat' dir='ltr'>et</span> <span class='ocrx_word' id='word_1_60' title='bbox 1311 1105 1558 1162; x_wconf 87' lang='lat' dir='ltr'>magnas</span> <span class='ocrx_word' id='word_1_61' title='bbox 1577 1088 1860 1144; x_wconf 88' lang='lat' dir='ltr'>utilitates</span> 
     </span>
    </p>
   </div>
   <div class='ocr_carea' id='block_1_12' title="bbox 210 1169 1861 1253">
    <p class='ocr_par' dir='ltr' id='par_1_12' title="bbox 210 1169 1861 1253">
     <span class='ocr_line' id='line_1_12' title="bbox 210 1169 1861 1253; baseline -0.004 -15"><span class='ocrx_word' id='word_1_62' title='bbox 210 1184 449 1246; x_wconf 87' lang='lat' dir='ltr'>habere,</span> <span class='ocrx_word' id='word_1_63' title='bbox 482 1180 805 1253; x_wconf 90' lang='lat' dir='ltr'>plurimum</span> <span class='ocrx_word' id='word_1_64' title='bbox 837 1179 1014 1235; x_wconf 90' lang='lat' dir='ltr'>etiam</span> <span class='ocrx_word' id='word_1_65' title='bbox 1044 1169 1448 1235; x_wconf 80' lang='lat' dir='ltr'>delectationis</span> <span class='ocrx_word' id='word_1_66' title='bbox 1496 1195 1612 1234; x_wconf 90' lang='lat' dir='ltr'>non</span> <span class='ocrx_word' id='word_1_67' title='bbox 1674 1177 1861 1232; x_wconf 89' lang='lat' dir='ltr'>illibe-</span> 
     </span>
    </p>
   </div>
   <div class='ocr_carea' id='block_1_13' title="bbox 209 1265 1862 1340">
    <p class='ocr_par' dir='ltr' id='par_1_13' title="bbox 209 1265 1862 1340">
     <span class='ocr_line' id='line_1_13' title="bbox 209 1265 1862 1340; baseline -0.004 -12"><span class='ocrx_word' id='word_1_68' title='bbox 209 1272 372 1340; x_wconf 83' lang='lat' dir='ltr'>ralis,</span> <span class='ocrx_word' id='word_1_69' title='bbox 406 1270 575 1326; x_wconf 78' lang='lat' dir='ltr'>facile</span> <span class='ocrx_word' id='word_1_70' title='bbox 604 1269 797 1326; x_wconf 91' lang='lat' dir='ltr'>doceri</span> <span class='ocrx_word' id='word_1_71' title='bbox 830 1272 1037 1340; x_wconf 85' lang='lat' dir='ltr'>potest.</span> <span class='ocrx_word' id='word_1_72' title='bbox 1071 1271 1144 1323; x_wconf 83' lang='lat' dir='ltr'>Ac</span> <span class='ocrx_word' id='word_1_73' title='bbox 1175 1267 1454 1340; x_wconf 92' lang='lat' dir='ltr'>primum,</span> <span class='ocrx_word' id='word_1_74' title='bbox 1494 1268 1648 1337; x_wconf 87' lang='lat' dir='ltr'>quod</span> <span class='ocrx_word' id='word_1_75' title='bbox 1701 1265 1862 1321; x_wconf 90' lang='lat' dir='ltr'>litte-</span> 
     </span>
    </p>
   </div>
   <div class='ocr_carea' id='block_1_14' title="bbox 206 1355 1862 1417">
    <p class='ocr_par' dir='ltr' id='par_1_14' title="bbox 206 1355 1862 1417">
     <span class='ocr_line' id='line_1_14' title="bbox 206 1355 1862 1417; baseline -0.004 0"><span class='ocrx_word' id='word_1_76' title='bbox 206 1377 413 1417; x_wconf 86' lang='lat' dir='ltr'>rarum</span> <span class='ocrx_word' id='word_1_77' title='bbox 465 1361 796 1416; x_wconf 83' lang='lat' dir='ltr'>Gracarum</span> <span class='ocrx_word' id='word_1_78' title='bbox 855 1362 911 1414; x_wconf 90' lang='lat' dir='ltr'>et</span> <span class='ocrx_word' id='word_1_79' title='bbox 979 1358 1317 1412; x_wconf 90' lang='lat' dir='ltr'>Latinarum</span> <span class='ocrx_word' id='word_1_80' title='bbox 1374 1355 1862 1411; x_wconf 86' lang='lat' dir='ltr'>instaurationem</span> 
     </span>
    </p>
   </div>
   <div class='ocr_carea' id='block_1_15' title="bbox 207 1444 1864 1524">
    <p class='ocr_par' dir='ltr' id='par_1_15' title="bbox 207 1444 1864 1524">
     <span class='ocr_line' id='line_1_15' title="bbox 207 1444 1864 1524; baseline -0.003 -19"><span class='ocrx_word' id='word_1_81' title='bbox 207 1450 511 1524; x_wconf 74' lang='lat' dir='ltr'>promisse</span> <span class='ocrx_word' id='word_1_82' title='bbox 543 1451 612 1504; x_wconf 89' lang='lat' dir='ltr'>ad</span> <span class='ocrx_word' id='word_1_83' title='bbox 647 1447 1093 1504; x_wconf 87' lang='lat' dir='ltr'>instaurandam</span> <span class='ocrx_word' id='word_1_84' title='bbox 1129 1445 1402 1502; x_wconf 92' lang='lat' dir='ltr'>doctrina</span> <span class='ocrx_word' id='word_1_85' title='bbox 1433 1462 1610 1501; x_wconf 89' lang='lat' dir='ltr'>sacra</span> <span class='ocrx_word' id='word_1_86' title='bbox 1642 1444 1864 1516; x_wconf 89' lang='lat' dir='ltr'>purita-</span> 
     </span>
    </p>
   </div>
   <div class='ocr_carea' id='block_1_16' title="bbox 202 1533 1865 1609">
    <p class='ocr_par' dir='ltr' id='par_1_16' title="bbox 202 1533 1865 1609">
     <span class='ocr_line' id='line_1_16' title="bbox 202 1533 1865 1609; baseline -0.004 -15"><span class='ocrx_word' id='word_1_87' title='bbox 202 1548 324 1595; x_wconf 87' lang='lat' dir='ltr'>tem</span> <span class='ocrx_word' id='word_1_88' title='bbox 351 1544 419 1594; x_wconf 90' lang='lat' dir='ltr'>at</span> <span class='ocrx_word' id='word_1_89' title='bbox 447 1539 867 1609; x_wconf 84' lang='lat' dir='ltr'>integritatem,</span> <span class='ocrx_word' id='word_1_90' title='bbox 902 1553 1020 1592; x_wconf 90' lang='lat' dir='ltr'>una</span> <span class='ocrx_word' id='word_1_91' title='bbox 1048 1540 1105 1591; x_wconf 90' lang='lat' dir='ltr'>et</span> <span class='ocrx_word' id='word_1_92' title='bbox 1133 1535 1530 1591; x_wconf 89' lang='lat' dir='ltr'>consentiente</span> <span class='ocrx_word' id='word_1_93' title='bbox 1561 1551 1716 1604; x_wconf 89' lang='lat' dir='ltr'>voce,</span> <span class='ocrx_word' id='word_1_94' title='bbox 1766 1533 1865 1589; x_wconf 93' lang='lat' dir='ltr'>lit-</span> 
     </span>
    </p>
   </div>
   <div class='ocr_carea' id='block_1_17' title="bbox 203 1623 1866 1699">
    <p class='ocr_par' dir='ltr' id='par_1_17' title="bbox 203 1623 1866 1699">
     <span class='ocr_line' id='line_1_17' title="bbox 203 1623 1866 1699; baseline -0.005 -14"><span class='ocrx_word' id='word_1_95' title='bbox 203 1635 495 1685; x_wconf 86' lang='lat' dir='ltr'>teratores</span> <span class='ocrx_word' id='word_1_96' title='bbox 527 1627 742 1699; x_wconf 86' lang='lat' dir='ltr'>pariter</span> <span class='ocrx_word' id='word_1_97' title='bbox 770 1631 938 1697; x_wconf 86' lang='lat' dir='ltr'>atque</span> <span class='ocrx_word' id='word_1_98' title='bbox 970 1624 1223 1696; x_wconf 86' lang='lat' dir='ltr'>theologi</span> <span class='ocrx_word' id='word_1_99' title='bbox 1259 1624 1470 1680; x_wconf 85' lang='lat' dir='ltr'>eruditi</span> <span class='ocrx_word' id='word_1_100' title='bbox 1529 1623 1866 1696; x_wconf 83' lang='lat' dir='ltr'>pradicant,</span> 
     </span>
    </p>
   </div>
   <div class='ocr_carea' id='block_1_18' title="bbox 205 1713 1865 1790">
    <p class='ocr_par' dir='ltr' id='par_1_18' title="bbox 205 1713 1865 1790">
     <span class='ocr_line' id='line_1_18' title="bbox 205 1713 1865 1790; baseline -0.004 -18"><span class='ocrx_word' id='word_1_101' title='bbox 205 1719 262 1773; x_wconf 92' lang='lat' dir='ltr'>id</span> <span class='ocrx_word' id='word_1_102' title='bbox 287 1719 555 1790; x_wconf 82' lang='lat' dir='ltr'>profecto</span> <span class='ocrx_word' id='word_1_103' title='bbox 588 1717 696 1771; x_wconf 91' lang='lat' dir='ltr'>hac</span> <span class='ocrx_word' id='word_1_104' title='bbox 727 1715 976 1770; x_wconf 81' lang='lat' dir='ltr'>maxime</span> <span class='ocrx_word' id='word_1_105' title='bbox 1033 1715 1102 1770; x_wconf 91' lang='lat' dir='ltr'>de</span> <span class='ocrx_word' id='word_1_106' title='bbox 1169 1731 1346 1770; x_wconf 82' lang='lat' dir='ltr'>causa</span> <span class='ocrx_word' id='word_1_107' title='bbox 1394 1713 1658 1786; x_wconf 81' lang='lat' dir='ltr'>contigit,</span> <span class='ocrx_word' id='word_1_108' title='bbox 1711 1713 1865 1784; x_wconf 92' lang='lat' dir='ltr'>quod</span> 
     </span>
    </p>
   </div>
   <div class='ocr_carea' id='block_1_19' title="bbox 1970 539 3622 616">
    <p class='ocr_par' dir='ltr' id='par_1_19' title="bbox 1970 539 3622 616">
     <span class='ocr_line' id='line_1_19' title="bbox 1970 539 3622 616; baseline 0.005 -24"><span class='ocrx_word' id='word_1_109' title='bbox 1970 554 2108 593; x_wconf 89' lang='lat' dir='ltr'>cuas</span> <span class='ocrx_word' id='word_1_110' title='bbox 2139 555 2288 603; x_wconf 89' lang='lat' dir='ltr'>esse,</span> <span class='ocrx_word' id='word_1_111' title='bbox 2321 554 2568 610; x_wconf 85' lang='lat' dir='ltr'>eamque</span> <span class='ocrx_word' id='word_1_112' title='bbox 2593 539 2664 593; x_wconf 94' lang='lat' dir='ltr'>ob</span> <span class='ocrx_word' id='word_1_113' title='bbox 2697 555 2938 594; x_wconf 82' lang='lat' dir='ltr'>causam</span> <span class='ocrx_word' id='word_1_114' title='bbox 2973 541 3228 610; x_wconf 91' lang='lat' dir='ltr'>inutiles,</span> <span class='ocrx_word' id='word_1_115' title='bbox 3264 559 3370 598; x_wconf 92' lang='lat' dir='ltr'>nec</span> <span class='ocrx_word' id='word_1_116' title='bbox 3414 544 3622 616; x_wconf 77' lang='lat' dir='ltr'>dignas</span> 
     </span>
    </p>
   </div>
   <div class='ocr_carea' id='block_1_20' title="bbox 1970 626 3621 698">
    <p class='ocr_par' dir='ltr' id='par_1_20' title="bbox 1970 626 3621 698">
     <span class='ocr_line' id='line_1_20' title="bbox 1970 626 3621 698; baseline 0.005 -16"><span class='ocrx_word' id='word_1_117' title='bbox 1970 627 2164 682; x_wconf 87' lang='lat' dir='ltr'>studio</span> <span class='ocrx_word' id='word_1_118' title='bbox 2189 626 2542 698; x_wconf 90' lang='lat' dir='ltr'>juventutis,</span> <span class='ocrx_word' id='word_1_119' title='bbox 2575 628 3032 698; x_wconf 89' lang='lat' dir='ltr'>quodjactatum</span> <span class='ocrx_word' id='word_1_120' title='bbox 3055 631 3229 686; x_wconf 90' lang='lat' dir='ltr'>etiam</span> <span class='ocrx_word' id='word_1_121' title='bbox 3249 631 3308 687; x_wconf 95' lang='lat' dir='ltr'>in</span> <span class='ocrx_word' id='word_1_122' title='bbox 3338 632 3445 688; x_wconf 88' lang='lat' dir='ltr'>hac</span> <span class='ocrx_word' id='word_1_123' title='bbox 3475 636 3621 690; x_wconf 89' lang='lat' dir='ltr'>Aca-</span> 
     </span>
    </p>
   </div>
   <div class='ocr_carea' id='block_1_21' title="bbox 1969 715 3621 792">
    <p class='ocr_par' dir='ltr' id='par_1_21' title="bbox 1969 715 3621 792">
     <span class='ocr_line' id='line_1_21' title="bbox 1969 715 3621 792; baseline 0.005 -22"><span class='ocrx_word' id='word_1_124' title='bbox 1969 715 2161 771; x_wconf 92' lang='lat' dir='ltr'>demia</span> <span class='ocrx_word' id='word_1_125' title='bbox 2191 715 2462 784; x_wconf 87' lang='lat' dir='ltr'>traditur,</span> <span class='ocrx_word' id='word_1_126' title='bbox 2498 732 2632 770; x_wconf 90' lang='lat' dir='ltr'>cum</span> <span class='ocrx_word' id='word_1_127' title='bbox 2666 716 2924 788; x_wconf 84' lang='lat' dir='ltr'>Rhagius</span> <span class='ocrx_word' id='word_1_128' title='bbox 2963 719 3456 792; x_wconf 67' lang='lat' dir='ltr'>{Esticamplanus</span> <span class='ocrx_word' id='word_1_129' title='bbox 3521 739 3621 778; x_wconf 89' lang='lat' dir='ltr'>eas</span> 
     </span>
    </p>
   </div>
   <div class='ocr_carea' id='block_1_22' title="bbox 1969 804 3621 880">
    <p class='ocr_par' dir='ltr' id='par_1_22' title="bbox 1969 804 3621 880">
     <span class='ocr_line' id='line_1_22' title="bbox 1969 804 3621 880; baseline 0.005 -22"><span class='ocrx_word' id='word_1_130' title='bbox 1969 804 2176 860; x_wconf 88' lang='lat' dir='ltr'>docere</span> <span class='ocrx_word' id='word_1_131' title='bbox 2234 804 2524 876; x_wconf 75' lang='lat' dir='ltr'>capisset,</span> <span class='ocrx_word' id='word_1_132' title='bbox 2562 805 2790 860; x_wconf 89' lang='lat' dir='ltr'>Andrea</span> <span class='ocrx_word' id='word_1_133' title='bbox 2812 805 3096 863; x_wconf 91' lang='lat' dir='ltr'>Delitiano</span> <span class='ocrx_word' id='word_1_134' title='bbox 3116 825 3246 863; x_wconf 88' lang='lat' dir='ltr'>eum</span> <span class='ocrx_word' id='word_1_135' title='bbox 3267 811 3536 880; x_wconf 85' lang='lat' dir='ltr'>quintam</span> <span class='ocrx_word' id='word_1_136' title='bbox 3559 813 3621 867; x_wconf 91' lang='lat' dir='ltr'>in</span> 
     </span>
    </p>
   </div>
   <div class='ocr_carea' id='block_1_23' title="bbox 1969 893 3620 974">
    <p class='ocr_par' dir='ltr' id='par_1_23' title="bbox 1969 893 3620 974">
     <span class='ocr_line' id='line_1_23' title="bbox 1969 893 3620 974; baseline 0.007 -27"><span class='ocrx_word' id='word_1_137' title='bbox 1969 909 2144 948; x_wconf 90' lang='lat' dir='ltr'>curru</span> <span class='ocrx_word' id='word_1_138' title='bbox 2203 901 2389 948; x_wconf 84' lang='lat' dir='ltr'>rotam</span> <span class='ocrx_word' id='word_1_139' title='bbox 2450 897 2706 960; x_wconf 86' lang='lat' dir='ltr'>vocante,</span> <span class='ocrx_word' id='word_1_140' title='bbox 2757 910 2822 949; x_wconf 91' lang='lat' dir='ltr'>os</span> <span class='ocrx_word' id='word_1_141' title='bbox 2853 893 2924 950; x_wconf 93' lang='lat' dir='ltr'>iis</span> <span class='ocrx_word' id='word_1_142' title='bbox 2951 896 3288 954; x_wconf 88' lang='lat' dir='ltr'>obturatum</span> <span class='ocrx_word' id='word_1_143' title='bbox 3339 904 3428 956; x_wconf 92' lang='lat' dir='ltr'>est</span> <span class='ocrx_word' id='word_1_144' title='bbox 3469 905 3620 974; x_wconf 90' lang='lat' dir='ltr'>tum,</span> 
     </span>
    </p>
   </div>
   <div class='ocr_carea' id='block_1_24' title="bbox 1971 981 3619 1054">
    <p class='ocr_par' dir='ltr' id='par_1_24' title="bbox 1971 981 3619 1054">
     <span class='ocr_line' id='line_1_24' title="bbox 1971 981 3619 1054; baseline 0.005 -17"><span class='ocrx_word' id='word_1_145' title='bbox 1971 998 2105 1037; x_wconf 91' lang='lat' dir='ltr'>cum</span> <span class='ocrx_word' id='word_1_146' title='bbox 2137 998 2216 1038; x_wconf 90' lang='lat' dir='ltr'>ea</span> <span class='ocrx_word' id='word_1_147' title='bbox 2247 981 2452 1037; x_wconf 83' lang='lat' dir='ltr'>littera</span> <span class='ocrx_word' id='word_1_148' title='bbox 2484 983 2555 1037; x_wconf 88' lang='lat' dir='ltr'>ad</span> <span class='ocrx_word' id='word_1_149' title='bbox 2589 999 2886 1038; x_wconf 90' lang='lat' dir='ltr'>sacrorum</span> <span class='ocrx_word' id='word_1_150' title='bbox 2930 983 3262 1054; x_wconf 90' lang='lat' dir='ltr'>Librorum,</span> <span class='ocrx_word' id='word_1_151' title='bbox 3293 989 3365 1043; x_wconf 88' lang='lat' dir='ltr'>ad</span> <span class='ocrx_word' id='word_1_152' title='bbox 3425 991 3619 1047; x_wconf 89' lang='lat' dir='ltr'>Eccle-</span> 
     </span>
    </p>
   </div>
   <div class='ocr_carea' id='block_1_25' title="bbox 1970 1070 3622 1148">
    <p class='ocr_par' dir='ltr' id='par_1_25' title="bbox 1970 1070 3622 1148">
     <span class='ocr_line' id='line_1_25' title="bbox 1970 1070 3622 1148; baseline 0.004 -20"><span class='ocrx_word' id='word_1_153' title='bbox 1970 1072 2074 1128; x_wconf 85' lang='lat' dir='ltr'>sia</span> <span class='ocrx_word' id='word_1_154' title='bbox 2104 1071 2337 1127; x_wconf 88' lang='lat' dir='ltr'>Patrum</span> <span class='ocrx_word' id='word_1_155' title='bbox 2364 1070 2813 1144; x_wconf 80' lang='lat' dir='ltr'>intelligentiam</span> <span class='ocrx_word' id='word_1_156' title='bbox 2836 1073 3132 1129; x_wconf 86' lang='lat' dir='ltr'>translata</span> <span class='ocrx_word' id='word_1_157' title='bbox 3177 1080 3391 1148; x_wconf 81' lang='lat' dir='ltr'>essent,</span> <span class='ocrx_word' id='word_1_158' title='bbox 3446 1078 3622 1136; x_wconf 89' lang='lat' dir='ltr'>intel-</span> 
     </span>
    </p>
   </div>
   <div class='ocr_carea' id='block_1_26' title="bbox 1971 1160 3621 1234">
    <p class='ocr_par' dir='ltr' id='par_1_26' title="bbox 1971 1160 3621 1234">
     <span class='ocr_line' id='line_1_26' title="bbox 1971 1160 3621 1234; baseline 0.006 -19"><span class='ocrx_word' id='word_1_159' title='bbox 1971 1160 2386 1234; x_wconf 88' lang='lat' dir='ltr'>ligereturque,</span> <span class='ocrx_word' id='word_1_160' title='bbox 2423 1177 2526 1233; x_wconf 90' lang='lat' dir='ltr'>per</span> <span class='ocrx_word' id='word_1_161' title='bbox 2550 1175 2649 1216; x_wconf 89' lang='lat' dir='ltr'>eas</span> <span class='ocrx_word' id='word_1_162' title='bbox 2679 1161 2902 1217; x_wconf 86' lang='lat' dir='ltr'>aditum</span> <span class='ocrx_word' id='word_1_163' title='bbox 2935 1163 3060 1218; x_wconf 89' lang='lat' dir='ltr'>dari</span> <span class='ocrx_word' id='word_1_164' title='bbox 3093 1165 3163 1219; x_wconf 88' lang='lat' dir='ltr'>ad</span> <span class='ocrx_word' id='word_1_165' title='bbox 3194 1182 3390 1221; x_wconf 86' lang='lat' dir='ltr'>veram</span> <span class='ocrx_word' id='word_1_166' title='bbox 3423 1184 3621 1225; x_wconf 90' lang='lat' dir='ltr'>sacro-</span> 
     </span>
    </p>
   </div>
   <div class='ocr_carea' id='block_1_27' title="bbox 1972 1249 3625 1322">
    <p class='ocr_par' dir='ltr' id='par_1_27' title="bbox 1972 1249 3625 1322">
     <span class='ocr_line' id='line_1_27' title="bbox 1972 1249 3625 1322; baseline 0.006 -18"><span class='ocrx_word' id='word_1_167' title='bbox 1972 1265 2104 1304; x_wconf 92' lang='lat' dir='ltr'>rum</span> <span class='ocrx_word' id='word_1_168' title='bbox 2135 1249 2441 1305; x_wconf 91' lang='lat' dir='ltr'>Librorum</span> <span class='ocrx_word' id='word_1_169' title='bbox 2469 1250 3004 1322; x_wconf 87' lang='lat' dir='ltr'>interpretationem</span> <span class='ocrx_word' id='word_1_170' title='bbox 3038 1257 3095 1308; x_wconf 88' lang='lat' dir='ltr'>et</span> <span class='ocrx_word' id='word_1_171' title='bbox 3123 1254 3194 1309; x_wconf 89' lang='lat' dir='ltr'>ad</span> <span class='ocrx_word' id='word_1_172' title='bbox 3241 1271 3436 1311; x_wconf 88' lang='lat' dir='ltr'>veram</span> <span class='ocrx_word' id='word_1_173' title='bbox 3459 1257 3625 1314; x_wconf 85' lang='lat' dir='ltr'>theo-</span> 
     </span>
    </p>
   </div>
   <div class='ocr_carea' id='block_1_28' title="bbox 1970 1337 3624 1419">
    <p class='ocr_par' dir='ltr' id='par_1_28' title="bbox 1970 1337 3624 1419">
     <span class='ocr_line' id='line_1_28' title="bbox 1970 1337 3624 1419; baseline 0.007 -27"><span class='ocrx_word' id='word_1_174' title='bbox 1970 1337 2137 1410; x_wconf 88' lang='lat' dir='ltr'>logia</span> <span class='ocrx_word' id='word_1_175' title='bbox 2163 1337 2490 1395; x_wconf 87' lang='lat' dir='ltr'>scientiam.</span> <span class='ocrx_word' id='word_1_176' title='bbox 2514 1341 2858 1411; x_wconf 85' lang='lat' dir='ltr'>ltaquecum</span> <span class='ocrx_word' id='word_1_177' title='bbox 2878 1344 2939 1396; x_wconf 90' lang='lat' dir='ltr'>P.</span> <span class='ocrx_word' id='word_1_178' title='bbox 2966 1341 3317 1400; x_wconf 89' lang='lat' dir='ltr'>Mosellanus</span> <span class='ocrx_word' id='word_1_179' title='bbox 3339 1343 3624 1419; x_wconf 89' lang='lat' dir='ltr'>interpre-</span> 
     </span>
    </p>
   </div>
   <div class='ocr_carea' id='block_1_29' title="bbox 1973 1427 3632 1504">
    <p class='ocr_par' dir='ltr' id='par_1_29' title="bbox 1973 1427 3632 1504">
     <span class='ocr_line' id='line_1_29' title="bbox 1973 1427 3632 1504; baseline 0.006 -22"><span class='ocrx_word' id='word_1_180' title='bbox 1973 1427 2083 1482; x_wconf 86' lang='lat' dir='ltr'>tari</span> <span class='ocrx_word' id='word_1_181' title='bbox 2116 1427 2384 1500; x_wconf 89' lang='lat' dir='ltr'>capisset</span> <span class='ocrx_word' id='word_1_182' title='bbox 2413 1427 2701 1500; x_wconf 87' lang='lat' dir='ltr'>Epistolas</span> <span class='ocrx_word' id='word_1_183' title='bbox 2737 1428 2922 1498; x_wconf 87' lang='lat' dir='ltr'>Pauli,</span> <span class='ocrx_word' id='word_1_184' title='bbox 2964 1429 3022 1485; x_wconf 93' lang='lat' dir='ltr'>in</span> <span class='ocrx_word' id='word_1_185' title='bbox 3055 1448 3170 1504; x_wconf 91' lang='lat' dir='ltr'>quo</span> <span class='ocrx_word' id='word_1_186' title='bbox 3228 1435 3500 1502; x_wconf 81' lang='lat' dir='ltr'>maxime,</span> <span class='ocrx_word' id='word_1_187' title='bbox 3559 1440 3632 1492; x_wconf 90' lang='lat' dir='ltr'>ut</span> 
     </span>
    </p>
   </div>
   <div class='ocr_carea' id='block_1_30' title="bbox 1973 1519 3622 1589">
    <p class='ocr_par' dir='ltr' id='par_1_30' title="bbox 1973 1519 3622 1589">
     <span class='ocr_line' id='line_1_30' title="bbox 1973 1519 3622 1589; baseline 0.005 -17"><span class='ocrx_word' id='word_1_188' title='bbox 1973 1519 2100 1572; x_wconf 89' lang='lat' dir='ltr'>tum</span> <span class='ocrx_word' id='word_1_189' title='bbox 2134 1520 2297 1572; x_wconf 88' lang='lat' dir='ltr'>erant</span> <span class='ocrx_word' id='word_1_190' title='bbox 2326 1521 2610 1589; x_wconf 85' lang='lat' dir='ltr'>tempora,</span> <span class='ocrx_word' id='word_1_191' title='bbox 2651 1519 3035 1589; x_wconf 82' lang='lat' dir='ltr'>adjuvabatur</span> <span class='ocrx_word' id='word_1_192' title='bbox 3092 1525 3326 1578; x_wconf 86' lang='lat' dir='ltr'>Patrum</span> <span class='ocrx_word' id='word_1_193' title='bbox 3395 1524 3622 1581; x_wconf 88' lang='lat' dir='ltr'>Graco-</span> 
     </span>
    </p>
   </div>
   <div class='ocr_carea' id='block_1_31' title="bbox 1976 1605 3631 1684">
    <p class='ocr_par' dir='ltr' id='par_1_31' title="bbox 1976 1605 3631 1684">
     <span class='ocr_line' id='line_1_31' title="bbox 1976 1605 3631 1684; baseline 0.005 -24"><span class='ocrx_word' id='word_1_194' title='bbox 1976 1622 2107 1660; x_wconf 91' lang='lat' dir='ltr'>rum</span> <span class='ocrx_word' id='word_1_195' title='bbox 2137 1610 2194 1660; x_wconf 92' lang='lat' dir='ltr'>ct</span> <span class='ocrx_word' id='word_1_196' title='bbox 2217 1605 2552 1662; x_wconf 88' lang='lat' dir='ltr'>Latinorum</span> <span class='ocrx_word' id='word_1_197' title='bbox 2582 1607 2848 1675; x_wconf 92' lang='lat' dir='ltr'>lectione,</span> <span class='ocrx_word' id='word_1_198' title='bbox 2883 1609 3028 1664; x_wconf 90' lang='lat' dir='ltr'>tanti</span> <span class='ocrx_word' id='word_1_199' title='bbox 3061 1627 3383 1668; x_wconf 91' lang='lat' dir='ltr'>concursus</span> <span class='ocrx_word' id='word_1_200' title='bbox 3411 1613 3631 1684; x_wconf 87' lang='lat' dir='ltr'>juven-</span> 
     </span>
    </p>
   </div>
   <div class='ocr_carea' id='block_1_32' title="bbox 1976 1695 3633 1771">
    <p class='ocr_par' dir='ltr' id='par_1_32' title="bbox 1976 1695 3633 1771">
     <span class='ocr_line' id='line_1_32' title="bbox 1976 1695 3633 1771; baseline 0.005 -23"><span class='ocrx_word' id='word_1_201' title='bbox 1976 1695 2118 1749; x_wconf 91' lang='lat' dir='ltr'>tutis</span> <span class='ocrx_word' id='word_1_202' title='bbox 2150 1699 2289 1750; x_wconf 89' lang='lat' dir='ltr'>sunt</span> <span class='ocrx_word' id='word_1_203' title='bbox 2311 1695 2467 1760; x_wconf 86' lang='lat' dir='ltr'>facti,</span> <span class='ocrx_word' id='word_1_204' title='bbox 2493 1699 2548 1750; x_wconf 89' lang='lat' dir='ltr'>et</span> <span class='ocrx_word' id='word_1_205' title='bbox 2581 1696 2650 1751; x_wconf 90' lang='lat' dir='ltr'>ad</span> <span class='ocrx_word' id='word_1_206' title='bbox 2678 1695 2810 1751; x_wconf 91' lang='lat' dir='ltr'>illas</span> <span class='ocrx_word' id='word_1_207' title='bbox 2832 1697 3013 1768; x_wconf 90' lang='lat' dir='ltr'>ipsas,</span> <span class='ocrx_word' id='word_1_208' title='bbox 3046 1702 3102 1753; x_wconf 90' lang='lat' dir='ltr'>et</span> <span class='ocrx_word' id='word_1_209' title='bbox 3127 1700 3198 1753; x_wconf 88' lang='lat' dir='ltr'>ad</span> <span class='ocrx_word' id='word_1_210' title='bbox 3233 1705 3470 1756; x_wconf 83' lang='lat' dir='ltr'>cateras</span> <span class='ocrx_word' id='word_1_211' title='bbox 3501 1702 3633 1771; x_wconf 89' lang='lat' dir='ltr'>ejus</span> 
     </span>
    </p>
   </div>
   <div class='ocr_carea' id='block_1_33' title="bbox 204 1784 3638 1899">
    <p class='ocr_par' dir='ltr' id='par_1_33' title="bbox 204 1784 3638 1899">
     <span class='ocr_line' id='line_1_33' title="bbox 204 1784 3638 1899; baseline -0.002 -36"><span class='ocrx_word' id='word_1_212' title='bbox 204 1784 414 1863; x_wconf 70' lang='lat' dir='ltr'>earum</span> <span class='ocrx_word' id='word_1_213' title='bbox 439 1806 775 1861; x_wconf 86' lang='lat' dir='ltr'>litterarum</span> <span class='ocrx_word' id='word_1_214' title='bbox 807 1805 1069 1860; x_wconf 76' lang='lat' dir='ltr'>studium</span> <span class='ocrx_word' id='word_1_215' title='bbox 1127 1804 1274 1859; x_wconf 75' lang='lat'>221</span> <span class='ocrx_word' id='word_1_216' title='bbox 1338 1819 1474 1857; x_wconf 90' lang='lat' dir='ltr'>cum</span> <span class='ocrx_word' id='word_1_217' title='bbox 1531 1784 1864 1857; x_wconf 80' lang='lat' dir='ltr'>divinorum</span> <span class='ocrx_word' id='word_1_218' title='bbox 1898 1834 1944 1899; x_wconf 84' lang='lat' dir='ltr'><strong>B</strong></span> <span class='ocrx_word' id='word_1_219' title='bbox 1976 1784 2256 1839; x_wconf 64' lang='grc' dir='ltr'>Ῑοοίίοηθε</span> <span class='ocrx_word' id='word_1_220' title='bbox 2287 1790 2352 1838; x_wconf 67' lang='grc' dir='ltr'>ιη</span> <span class='ocrx_word' id='word_1_221' title='bbox 2374 1785 2499 1899; x_wconf 61' lang='grc' dir='ltr'>,ἱξτη</span> <span class='ocrx_word' id='word_1_222' title='bbox 2531 1785 2662 1838; x_wconf 61' lang='grc' dir='ltr'>νίοῑῖ</span> <span class='ocrx_word' id='word_1_223' title='bbox 2713 1786 2996 1899; x_wconf 40' lang='lat' dir='ltr'>item“,</span> <span class='ocrx_word' id='word_1_224' title='bbox 3040 1788 3139 1858; x_wconf 65' lang='lat' dir='ltr'>qni</span> <span class='ocrx_word' id='word_1_225' title='bbox 3198 1789 3374 1844; x_wconf 69' lang='lat' dir='ltr'>bonis</span> <span class='ocrx_word' id='word_1_226' title='bbox 3424 1789 3638 1846; x_wconf 68' lang='lat' dir='ltr'>litteris</span> 
     </span>
     <span class='ocr_line' id='line_1_34' title="bbox 280 1874 3628 1899; baseline 0 0"><span class='ocrx_word' id='word_1_227' title='bbox 280 1897 288 1899; x_wconf 26' lang='grc' dir='ltr'>ξ</span> <span class='ocrx_word' id='word_1_228' title='bbox 550 1895 563 1899; x_wconf 79' lang='grc'>-</span> <span class='ocrx_word' id='word_1_229' title='bbox 609 1893 621 1899; x_wconf 83' lang='grc'>-</span> <span class='ocrx_word' id='word_1_230' title='bbox 690 1894 702 1899; x_wconf 79' lang='grc'>-</span> <span class='ocrx_word' id='word_1_231' title='bbox 975 1893 1006 1899; x_wconf 90' lang='grc'>..</span> <span class='ocrx_word' id='word_1_232' title='bbox 1229 1895 1236 1899; x_wconf 44' lang='grc' dir='ltr'><strong>Α</strong></span> <span class='ocrx_word' id='word_1_233' title='bbox 1461 1892 1500 1899; x_wconf 87' lang='lat'><strong><em>_</em></strong></span> <span class='ocrx_word' id='word_1_234' title='bbox 1575 1891 1585 1899; x_wconf 85' lang='lat'>.</span> <span class='ocrx_word' id='word_1_235' title='bbox 1663 1891 1672 1899; x_wconf 85' lang='grc' dir='ltr'>ι</span> <span class='ocrx_word' id='word_1_236' title='bbox 1792 1890 1829 1899; x_wconf 66' lang='grc' dir='ltr'>ι.</span> <span class='ocrx_word' id='word_1_237' title='bbox 1977 1878 2106 1899; x_wconf 65' lang='grc' dir='ltr'>-..ιιι</span> <span class='ocrx_word' id='word_1_238' title='bbox 2141 1877 2329 1899; x_wconf 50' lang='lat' dir='ltr'>anan—.3</span> <span class='ocrx_word' id='word_1_239' title='bbox 2365 1890 2390 1899; x_wconf 69' lang='grc' dir='ltr'>οι</span> <span class='ocrx_word' id='word_1_240' title='bbox 2443 1874 2649 1899; x_wconf 71' lang='grc' dir='ltr'>..Α--..ιζ</span> <span class='ocrx_word' id='word_1_241' title='bbox 2823 1876 2870 1899; x_wconf 62' lang='grc' dir='ltr'>α</span> <span class='ocrx_word' id='word_1_242' title='bbox 2940 1877 2960 1899; x_wconf 73' lang='grc' dir='ltr'><strong>Α</strong></span> <span class='ocrx_word' id='word_1_243' title='bbox 2983 1892 3006 1899; x_wconf 63' lang='grc' dir='ltr'><strong>Α</strong></span> <span class='ocrx_word' id='word_1_244' title='bbox 3065 1877 3255 1899; x_wconf 64' lang='lat'>_.--_:-</span> <span class='ocrx_word' id='word_1_245' title='bbox 3346 1895 3406 1899; x_wconf 50' lang='grc' dir='ltr'>-.Α</span> <span class='ocrx_word' id='word_1_246' title='bbox 3476 1896 3586 1899; x_wconf 43' lang='grc' dir='ltr'>..-ΑΑᾼ</span> <span class='ocrx_word' id='word_1_247' title='bbox 3610 1896 3628 1899; x_wconf 53' lang='grc' dir='ltr'><strong>ᾼ</strong></span> 
     </span>
    </p>
   </div>
   <div class='ocr_carea' id='block_1_34' title="bbox 203 1890 1862 1970">
    <p class='ocr_par' dir='ltr' id='par_1_34' title="bbox 203 1890 1862 1970">
     <span class='ocr_line' id='line_1_35' title="bbox 203 1890 1862 1970; baseline -0.004 -19"><span class='ocrx_word' id='word_1_248' title='bbox 203 1897 496 1970; x_wconf 89' lang='lat' dir='ltr'>primum,</span> <span class='ocrx_word' id='word_1_249' title='bbox 533 1893 742 1950; x_wconf 92' lang='lat' dir='ltr'>deinde</span> <span class='ocrx_word' id='word_1_250' title='bbox 771 1909 902 1948; x_wconf 88' lang='lat' dir='ltr'>vero</span> <span class='ocrx_word' id='word_1_251' title='bbox 935 1893 1110 1948; x_wconf 90' lang='lat' dir='ltr'>etiam</span> <span class='ocrx_word' id='word_1_252' title='bbox 1156 1895 1412 1947; x_wconf 88' lang='lat' dir='ltr'>veterum</span> <span class='ocrx_word' id='word_1_253' title='bbox 1461 1891 1728 1947; x_wconf 84' lang='lat' dir='ltr'>Ecclesia</span> <span class='ocrx_word' id='word_1_254' title='bbox 1792 1890 1862 1945; x_wconf 90' lang='lat' dir='ltr'>li-</span> 
     </span>
    </p>
   </div>
   <div class='ocr_carea' id='block_1_35' title="bbox 205 1981 1862 2052">
    <p class='ocr_par' dir='ltr' id='par_1_35' title="bbox 205 1981 1862 2052">
     <span class='ocr_line' id='line_1_36' title="bbox 205 1981 1862 2052; baseline -0.004 -12"><span class='ocrx_word' id='word_1_255' title='bbox 205 1986 452 2040; x_wconf 85' lang='lat' dir='ltr'>brorum</span> <span class='ocrx_word' id='word_1_256' title='bbox 486 1983 736 2039; x_wconf 89' lang='lat' dir='ltr'>lectione</span> <span class='ocrx_word' id='word_1_257' title='bbox 766 1987 824 2038; x_wconf 89' lang='lat' dir='ltr'>et</span> <span class='ocrx_word' id='word_1_258' title='bbox 853 1981 1328 2052; x_wconf 88' lang='lat' dir='ltr'>interpretatione</span> <span class='ocrx_word' id='word_1_259' title='bbox 1350 1981 1729 2052; x_wconf 73' lang='lat' dir='ltr'>conjunctum</span> <span class='ocrx_word' id='word_1_260' title='bbox 1755 1984 1862 2035; x_wconf 90' lang='lat' dir='ltr'>est.</span> 
     </span>
    </p>
   </div>
   <div class='ocr_carea' id='block_1_36' title="bbox 205 2069 1864 2141">
    <p class='ocr_par' dir='ltr' id='par_1_36' title="bbox 205 2069 1864 2141">
     <span class='ocr_line' id='line_1_37' title="bbox 205 2069 1864 2141; baseline -0.004 -12"><span class='ocrx_word' id='word_1_261' title='bbox 205 2074 443 2129; x_wconf 84' lang='lat' dir='ltr'>Etenim</span> <span class='ocrx_word' id='word_1_262' title='bbox 476 2071 590 2127; x_wconf 83' lang='lat' dir='ltr'>illa</span> <span class='ocrx_word' id='word_1_263' title='bbox 621 2070 824 2126; x_wconf 84' lang='lat' dir='ltr'>littera</span> <span class='ocrx_word' id='word_1_264' title='bbox 854 2074 912 2126; x_wconf 91' lang='lat' dir='ltr'>et</span> <span class='ocrx_word' id='word_1_265' title='bbox 941 2069 989 2124; x_wconf 91' lang='lat' dir='ltr'>si</span> <span class='ocrx_word' id='word_1_266' title='bbox 1011 2069 1161 2125; x_wconf 92' lang='lat' dir='ltr'>hanc</span> <span class='ocrx_word' id='word_1_267' title='bbox 1189 2069 1306 2124; x_wconf 91' lang='lat' dir='ltr'>vim</span> <span class='ocrx_word' id='word_1_268' title='bbox 1350 2069 1560 2125; x_wconf 89' lang='lat' dir='ltr'>habere</span> <span class='ocrx_word' id='word_1_269' title='bbox 1604 2074 1864 2141; x_wconf 90' lang='lat' dir='ltr'>potuere,</span> 
     </span>
    </p>
   </div>
   <div class='ocr_carea' id='block_1_37' title="bbox 209 2157 1868 2232">
    <p class='ocr_par' dir='ltr' id='par_1_37' title="bbox 209 2157 1868 2232">
     <span class='ocr_line' id='line_1_38' title="bbox 209 2157 1868 2232; baseline -0.002 -16"><span class='ocrx_word' id='word_1_270' title='bbox 209 2167 275 2216; x_wconf 84' lang='lat' dir='ltr'>ut</span> <span class='ocrx_word' id='word_1_271' title='bbox 301 2161 550 2232; x_wconf 89' lang='lat' dir='ltr'>ingenia</span> <span class='ocrx_word' id='word_1_272' title='bbox 575 2160 647 2214; x_wconf 89' lang='lat' dir='ltr'>ad</span> <span class='ocrx_word' id='word_1_273' title='bbox 678 2158 976 2229; x_wconf 83' lang='lat' dir='ltr'>elegantia</span> <span class='ocrx_word' id='word_1_274' title='bbox 1017 2173 1257 2213; x_wconf 84' lang='lat' dir='ltr'>sensum</span> <span class='ocrx_word' id='word_1_275' title='bbox 1319 2161 1611 2225; x_wconf 89' lang='lat' dir='ltr'>acuerent,</span> <span class='ocrx_word' id='word_1_276' title='bbox 1644 2162 1700 2213; x_wconf 90' lang='lat' dir='ltr'>et</span> <span class='ocrx_word' id='word_1_277' title='bbox 1739 2157 1868 2228; x_wconf 90' lang='lat' dir='ltr'>ejus</span> 
     </span>
    </p>
   </div>
   <div class='ocr_carea' id='block_1_38' title="bbox 207 2245 1865 2316">
    <p class='ocr_par' dir='ltr' id='par_1_38' title="bbox 207 2245 1865 2316">
     <span class='ocr_line' id='line_1_39' title="bbox 207 2245 1865 2316; baseline -0.004 -10"><span class='ocrx_word' id='word_1_278' title='bbox 207 2265 478 2306; x_wconf 84' lang='lat' dir='ltr'>amorem</span> <span class='ocrx_word' id='word_1_279' title='bbox 511 2248 908 2315; x_wconf 89' lang='lat' dir='ltr'>incenderent,</span> <span class='ocrx_word' id='word_1_280' title='bbox 943 2251 1159 2313; x_wconf 91' lang='lat' dir='ltr'>tamen,</span> <span class='ocrx_word' id='word_1_281' title='bbox 1194 2245 1242 2300; x_wconf 90' lang='lat' dir='ltr'>si</span> <span class='ocrx_word' id='word_1_282' title='bbox 1278 2246 1334 2300; x_wconf 93' lang='lat' dir='ltr'>in</span> <span class='ocrx_word' id='word_1_283' title='bbox 1384 2245 1478 2316; x_wconf 92' lang='lat' dir='ltr'>iis,</span> <span class='ocrx_word' id='word_1_284' title='bbox 1512 2246 1621 2301; x_wconf 88' lang='lat' dir='ltr'>hoc</span> <span class='ocrx_word' id='word_1_285' title='bbox 1672 2250 1781 2314; x_wconf 91' lang='lat' dir='ltr'>est,</span> <span class='ocrx_word' id='word_1_286' title='bbox 1805 2245 1865 2300; x_wconf 92' lang='lat' dir='ltr'>in</span> 
     </span>
    </p>
   </div>
   <div class='ocr_carea' id='block_1_39' title="bbox 208 2334 1869 2411">
    <p class='ocr_par' dir='ltr' id='par_1_39' title="bbox 208 2334 1869 2411">
     <span class='ocr_line' id='line_1_40' title="bbox 208 2334 1869 2411; baseline -0.003 -17"><span class='ocrx_word' id='word_1_287' title='bbox 208 2339 599 2411; x_wconf 85' lang='lat' dir='ltr'>profanorum</span> <span class='ocrx_word' id='word_1_288' title='bbox 623 2335 905 2390; x_wconf 88' lang='lat' dir='ltr'>librorum</span> <span class='ocrx_word' id='word_1_289' title='bbox 938 2334 1184 2391; x_wconf 89' lang='lat' dir='ltr'>lectione</span> <span class='ocrx_word' id='word_1_290' title='bbox 1215 2351 1278 2390; x_wconf 89' lang='lat' dir='ltr'>se</span> <span class='ocrx_word' id='word_1_291' title='bbox 1306 2335 1734 2390; x_wconf 89' lang='lat' dir='ltr'>continuissent</span> <span class='ocrx_word' id='word_1_292' title='bbox 1779 2349 1869 2389; x_wconf 86' lang='lat' dir='ltr'>ea-</span> 
     </span>
    </p>
   </div>
   <div class='ocr_carea' id='block_1_40' title="bbox 207 2423 1866 2495">
    <p class='ocr_par' dir='ltr' id='par_1_40' title="bbox 207 2423 1866 2495">
     <span class='ocr_line' id='line_1_41' title="bbox 207 2423 1866 2495; baseline -0.002 -13"><span class='ocrx_word' id='word_1_293' title='bbox 207 2444 340 2482; x_wconf 86' lang='lat' dir='ltr'>rum</span> <span class='ocrx_word' id='word_1_294' title='bbox 374 2425 654 2491; x_wconf 88' lang='lat' dir='ltr'>studiosi,</span> <span class='ocrx_word' id='word_1_295' title='bbox 692 2424 838 2479; x_wconf 90' lang='lat' dir='ltr'>nihil</span> <span class='ocrx_word' id='word_1_296' title='bbox 870 2424 1028 2480; x_wconf 90' lang='lat' dir='ltr'>aliud</span> <span class='ocrx_word' id='word_1_297' title='bbox 1060 2423 1174 2480; x_wconf 91' lang='lat' dir='ltr'>nisi</span> <span class='ocrx_word' id='word_1_298' title='bbox 1210 2428 1610 2495; x_wconf 90' lang='lat' dir='ltr'>contemptum</span> <span class='ocrx_word' id='word_1_299' title='bbox 1663 2439 1866 2479; x_wconf 90' lang='lat' dir='ltr'>eorum</span> 
     </span>
    </p>
   </div>
   <div class='ocr_carea' id='block_1_41' title="bbox 204 2511 1866 2587">
    <p class='ocr_par' dir='ltr' id='par_1_41' title="bbox 204 2511 1866 2587">
     <span class='ocr_line' id='line_1_42' title="bbox 204 2511 1866 2587; baseline -0.004 -15"><span class='ocrx_word' id='word_1_300' title='bbox 204 2517 516 2587; x_wconf 83' lang='lat' dir='ltr'>suscipere</span> <span class='ocrx_word' id='word_1_301' title='bbox 538 2513 890 2586; x_wconf 89' lang='lat' dir='ltr'>potuissent,</span> <span class='ocrx_word' id='word_1_302' title='bbox 925 2512 1022 2585; x_wconf 93' lang='lat' dir='ltr'>qui</span> <span class='ocrx_word' id='word_1_303' title='bbox 1059 2529 1253 2568; x_wconf 90' lang='lat' dir='ltr'>rerum</span> <span class='ocrx_word' id='word_1_304' title='bbox 1285 2512 1618 2568; x_wconf 89' lang='lat' dir='ltr'>divinarum</span> <span class='ocrx_word' id='word_1_305' title='bbox 1678 2511 1866 2568; x_wconf 91' lang='lat' dir='ltr'>scien-</span> 
     </span>
    </p>
   </div>
   <div class='ocr_carea' id='block_1_42' title="bbox 205 2601 1870 2674">
    <p class='ocr_par' dir='ltr' id='par_1_42' title="bbox 205 2601 1870 2674">
     <span class='ocr_line' id='line_1_43' title="bbox 205 2601 1870 2674; baseline -0.001 -14"><span class='ocrx_word' id='word_1_306' title='bbox 205 2606 350 2661; x_wconf 87' lang='lat' dir='ltr'>tiam</span> <span class='ocrx_word' id='word_1_307' title='bbox 387 2605 707 2670; x_wconf 89' lang='lat' dir='ltr'>traderent,</span> <span class='ocrx_word' id='word_1_308' title='bbox 739 2607 1064 2674; x_wconf 85' lang='lat' dir='ltr'>propterea,</span> <span class='ocrx_word' id='word_1_309' title='bbox 1096 2603 1251 2674; x_wconf 90' lang='lat' dir='ltr'>quod</span> <span class='ocrx_word' id='word_1_310' title='bbox 1297 2617 1499 2657; x_wconf 90' lang='lat' dir='ltr'>eorum</span> <span class='ocrx_word' id='word_1_311' title='bbox 1561 2601 1870 2673; x_wconf 85' lang='lat' dir='ltr'>disciplina</span> 
     </span>
    </p>
   </div>
   <div class='ocr_carea' id='block_1_43' title="bbox 204 2691 1864 2749">
    <p class='ocr_par' dir='ltr' id='par_1_43' title="bbox 204 2691 1864 2749">
     <span class='ocr_line' id='line_1_44' title="bbox 204 2691 1864 2749; baseline -0.002 0"><span class='ocrx_word' id='word_1_312' title='bbox 204 2693 504 2749; x_wconf 84' lang='lat' dir='ltr'>barbaria</span> <span class='ocrx_word' id='word_1_313' title='bbox 539 2691 814 2746; x_wconf 91' lang='lat' dir='ltr'>sordibus</span> <span class='ocrx_word' id='word_1_314' title='bbox 835 2691 1232 2747; x_wconf 87' lang='lat' dir='ltr'>contaminata</span> <span class='ocrx_word' id='word_1_315' title='bbox 1263 2695 1319 2746; x_wconf 88' lang='lat' dir='ltr'>et</span> <span class='ocrx_word' id='word_1_316' title='bbox 1347 2692 1664 2746; x_wconf 89' lang='lat' dir='ltr'>obscurata</span> <span class='ocrx_word' id='word_1_317' title='bbox 1693 2695 1864 2746; x_wconf 86' lang='lat' dir='ltr'>esset.</span> 
     </span>
    </p>
   </div>
   <div class='ocr_carea' id='block_1_44' title="bbox 204 2779 1870 2856">
    <p class='ocr_par' dir='ltr' id='par_1_44' title="bbox 204 2779 1870 2856">
     <span class='ocr_line' id='line_1_45' title="bbox 204 2779 1870 2856; baseline -0.001 -19"><span class='ocrx_word' id='word_1_318' title='bbox 204 2785 284 2837; x_wconf 76' lang='lat' dir='ltr'>Ac</span> <span class='ocrx_word' id='word_1_319' title='bbox 319 2783 485 2853; x_wconf 86' lang='lat' dir='ltr'>quod</span> <span class='ocrx_word' id='word_1_320' title='bbox 520 2781 800 2835; x_wconf 90' lang='lat' dir='ltr'>traditum</span> <span class='ocrx_word' id='word_1_321' title='bbox 827 2785 916 2835; x_wconf 90' lang='lat' dir='ltr'>est</span> <span class='ocrx_word' id='word_1_322' title='bbox 946 2779 1344 2856; x_wconf 81' lang='lat' dir='ltr'>denonnullis</span> <span class='ocrx_word' id='word_1_323' title='bbox 1377 2779 1539 2834; x_wconf 90' lang='lat' dir='ltr'>illius</span> <span class='ocrx_word' id='word_1_324' title='bbox 1591 2779 1870 2851; x_wconf 89' lang='lat' dir='ltr'>temporis</span> 
     </span>
    </p>
   </div>
   <div class='ocr_carea' id='block_1_45' title="bbox 203 2867 1874 2941">
    <p class='ocr_par' dir='ltr' id='par_1_45' title="bbox 203 2867 1874 2941">
     <span class='ocr_line' id='line_1_46' title="bbox 203 2867 1874 2941; baseline -0.001 -16"><span class='ocrx_word' id='word_1_325' title='bbox 203 2870 668 2937; x_wconf 86' lang='lat' dir='ltr'>litteratoribus,</span> <span class='ocrx_word' id='word_1_326' title='bbox 703 2885 803 2925; x_wconf 90' lang='lat' dir='ltr'>eos</span> <span class='ocrx_word' id='word_1_327' title='bbox 836 2869 1213 2925; x_wconf 90' lang='lat' dir='ltr'>abhorruisse</span> <span class='ocrx_word' id='word_1_328' title='bbox 1228 2885 1262 2924; x_wconf 88' lang='lat' dir='ltr'>a</span> <span class='ocrx_word' id='word_1_329' title='bbox 1280 2867 1580 2941; x_wconf 89' lang='lat' dir='ltr'>religione,</span> <span class='ocrx_word' id='word_1_330' title='bbox 1601 2871 1657 2924; x_wconf 91' lang='lat' dir='ltr'>et</span> <span class='ocrx_word' id='word_1_331' title='bbox 1677 2868 1874 2924; x_wconf 87' lang='lat' dir='ltr'>divina</span> 
     </span>
    </p>
   </div>
   <div class='ocr_carea' id='block_1_46' title="bbox 211 2957 1873 3031">
    <p class='ocr_par' dir='ltr' id='par_1_46' title="bbox 211 2957 1873 3031">
     <span class='ocr_line' id='line_1_47' title="bbox 211 2957 1873 3031; baseline -0.001 -15"><span class='ocrx_word' id='word_1_332' title='bbox 211 2959 649 3031; x_wconf 88' lang='lat' dir='ltr'>contempsisse</span> <span class='ocrx_word' id='word_1_333' title='bbox 663 2964 838 3030; x_wconf 88' lang='lat' dir='ltr'>atque</span> <span class='ocrx_word' id='word_1_334' title='bbox 851 2958 1070 3024; x_wconf 87' lang='lat' dir='ltr'>risisse,</span> <span class='ocrx_word' id='word_1_335' title='bbox 1093 2958 1149 3012; x_wconf 92' lang='lat' dir='ltr'>id</span> <span class='ocrx_word' id='word_1_336' title='bbox 1168 2957 1218 3012; x_wconf 91' lang='lat' dir='ltr'>si</span> <span class='ocrx_word' id='word_1_337' title='bbox 1240 2958 1321 3013; x_wconf 87' lang='lat' dir='ltr'>ita</span> <span class='ocrx_word' id='word_1_338' title='bbox 1337 2962 1447 3026; x_wconf 91' lang='lat' dir='ltr'>est,</span> <span class='ocrx_word' id='word_1_339' title='bbox 1467 2962 1523 3013; x_wconf 89' lang='lat' dir='ltr'>et</span> <span class='ocrx_word' id='word_1_340' title='bbox 1540 2975 1654 3013; x_wconf 93' lang='lat' dir='ltr'>non</span> <span class='ocrx_word' id='word_1_341' title='bbox 1680 2958 1873 3029; x_wconf 91' lang='lat' dir='ltr'>potius</span> 
     </span>
    </p>
   </div>
   <div class='ocr_carea' id='block_1_47' title="bbox 210 3047 1872 3104">
    <p class='ocr_par' dir='ltr' id='par_1_47' title="bbox 210 3047 1872 3104">
     <span class='ocr_line' id='line_1_48' title="bbox 210 3047 1872 3104; baseline -0.001 0"><span class='ocrx_word' id='word_1_342' title='bbox 210 3048 573 3104; x_wconf 89' lang='lat' dir='ltr'>criminandi</span> <span class='ocrx_word' id='word_1_343' title='bbox 604 3052 660 3103; x_wconf 88' lang='lat' dir='ltr'>et</span> <span class='ocrx_word' id='word_1_344' title='bbox 687 3047 918 3103; x_wconf 86' lang='lat' dir='ltr'>invidia</span> <span class='ocrx_word' id='word_1_345' title='bbox 958 3047 1234 3102; x_wconf 85' lang='lat' dir='ltr'>facienda</span> <span class='ocrx_word' id='word_1_346' title='bbox 1266 3062 1444 3103; x_wconf 89' lang='lat' dir='ltr'>causa</span> <span class='ocrx_word' id='word_1_347' title='bbox 1492 3052 1617 3102; x_wconf 91' lang='lat' dir='ltr'>tum</span> <span class='ocrx_word' id='word_1_348' title='bbox 1651 3064 1686 3103; x_wconf 89' lang='lat' dir='ltr'>a</span> <span class='ocrx_word' id='word_1_349' title='bbox 1734 3047 1872 3102; x_wconf 87' lang='lat' dir='ltr'>bar-</span> 
     </span>
    </p>
   </div>
   <div class='ocr_carea' id='block_1_48' title="bbox 213 3135 1874 3209">
    <p class='ocr_par' dir='ltr' id='par_1_48' title="bbox 213 3135 1874 3209">
     <span class='ocr_line' id='line_1_49' title="bbox 213 3135 1874 3209; baseline -0.001 -15"><span class='ocrx_word' id='word_1_350' title='bbox 213 3139 380 3194; x_wconf 79' lang='lat' dir='ltr'>beris</span> <span class='ocrx_word' id='word_1_351' title='bbox 413 3137 779 3204; x_wconf 90' lang='lat' dir='ltr'>hominibus,</span> <span class='ocrx_word' id='word_1_352' title='bbox 816 3137 917 3208; x_wconf 92' lang='lat' dir='ltr'>qui</span> <span class='ocrx_word' id='word_1_353' title='bbox 943 3139 1344 3209; x_wconf 89' lang='lat' dir='ltr'>contemptum</span> <span class='ocrx_word' id='word_1_354' title='bbox 1361 3135 1454 3192; x_wconf 90' lang='lat' dir='ltr'>sui</span> <span class='ocrx_word' id='word_1_355' title='bbox 1479 3135 1677 3192; x_wconf 87' lang='lat' dir='ltr'>ulcisci</span> <span class='ocrx_word' id='word_1_356' title='bbox 1701 3152 1874 3209; x_wconf 89' lang='lat' dir='ltr'>cupe-</span> 
     </span>
    </p>
   </div>
   <div class='ocr_carea' id='block_1_49' title="bbox 220 3196 1950 3298">
    <p class='ocr_par' dir='ltr' id='par_1_49' title="bbox 220 3196 1950 3298">
     <span class='ocr_line' id='line_1_50' title="bbox 220 3196 1950 3298; baseline -0.001 -16"><span class='ocrx_word' id='word_1_357' title='bbox 220 3231 376 3293; x_wconf 85' lang='lat' dir='ltr'>rent,</span> <span class='ocrx_word' id='word_1_358' title='bbox 406 3227 725 3282; x_wconf 84' lang='lat' dir='ltr'>conﬁctum</span> <span class='ocrx_word' id='word_1_359' title='bbox 758 3196 870 3296; x_wconf 73' lang='lat' dir='ltr'>est,</span> <span class='ocrx_word' id='word_1_360' title='bbox 906 3226 1060 3298; x_wconf 91' lang='lat' dir='ltr'>quod</span> <span class='ocrx_word' id='word_1_361' title='bbox 1092 3196 1418 3281; x_wconf 72' lang='lat' dir='ltr'>doctissimi</span> <span class='ocrx_word' id='word_1_362' title='bbox 1470 3225 1710 3298; x_wconf 84' lang='lat' dir='ltr'>quidam</span> <span class='ocrx_word' id='word_1_363' title='bbox 1767 3196 1875 3282; x_wconf 71' lang='lat' dir='ltr'>viri</span> <span class='ocrx_word' id='word_1_364' title='bbox 1906 3196 1950 3264; x_wconf 64' lang='grc' dir='ltr'><strong>θ</strong></span> 
     </span>
    </p>
   </div>
   <div class='ocr_carea' id='block_1_50' title="bbox 224 3312 1877 3384">
    <p class='ocr_par' dir='ltr' id='par_1_50' title="bbox 224 3312 1877 3384">
     <span class='ocr_line' id='line_1_51' title="bbox 224 3312 1877 3384; baseline -0.002 -13"><span class='ocrx_word' id='word_1_365' title='bbox 224 3315 587 3380; x_wconf 76' lang='lat' dir='ltr'>existimant,</span> <span class='ocrx_word' id='word_1_366' title='bbox 625 3314 840 3381; x_wconf 90' lang='lat' dir='ltr'>nescio,</span> <span class='ocrx_word' id='word_1_367' title='bbox 874 3330 947 3368; x_wconf 88' lang='lat' dir='ltr'>an</span> <span class='ocrx_word' id='word_1_368' title='bbox 980 3313 1052 3368; x_wconf 88' lang='lat' dir='ltr'>iis</span> <span class='ocrx_word' id='word_1_369' title='bbox 1077 3312 1353 3368; x_wconf 91' lang='lat' dir='ltr'>acciderit</span> <span class='ocrx_word' id='word_1_370' title='bbox 1373 3317 1698 3384; x_wconf 88' lang='lat' dir='ltr'>propterea,</span> <span class='ocrx_word' id='word_1_371' title='bbox 1723 3313 1877 3384; x_wconf 89' lang='lat' dir='ltr'>quod</span> 
     </span>
    </p>
   </div>
   <div class='ocr_carea' id='block_1_51' title="bbox 225 3401 1882 3475">
    <p class='ocr_par' dir='ltr' id='par_1_51' title="bbox 225 3401 1882 3475">
     <span class='ocr_line' id='line_1_52' title="bbox 225 3401 1882 3475; baseline -0.001 -17"><span class='ocrx_word' id='word_1_372' title='bbox 225 3405 281 3458; x_wconf 92' lang='lat' dir='ltr'>in</span> <span class='ocrx_word' id='word_1_373' title='bbox 315 3403 582 3475; x_wconf 84' lang='lat' dir='ltr'>legendis</span> <span class='ocrx_word' id='word_1_374' title='bbox 610 3401 1045 3473; x_wconf 87' lang='lat' dir='ltr'>tractandisque</span> <span class='ocrx_word' id='word_1_375' title='bbox 1070 3401 1240 3457; x_wconf 91' lang='lat' dir='ltr'>libris</span> <span class='ocrx_word' id='word_1_376' title='bbox 1286 3401 1594 3474; x_wconf 88' lang='lat' dir='ltr'>gentilium</span> <span class='ocrx_word' id='word_1_377' title='bbox 1653 3401 1882 3473; x_wconf 89' lang='lat' dir='ltr'>acquie-</span> 
     </span>
    </p>
   </div>
   <div class='ocr_carea' id='block_1_52' title="bbox 228 3490 1879 3563">
    <p class='ocr_par' dir='ltr' id='par_1_52' title="bbox 228 3490 1879 3563">
     <span class='ocr_line' id='line_1_53' title="bbox 228 3490 1879 3563; baseline -0.002 -15"><span class='ocrx_word' id='word_1_378' title='bbox 228 3497 471 3556; x_wconf 72' lang='lat' dir='ltr'>scerent,</span> <span class='ocrx_word' id='word_1_379' title='bbox 507 3507 831 3563; x_wconf 90' lang='lat' dir='ltr'>eorumque</span> <span class='ocrx_word' id='word_1_380' title='bbox 871 3490 1163 3562; x_wconf 81' lang='lat' dir='ltr'>elegantia</span> <span class='ocrx_word' id='word_1_381' title='bbox 1191 3495 1250 3546; x_wconf 91' lang='lat' dir='ltr'>et</span> <span class='ocrx_word' id='word_1_382' title='bbox 1280 3493 1565 3547; x_wconf 88' lang='lat' dir='ltr'>suavitate</span> <span class='ocrx_word' id='word_1_383' title='bbox 1595 3491 1678 3546; x_wconf 92' lang='lat' dir='ltr'>ita</span> <span class='ocrx_word' id='word_1_384' title='bbox 1725 3491 1879 3562; x_wconf 89' lang='lat' dir='ltr'>capti</span> 
     </span>
    </p>
   </div>
   <div class='ocr_carea' id='block_1_53' title="bbox 231 3579 1882 3651">
    <p class='ocr_par' dir='ltr' id='par_1_53' title="bbox 231 3579 1882 3651">
     <span class='ocr_line' id='line_1_54' title="bbox 231 3579 1882 3651; baseline 0 -16"><span class='ocrx_word' id='word_1_385' title='bbox 231 3586 584 3649; x_wconf 85' lang='lat' dir='ltr'>tenerentur,</span> <span class='ocrx_word' id='word_1_386' title='bbox 620 3585 684 3636; x_wconf 89' lang='lat' dir='ltr'>ut</span> <span class='ocrx_word' id='word_1_387' title='bbox 712 3579 858 3636; x_wconf 89' lang='lat' dir='ltr'>nihil</span> <span class='ocrx_word' id='word_1_388' title='bbox 897 3581 1056 3635; x_wconf 90' lang='lat' dir='ltr'>aliud</span> <span class='ocrx_word' id='word_1_389' title='bbox 1109 3580 1392 3651; x_wconf 88' lang='lat' dir='ltr'>attingere</span> <span class='ocrx_word' id='word_1_390' title='bbox 1443 3585 1722 3651; x_wconf 90' lang='lat' dir='ltr'>cuperent</span> <span class='ocrx_word' id='word_1_391' title='bbox 1779 3583 1882 3635; x_wconf 87' lang='lat' dir='ltr'>aut</span> 
     </span>
    </p>
   </div>
   <div class='ocr_carea' id='block_1_54' title="bbox 234 3668 1880 3741">
    <p class='ocr_par' dir='ltr' id='par_1_54' title="bbox 234 3668 1880 3741">
     <span class='ocr_line' id='line_1_55' title="bbox 234 3668 1880 3741; baseline -0.001 -16"><span class='ocrx_word' id='word_1_392' title='bbox 234 3672 611 3726; x_wconf 86' lang='lat' dir='ltr'>sustinerent.</span> <span class='ocrx_word' id='word_1_393' title='bbox 640 3675 704 3724; x_wconf 86' lang='lat' dir='ltr'>In</span> <span class='ocrx_word' id='word_1_394' title='bbox 736 3686 851 3740; x_wconf 92' lang='lat' dir='ltr'>quo</span> <span class='ocrx_word' id='word_1_395' title='bbox 892 3669 1059 3725; x_wconf 87' lang='lat' dir='ltr'>facile</span> <span class='ocrx_word' id='word_1_396' title='bbox 1107 3668 1368 3725; x_wconf 89' lang='lat' dir='ltr'>accidere</span> <span class='ocrx_word' id='word_1_397' title='bbox 1413 3670 1622 3741; x_wconf 89' lang='lat' dir='ltr'>potuit,</span> <span class='ocrx_word' id='word_1_398' title='bbox 1676 3673 1742 3724; x_wconf 90' lang='lat' dir='ltr'>ut</span> <span class='ocrx_word' id='word_1_399' title='bbox 1797 3668 1880 3733; x_wconf 80' lang='lat' dir='ltr'>di-</span> 
     </span>
    </p>
   </div>
   <div class='ocr_carea' id='block_1_55' title="bbox 237 3757 1882 3831">
    <p class='ocr_par' dir='ltr' id='par_1_55' title="bbox 237 3757 1882 3831">
     <span class='ocr_line' id='line_1_56' title="bbox 237 3757 1882 3831; baseline -0.002 -16"><span class='ocrx_word' id='word_1_400' title='bbox 237 3761 536 3831; x_wconf 81' lang='lat' dir='ltr'>sciplinam</span> <span class='ocrx_word' id='word_1_401' title='bbox 559 3759 858 3831; x_wconf 87' lang='lat' dir='ltr'>religionis</span> <span class='ocrx_word' id='word_1_402' title='bbox 876 3759 1216 3830; x_wconf 90' lang='lat' dir='ltr'>judicarent</span> <span class='ocrx_word' id='word_1_403' title='bbox 1239 3775 1269 3813; x_wconf 93' lang='lat' dir='ltr'>e</span> <span class='ocrx_word' id='word_1_404' title='bbox 1290 3763 1532 3830; x_wconf 90' lang='lat' dir='ltr'>stupore</span> <span class='ocrx_word' id='word_1_405' title='bbox 1553 3763 1608 3813; x_wconf 91' lang='lat' dir='ltr'>et</span> <span class='ocrx_word' id='word_1_406' title='bbox 1633 3757 1882 3813; x_wconf 87' lang='lat' dir='ltr'>stultitia</span> 
     </span>
    </p>
   </div>
   <div class='ocr_carea' id='block_1_56' title="bbox 237 3847 1876 3920">
    <p class='ocr_par' dir='ltr' id='par_1_56' title="bbox 237 3847 1876 3920">
     <span class='ocr_line' id='line_1_57' title="bbox 237 3847 1876 3920; baseline -0.001 -18"><span class='ocrx_word' id='word_1_407' title='bbox 237 3864 429 3905; x_wconf 85' lang='lat' dir='ltr'>eorum</span> <span class='ocrx_word' id='word_1_408' title='bbox 464 3847 551 3904; x_wconf 92' lang='lat' dir='ltr'>vel</span> <span class='ocrx_word' id='word_1_409' title='bbox 584 3847 892 3904; x_wconf 89' lang='lat' dir='ltr'>hominum</span> <span class='ocrx_word' id='word_1_410' title='bbox 920 3849 1021 3920; x_wconf 88' lang='lat' dir='ltr'>qui</span> <span class='ocrx_word' id='word_1_411' title='bbox 1069 3864 1198 3903; x_wconf 88' lang='lat' dir='ltr'>eam</span> <span class='ocrx_word' id='word_1_412' title='bbox 1255 3852 1382 3902; x_wconf 88' lang='lat' dir='ltr'>tum</span> <span class='ocrx_word' id='word_1_413' title='bbox 1446 3847 1876 3920; x_wconf 83' lang='lat' dir='ltr'>proﬁterentur,</span> 
     </span>
    </p>
   </div>
   <div class='ocr_carea' id='block_1_57' title="bbox 238 3934 1880 4009">
    <p class='ocr_par' dir='ltr' id='par_1_57' title="bbox 238 3934 1880 4009">
     <span class='ocr_line' id='line_1_58' title="bbox 238 3934 1880 4009; baseline -0.001 -18"><span class='ocrx_word' id='word_1_414' title='bbox 238 3938 316 3992; x_wconf 78' lang='lat' dir='ltr'>vel</span> <span class='ocrx_word' id='word_1_415' title='bbox 347 3938 636 3994; x_wconf 86' lang='lat' dir='ltr'>librorum</span> <span class='ocrx_word' id='word_1_416' title='bbox 665 3937 737 3992; x_wconf 89' lang='lat' dir='ltr'>de</span> <span class='ocrx_word' id='word_1_417' title='bbox 759 3935 1058 4009; x_wconf 91' lang='lat' dir='ltr'>religione,</span> <span class='ocrx_word' id='word_1_418' title='bbox 1107 3936 1210 4008; x_wconf 91' lang='lat' dir='ltr'>qui</span> <span class='ocrx_word' id='word_1_419' title='bbox 1256 3935 1316 3991; x_wconf 90' lang='lat' dir='ltr'>in</span> <span class='ocrx_word' id='word_1_420' title='bbox 1358 3935 1630 3992; x_wconf 89' lang='lat' dir='ltr'>manibus</span> <span class='ocrx_word' id='word_1_421' title='bbox 1689 3934 1880 3990; x_wconf 90' lang='lat' dir='ltr'>homi-</span> 
     </span>
    </p>
   </div>
   <div class='ocr_carea' id='block_1_58' title="bbox 240 4025 1880 4097">
    <p class='ocr_par' dir='ltr' id='par_1_58' title="bbox 240 4025 1880 4097">
     <span class='ocr_line' id='line_1_59' title="bbox 240 4025 1880 4097; baseline -0.002 -15"><span class='ocrx_word' id='word_1_422' title='bbox 240 4045 371 4082; x_wconf 91' lang='lat' dir='ltr'>num</span> <span class='ocrx_word' id='word_1_423' title='bbox 395 4031 617 4083; x_wconf 90' lang='lat' dir='ltr'>essent.</span> <span class='ocrx_word' id='word_1_424' title='bbox 659 4027 963 4082; x_wconf 89' lang='lat' dir='ltr'>Enimvero</span> <span class='ocrx_word' id='word_1_425' title='bbox 985 4041 1119 4081; x_wconf 91' lang='lat' dir='ltr'>cum</span> <span class='ocrx_word' id='word_1_426' title='bbox 1143 4025 1380 4097; x_wconf 88' lang='lat' dir='ltr'>quidam</span> <span class='ocrx_word' id='word_1_427' title='bbox 1414 4025 1505 4081; x_wconf 92' lang='lat' dir='ltr'>his</span> <span class='ocrx_word' id='word_1_428' title='bbox 1528 4025 1739 4081; x_wconf 89' lang='lat' dir='ltr'>litteris</span> <span class='ocrx_word' id='word_1_429' title='bbox 1772 4025 1880 4079; x_wconf 90' lang='lat' dir='ltr'>im-</span> 
     </span>
    </p>
   </div>
   <div class='ocr_carea' id='block_1_59' title="bbox 234 4113 1882 4172">
    <p class='ocr_par' dir='ltr' id='par_1_59' title="bbox 234 4113 1882 4172">
     <span class='ocr_line' id='line_1_60' title="bbox 234 4113 1882 4172; baseline -0.002 0"><span class='ocrx_word' id='word_1_430' title='bbox 234 4117 349 4172; x_wconf 88' lang='lat' dir='ltr'>buti</span> <span class='ocrx_word' id='word_1_431' title='bbox 381 4117 457 4172; x_wconf 92' lang='lat' dir='ltr'>ad</span> <span class='ocrx_word' id='word_1_432' title='bbox 483 4122 708 4172; x_wconf 88' lang='lat' dir='ltr'>veteres</span> <span class='ocrx_word' id='word_1_433' title='bbox 737 4115 1006 4171; x_wconf 82' lang='lat' dir='ltr'>Ecclesia</span> <span class='ocrx_word' id='word_1_434' title='bbox 1038 4115 1354 4170; x_wconf 91' lang='lat' dir='ltr'>Doctorum</span> <span class='ocrx_word' id='word_1_435' title='bbox 1405 4113 1587 4170; x_wconf 90' lang='lat' dir='ltr'>libros</span> <span class='ocrx_word' id='word_1_436' title='bbox 1653 4113 1882 4170; x_wconf 84' lang='lat' dir='ltr'>Gracos</span> 
     </span>
    </p>
   </div>
   <div class='ocr_carea' id='block_1_60' title="bbox 235 4203 1884 4276">
    <p class='ocr_par' dir='ltr' id='par_1_60' title="bbox 235 4203 1884 4276">
     <span class='ocr_line' id='line_1_61' title="bbox 235 4203 1884 4276; baseline -0.003 -15"><span class='ocrx_word' id='word_1_437' title='bbox 235 4206 590 4276; x_wconf 86' lang='lat' dir='ltr'>Latinosque</span> <span class='ocrx_word' id='word_1_438' title='bbox 620 4205 1055 4275; x_wconf 81' lang='lat' dir='ltr'>cognoscendas</span> <span class='ocrx_word' id='word_1_439' title='bbox 1079 4219 1141 4259; x_wconf 89' lang='lat' dir='ltr'>se</span> <span class='ocrx_word' id='word_1_440' title='bbox 1173 4203 1492 4270; x_wconf 88' lang='lat' dir='ltr'>dedissent,</span> <span class='ocrx_word' id='word_1_441' title='bbox 1516 4218 1768 4275; x_wconf 91' lang='lat' dir='ltr'>quorum</span> <span class='ocrx_word' id='word_1_442' title='bbox 1793 4203 1884 4257; x_wconf 84' lang='lat' dir='ltr'>in-</span> 
     </span>
    </p>
   </div>
   <div class='ocr_carea' id='block_1_61' title="bbox 231 4291 1885 4366">
    <p class='ocr_par' dir='ltr' id='par_1_61' title="bbox 231 4291 1885 4366">
     <span class='ocr_line' id='line_1_62' title="bbox 231 4291 1885 4366; baseline -0.002 -17"><span class='ocrx_word' id='word_1_443' title='bbox 231 4296 684 4366; x_wconf 84' lang='lat' dir='ltr'>telligendorum</span> <span class='ocrx_word' id='word_1_444' title='bbox 700 4293 1028 4348; x_wconf 83' lang='lat' dir='ltr'>facultatem</span> <span class='ocrx_word' id='word_1_445' title='bbox 1047 4293 1282 4348; x_wconf 90' lang='lat' dir='ltr'>illarum</span> <span class='ocrx_word' id='word_1_446' title='bbox 1300 4291 1625 4348; x_wconf 89' lang='lat' dir='ltr'>litterarum</span> <span class='ocrx_word' id='word_1_447' title='bbox 1639 4292 1885 4348; x_wconf 89' lang='lat' dir='ltr'>scientia</span> 
     </span>
    </p>
   </div>
   <div class='ocr_carea' id='block_1_62' title="bbox 231 4381 1883 4454">
    <p class='ocr_par' dir='ltr' id='par_1_62' title="bbox 231 4381 1883 4454">
     <span class='ocr_line' id='line_1_63' title="bbox 231 4381 1883 4454; baseline -0.002 -16"><span class='ocrx_word' id='word_1_448' title='bbox 231 4384 490 4448; x_wconf 88' lang='lat' dir='ltr'>dederat,</span> <span class='ocrx_word' id='word_1_449' title='bbox 523 4388 653 4438; x_wconf 89' lang='lat' dir='ltr'>tum</span> <span class='ocrx_word' id='word_1_450' title='bbox 684 4399 816 4438; x_wconf 89' lang='lat' dir='ltr'>vero</span> <span class='ocrx_word' id='word_1_451' title='bbox 838 4387 895 4437; x_wconf 92' lang='lat' dir='ltr'>et</span> <span class='ocrx_word' id='word_1_452' title='bbox 942 4383 1098 4454; x_wconf 90' lang='lat' dir='ltr'>ipsos</span> <span class='ocrx_word' id='word_1_453' title='bbox 1156 4382 1359 4437; x_wconf 90' lang='lat' dir='ltr'>Libros</span> <span class='ocrx_word' id='word_1_454' title='bbox 1416 4398 1615 4438; x_wconf 88' lang='lat' dir='ltr'>sacros</span> <span class='ocrx_word' id='word_1_455' title='bbox 1669 4381 1883 4436; x_wconf 88' lang='lat' dir='ltr'>rectius</span> 
     </span>
    </p>
   </div>
   <div class='ocr_carea' id='block_1_63' title="bbox 233 4468 1882 4543">
    <p class='ocr_par' dir='ltr' id='par_1_63' title="bbox 233 4468 1882 4543">
     <span class='ocr_line' id='line_1_64' title="bbox 233 4468 1882 4543; baseline -0.002 -18"><span class='ocrx_word' id='word_1_456' title='bbox 233 4472 560 4543; x_wconf 88' lang='lat' dir='ltr'>intelligere</span> <span class='ocrx_word' id='word_1_457' title='bbox 586 4471 910 4535; x_wconf 88' lang='lat' dir='ltr'>discebant,</span> <span class='ocrx_word' id='word_1_458' title='bbox 943 4475 1000 4526; x_wconf 92' lang='lat' dir='ltr'>et</span> <span class='ocrx_word' id='word_1_459' title='bbox 1056 4471 1212 4542; x_wconf 91' lang='lat' dir='ltr'>quod</span> <span class='ocrx_word' id='word_1_460' title='bbox 1249 4470 1507 4541; x_wconf 87' lang='lat' dir='ltr'>vulgaris</span> <span class='ocrx_word' id='word_1_461' title='bbox 1566 4468 1882 4541; x_wconf 89' lang='lat' dir='ltr'>disciplina</span> 
     </span>
    </p>
   </div>
   <div class='ocr_carea' id='block_1_64' title="bbox 1975 1873 3633 1944">
    <p class='ocr_par' dir='ltr' id='par_1_64' title="bbox 1975 1873 3633 1944">
     <span class='ocr_line' id='line_1_65' title="bbox 1975 1873 3633 1944; baseline 0.004 -15"><span class='ocrx_word' id='word_1_462' title='bbox 1975 1878 2108 1930; x_wconf 90' lang='lat' dir='ltr'>ante</span> <span class='ocrx_word' id='word_1_463' title='bbox 2137 1877 2334 1928; x_wconf 86' lang='lat' dir='ltr'>essent</span> <span class='ocrx_word' id='word_1_464' title='bbox 2363 1873 2673 1929; x_wconf 88' lang='lat' dir='ltr'>adversati.</span> <span class='ocrx_word' id='word_1_465' title='bbox 2717 1875 2870 1931; x_wconf 66' lang='lat'>222</span> <span class='ocrx_word' id='word_1_466' title='bbox 2928 1877 3006 1930; x_wconf 89' lang='lat' dir='ltr'>Ac</span> <span class='ocrx_word' id='word_1_467' title='bbox 3065 1877 3281 1944; x_wconf 90' lang='lat' dir='ltr'>nescio,</span> <span class='ocrx_word' id='word_1_468' title='bbox 3343 1895 3413 1933; x_wconf 92' lang='lat' dir='ltr'>an</span> <span class='ocrx_word' id='word_1_469' title='bbox 3475 1896 3633 1935; x_wconf 90' lang='lat' dir='ltr'>nunc</span> 
     </span>
    </p>
   </div>
   <div class='ocr_carea' id='block_1_65' title="bbox 1974 1961 3635 2036">
    <p class='ocr_par' dir='ltr' id='par_1_65' title="bbox 1974 1961 3635 2036">
     <span class='ocr_line' id='line_1_66' title="bbox 1974 1961 3635 2036; baseline 0.004 -18"><span class='ocrx_word' id='word_1_470' title='bbox 1974 1979 2206 2036; x_wconf 90' lang='lat' dir='ltr'>quoque</span> <span class='ocrx_word' id='word_1_471' title='bbox 2241 1961 2584 2018; x_wconf 89' lang='lat' dir='ltr'>vendibilior</span> <span class='ocrx_word' id='word_1_472' title='bbox 2629 1963 2953 2019; x_wconf 87' lang='lat' dir='ltr'>litterarum</span> <span class='ocrx_word' id='word_1_473' title='bbox 3016 1965 3426 2022; x_wconf 91' lang='lat' dir='ltr'>humaniorum</span> <span class='ocrx_word' id='word_1_474' title='bbox 3483 1968 3635 2026; x_wconf 89' lang='lat' dir='ltr'>bona</span> 
     </span>
    </p>
   </div>
   <div class='ocr_carea' id='block_1_66' title="bbox 1970 2051 3628 2127">
    <p class='ocr_par' dir='ltr' id='par_1_66' title="bbox 1970 2051 3628 2127">
     <span class='ocr_line' id='line_1_67' title="bbox 1970 2051 3628 2127; baseline 0.004 -20"><span class='ocrx_word' id='word_1_475' title='bbox 1970 2069 2130 2108; x_wconf 87' lang='lat' dir='ltr'>merx</span> <span class='ocrx_word' id='word_1_476' title='bbox 2162 2051 2304 2107; x_wconf 84' lang='lat' dir='ltr'>foret</span> <span class='ocrx_word' id='word_1_477' title='bbox 2331 2052 2384 2106; x_wconf 89' lang='lat' dir='ltr'>in</span> <span class='ocrx_word' id='word_1_478' title='bbox 2425 2052 2807 2115; x_wconf 83' lang='lat' dir='ltr'>Accademiis,</span> <span class='ocrx_word' id='word_1_479' title='bbox 2845 2053 2891 2108; x_wconf 93' lang='lat' dir='ltr'>si</span> <span class='ocrx_word' id='word_1_480' title='bbox 2918 2069 3118 2109; x_wconf 91' lang='lat' dir='ltr'>earum</span> <span class='ocrx_word' id='word_1_481' title='bbox 3154 2055 3466 2127; x_wconf 89' lang='lat' dir='ltr'>disciplina</span> <span class='ocrx_word' id='word_1_482' title='bbox 3495 2073 3628 2114; x_wconf 91' lang='lat' dir='ltr'>cum</span> 
     </span>
    </p>
   </div>
   <div class='ocr_carea' id='block_1_67' title="bbox 1975 2139 3632 2212">
    <p class='ocr_par' dir='ltr' id='par_1_67' title="bbox 1975 2139 3632 2212">
     <span class='ocr_line' id='line_1_68' title="bbox 1975 2139 3632 2212; baseline 0.003 -17"><span class='ocrx_word' id='word_1_483' title='bbox 1975 2140 2162 2195; x_wconf 90' lang='lat' dir='ltr'>sacris</span> <span class='ocrx_word' id='word_1_484' title='bbox 2195 2139 2296 2194; x_wconf 86' lang='lat' dir='ltr'>tali</span> <span class='ocrx_word' id='word_1_485' title='bbox 2319 2140 2490 2195; x_wconf 91' lang='lat' dir='ltr'>modo</span> <span class='ocrx_word' id='word_1_486' title='bbox 2521 2141 2981 2212; x_wconf 86' lang='lat' dir='ltr'>cunjungerctur</span> <span class='ocrx_word' id='word_1_487' title='bbox 3020 2143 3090 2197; x_wconf 91' lang='lat' dir='ltr'>ab</span> <span class='ocrx_word' id='word_1_488' title='bbox 3123 2159 3328 2200; x_wconf 92' lang='lat' dir='ltr'>eorum</span> <span class='ocrx_word' id='word_1_489' title='bbox 3376 2147 3632 2203; x_wconf 89' lang='lat' dir='ltr'>doctori-</span> 
     </span>
    </p>
   </div>
   <div class='ocr_carea' id='block_1_68' title="bbox 1976 2228 3640 2303">
    <p class='ocr_par' dir='ltr' id='par_1_68' title="bbox 1976 2228 3640 2303">
     <span class='ocr_line' id='line_1_69' title="bbox 1976 2228 3640 2303; baseline 0.004 -18"><span class='ocrx_word' id='word_1_490' title='bbox 1976 2230 2107 2298; x_wconf 91' lang='lat' dir='ltr'>bus,</span> <span class='ocrx_word' id='word_1_491' title='bbox 2128 2229 2225 2300; x_wconf 90' lang='lat' dir='ltr'>qui</span> <span class='ocrx_word' id='word_1_492' title='bbox 2256 2229 2316 2284; x_wconf 92' lang='lat' dir='ltr'>in</span> <span class='ocrx_word' id='word_1_493' title='bbox 2342 2228 2631 2301; x_wconf 89' lang='lat' dir='ltr'>plerisque</span> <span class='ocrx_word' id='word_1_494' title='bbox 2654 2229 2796 2286; x_wconf 89' lang='lat' dir='ltr'>locis</span> <span class='ocrx_word' id='word_1_495' title='bbox 2820 2247 2997 2303; x_wconf 93' lang='lat' dir='ltr'>prope</span> <span class='ocrx_word' id='word_1_496' title='bbox 3023 2232 3131 2287; x_wconf 91' lang='lat' dir='ltr'>soli</span> <span class='ocrx_word' id='word_1_497' title='bbox 3156 2235 3360 2289; x_wconf 89' lang='lat' dir='ltr'>sedent</span> <span class='ocrx_word' id='word_1_498' title='bbox 3389 2234 3447 2290; x_wconf 91' lang='lat' dir='ltr'>in</span> <span class='ocrx_word' id='word_1_499' title='bbox 3471 2235 3640 2292; x_wconf 88' lang='lat' dir='ltr'>scho-</span> 
     </span>
    </p>
   </div>
   <div class='ocr_carea' id='block_1_69' title="bbox 1977 2317 3630 2393">
    <p class='ocr_par' dir='ltr' id='par_1_69' title="bbox 1977 2317 3630 2393">
     <span class='ocr_line' id='line_1_70' title="bbox 1977 2317 3630 2393; baseline 0.005 -20"><span class='ocrx_word' id='word_1_500' title='bbox 1977 2317 2049 2374; x_wconf 90' lang='lat' dir='ltr'>lis</span> <span class='ocrx_word' id='word_1_501' title='bbox 2080 2319 2226 2374; x_wconf 90' lang='lat' dir='ltr'>Nam</span> <span class='ocrx_word' id='word_1_502' title='bbox 2259 2322 2315 2374; x_wconf 91' lang='lat' dir='ltr'>et</span> <span class='ocrx_word' id='word_1_503' title='bbox 2348 2335 2448 2390; x_wconf 91' lang='lat' dir='ltr'>per</span> <span class='ocrx_word' id='word_1_504' title='bbox 2507 2335 2568 2374; x_wconf 90' lang='lat' dir='ltr'>se</span> <span class='ocrx_word' id='word_1_505' title='bbox 2620 2319 2819 2374; x_wconf 88' lang='lat' dir='ltr'>utilior</span> <span class='ocrx_word' id='word_1_506' title='bbox 2875 2320 3182 2393; x_wconf 88' lang='lat' dir='ltr'>disciplina</span> <span class='ocrx_word' id='word_1_507' title='bbox 3240 2322 3630 2382; x_wconf 89' lang='lat' dir='ltr'>humanitatis</span> 
     </span>
    </p>
   </div>
   <div class='ocr_carea' id='block_1_70' title="bbox 1976 2406 3639 2483">
    <p class='ocr_par' dir='ltr' id='par_1_70' title="bbox 1976 2406 3639 2483">
     <span class='ocr_line' id='line_1_71' title="bbox 1976 2406 3639 2483; baseline 0.005 -22"><span class='ocrx_word' id='word_1_508' title='bbox 1976 2407 2336 2475; x_wconf 89' lang='lat' dir='ltr'>redderetur,</span> <span class='ocrx_word' id='word_1_509' title='bbox 2369 2411 2426 2462; x_wconf 89' lang='lat' dir='ltr'>et</span> <span class='ocrx_word' id='word_1_510' title='bbox 2459 2406 2624 2462; x_wconf 77' lang='lat' dir='ltr'>facile</span> <span class='ocrx_word' id='word_1_511' title='bbox 2656 2407 3328 2483; x_wconf 88' lang='lat' dir='ltr'>intelligerentjuvenes,</span> <span class='ocrx_word' id='word_1_512' title='bbox 3390 2430 3488 2469; x_wconf 90' lang='lat' dir='ltr'>eas</span> <span class='ocrx_word' id='word_1_513' title='bbox 3548 2413 3639 2469; x_wconf 85' lang='lat' dir='ltr'>lit-</span> 
     </span>
    </p>
   </div>
   <div class='ocr_carea' id='block_1_71' title="bbox 1975 2495 3632 2574">
    <p class='ocr_par' dir='ltr' id='par_1_71' title="bbox 1975 2495 3632 2574">
     <span class='ocr_line' id='line_1_72' title="bbox 1975 2495 3632 2574; baseline 0.005 -24"><span class='ocrx_word' id='word_1_514' title='bbox 1975 2499 2130 2551; x_wconf 89' lang='lat' dir='ltr'>teras</span> <span class='ocrx_word' id='word_1_515' title='bbox 2164 2495 2278 2552; x_wconf 90' lang='lat' dir='ltr'>sibi</span> <span class='ocrx_word' id='word_1_516' title='bbox 2310 2513 2424 2552; x_wconf 90' lang='lat' dir='ltr'>non</span> <span class='ocrx_word' id='word_1_517' title='bbox 2456 2497 2648 2563; x_wconf 91' lang='lat' dir='ltr'>modo,</span> <span class='ocrx_word' id='word_1_518' title='bbox 2684 2514 2811 2569; x_wconf 85' lang='lat' dir='ltr'>qua</span> <span class='ocrx_word' id='word_1_519' title='bbox 2839 2515 2993 2554; x_wconf 90' lang='lat' dir='ltr'>nunc</span> <span class='ocrx_word' id='word_1_520' title='bbox 3021 2499 3278 2568; x_wconf 76' lang='lat' dir='ltr'>vulgaris</span> <span class='ocrx_word' id='word_1_521' title='bbox 3301 2501 3501 2574; x_wconf 93' lang='lat' dir='ltr'>opinio</span> <span class='ocrx_word' id='word_1_522' title='bbox 3524 2507 3632 2570; x_wconf 90' lang='lat' dir='ltr'>est,</span> 
     </span>
    </p>
   </div>
   <div class='ocr_carea' id='block_1_72' title="bbox 1978 2585 3631 2664">
    <p class='ocr_par' dir='ltr' id='par_1_72' title="bbox 1978 2585 3631 2664">
     <span class='ocr_line' id='line_1_73' title="bbox 1978 2585 3631 2664; baseline 0.006 -25"><span class='ocrx_word' id='word_1_523' title='bbox 1978 2586 2050 2640; x_wconf 93' lang='lat' dir='ltr'>ad</span> <span class='ocrx_word' id='word_1_524' title='bbox 2084 2585 2548 2657; x_wconf 83' lang='lat' dir='ltr'>qualemcunque</span> <span class='ocrx_word' id='word_1_525' title='bbox 2581 2587 2783 2642; x_wconf 87' lang='lat' dir='ltr'>Latine</span> <span class='ocrx_word' id='word_1_526' title='bbox 2815 2589 3464 2647; x_wconf 77' lang='lat' dir='ltr'>scribendil‘abultatem</span> <span class='ocrx_word' id='word_1_527' title='bbox 3497 2609 3631 2664; x_wconf 90' lang='lat' dir='ltr'>pro-</span> 
     </span>
    </p>
   </div>
   <div class='ocr_carea' id='block_1_73' title="bbox 1978 2675 3626 2754">
    <p class='ocr_par' dir='ltr' id='par_1_73' title="bbox 1978 2675 3626 2754">
     <span class='ocr_line' id='line_1_74' title="bbox 1978 2675 3626 2754; baseline 0.006 -26"><span class='ocrx_word' id='word_1_528' title='bbox 1978 2675 2228 2739; x_wconf 86' lang='lat' dir='ltr'>futuras,</span> <span class='ocrx_word' id='word_1_529' title='bbox 2252 2692 2428 2746; x_wconf 92' lang='lat' dir='ltr'>quam</span> <span class='ocrx_word' id='word_1_530' title='bbox 2462 2675 2735 2748; x_wconf 89' lang='lat' dir='ltr'>permulti</span> <span class='ocrx_word' id='word_1_531' title='bbox 2769 2693 2841 2731; x_wconf 92' lang='lat' dir='ltr'>ne</span> <span class='ocrx_word' id='word_1_532' title='bbox 2871 2683 3148 2749; x_wconf 79' lang='lat' dir='ltr'>expetunt</span> <span class='ocrx_word' id='word_1_533' title='bbox 3178 2680 3438 2750; x_wconf 91' lang='lat' dir='ltr'>quidem,</span> <span class='ocrx_word' id='word_1_534' title='bbox 3469 2682 3626 2754; x_wconf 89' lang='lat' dir='ltr'>quod</span> 
     </span>
    </p>
   </div>
   <div class='ocr_carea' id='block_1_74' title="bbox 1977 2763 3635 2842">
    <p class='ocr_par' dir='ltr' id='par_1_74' title="bbox 1977 2763 3635 2842">
     <span class='ocr_line' id='line_1_75' title="bbox 1977 2763 3635 2842; baseline 0.005 -24"><span class='ocrx_word' id='word_1_535' title='bbox 1977 2765 2108 2834; x_wconf 89' lang='lat' dir='ltr'>ejus</span> <span class='ocrx_word' id='word_1_536' title='bbox 2137 2763 2246 2818; x_wconf 92' lang='lat' dir='ltr'>sibi</span> <span class='ocrx_word' id='word_1_537' title='bbox 2279 2781 2381 2835; x_wconf 92' lang='lat' dir='ltr'>pro</span> <span class='ocrx_word' id='word_1_538' title='bbox 2410 2764 2694 2820; x_wconf 86' lang='lat' dir='ltr'>instituta</span> <span class='ocrx_word' id='word_1_539' title='bbox 2712 2765 2843 2820; x_wconf 85' lang='lat' dir='ltr'>vita</span> <span class='ocrx_word' id='word_1_540' title='bbox 2876 2767 3197 2824; x_wconf 86' lang='lat' dir='ltr'>rationibus</span> <span class='ocrx_word' id='word_1_541' title='bbox 3228 2771 3504 2842; x_wconf 81' lang='lat' dir='ltr'>exiguum</span> <span class='ocrx_word' id='word_1_542' title='bbox 3523 2776 3635 2826; x_wconf 89' lang='lat' dir='ltr'>aut</span> 
     </span>
    </p>
   </div>
   <div class='ocr_carea' id='block_1_75' title="bbox 1980 2851 3626 2930">
    <p class='ocr_par' dir='ltr' id='par_1_75' title="bbox 1980 2851 3626 2930">
     <span class='ocr_line' id='line_1_76' title="bbox 1980 2851 3626 2930; baseline 0.005 -24"><span class='ocrx_word' id='word_1_543' title='bbox 1980 2851 2209 2908; x_wconf 90' lang='lat' dir='ltr'>nullum</span> <span class='ocrx_word' id='word_1_544' title='bbox 2242 2869 2414 2908; x_wconf 89' lang='lat' dir='ltr'>usum</span> <span class='ocrx_word' id='word_1_545' title='bbox 2448 2853 2645 2909; x_wconf 91' lang='lat' dir='ltr'>vident</span> <span class='ocrx_word' id='word_1_546' title='bbox 2675 2855 2815 2921; x_wconf 86' lang='lat' dir='ltr'>fore,</span> <span class='ocrx_word' id='word_1_547' title='bbox 2840 2856 2939 2910; x_wconf 92' lang='lat' dir='ltr'>sed</span> <span class='ocrx_word' id='word_1_548' title='bbox 2967 2855 3164 2926; x_wconf 88' lang='lat' dir='ltr'>etiam,</span> <span class='ocrx_word' id='word_1_549' title='bbox 3198 2862 3254 2912; x_wconf 93' lang='lat' dir='ltr'>et</span> <span class='ocrx_word' id='word_1_550' title='bbox 3288 2858 3471 2914; x_wconf 90' lang='lat' dir='ltr'>multo</span> <span class='ocrx_word' id='word_1_551' title='bbox 3494 2859 3626 2930; x_wconf 80' lang='lat' dir='ltr'>qui-</span> 
     </span>
    </p>
   </div>
   <div class='ocr_carea' id='block_1_76' title="bbox 1979 2937 3634 3018">
    <p class='ocr_par' dir='ltr' id='par_1_76' title="bbox 1979 2937 3634 3018">
     <span class='ocr_line' id='line_1_77' title="bbox 1979 2937 3634 3018; baseline 0.004 -25"><span class='ocrx_word' id='word_1_552' title='bbox 1979 2937 2113 2993; x_wconf 90' lang='lat' dir='ltr'>dem</span> <span class='ocrx_word' id='word_1_553' title='bbox 2137 2938 2346 3010; x_wconf 82' lang='lat' dir='ltr'>magis,</span> <span class='ocrx_word' id='word_1_554' title='bbox 2379 2939 2449 2995; x_wconf 89' lang='lat' dir='ltr'>ad</span> <span class='ocrx_word' id='word_1_555' title='bbox 2483 2939 2756 2996; x_wconf 85' lang='lat' dir='ltr'>doctrina</span> <span class='ocrx_word' id='word_1_556' title='bbox 2782 2941 2948 2998; x_wconf 91' lang='lat' dir='ltr'>utilis</span> <span class='ocrx_word' id='word_1_557' title='bbox 2965 2943 3214 3015; x_wconf 89' lang='lat' dir='ltr'>copiam,</span> <span class='ocrx_word' id='word_1_558' title='bbox 3243 2945 3315 3000; x_wconf 91' lang='lat' dir='ltr'>ad</span> <span class='ocrx_word' id='word_1_559' title='bbox 3340 2961 3517 3017; x_wconf 87' lang='lat' dir='ltr'>quam</span> <span class='ocrx_word' id='word_1_560' title='bbox 3542 2946 3634 3018; x_wconf 83' lang='lat' dir='ltr'>ip-</span> 
     </span>
    </p>
   </div>
   <div class='ocr_carea' id='block_1_77' title="bbox 1980 3029 3636 3102">
    <p class='ocr_par' dir='ltr' id='par_1_77' title="bbox 1980 3029 3636 3102">
     <span class='ocr_line' id='line_1_78' title="bbox 1980 3029 3636 3102; baseline 0.005 -20"><span class='ocrx_word' id='word_1_561' title='bbox 1980 3044 2105 3082; x_wconf 89' lang='lat' dir='ltr'>sam</span> <span class='ocrx_word' id='word_1_562' title='bbox 2133 3032 2190 3083; x_wconf 92' lang='lat' dir='ltr'>et</span> <span class='ocrx_word' id='word_1_563' title='bbox 2233 3029 2613 3100; x_wconf 88' lang='lat' dir='ltr'>expetendam</span> <span class='ocrx_word' id='word_1_564' title='bbox 2650 3029 2932 3102; x_wconf 86' lang='lat' dir='ltr'>paulatim</span> <span class='ocrx_word' id='word_1_565' title='bbox 2966 3031 3358 3102; x_wconf 86' lang='lat' dir='ltr'>allicerentur,</span> <span class='ocrx_word' id='word_1_566' title='bbox 3389 3037 3446 3091; x_wconf 90' lang='lat' dir='ltr'>et</span> <span class='ocrx_word' id='word_1_567' title='bbox 3475 3050 3636 3091; x_wconf 91' lang='lat' dir='ltr'>com-</span> 
     </span>
    </p>
   </div>
   <div class='ocr_carea' id='block_1_78' title="bbox 1981 3117 2790 3189">
    <p class='ocr_par' dir='ltr' id='par_1_78' title="bbox 1981 3117 2790 3189">
     <span class='ocr_line' id='line_1_79' title="bbox 1981 3117 2790 3189; baseline 0.004 -18"><span class='ocrx_word' id='word_1_568' title='bbox 1981 3117 2304 3189; x_wconf 89' lang='lat' dir='ltr'>parandam</span> <span class='ocrx_word' id='word_1_569' title='bbox 2337 3118 2790 3175; x_wconf 90' lang='lat' dir='ltr'>adducerentur.</span> 
     </span>
    </p>
   </div>
   <div class='ocr_carea' id='block_1_79' title="bbox 2058 3242 3631 3321">
    <p class='ocr_par' dir='ltr' id='par_1_79' title="bbox 2058 3242 3631 3321">
     <span class='ocr_line' id='line_1_80' title="bbox 2058 3242 3631 3321; baseline 0.005 -23"><span class='ocrx_word' id='word_1_570' title='bbox 2058 3245 2257 3314; x_wconf 90' lang='lat' dir='ltr'>Neque</span> <span class='ocrx_word' id='word_1_571' title='bbox 2287 3242 2444 3298; x_wconf 89' lang='lat' dir='ltr'>enim</span> <span class='ocrx_word' id='word_1_572' title='bbox 2486 3244 2741 3314; x_wconf 86' lang='lat' dir='ltr'>profecto</span> <span class='ocrx_word' id='word_1_573' title='bbox 2772 3243 2884 3300; x_wconf 92' lang='lat' dir='ltr'>dici</span> <span class='ocrx_word' id='word_1_574' title='bbox 2917 3245 3026 3301; x_wconf 88' lang='lat' dir='ltr'>hoc</span> <span class='ocrx_word' id='word_1_575' title='bbox 3074 3263 3205 3303; x_wconf 90' lang='lat' dir='ltr'>vere</span> <span class='ocrx_word' id='word_1_576' title='bbox 3237 3252 3446 3321; x_wconf 89' lang='lat' dir='ltr'>petest,</span> <span class='ocrx_word' id='word_1_577' title='bbox 3515 3267 3631 3306; x_wconf 90' lang='lat' dir='ltr'>non</span> 
     </span>
    </p>
   </div>
   <div class='ocr_carea' id='block_1_80' title="bbox 1987 3329 3631 3410">
    <p class='ocr_par' dir='ltr' id='par_1_80' title="bbox 1987 3329 3631 3410">
     <span class='ocr_line' id='line_1_81' title="bbox 1987 3329 3631 3410; baseline 0.005 -25"><span class='ocrx_word' id='word_1_578' title='bbox 1987 3329 2203 3386; x_wconf 88' lang='lat' dir='ltr'>habere</span> <span class='ocrx_word' id='word_1_579' title='bbox 2248 3335 2556 3387; x_wconf 89' lang='lat' dir='ltr'>Doctorum</span> <span class='ocrx_word' id='word_1_580' title='bbox 2587 3332 2798 3388; x_wconf 89' lang='lat' dir='ltr'>veteris</span> <span class='ocrx_word' id='word_1_581' title='bbox 2830 3333 3092 3390; x_wconf 80' lang='lat' dir='ltr'>Ecclesia</span> <span class='ocrx_word' id='word_1_582' title='bbox 3115 3335 3316 3404; x_wconf 90' lang='lat' dir='ltr'>libros,</span> <span class='ocrx_word' id='word_1_583' title='bbox 3351 3354 3466 3409; x_wconf 91' lang='lat' dir='ltr'>quo</span> <span class='ocrx_word' id='word_1_584' title='bbox 3498 3355 3631 3410; x_wconf 86' lang='lat' dir='ltr'>pos-</span> 
     </span>
    </p>
   </div>
   <div class='ocr_carea' id='block_1_81' title="bbox 1988 3419 3634 3495">
    <p class='ocr_par' dir='ltr' id='par_1_81' title="bbox 1988 3419 3634 3495">
     <span class='ocr_line' id='line_1_82' title="bbox 1988 3419 3634 3495; baseline 0.003 -20"><span class='ocrx_word' id='word_1_585' title='bbox 1988 3419 2175 3475; x_wconf 89' lang='lat' dir='ltr'>simus</span> <span class='ocrx_word' id='word_1_586' title='bbox 2208 3419 2266 3474; x_wconf 93' lang='lat' dir='ltr'>in</span> <span class='ocrx_word' id='word_1_587' title='bbox 2288 3419 2443 3476; x_wconf 90' lang='lat' dir='ltr'>omni</span> <span class='ocrx_word' id='word_1_588' title='bbox 2466 3436 2674 3491; x_wconf 87' lang='lat' dir='ltr'>genere</span> <span class='ocrx_word' id='word_1_589' title='bbox 2706 3421 3004 3490; x_wconf 78' lang='lat' dir='ltr'>doctrina,</span> <span class='ocrx_word' id='word_1_590' title='bbox 3054 3425 3206 3495; x_wconf 91' lang='lat' dir='ltr'>quod</span> <span class='ocrx_word' id='word_1_591' title='bbox 3269 3425 3478 3482; x_wconf 87' lang='lat' dir='ltr'>habeat</span> <span class='ocrx_word' id='word_1_592' title='bbox 3521 3426 3634 3482; x_wconf 90' lang='lat' dir='ltr'>ali-</span> 
     </span>
    </p>
   </div>
   <div class='ocr_carea' id='block_1_82' title="bbox 1991 3508 3638 3583">
    <p class='ocr_par' dir='ltr' id='par_1_82' title="bbox 1991 3508 3638 3583">
     <span class='ocr_line' id='line_1_83' title="bbox 1991 3508 3638 3583; baseline 0.005 -21"><span class='ocrx_word' id='word_1_593' title='bbox 1991 3525 2167 3580; x_wconf 90' lang='lat' dir='ltr'>quam</span> <span class='ocrx_word' id='word_1_594' title='bbox 2200 3508 2283 3563; x_wconf 89' lang='lat' dir='ltr'>vel</span> <span class='ocrx_word' id='word_1_595' title='bbox 2315 3525 2448 3564; x_wconf 92' lang='lat' dir='ltr'>cum</span> <span class='ocrx_word' id='word_1_596' title='bbox 2482 3508 2759 3580; x_wconf 89' lang='lat' dir='ltr'>religione</span> <span class='ocrx_word' id='word_1_597' title='bbox 2789 3513 3284 3583; x_wconf 88' lang='lat' dir='ltr'>conjunctionem,</span> <span class='ocrx_word' id='word_1_598' title='bbox 3318 3514 3406 3569; x_wconf 90' lang='lat' dir='ltr'>vel</span> <span class='ocrx_word' id='word_1_599' title='bbox 3437 3516 3507 3570; x_wconf 89' lang='lat' dir='ltr'>ad</span> <span class='ocrx_word' id='word_1_600' title='bbox 3541 3533 3638 3572; x_wconf 87' lang='lat' dir='ltr'>sa-</span> 
     </span>
    </p>
   </div>
   <div class='ocr_carea' id='block_1_83' title="bbox 1990 3597 3640 3674">
    <p class='ocr_par' dir='ltr' id='par_1_83' title="bbox 1990 3597 3640 3674">
     <span class='ocr_line' id='line_1_84' title="bbox 1990 3597 3640 3674; baseline 0.004 -21"><span class='ocrx_word' id='word_1_601' title='bbox 1990 3614 2146 3653; x_wconf 91' lang='lat' dir='ltr'>cram</span> <span class='ocrx_word' id='word_1_602' title='bbox 2179 3598 2483 3654; x_wconf 89' lang='lat' dir='ltr'>scientiam</span> <span class='ocrx_word' id='word_1_603' title='bbox 2517 3597 2659 3653; x_wconf 89' lang='lat' dir='ltr'>bene</span> <span class='ocrx_word' id='word_1_604' title='bbox 2683 3601 3047 3655; x_wconf 86' lang='lat' dir='ltr'>tractandam</span> <span class='ocrx_word' id='word_1_605' title='bbox 3083 3602 3412 3672; x_wconf 89' lang='lat' dir='ltr'>utilitatem,</span> <span class='ocrx_word' id='word_1_606' title='bbox 3421 3605 3640 3674; x_wconf 89' lang='lat' dir='ltr'>juvari.</span> 
     </span>
    </p>
   </div>
   <div class='ocr_carea' id='block_1_84' title="bbox 1991 3687 3639 3764">
    <p class='ocr_par' dir='ltr' id='par_1_84' title="bbox 1991 3687 3639 3764">
     <span class='ocr_line' id='line_1_85' title="bbox 1991 3687 3639 3764; baseline 0.005 -22"><span class='ocrx_word' id='word_1_607' title='bbox 1991 3687 2256 3758; x_wconf 89' lang='lat' dir='ltr'>Longum</span> <span class='ocrx_word' id='word_1_608' title='bbox 2280 3687 2423 3742; x_wconf 83' lang='lat' dir='ltr'>foret</span> <span class='ocrx_word' id='word_1_609' title='bbox 2453 3687 2879 3755; x_wconf 89' lang='lat' dir='ltr'>demonstrare,</span> <span class='ocrx_word' id='word_1_610' title='bbox 2905 3689 3043 3760; x_wconf 87' lang='lat' dir='ltr'>quid</span> <span class='ocrx_word' id='word_1_611' title='bbox 3073 3691 3146 3746; x_wconf 88' lang='lat' dir='ltr'>ab</span> <span class='ocrx_word' id='word_1_612' title='bbox 3179 3690 3249 3747; x_wconf 90' lang='lat' dir='ltr'>iis</span> <span class='ocrx_word' id='word_1_613' title='bbox 3281 3693 3536 3764; x_wconf 87' lang='lat' dir='ltr'>prasidii</span> <span class='ocrx_word' id='word_1_614' title='bbox 3568 3695 3639 3750; x_wconf 93' lang='lat' dir='ltr'>ad</span> 
     </span>
    </p>
   </div>
   <div class='ocr_carea' id='block_1_85' title="bbox 1989 3775 3638 3852">
    <p class='ocr_par' dir='ltr' id='par_1_85' title="bbox 1989 3775 3638 3852">
     <span class='ocr_line' id='line_1_86' title="bbox 1989 3775 3638 3852; baseline 0.005 -22"><span class='ocrx_word' id='word_1_615' title='bbox 1989 3775 2367 3848; x_wconf 90' lang='lat' dir='ltr'>theologiam,</span> <span class='ocrx_word' id='word_1_616' title='bbox 2399 3777 2469 3830; x_wconf 91' lang='lat' dir='ltr'>ad</span> <span class='ocrx_word' id='word_1_617' title='bbox 2504 3776 3041 3847; x_wconf 86' lang='lat' dir='ltr'>interpretationem</span> <span class='ocrx_word' id='word_1_618' title='bbox 3073 3780 3508 3852; x_wconf 87' lang='lat' dir='ltr'>Scripturarum</span> <span class='ocrx_word' id='word_1_619' title='bbox 3543 3800 3638 3839; x_wconf 84' lang='lat' dir='ltr'>sa-</span> 
     </span>
    </p>
   </div>
   <div class='ocr_carea' id='block_1_86' title="bbox 1990 3864 3635 3943">
    <p class='ocr_par' dir='ltr' id='par_1_86' title="bbox 1990 3864 3635 3943">
     <span class='ocr_line' id='line_1_87' title="bbox 1990 3864 3635 3943; baseline 0.004 -23"><span class='ocrx_word' id='word_1_620' title='bbox 1990 3881 2244 3932; x_wconf 89' lang='lat' dir='ltr'>crarum,</span> <span class='ocrx_word' id='word_1_621' title='bbox 2270 3865 2340 3920; x_wconf 90' lang='lat' dir='ltr'>ad</span> <span class='ocrx_word' id='word_1_622' title='bbox 2364 3882 2590 3920; x_wconf 85' lang='lat' dir='ltr'>sacram</span> <span class='ocrx_word' id='word_1_623' title='bbox 2606 3864 2952 3938; x_wconf 89' lang='lat' dir='ltr'>civilemque</span> <span class='ocrx_word' id='word_1_624' title='bbox 2965 3867 3288 3935; x_wconf 83' lang='lat' dir='ltr'>historiam,</span> <span class='ocrx_word' id='word_1_625' title='bbox 3310 3872 3380 3925; x_wconf 91' lang='lat' dir='ltr'>ad</span> <span class='ocrx_word' id='word_1_626' title='bbox 3396 3887 3635 3943; x_wconf 86' lang='lat' dir='ltr'>geogra-</span> 
     </span>
    </p>
   </div>
   <div class='ocr_carea' id='block_1_87' title="bbox 1991 3953 3639 4029">
    <p class='ocr_par' dir='ltr' id='par_1_87' title="bbox 1991 3953 3639 4029">
     <span class='ocr_line' id='line_1_88' title="bbox 1991 3953 3639 4029; baseline 0.005 -22"><span class='ocrx_word' id='word_1_627' title='bbox 1991 3953 2188 4025; x_wconf 89' lang='lat' dir='ltr'>phiam</span> <span class='ocrx_word' id='word_1_628' title='bbox 2225 3960 2554 4024; x_wconf 85' lang='lat' dir='ltr'>utramque,</span> <span class='ocrx_word' id='word_1_629' title='bbox 2605 3954 2675 4008; x_wconf 88' lang='lat' dir='ltr'>ad</span> <span class='ocrx_word' id='word_1_630' title='bbox 2708 3953 2852 4010; x_wconf 88' lang='lat' dir='ltr'>alias</span> <span class='ocrx_word' id='word_1_631' title='bbox 2881 3961 3035 4012; x_wconf 85' lang='lat' dir='ltr'>artes</span> <span class='ocrx_word' id='word_1_632' title='bbox 3067 3974 3134 4014; x_wconf 91' lang='lat' dir='ltr'>ac</span> <span class='ocrx_word' id='word_1_633' title='bbox 3164 3957 3526 4029; x_wconf 89' lang='lat' dir='ltr'>disciplinas,</span> <span class='ocrx_word' id='word_1_634' title='bbox 3578 3963 3639 4015; x_wconf 87' lang='lat' dir='ltr'>et</span> 
     </span>
    </p>
   </div>
   <div class='ocr_carea' id='block_1_88' title="bbox 1993 4041 3642 4116">
    <p class='ocr_par' dir='ltr' id='par_1_88' title="bbox 1993 4041 3642 4116">
     <span class='ocr_line' id='line_1_89' title="bbox 1993 4041 3642 4116; baseline 0.003 -19"><span class='ocrx_word' id='word_1_635' title='bbox 1993 4042 2306 4114; x_wconf 91' lang='lat' dir='ltr'>quomodo,</span> <span class='ocrx_word' id='word_1_636' title='bbox 2339 4041 2455 4113; x_wconf 85' lang='lat' dir='ltr'>peti</span> <span class='ocrx_word' id='word_1_637' title='bbox 2504 4042 2710 4114; x_wconf 90' lang='lat' dir='ltr'>possit.</span> <span class='ocrx_word' id='word_1_638' title='bbox 2746 4045 2954 4116; x_wconf 89' lang='lat' dir='ltr'>Integri</span> <span class='ocrx_word' id='word_1_639' title='bbox 2989 4045 3395 4102; x_wconf 89' lang='lat' dir='ltr'>commentarii</span> <span class='ocrx_word' id='word_1_640' title='bbox 3416 4046 3526 4102; x_wconf 90' lang='lat' dir='ltr'>hoc</span> <span class='ocrx_word' id='word_1_641' title='bbox 3552 4063 3642 4102; x_wconf 88' lang='lat' dir='ltr'>ar-</span> 
     </span>
    </p>
   </div>
   <div class='ocr_carea' id='block_1_89' title="bbox 1991 4133 3639 4202">
    <p class='ocr_par' dir='ltr' id='par_1_89' title="bbox 1991 4133 3639 4202">
     <span class='ocr_line' id='line_1_90' title="bbox 1991 4133 3639 4202; baseline 0.004 -18"><span class='ocrx_word' id='word_1_642' title='bbox 1991 4134 2334 4202; x_wconf 85' lang='lat' dir='ltr'>gumentum</span> <span class='ocrx_word' id='word_1_643' title='bbox 2365 4133 2474 4201; x_wconf 89' lang='lat' dir='ltr'>est,</span> <span class='ocrx_word' id='word_1_644' title='bbox 2499 4147 2673 4202; x_wconf 88' lang='lat' dir='ltr'>quem</span> <span class='ocrx_word' id='word_1_645' title='bbox 2704 4149 2860 4187; x_wconf 90' lang='lat' dir='ltr'>nunc</span> <span class='ocrx_word' id='word_1_646' title='bbox 2891 4150 3002 4188; x_wconf 93' lang='lat' dir='ltr'>non</span> <span class='ocrx_word' id='word_1_647' title='bbox 3034 4135 3370 4190; x_wconf 90' lang='lat' dir='ltr'>scribimus.</span> <span class='ocrx_word' id='word_1_648' title='bbox 3403 4135 3489 4190; x_wconf 85' lang='lat' dir='ltr'>Ad</span> <span class='ocrx_word' id='word_1_649' title='bbox 3513 4133 3639 4190; x_wconf 89' lang='lat' dir='ltr'>elo-</span> 
     </span>
    </p>
   </div>
   <div class='ocr_carea' id='block_1_90' title="bbox 1993 4219 3648 4296">
    <p class='ocr_par' dir='ltr' id='par_1_90' title="bbox 1993 4219 3648 4296">
     <span class='ocr_line' id='line_1_91' title="bbox 1993 4219 3648 4296; baseline 0.003 -22"><span class='ocrx_word' id='word_1_650' title='bbox 1993 4219 2293 4291; x_wconf 90' lang='lat' dir='ltr'>quentiam</span> <span class='ocrx_word' id='word_1_651' title='bbox 2325 4235 2476 4288; x_wconf 89' lang='lat' dir='ltr'>eam,</span> <span class='ocrx_word' id='word_1_652' title='bbox 2510 4236 2625 4291; x_wconf 89' lang='lat' dir='ltr'>qua</span> <span class='ocrx_word' id='word_1_653' title='bbox 2648 4221 2705 4275; x_wconf 90' lang='lat' dir='ltr'>in</span> <span class='ocrx_word' id='word_1_654' title='bbox 2738 4221 2970 4293; x_wconf 90' lang='lat' dir='ltr'>templis</span> <span class='ocrx_word' id='word_1_655' title='bbox 3002 4222 3084 4276; x_wconf 91' lang='lat' dir='ltr'>uti</span> <span class='ocrx_word' id='word_1_656' title='bbox 3127 4224 3392 4278; x_wconf 90' lang='lat' dir='ltr'>convenit</span> <span class='ocrx_word' id='word_1_657' title='bbox 3448 4241 3648 4296; x_wconf 80' lang='lat' dir='ltr'>quan-&#39;</span> 
     </span>
    </p>
   </div>
   <div class='ocr_carea' id='block_1_91' title="bbox 1993 4311 3646 4384">
    <p class='ocr_par' dir='ltr' id='par_1_91' title="bbox 1993 4311 3646 4384">
     <span class='ocr_line' id='line_1_92' title="bbox 1993 4311 3646 4384; baseline 0.002 -20"><span class='ocrx_word' id='word_1_658' title='bbox 1993 4313 2113 4364; x_wconf 89' lang='lat' dir='ltr'>tam</span> <span class='ocrx_word' id='word_1_659' title='bbox 2139 4311 2363 4380; x_wconf 90' lang='lat' dir='ltr'>copiam</span> <span class='ocrx_word' id='word_1_660' title='bbox 2386 4316 3120 4381; x_wconf 85' lang='lat' dir='ltr'>rerum,argumentorum,</span> <span class='ocrx_word' id='word_1_661' title='bbox 3145 4311 3442 4384; x_wconf 92' lang='lat' dir='ltr'>imprimis</span> <span class='ocrx_word' id='word_1_662' title='bbox 3466 4330 3646 4384; x_wconf 90' lang='lat' dir='ltr'>popu-</span> 
     </span>
    </p>
   </div>
   <div class='ocr_carea' id='block_1_92' title="bbox 1995 4396 3645 4470">
    <p class='ocr_par' dir='ltr' id='par_1_92' title="bbox 1995 4396 3645 4470">
     <span class='ocr_line' id='line_1_93' title="bbox 1995 4396 3645 4470; baseline 0.002 -18"><span class='ocrx_word' id='word_1_663' title='bbox 1995 4398 2229 4467; x_wconf 88' lang='lat' dir='ltr'>larium,</span> <span class='ocrx_word' id='word_1_664' title='bbox 2263 4396 2688 4452; x_wconf 88' lang='lat' dir='ltr'>sententiarum</span> <span class='ocrx_word' id='word_1_665' title='bbox 2723 4399 2972 4454; x_wconf 84' lang='lat' dir='ltr'>maxime</span> <span class='ocrx_word' id='word_1_666' title='bbox 3046 4401 3426 4470; x_wconf 84' lang='lat' dir='ltr'>Optimarum,</span> <span class='ocrx_word' id='word_1_667' title='bbox 3469 4402 3645 4458; x_wconf 90' lang='lat' dir='ltr'>etiam</span> 
     </span>
    </p>
   </div>
   <div class='ocr_carea' id='block_1_93' title="bbox 1995 4489 3646 4560">
    <p class='ocr_par' dir='ltr' id='par_1_93' title="bbox 1995 4489 3646 4560">
     <span class='ocr_line' id='line_1_94' title="bbox 1995 4489 3646 4560; baseline 0.002 -17"><span class='ocrx_word' id='word_1_668' title='bbox 1995 4493 2303 4544; x_wconf 88' lang='lat' dir='ltr'>acutarum</span> <span class='ocrx_word' id='word_1_669' title='bbox 2353 4492 2410 4541; x_wconf 89' lang='lat' dir='ltr'>et</span> <span class='ocrx_word' id='word_1_670' title='bbox 2439 4492 2840 4557; x_wconf 86' lang='lat' dir='ltr'>venustarum,</span> <span class='ocrx_word' id='word_1_671' title='bbox 2899 4489 3298 4560; x_wconf 87' lang='lat' dir='ltr'>suppeditabit</span> <span class='ocrx_word' id='word_1_672' title='bbox 3355 4506 3423 4546; x_wconf 90' lang='lat' dir='ltr'>ea</span> <span class='ocrx_word' id='word_1_673' title='bbox 3474 4490 3646 4548; x_wconf 91' lang='lat' dir='ltr'>lectio</span> 
     </span>
    </p>
   </div>
   <div class='ocr_carea' id='block_1_94' title="bbox 233 4556 3645 4652">
    <p class='ocr_par' dir='ltr' id='par_1_94' title="bbox 233 4556 3645 4652">
     <span class='ocr_line' id='line_1_95' title="bbox 233 4556 3645 4652; baseline 0.002 -22"><span class='ocrx_word' id='word_1_674' title='bbox 233 4559 536 4652; x_wconf 51' lang='lat' dir='ltr'>ibeologife</span> <span class='ocrx_word' id='word_1_675' title='bbox 570 4559 823 4652; x_wconf 53' lang='grc' dir='ltr'>Ῑξθιὶξθδαί</span> <span class='ocrx_word' id='word_1_676' title='bbox 852 4557 1110 4652; x_wconf 45' lang='lat' dir='ltr'>stulti“?</span> <span class='ocrx_word' id='word_1_677' title='bbox 1142 4562 1198 4652; x_wconf 42' lang='lat' dir='ltr'>ei</span> <span class='ocrx_word' id='word_1_678' title='bbox 1232 4558 1496 4626; x_wconf 68' lang='grc' dir='ltr'>ίηεοίίίων</span> <span class='ocrx_word' id='word_1_679' title='bbox 1555 4558 1696 4652; x_wconf 30' lang='grc' dir='ltr'>-θί</span> <span class='ocrx_word' id='word_1_680' title='bbox 1742 4556 1884 4612; x_wconf 65' lang='lat' dir='ltr'>Vitio</span> <span class='ocrx_word' id='word_1_681' title='bbox 1914 4565 1961 4630; x_wconf 89' lang='lat' dir='ltr'><strong>D</strong></span> <span class='ocrx_word' id='word_1_682' title='bbox 1994 4581 2144 4632; x_wconf 91' lang='lat' dir='ltr'>recte</span> <span class='ocrx_word' id='word_1_683' title='bbox 2172 4574 2462 4641; x_wconf 90' lang='lat' dir='ltr'>instituta,</span> <span class='ocrx_word' id='word_1_684' title='bbox 2496 4576 2603 4630; x_wconf 89' lang='lat' dir='ltr'>hoc</span> <span class='ocrx_word' id='word_1_685' title='bbox 2651 4579 2758 4641; x_wconf 87' lang='lat' dir='ltr'>est,</span> <span class='ocrx_word' id='word_1_686' title='bbox 2787 4556 2833 4631; x_wconf 87' lang='lat' dir='ltr'>si</span> <span class='ocrx_word' id='word_1_687' title='bbox 2867 4556 3086 4646; x_wconf 76' lang='lat' dir='ltr'>doctor,</span> <span class='ocrx_word' id='word_1_688' title='bbox 3149 4577 3208 4633; x_wconf 93' lang='lat' dir='ltr'>in</span> <span class='ocrx_word' id='word_1_689' title='bbox 3266 4578 3376 4634; x_wconf 88' lang='lat' dir='ltr'>hoc</span> <span class='ocrx_word' id='word_1_690' title='bbox 3434 4595 3645 4652; x_wconf 88' lang='lat' dir='ltr'>genere</span> 
     </span>
    </p>
   </div>
   <div class='ocr_carea' id='block_1_95' title="bbox 229 4648 1888 4708">
    <p class='ocr_par' dir='ltr' id='par_1_95' title="bbox 229 4648 1888 4708">
     <span class='ocr_line' id='line_1_96' title="bbox 229 4648 1888 4708; baseline 0.002 -4"><span class='ocrx_word' id='word_1_691' title='bbox 229 4648 544 4704; x_wconf 87' lang='lat' dir='ltr'>hominum</span> <span class='ocrx_word' id='word_1_692' title='bbox 587 4648 954 4704; x_wconf 89' lang='lat' dir='ltr'>indoctorum</span> <span class='ocrx_word' id='word_1_693' title='bbox 985 4653 1042 4703; x_wconf 90' lang='lat' dir='ltr'>et</span> <span class='ocrx_word' id='word_1_694' title='bbox 1073 4649 1457 4704; x_wconf 90' lang='lat' dir='ltr'>barbarorum</span> <span class='ocrx_word' id='word_1_695' title='bbox 1507 4649 1774 4705; x_wconf 91' lang='lat' dir='ltr'>additum</span> <span class='ocrx_word' id='word_1_696' title='bbox 1805 4651 1888 4708; x_wconf 88' lang='lat' dir='ltr'>in-</span> 
     </span>
    </p>
   </div>
   <div class='ocr_carea' id='block_1_96' title="bbox 229 4736 1888 4809">
    <p class='ocr_par' dir='ltr' id='par_1_96' title="bbox 229 4736 1888 4809">
     <span class='ocr_line' id='line_1_97' title="bbox 229 4736 1888 4809; baseline 0.004 -17"><span class='ocrx_word' id='word_1_697' title='bbox 229 4739 602 4809; x_wconf 82' lang='lat' dir='ltr'>telligebant.</span> <span class='ocrx_word' id='word_1_698' title='bbox 626 4737 752 4802; x_wconf 87' lang='lat' dir='ltr'>Qua</span> <span class='ocrx_word' id='word_1_699' title='bbox 782 4754 842 4793; x_wconf 89' lang='lat' dir='ltr'>re</span> <span class='ocrx_word' id='word_1_700' title='bbox 873 4736 1093 4793; x_wconf 91' lang='lat' dir='ltr'>incensi</span> <span class='ocrx_word' id='word_1_701' title='bbox 1116 4741 1256 4793; x_wconf 92' lang='lat' dir='ltr'>sunt</span> <span class='ocrx_word' id='word_1_702' title='bbox 1288 4736 1469 4791; x_wconf 89' lang='lat' dir='ltr'>animi</span> <span class='ocrx_word' id='word_1_703' title='bbox 1497 4737 1567 4793; x_wconf 91' lang='lat' dir='ltr'>ad</span> <span class='ocrx_word' id='word_1_704' title='bbox 1623 4741 1888 4798; x_wconf 89' lang='lat' dir='ltr'>studium</span> 
     </span>
    </p>
   </div>
   <div class='ocr_carea' id='block_1_97' title="bbox 227 4825 1891 4885">
    <p class='ocr_par' dir='ltr' id='par_1_97' title="bbox 227 4825 1891 4885">
     <span class='ocr_line' id='line_1_98' title="bbox 227 4825 1891 4885; baseline 0.002 -3"><span class='ocrx_word' id='word_1_705' title='bbox 227 4827 552 4882; x_wconf 88' lang='lat' dir='ltr'>liberanda</span> <span class='ocrx_word' id='word_1_706' title='bbox 575 4827 782 4881; x_wconf 87' lang='lat' dir='ltr'>divina</span> <span class='ocrx_word' id='word_1_707' title='bbox 817 4826 1095 4882; x_wconf 87' lang='lat' dir='ltr'>doctrina</span> <span class='ocrx_word' id='word_1_708' title='bbox 1125 4843 1158 4882; x_wconf 88' lang='lat' dir='ltr'>a</span> <span class='ocrx_word' id='word_1_709' title='bbox 1187 4825 1461 4881; x_wconf 88' lang='lat' dir='ltr'>sordibus</span> <span class='ocrx_word' id='word_1_710' title='bbox 1520 4842 1784 4883; x_wconf 91' lang='lat' dir='ltr'>errorum</span> <span class='ocrx_word' id='word_1_711' title='bbox 1833 4834 1891 4885; x_wconf 88' lang='lat' dir='ltr'>et</span> 
     </span>
    </p>
   </div>
   <div class='ocr_carea' id='block_1_98' title="bbox 229 4913 1890 4986">
    <p class='ocr_par' dir='ltr' id='par_1_98' title="bbox 229 4913 1890 4986">
     <span class='ocr_line' id='line_1_99' title="bbox 229 4913 1890 4986; baseline 0.003 -16"><span class='ocrx_word' id='word_1_712' title='bbox 229 4915 595 4986; x_wconf 86' lang='lat' dir='ltr'>ineptiarum</span> <span class='ocrx_word' id='word_1_713' title='bbox 632 4913 1141 4985; x_wconf 87' lang='lat' dir='ltr'>scholasticarum,</span> <span class='ocrx_word' id='word_1_714' title='bbox 1176 4915 1394 4985; x_wconf 91' lang='lat' dir='ltr'>quibus</span> <span class='ocrx_word' id='word_1_715' title='bbox 1425 4930 1529 4986; x_wconf 90' lang='lat' dir='ltr'>per</span> <span class='ocrx_word' id='word_1_716' title='bbox 1555 4919 1642 4970; x_wconf 91' lang='lat' dir='ltr'>tot</span> <span class='ocrx_word' id='word_1_717' title='bbox 1678 4916 1890 4975; x_wconf 84' lang='lat' dir='ltr'>sacula</span> 
     </span>
    </p>
   </div>
   <div class='ocr_carea' id='block_1_99' title="bbox 230 5003 1342 5075">
    <p class='ocr_par' dir='ltr' id='par_1_99' title="bbox 230 5003 1342 5075">
     <span class='ocr_line' id='line_1_100' title="bbox 230 5003 1342 5075; baseline 0.001 -18"><span class='ocrx_word' id='word_1_718' title='bbox 230 5003 640 5060; x_wconf 84' lang='lat' dir='ltr'>contaminata</span> <span class='ocrx_word' id='word_1_719' title='bbox 671 5008 728 5059; x_wconf 87' lang='lat' dir='ltr'>et</span> <span class='ocrx_word' id='word_1_720' title='bbox 751 5017 1034 5075; x_wconf 82' lang='lat' dir='ltr'>Oppressa</span> <span class='ocrx_word' id='word_1_721' title='bbox 1056 5005 1342 5073; x_wconf 86' lang='lat' dir='ltr'>jacuerat.</span> 
     </span>
    </p>
   </div>
   <div class='ocr_carea' id='block_1_100' title="bbox 302 5107 1888 5185">
    <p class='ocr_par' dir='ltr' id='par_1_100' title="bbox 302 5107 1888 5185">
     <span class='ocr_line' id='line_1_101' title="bbox 302 5107 1888 5185; baseline 0.003 -21"><span class='ocrx_word' id='word_1_722' title='bbox 302 5113 495 5181; x_wconf 86' lang='lat' dir='ltr'>Atque</span> <span class='ocrx_word' id='word_1_723' title='bbox 525 5115 590 5164; x_wconf 90' lang='lat' dir='ltr'>ut</span> <span class='ocrx_word' id='word_1_724' title='bbox 624 5109 830 5166; x_wconf 87' lang='lat' dir='ltr'>littera</span> <span class='ocrx_word' id='word_1_725' title='bbox 887 5107 1266 5164; x_wconf 91' lang='lat' dir='ltr'>humaniores</span> <span class='ocrx_word' id='word_1_726' title='bbox 1306 5108 1414 5164; x_wconf 90' lang='lat' dir='ltr'>hac</span> <span class='ocrx_word' id='word_1_727' title='bbox 1473 5109 1694 5166; x_wconf 89' lang='lat' dir='ltr'>ratione</span> <span class='ocrx_word' id='word_1_728' title='bbox 1753 5129 1888 5185; x_wconf 88' lang='lat' dir='ltr'>pro-</span> 
     </span>
    </p>
   </div>
   <div class='ocr_carea' id='block_1_101' title="bbox 229 5197 1892 5273">
    <p class='ocr_par' dir='ltr' id='par_1_101' title="bbox 229 5197 1892 5273">
     <span class='ocr_line' id='line_1_102' title="bbox 229 5197 1892 5273; baseline 0.002 -18"><span class='ocrx_word' id='word_1_729' title='bbox 229 5199 473 5255; x_wconf 75' lang='lat' dir='ltr'>[uerunt</span> <span class='ocrx_word' id='word_1_730' title='bbox 504 5198 795 5271; x_wconf 88' lang='lat' dir='ltr'>religioni,</span> <span class='ocrx_word' id='word_1_731' title='bbox 829 5200 913 5254; x_wconf 90' lang='lat' dir='ltr'>sic</span> <span class='ocrx_word' id='word_1_732' title='bbox 942 5198 1013 5253; x_wconf 88' lang='lat' dir='ltr'>iis</span> <span class='ocrx_word' id='word_1_733' title='bbox 1034 5197 1289 5254; x_wconf 89' lang='lat' dir='ltr'>vicissim</span> <span class='ocrx_word' id='word_1_734' title='bbox 1326 5197 1532 5270; x_wconf 88' lang='lat' dir='ltr'>religio</span> <span class='ocrx_word' id='word_1_735' title='bbox 1570 5215 1892 5273; x_wconf 87' lang='lat' dir='ltr'>earumque</span> 
     </span>
    </p>
   </div>
   <div class='ocr_carea' id='block_1_102' title="bbox 225 5286 1894 5360">
    <p class='ocr_par' dir='ltr' id='par_1_102' title="bbox 225 5286 1894 5360">
     <span class='ocr_line' id='line_1_103' title="bbox 225 5286 1894 5360; baseline 0.003 -19"><span class='ocrx_word' id='word_1_736' title='bbox 225 5304 366 5342; x_wconf 88' lang='lat' dir='ltr'>cum</span> <span class='ocrx_word' id='word_1_737' title='bbox 403 5289 758 5359; x_wconf 88' lang='lat' dir='ltr'>scriptorum</span> <span class='ocrx_word' id='word_1_738' title='bbox 777 5287 1306 5343; x_wconf 80' lang='lat' dir='ltr'>ecclesiasticarum</span> <span class='ocrx_word' id='word_1_739' title='bbox 1343 5286 1590 5343; x_wconf 89' lang='lat' dir='ltr'>lectione</span> <span class='ocrx_word' id='word_1_740' title='bbox 1615 5291 1894 5360; x_wconf 89' lang='lat' dir='ltr'>cunjunc-</span> 
     </span>
    </p>
   </div>
   <div class='ocr_carea' id='block_1_103' title="bbox 224 5375 1895 5450">
    <p class='ocr_par' dir='ltr' id='par_1_103' title="bbox 224 5375 1895 5450">
     <span class='ocr_line' id='line_1_104' title="bbox 224 5375 1895 5450; baseline 0.004 -21"><span class='ocrx_word' id='word_1_741' title='bbox 224 5377 309 5430; x_wconf 83' lang='lat' dir='ltr'>tio</span> <span class='ocrx_word' id='word_1_742' title='bbox 325 5376 650 5448; x_wconf 86' lang='lat' dir='ltr'>plurimum</span> <span class='ocrx_word' id='word_1_743' title='bbox 668 5378 906 5450; x_wconf 80' lang='lat' dir='ltr'>profuit.</span> <span class='ocrx_word' id='word_1_744' title='bbox 933 5377 1160 5433; x_wconf 83' lang='lat' dir='ltr'>Etenim</span> <span class='ocrx_word' id='word_1_745' title='bbox 1183 5392 1316 5432; x_wconf 87' lang='lat' dir='ltr'>cum</span> <span class='ocrx_word' id='word_1_746' title='bbox 1340 5375 1625 5448; x_wconf 87' lang='lat' dir='ltr'>Sophista</span> <span class='ocrx_word' id='word_1_747' title='bbox 1642 5383 1698 5434; x_wconf 90' lang='lat' dir='ltr'>et</span> <span class='ocrx_word' id='word_1_748' title='bbox 1717 5379 1895 5435; x_wconf 83' lang='lat' dir='ltr'>Theo-</span> 
     </span>
    </p>
   </div>
   <div class='ocr_carea' id='block_1_104' title="bbox 230 5463 1894 5537">
    <p class='ocr_par' dir='ltr' id='par_1_104' title="bbox 230 5463 1894 5537">
     <span class='ocr_line' id='line_1_105' title="bbox 230 5463 1894 5537; baseline 0.005 -20"><span class='ocrx_word' id='word_1_749' title='bbox 230 5463 460 5537; x_wconf 82' lang='lat' dir='ltr'>logista</span> <span class='ocrx_word' id='word_1_750' title='bbox 484 5467 715 5522; x_wconf 89' lang='lat' dir='ltr'>barbari</span> <span class='ocrx_word' id='word_1_751' title='bbox 742 5471 872 5522; x_wconf 89' lang='lat' dir='ltr'>ante</span> <span class='ocrx_word' id='word_1_752' title='bbox 896 5467 1271 5536; x_wconf 88' lang='lat' dir='ltr'>clamassent,</span> <span class='ocrx_word' id='word_1_753' title='bbox 1289 5464 1512 5521; x_wconf 91' lang='lat' dir='ltr'>litteras</span> <span class='ocrx_word' id='word_1_754' title='bbox 1534 5466 1666 5523; x_wconf 90' lang='lat' dir='ltr'>illas</span> <span class='ocrx_word' id='word_1_755' title='bbox 1689 5467 1894 5525; x_wconf 87' lang='lat' dir='ltr'>obesse</span> 
     </span>
    </p>
   </div>
   <div class='ocr_carea' id='block_1_105' title="bbox 235 5553 1896 5627">
    <p class='ocr_par' dir='ltr' id='par_1_105' title="bbox 235 5553 1896 5627">
     <span class='ocr_line' id='line_1_106' title="bbox 235 5553 1896 5627; baseline 0.002 -18"><span class='ocrx_word' id='word_1_756' title='bbox 235 5555 529 5627; x_wconf 85' lang='lat' dir='ltr'>religioni,</span> <span class='ocrx_word' id='word_1_757' title='bbox 564 5561 664 5611; x_wconf 91' lang='lat' dir='ltr'>aut</span> <span class='ocrx_word' id='word_1_758' title='bbox 694 5561 849 5612; x_wconf 89' lang='lat' dir='ltr'>certe</span> <span class='ocrx_word' id='word_1_759' title='bbox 879 5555 937 5611; x_wconf 93' lang='lat' dir='ltr'>in</span> <span class='ocrx_word' id='word_1_760' title='bbox 970 5553 1185 5621; x_wconf 88' lang='lat' dir='ltr'>verbis,</span> <span class='ocrx_word' id='word_1_761' title='bbox 1222 5553 1457 5622; x_wconf 86' lang='lat' dir='ltr'>fabulis,</span> <span class='ocrx_word' id='word_1_762' title='bbox 1491 5555 1768 5612; x_wconf 88' lang='lat' dir='ltr'>inanibus</span> <span class='ocrx_word' id='word_1_763' title='bbox 1810 5557 1896 5613; x_wconf 87' lang='lat' dir='ltr'>hi-</span> 
     </span>
    </p>
   </div>
   <div class='ocr_carea' id='block_1_106' title="bbox 240 5643 1896 5723">
    <p class='ocr_par' dir='ltr' id='par_1_106' title="bbox 240 5643 1896 5723">
     <span class='ocr_line' id='line_1_107' title="bbox 240 5643 1896 5723; baseline 0.003 -23"><span class='ocrx_word' id='word_1_764' title='bbox 240 5644 434 5701; x_wconf 83' lang='lat' dir='ltr'>storiis</span> <span class='ocrx_word' id='word_1_765' title='bbox 454 5645 673 5703; x_wconf 88' lang='lat' dir='ltr'>versari</span> <span class='ocrx_word' id='word_1_766' title='bbox 693 5649 866 5717; x_wconf 89' lang='lat' dir='ltr'>totas,</span> <span class='ocrx_word' id='word_1_767' title='bbox 891 5643 1037 5702; x_wconf 89' lang='lat' dir='ltr'>nihil</span> <span class='ocrx_word' id='word_1_768' title='bbox 1058 5643 1338 5718; x_wconf 89' lang='lat' dir='ltr'>prodesse</span> <span class='ocrx_word' id='word_1_769' title='bbox 1361 5643 1694 5719; x_wconf 87' lang='lat' dir='ltr'>disciplinis</span> <span class='ocrx_word' id='word_1_770' title='bbox 1715 5647 1896 5723; x_wconf 86' lang='lat' dir='ltr'>majo-</span> 
     </span>
    </p>
   </div>
   <div class='ocr_carea' id='block_1_107' title="bbox 1997 4662 3646 4741">
    <p class='ocr_par' dir='ltr' id='par_1_107' title="bbox 1997 4662 3646 4741">
     <span class='ocr_line' id='line_1_108' title="bbox 1997 4662 3646 4741; baseline 0.002 -20"><span class='ocrx_word' id='word_1_771' title='bbox 1997 4665 2283 4721; x_wconf 92' lang='lat' dir='ltr'>librorum</span> <span class='ocrx_word' id='word_1_772' title='bbox 2312 4667 2598 4729; x_wconf 86' lang='lat' dir='ltr'>versatus,</span> <span class='ocrx_word' id='word_1_773' title='bbox 2632 4662 2992 4734; x_wconf 90' lang='lat' dir='ltr'>indicaverit,</span> <span class='ocrx_word' id='word_1_774' title='bbox 3023 4667 3162 4739; x_wconf 88' lang='lat' dir='ltr'>quid</span> <span class='ocrx_word' id='word_1_775' title='bbox 3192 4667 3249 4722; x_wconf 93' lang='lat' dir='ltr'>in</span> <span class='ocrx_word' id='word_1_776' title='bbox 3273 4684 3389 4723; x_wconf 92' lang='lat' dir='ltr'>uno</span> <span class='ocrx_word' id='word_1_777' title='bbox 3413 4685 3646 4741; x_wconf 89' lang='lat' dir='ltr'>quoque</span> 
     </span>
    </p>
   </div>
   <div class='ocr_carea' id='block_1_108' title="bbox 1997 4750 3644 4829">
    <p class='ocr_par' dir='ltr' id='par_1_108' title="bbox 1997 4750 3644 4829">
     <span class='ocr_line' id='line_1_109' title="bbox 1997 4750 3644 4829; baseline 0.002 -20"><span class='ocrx_word' id='word_1_778' title='bbox 1997 4754 2076 4809; x_wconf 90' lang='lat' dir='ltr'>sit</span> <span class='ocrx_word' id='word_1_779' title='bbox 2103 4752 2174 4808; x_wconf 89' lang='lat' dir='ltr'>ad</span> <span class='ocrx_word' id='word_1_780' title='bbox 2197 4751 2348 4808; x_wconf 87' lang='lat' dir='ltr'>hanc</span> <span class='ocrx_word' id='word_1_781' title='bbox 2380 4750 2665 4807; x_wconf 90' lang='lat' dir='ltr'>rationem</span> <span class='ocrx_word' id='word_1_782' title='bbox 2695 4751 2858 4808; x_wconf 91' lang='lat' dir='ltr'>utile.</span> <span class='ocrx_word' id='word_1_783' title='bbox 2891 4759 3040 4810; x_wconf 88' lang='lat' dir='ltr'>Sunt</span> <span class='ocrx_word' id='word_1_784' title='bbox 3068 4755 3226 4811; x_wconf 91' lang='lat' dir='ltr'>enim</span> <span class='ocrx_word' id='word_1_785' title='bbox 3257 4757 3318 4812; x_wconf 92' lang='lat' dir='ltr'>in</span> <span class='ocrx_word' id='word_1_786' title='bbox 3376 4755 3486 4812; x_wconf 90' lang='lat' dir='ltr'>hoc</span> <span class='ocrx_word' id='word_1_787' title='bbox 3551 4774 3644 4829; x_wconf 88' lang='lat' dir='ltr'>ge-</span> 
     </span>
    </p>
   </div>
   <div class='ocr_carea' id='block_1_109' title="bbox 1998 4839 3650 4916">
    <p class='ocr_par' dir='ltr' id='par_1_109' title="bbox 1998 4839 3650 4916">
     <span class='ocr_line' id='line_1_110' title="bbox 1998 4839 3650 4916; baseline 0.002 -19"><span class='ocrx_word' id='word_1_788' title='bbox 1998 4857 2135 4898; x_wconf 90' lang='lat' dir='ltr'>nere</span> <span class='ocrx_word' id='word_1_789' title='bbox 2165 4857 2306 4898; x_wconf 89' lang='lat' dir='ltr'>sane</span> <span class='ocrx_word' id='word_1_790' title='bbox 2327 4839 2498 4896; x_wconf 91' lang='lat' dir='ltr'>multi</span> <span class='ocrx_word' id='word_1_791' title='bbox 2518 4841 2735 4914; x_wconf 89' lang='lat' dir='ltr'>egregii</span> <span class='ocrx_word' id='word_1_792' title='bbox 2766 4847 2823 4898; x_wconf 91' lang='lat' dir='ltr'>et</span> <span class='ocrx_word' id='word_1_793' title='bbox 2852 4843 3093 4916; x_wconf 80' lang='lat' dir='ltr'>COpiosi,</span> <span class='ocrx_word' id='word_1_794' title='bbox 3110 4849 3175 4901; x_wconf 90' lang='lat' dir='ltr'>ut</span> <span class='ocrx_word' id='word_1_795' title='bbox 3203 4845 3346 4900; x_wconf 92' lang='lat' dir='ltr'>nihil</span> <span class='ocrx_word' id='word_1_796' title='bbox 3369 4846 3559 4901; x_wconf 88' lang='lat' dir='ltr'>dicam</span> <span class='ocrx_word' id='word_1_797' title='bbox 3575 4847 3650 4900; x_wconf 90' lang='lat' dir='ltr'>de</span> 
     </span>
    </p>
   </div>
   <div class='ocr_carea' id='block_1_110' title="bbox 1997 4929 3649 5005">
    <p class='ocr_par' dir='ltr' id='par_1_110' title="bbox 1997 4929 3649 5005">
     <span class='ocr_line' id='line_1_111' title="bbox 1997 4929 3649 5005; baseline 0.001 -19"><span class='ocrx_word' id='word_1_798' title='bbox 1997 4929 2412 5003; x_wconf 80' lang='lat' dir='ltr'>Chrysostomo</span> <span class='ocrx_word' id='word_1_799' title='bbox 2443 4933 2501 4986; x_wconf 91' lang='lat' dir='ltr'>et</span> <span class='ocrx_word' id='word_1_800' title='bbox 2559 4929 2691 4985; x_wconf 88' lang='lat' dir='ltr'>aliis</span> <span class='ocrx_word' id='word_1_801' title='bbox 2722 4932 2956 4998; x_wconf 86' lang='lat' dir='ltr'>Gracis,</span> <span class='ocrx_word' id='word_1_802' title='bbox 3017 4932 3358 5005; x_wconf 80' lang='lat' dir='ltr'>eloquentia</span> <span class='ocrx_word' id='word_1_803' title='bbox 3413 4933 3649 4988; x_wconf 90' lang='lat' dir='ltr'>nomine</span> 
     </span>
    </p>
   </div>
   <div class='ocr_carea' id='block_1_111' title="bbox 1999 5017 3649 5094">
    <p class='ocr_par' dir='ltr' id='par_1_111' title="bbox 1999 5017 3649 5094">
     <span class='ocr_line' id='line_1_112' title="bbox 1999 5017 3649 5094; baseline 0 -18"><span class='ocrx_word' id='word_1_804' title='bbox 1999 5019 2192 5086; x_wconf 87' lang='lat' dir='ltr'>claris,</span> <span class='ocrx_word' id='word_1_805' title='bbox 2218 5017 2639 5090; x_wconf 90' lang='lat' dir='ltr'>Tertullianus,</span> <span class='ocrx_word' id='word_1_806' title='bbox 2672 5020 3018 5093; x_wconf 86' lang='lat' dir='ltr'>Cyprianus,</span> <span class='ocrx_word' id='word_1_807' title='bbox 3040 5022 3422 5094; x_wconf 82' lang='lat' dir='ltr'>Augustinus,</span> <span class='ocrx_word' id='word_1_808' title='bbox 3448 5021 3649 5093; x_wconf 85' lang='lat' dir='ltr'>impri-</span> 
     </span>
    </p>
   </div>
   <div class='ocr_carea' id='block_1_112' title="bbox 2000 5108 3644 5181">
    <p class='ocr_par' dir='ltr' id='par_1_112' title="bbox 2000 5108 3644 5181">
     <span class='ocr_line' id='line_1_113' title="bbox 2000 5108 3644 5181; baseline 0.001 -17"><span class='ocrx_word' id='word_1_809' title='bbox 2000 5108 2231 5180; x_wconf 89' lang='lat' dir='ltr'>misque</span> <span class='ocrx_word' id='word_1_810' title='bbox 2252 5108 2598 5164; x_wconf 85' lang='lat' dir='ltr'>Ambrosius</span> <span class='ocrx_word' id='word_1_811' title='bbox 2612 5125 2744 5164; x_wconf 92' lang='lat' dir='ltr'>cum</span> <span class='ocrx_word' id='word_1_812' title='bbox 2761 5110 3056 5176; x_wconf 87' lang='lat' dir='ltr'>Salviano,</span> <span class='ocrx_word' id='word_1_813' title='bbox 3080 5111 3246 5166; x_wconf 90' lang='lat' dir='ltr'>Petro</span> <span class='ocrx_word' id='word_1_814' title='bbox 3267 5109 3644 5181; x_wconf 82' lang='lat' dir='ltr'>Chrysologo,</span> 
     </span>
    </p>
   </div>
   <div class='ocr_carea' id='block_1_113' title="bbox 2000 5195 3642 5270">
    <p class='ocr_par' dir='ltr' id='par_1_113' title="bbox 2000 5195 3642 5270">
     <span class='ocr_line' id='line_1_114' title="bbox 2000 5195 3642 5270; baseline 0.001 -17"><span class='ocrx_word' id='word_1_815' title='bbox 2000 5203 2058 5253; x_wconf 90' lang='lat' dir='ltr'>et</span> <span class='ocrx_word' id='word_1_816' title='bbox 2084 5197 2240 5269; x_wconf 91' lang='lat' dir='ltr'>quod</span> <span class='ocrx_word' id='word_1_817' title='bbox 2274 5195 2512 5269; x_wconf 90' lang='lat' dir='ltr'>quidem</span> <span class='ocrx_word' id='word_1_818' title='bbox 2543 5197 2613 5251; x_wconf 88' lang='lat' dir='ltr'>ad</span> <span class='ocrx_word' id='word_1_819' title='bbox 2675 5199 2904 5270; x_wconf 80' lang='lat' dir='ltr'>cOpiam</span> <span class='ocrx_word' id='word_1_820' title='bbox 2963 5201 3274 5266; x_wconf 91' lang='lat' dir='ltr'>bonarum,</span> <span class='ocrx_word' id='word_1_821' title='bbox 3334 5202 3642 5254; x_wconf 88' lang='lat' dir='ltr'>acutarum</span> 
     </span>
    </p>
   </div>
   <div class='ocr_carea' id='block_1_114' title="bbox 2000 5283 3644 5356">
    <p class='ocr_par' dir='ltr' id='par_1_114' title="bbox 2000 5283 3644 5356">
     <span class='ocr_line' id='line_1_115' title="bbox 2000 5283 3644 5356; baseline 0 -14"><span class='ocrx_word' id='word_1_822' title='bbox 2000 5291 2058 5342; x_wconf 90' lang='lat' dir='ltr'>et</span> <span class='ocrx_word' id='word_1_823' title='bbox 2077 5290 2456 5342; x_wconf 89' lang='lat' dir='ltr'>venustarum</span> <span class='ocrx_word' id='word_1_824' title='bbox 2479 5285 2904 5342; x_wconf 90' lang='lat' dir='ltr'>sententiarum</span> <span class='ocrx_word' id='word_1_825' title='bbox 2927 5287 3154 5353; x_wconf 86' lang='lat' dir='ltr'>attinet,</span> <span class='ocrx_word' id='word_1_826' title='bbox 3177 5301 3426 5356; x_wconf 89' lang='lat' dir='ltr'>quarum</span> <span class='ocrx_word' id='word_1_827' title='bbox 3447 5283 3507 5341; x_wconf 90' lang='lat' dir='ltr'>in</span> <span class='ocrx_word' id='word_1_828' title='bbox 3531 5285 3644 5342; x_wconf 84' lang='lat' dir='ltr'>elo-</span> 
     </span>
    </p>
   </div>
   <div class='ocr_carea' id='block_1_115' title="bbox 2003 5373 3646 5448">
    <p class='ocr_par' dir='ltr' id='par_1_115' title="bbox 2003 5373 3646 5448">
     <span class='ocr_line' id='line_1_116' title="bbox 2003 5373 3646 5448; baseline 0.001 -18"><span class='ocrx_word' id='word_1_829' title='bbox 2003 5374 2242 5446; x_wconf 89' lang='lat' dir='ltr'>quentia</span> <span class='ocrx_word' id='word_1_830' title='bbox 2270 5373 2664 5430; x_wconf 88' lang='lat' dir='ltr'>ecclesiastica</span> <span class='ocrx_word' id='word_1_831' title='bbox 2696 5392 2838 5431; x_wconf 82' lang='lat' dir='ltr'>usus</span> <span class='ocrx_word' id='word_1_832' title='bbox 2877 5377 2974 5442; x_wconf 88' lang='lat' dir='ltr'>sit,</span> <span class='ocrx_word' id='word_1_833' title='bbox 3036 5374 3302 5431; x_wconf 91' lang='lat' dir='ltr'>omnium</span> <span class='ocrx_word' id='word_1_834' title='bbox 3359 5375 3646 5448; x_wconf 89' lang='lat' dir='ltr'>principe,</span> 
     </span>
    </p>
   </div>
   <div class='ocr_carea' id='block_1_116' title="bbox 2002 5463 3650 5536">
    <p class='ocr_par' dir='ltr' id='par_1_116' title="bbox 2002 5463 3650 5536">
     <span class='ocr_line' id='line_1_117' title="bbox 2002 5463 3650 5536; baseline 0 -14"><span class='ocrx_word' id='word_1_835' title='bbox 2002 5464 2295 5522; x_wconf 90' lang='lat' dir='ltr'>Bernardo</span> <span class='ocrx_word' id='word_1_836' title='bbox 2322 5463 2422 5536; x_wconf 89' lang='lat' dir='ltr'>qui</span> <span class='ocrx_word' id='word_1_837' title='bbox 2456 5463 2677 5519; x_wconf 90' lang='lat' dir='ltr'>nullam</span> <span class='ocrx_word' id='word_1_838' title='bbox 2696 5465 2872 5521; x_wconf 89' lang='lat' dir='ltr'>aliam</span> <span class='ocrx_word' id='word_1_839' title='bbox 2904 5467 2978 5522; x_wconf 94' lang='lat' dir='ltr'>ob</span> <span class='ocrx_word' id='word_1_840' title='bbox 3028 5481 3268 5520; x_wconf 87' lang='lat' dir='ltr'>causam</span> <span class='ocrx_word' id='word_1_841' title='bbox 3328 5463 3650 5523; x_wconf 87' lang='lat' dir='ltr'>melliﬂuus</span> 
     </span>
    </p>
   </div>
   <div class='ocr_carea' id='block_1_117' title="bbox 2003 5552 3656 5625">
    <p class='ocr_par' dir='ltr' id='par_1_117' title="bbox 2003 5552 3656 5625">
     <span class='ocr_line' id='line_1_118' title="bbox 2003 5552 3656 5625; baseline 0.001 -15"><span class='ocrx_word' id='word_1_842' title='bbox 2003 5554 2200 5610; x_wconf 90' lang='lat' dir='ltr'>dictus</span> <span class='ocrx_word' id='word_1_843' title='bbox 2231 5555 2339 5609; x_wconf 90' lang='lat' dir='ltr'>est.</span> <span class='ocrx_word' id='word_1_844' title='bbox 2373 5557 2561 5624; x_wconf 87' lang='lat' dir='ltr'>Atque</span> <span class='ocrx_word' id='word_1_845' title='bbox 2593 5552 2742 5610; x_wconf 90' lang='lat' dir='ltr'>hanc</span> <span class='ocrx_word' id='word_1_846' title='bbox 2771 5553 3206 5612; x_wconf 87' lang='lat' dir='ltr'>sententiarum</span> <span class='ocrx_word' id='word_1_847' title='bbox 3224 5553 3451 5625; x_wconf 87' lang='lat' dir='ltr'>copiam</span> <span class='ocrx_word' id='word_1_848' title='bbox 3477 5570 3547 5610; x_wconf 79' lang='lat' dir='ltr'><strong>ex</strong></span> <span class='ocrx_word' id='word_1_849' title='bbox 3565 5560 3656 5612; x_wconf 83' lang='lat' dir='ltr'>ta-</span> 
     </span>
    </p>
   </div>
   <div class='ocr_carea' id='block_1_118' title="bbox 2004 5639 3665 5718">
    <p class='ocr_par' dir='ltr' id='par_1_118' title="bbox 2004 5639 3665 5718">
     <span class='ocr_line' id='line_1_119' title="bbox 2004 5639 3665 5718; baseline 0.001 -18"><span class='ocrx_word' id='word_1_850' title='bbox 2004 5644 2150 5703; x_wconf 85' lang='lat' dir='ltr'>ibus</span> <span class='ocrx_word' id='word_1_851' title='bbox 2190 5644 2356 5700; x_wconf 90' lang='lat' dir='ltr'>tanto</span> <span class='ocrx_word' id='word_1_852' title='bbox 2389 5639 2687 5703; x_wconf 90' lang='lat' dir='ltr'>salubrius</span> <span class='ocrx_word' id='word_1_853' title='bbox 2719 5644 3032 5703; x_wconf 81' lang='lat' dir='ltr'>hauserint</span> <span class='ocrx_word' id='word_1_854' title='bbox 3063 5641 3338 5713; x_wconf 87' lang='lat' dir='ltr'>studiosi,</span> <span class='ocrx_word' id='word_1_855' title='bbox 3370 5643 3527 5718; x_wconf 86' lang='lat' dir='ltr'>quod</span> <span class='ocrx_word' id='word_1_856' title='bbox 3584 5645 3665 5709; x_wconf 81' lang='lat' dir='ltr'>de</span> 
     </span>
    </p>
   </div>
  </div>
