4064 6154
415 257 528 328 231

1713 251 1796 317 Μ.
1845 248 2225 342 MINUCIUS
2272 251 2519 315 FELIX.

3701 252 3818 316 232

412 395 700 469 religione
728 407 861 448 vera
890 383 1089 462 scripti
1115 394 1272 459 sunt,
1320 389 1510 460 iisque
1569 387 1831 460 legendis
1887 387 2062 442 etiam
2094 387 2146 452 Α
2180 401 2353 440 sensu
2384 384 2704 458 elegantia,
2733 385 3068 456 tractarem,
3101 388 3158 440 et
3176 382 3312 440 inde
3329 385 3582 442 fructum
3603 387 3820 443 doctri-

416 500 629 544 sensus
660 481 891 554 pietatis
921 478 1292 547 excitabitur,
1311 478 1499 534 aletur
1517 482 1574 534 et
1595 477 2066 542 conﬁrmabitur,

420 572 576 647 quod
606 570 667 627 in
689 569 1156 627 Christianorum
1187 573 1475 635 veterum,
1524 568 1702 624 etiam
1758 571 2066 639 poetarum

420 662 670 720 lectione
699 658 992 731 imprimis
1047 658 1346 730 spectabat
1401 657 1684 729 Georgius
1744 655 2064 712 Fabricius.

421 785 450 814 «
485 763 611 818 Non
644 757 821 826 enim,
859 778 880 804 ι
908 756 1102 828 inquit
1122 756 1371 828 (Prafat,
1404 757 1478 811 ad
1500 758 1646 811 Poet.
1669 753 1868 809 Chmst.
1898 770 1956 825 p.
1989 753 2069 823 4),

428 874 457 903 ‹‹
492 850 628 906 ﬁnis
659 846 986 904 studiorum
1001 849 1058 900 et
1071 845 1346 900 doctrina
1365 845 1575 901 unicus
1593 847 1701 910 est,
1718 847 1784 898 ut
1803 842 2068 914 linguam

433 937 784 1012 perpolitam
818 939 874 990 et
901 933 1217 990 volubilem
1252 934 1485 1002 habeas,
1519 934 1620 989 sed
1669 937 1734 987 ut
1772 931 1995 988 colatur
2013 934 2070 988 et

429 1028 690 1086 abundet
721 1041 915 1082 rerum
946 1039 1294 1096 magnarum
1323 1031 1381 1079 et
1408 1023 1642 1078 utilium
1676 1020 1920 1078 scientia
1943 1020 2067 1077 ani-

433 1135 589 1174 mus.
620 1115 870 1172 Omnino
900 1118 1096 1169 autem
1127 1112 1299 1168 nulla
1324 1127 1416 1168 res
1440 1111 2070 1183 majores,fmctuosio-

426 1223 520 1263 res
551 1213 604 1262 et
631 1204 924 1277 digniores
956 1206 1114 1270 sunt,
1147 1218 1319 1274 quam
1372 1202 1608 1274 pietatis
1666 1204 1722 1256 et
1773 1199 2069 1272 religionis

423 1295 692 1362 scientia,
725 1309 854 1366 qua
885 1291 999 1364 peti
1026 1309 1095 1347 ex
1147 1291 1240 1347 his
1306 1290 1691 1363 scriptoribus
1745 1293 1972 1361 potest,
2009 1288 2068 1343 in

424 1386 638 1458 quibus
669 1382 902 1440 etiamsi
933 1381 1048 1437 alia
1073 1398 1187 1437 non
1219 1379 1528 1448 excellunt,
1561 1385 1752 1436 tamen
1795 1379 2068 1435 lectorem

426 1474 730 1531 meliorem
762 1477 820 1528 et
851 1470 1199 1528 sanctiorem
1230 1474 1480 1543 possunt
1516 1469 1830 1525 dimittere.
1869 1491 1891 1518 ι
1955 1467 2068 1523 Sed

425 1563 681 1638 profecto
707 1560 939 1617 inscitia
969 1564 1302 1615 nostrorum
1334 1566 1664 1632 temporum
1714 1563 1773 1614 et
1817 1555 2066 1629 ignavia,

429 1669 557 1726 qua
586 1651 762 1708 etiam
786 1650 939 1722 apud
972 1647 1269 1722 theologos
1300 1648 1361 1704 in
1391 1648 1502 1705 hac
1532 1651 1696 1720 parte
1721 1646 1892 1718 longe
1930 1645 2069 1702 late—

2177 492 2260 529 na
2287 491 2511 546 capere,
2540 475 2637 547 qui
2674 473 2817 529 mihi
2850 489 3223 546 nequaquam
3256 476 3725 532 contemnendus
3748 477 3828 532 vi-

2175 565 2444 619 deretur:
2486 564 2652 635 alios,
2686 563 2883 618 minus
2917 562 3049 619 istis
3078 561 3464 619 humanitatis
3487 564 3705 621 studiis
3721 567 3821 622 de-

2178 653 2354 721 ditos,
2389 652 2584 708 minus
2611 653 2786 708 etiam
2813 651 2872 707 in
2904 651 2977 707 iis
3010 657 3332 723 provectos,
3365 670 3479 708 non
3521 652 3821 726 delectari,

2181 759 2296 799 non
2327 743 2588 814 adjuvari
2620 758 2789 814 posse
2820 741 2892 796 ad
2923 741 3248 797 doctrinam
3289 746 3489 813 putem
3511 741 3540 797 ?

2249 869 2360 925 Sed
2392 867 2544 924 sicut
2575 867 2634 922 in
2658 866 3087 939 antiquioribus
3109 866 3322 922 Gracis
3345 871 3401 922 et
3425 867 3822 940 Latinis,quos

2181 957 2458 1014 classicos
2513 973 2812 1023 vocamus,
2871 956 3010 1011 ordo
3047 955 3308 1026 quidam,
3343 959 3820 1014 accommodatus

2179 1047 2332 1103 atati
2359 1045 2836 1118 profectibusque
2867 1044 3237 1112 discentium,
3263 1045 3617 1116 praescribis
3639 1047 3826 1120 magi-

2179 1136 2316 1193 stris
2349 1134 2730 1190 humanitatis
2746 1133 2894 1190 solet
2917 1151 2928 1188 :
2945 1134 3029 1188 sic
3045 1133 3222 1188 etiam
3241 1133 3300 1188 in
3315 1133 3424 1206 hoc
3445 1151 3654 1208 genere
3675 1137 3824 1193 ratio

2179 1225 2444 1297 quadam
2477 1223 2611 1280 talis
2643 1223 2906 1279 adhiberi
2938 1222 3128 1278 debet.
3154 1222 3352 1293 Neque
3408 1223 3565 1279 enim
3622 1224 3821 1281 omnla

2179 1313 2454 1371 omnibus
2483 1316 2619 1384 apta
2645 1316 2804 1378 sunt,
2840 1315 2942 1367 aut
2981 1311 3139 1366 omni
3189 1311 3438 1383 tempori
3493 1313 3827 1386 studiisque

2179 1404 2475 1460 omnibus.
2512 1401 2633 1458 Alia
2655 1400 2936 1472 juvenilis
2951 1404 3090 1456 atas
3122 1399 3576 1470 desiderat,cum
3603 1401 3822 1459 litteris

2178 1491 2392 1548 Gracia
2422 1495 2480 1547 et
2509 1490 2731 1546 Latinis
2760 1489 3012 1545 maxime
3041 1493 3229 1555 vacat,
3262 1488 3378 1545 alia
3404 1505 3540 1548 cum
3571 1490 3628 1545 in
3659 1490 3828 1549 altio-

2178 1582 2340 1638 ribus
2369 1579 2673 1651 theologia
2703 1579 2916 1636 studiis
2943 1582 3228 1648 versatur,
3261 1577 3378 1635 alia
3406 1578 3464 1634 in
3487 1579 3820 1652 principiis,

2176 1670 2292 1727 alia
2320 1686 2454 1725 cum
2486 1667 2719 1740 longius
2748 1667 2807 1722 in
2839 1667 2912 1723 iis
2938 1682 3248 1739 progressa
3271 1671 3381 1736 est,
3413 1684 3549 1723 cum
3585 1669 3658 1724 ad
3690 1685 3823 1741 per-

429 1757 543 1815 que
572 1740 932 1830 dominatu"
960 1737 1135 1794 “imis
1166 1736 1468 1830 δξιωίῙίίθτ
1496 1737 1678 1793 sentit
1705 1737 1776 1792 de
1804 1735 1914 1830 Ῑξοθ
1947 1738 2067 1792 toto
2100 1756 2148 1822 Β
2177 1759 2486 1816 fectionem
2517 1735 2835 1829 quamdam
2868 1735 3188 1828 et—cop‘iam
3237 1755 3514 1812 doctrina
3574 1735 3818 1830 aspirat.

426 1846 638 1904 genere
667 1829 1045 1901 scriptorum,
1082 1827 1237 1899 quod
1279 1829 1474 1883 tamen
1527 1831 1627 1882 aut
1682 1825 1922 1882 omnino
1952 1839 2067 1880 non

422 1921 607 1986 novit,
639 1921 741 1974 aut
767 1919 859 1973 vix
889 1916 1204 1988 aliquando
1235 1932 1338 1986 per
1364 1915 1520 1972 leves
1567 1921 1624 1971 et
1680 1931 1843 1971 raras
1900 1929 2066 1969 occa-

420 2008 617 2065 siones
647 2007 914 2080 quadam
946 2005 1099 2061 223
1131 2005 1260 2076 (hoc
1291 2009 1402 2071 est,
1434 2005 1505 2059 ad
1543 2002 1948 2060 testimonium
1981 2001 2066 2057 ci-

421 2098 587 2154 tandi
613 2113 811 2163 causa,
844 2095 943 2150 sed
976 2095 1094 2150 fere
1139 2110 1208 2149 ex
1234 2092 1454 2148 indieio
1505 2091 1860 2147 novitiorum
1919 2089 2067 2146 scri-

425 2186 680 2258 ptorum)
725 2183 997 2255 inspexit.
1016 2183 1227 2254 Ego,ut
1243 2182 1301 2236 in
1325 2198 1392 2237 ea
1409 2184 1572 2253 parte
1601 2196 1692 2236 me
1713 2180 2064 2251 contineam,

425 2292 552 2347 qua
583 2275 655 2330 ad
686 2271 1030 2344 eloquentia
1063 2271 1259 2326 studia
1291 2270 1538 2325 maxime
1580 2270 1852 2342 pertinet,
1885 2285 2066 2324 unam

423 2361 695 2436 Cypriani
723 2359 1042 2434 Epistolam
1073 2360 1143 2415 de
1199 2358 1563 2430 longioribus
1623 2363 1681 2414 et
1737 2358 2066 2414 accuratius

425 2451 679 2524 scriptis,
707 2449 868 2506 velut
898 2446 1539 2505 secundam.Ambrosii
1572 2447 1711 2502 item
1725 2463 2062 2518 eam,quam

421 2540 790 2615 Symmacho,
863 2538 1155 2611 paganica
1208 2536 1506 2609 religionis
1563 2537 2062 2593 conservationem

418 2633 491 2687 ab
516 2631 596 2686 im
608 2627 973 2703 peratoribus
992 2625 1386 2681 disertissima
1407 2624 1654 2697 epistola
1667 2625 2062 2697 petenti,oppo

420 2721 559 2788 suit,
607 2718 697 2776 vel
747 2715 1182 2778 Bernardinam,
1218 2731 1331 2786 qua
1357 2718 1414 2768 S.
1471 2713 1810 2770 Theoderici
1866 2713 2062 2769 abbati

421 2814 946 2888 Guillielmo,apud
979 2829 1155 2885 quem
1184 2811 1414 2868 delatus
1444 2816 1592 2878 erat,
1622 2813 1774 2883 quod
1803 2810 2063 2867 studiose

420 2905 753 2963 detraheret
782 2905 852 2960 de
873 2901 1355 2958 Cluniacensibus
1385 2899 1708 2972 monachis,
1742 2900 1824 2956 ita
1844 2916 1905 2956 se
1931 2917 2065 2972 pur-

421 3001 540 3069 gat,
556 2999 622 3052 ut
641 3011 842 3051 eorum
873 2993 1014 3048 vitia
1042 2991 1243 3047 omnia
1273 2990 1600 3062 exprimat:
1634 2989 1738 3046 has
1766 2989 1967 3062 igitur,
1999 2993 2066 3045 ut

419 3086 532 3142 alia
563 3084 779 3141 similia
806 3087 1050 3148 taceam,
1083 3081 1254 3152 longe
1276 3079 1627 3152 praetulerim
1655 3079 1930 3136 omnibus
1975 3078 2058 3135 la-

417 3175 557 3231 tinis
581 3170 968 3244 Panegyricis,
985 3170 1084 3241 qui
1108 3168 1366 3224 Pliniano
1393 3167 1789 3239 subjiciuntur
1815 3185 1828 3224 :
1855 3184 2062 3240 parum

420 3264 601 3329 abest,
637 3260 779 3333 quin
814 3259 986 3315 ctiam
1014 3257 1198 3330 ipsius
1237 3257 1407 3313 Plinii
1465 3257 1759 3329 ambiguis
1817 3255 2068 3328 argutiis

417 3357 476 3408 et
507 3348 1008 3407 assentationibus
1039 3346 1306 3416 eruditis,
1327 3350 1564 3419 propter
1584 3362 1734 3416 quas
1758 3343 2066 3417 Panegyri-

420 3458 553 3497 cum
595 3440 724 3511 ejus
755 3438 1139 3503 admirantur,
1173 3436 1346 3490 Venit
1376 3435 1435 3490 in
1453 3440 1737 3505 mentem,
1761 3435 1900 3490 dum
1935 3435 2066 3489 Ber-

422 3529 592 3585 nardi
624 3527 975 3583 mentionem
1011 3525 1176 3593 facio,
1210 3523 1491 3578 librorum
1523 3525 1652 3595 ejus
1698 3523 1765 3578 de
1814 3523 2065 3579 Conside-

419 3621 662 3684 ratz’one,
696 3617 767 3671 ad
801 3615 1120 3686 Eugenium
1151 3613 1245 3682 IlI,
1279 3613 1338 3668 P.
1375 3613 1464 3682 R.,
1498 3613 1873 3684 scriptorum,
1917 3628 2065 3682 quos

424 3723 613 3779 nuper
639 3705 696 3759 in
740 3704 996 3758 historia
1050 3701 1200 3756 Eccl.
1260 3701 1606 3755 lectionibus
1664 3699 2065 3754 commendavi

425 3803 722 3860 studiosis.
759 3804 907 3856 Sunt
936 3800 974 3854 ii
1007 3816 1166 3869 sane,
1200 3804 1263 3853 ut
1292 3803 1498 3853 caetera
1528 3797 1700 3852 istius
1730 3796 1934 3866 viri,et
1967 3796 2065 3852 Pa-

412 3901 574 3950 trum
606 3890 734 3947 Eccl
768 3892 885 3946 fere
915 3889 1200 3953 omnium,
1235 3888 1472 3959 scripta,
1505 3887 1575 3941 de
1601 3885 1739 3940 Lud.
1785 3885 1936 3940 Vivis
1968 3902 2061 3941 ve-

424 3979 917 4052 rissimojudicio,
953 3995 1065 4033 non
1101 3975 1419 4050 pellucidae,
1463 3975 1563 4030 sed
1620 3972 2064 4045 perturbatioris

425 4088 612 4143 aqua,
643 4070 752 4126 hoc
783 4073 890 4134 est,
925 4085 1038 4123 non
1072 4065 1310 4122 omnino
1342 4081 1497 4137 pura
1533 4063 1838 4118 latinitatis
1869 4067 1925 4118 et
1953 4062 2066 4118 ele-

421 4159 637 4232 gantis,
672 4161 729 4213 at
761 4155 984 4228 scripti,
1019 4161 1083 4210 ut
1115 4164 1272 4226 pulo,
1308 4153 1376 4208 ad
1440 4151 1830 4206 imitationem
1889 4151 2063 4206 nobi-

423 4247 666 4303 lissima
695 4244 966 4317 Epistola
991 4243 1282 4299 Ciceronis
1295 4242 1366 4296 ad
1396 4240 1677 4307 Quintum
1703 4240 1793 4296 Fr.
1813 4241 1884 4295 de
1915 4241 2063 4296 bene

421 4335 842 4392 administrada
901 4331 1210 4403 provincia,
1271 4331 1442 4400 cujus
1497 4329 1672 4383 etiam
1742 4328 2060 4385 sententias

417 4425 708 4496 quasdam
740 4423 934 4490 habet,
970 4436 1310 4493 quanquam
1344 4418 1458 4474 alia
1479 4421 1638 4473 veste
1687 4417 1966 4486 indutas;
1999 4422 2060 4473 at

2176 1849 2256 1904 Ac
2285 1847 2432 1902 mihi
2463 1863 2575 1902 non
2610 1846 2717 1901 hoc
2739 1846 2865 1916 jam
2895 1849 2983 1900 est
3013 1843 3446 1915 institutum,ut
3465 1845 3535 1902 de
3550 1845 3825 1904 universa

2179 1936 2558 2009 legendorum
2590 1935 2828 1990 Patrum
2847 1933 3072 1989 ratione
3101 1937 3158 1988 et
3187 1934 3390 1990 ordine
3407 1935 3676 1992 universo
3698 1935 3826 1992 dis-

2177 2041 2367 2082 seram
2393 2041 2407 2080 :
2442 2025 2512 2080 de
2541 2023 2724 2078 initiis
2755 2022 2883 2092 ejus
2913 2021 3093 2078 studii
3124 2023 3269 2080 satis
3289 2023 3400 2080 erit
3423 2025 3822 2082 monuisse.In

2177 2115 2391 2186 quibus
2420 2112 2567 2170 mihi
2599 2112 2994 2168 rectissimum
3026 2112 3183 2168 224
3209 2111 3456 2182 videtur,
3481 2114 3726 2185 proponi
3759 2118 3822 2171 et

2175 2201 2574 2259 commendari
2607 2199 3038 2271 eoslibros,qui
3061 2201 3377 2256 maximam
3404 2200 3660 2257 habeant
3683 2218 3831 2258 con-

2168 2292 2535 2364 junctionem
2569 2307 2703 2346 cum
2732 2288 2956 2345 cateris
2996 2289 3169 2345 istius
3225 2289 3413 2345 atatis
3462 2289 3694 2359 studiis,
3734 2291 3830 2348 vel

2173 2383 2370 2449 rebus,
2398 2380 2483 2436 vel
2510 2395 2721 2452 genere
2750 2378 3000 2434 dicendi.
3035 2377 3306 2434 Dubitari
3339 2383 3535 2435 autem
3567 2395 3683 2435 non
3713 2396 3824 2452 po-

2172 2475 2304 2538 test,
2339 2470 2480 2542 quin
2515 2470 2645 2540 ejus
2673 2468 2903 2540 generis
2934 2467 3052 2523 sint
3083 2468 3335 2524 maxime
3364 2467 3498 2524 libri
3528 2467 3699 2540 ii,qui
3722 2486 3823 2526 re-

2172 2559 2406 2634 ligionis
2435 2558 2775 2614 Christiana
2816 2557 3119 2613 veritatem
3170 2558 3595 2628 demonstrant,
3628 2563 3686 2614 et
3715 2575 3824 2614 su-

2174 2650 2576 2723 perstitionem
2606 2646 2950 2720 paganicam
2981 2649 3344 2718 oppugnant.
3385 2647 3530 2702 Nam
3590 2663 3820 2714 rerum,

2171 2741 2451 2813 primum,
2485 2753 2699 2808 magna
2727 2752 2864 2807 pars
2892 2735 2980 2790 vel
3013 2740 3149 2790 nota
3177 2740 3267 2791 est
3293 2736 3345 2791 ei
3385 2736 3538 2791 atati
3567 2751 3596 2790 e
3627 2737 3824 2808 genti-

2171 2830 2317 2886 lium
2348 2827 2723 2899 scriptorum,
2756 2829 3058 2897 poetarum
3090 2825 3361 2894 maxime,
3385 2824 3820 2896 lectione,quod

2172 2918 2351 2974 efﬁcit
2380 2914 2826 2988 intelligentiam
2849 2929 3050 2969 eorum
3067 2912 3352 2970 librorum
3372 2913 3714 2985 faciliorem,
3730 2913 3824 2972 vel

2176 3006 2367 3063 lucem
2399 3005 2655 3062 vicissim
2679 3002 3058 3060 aifuuditillis
3081 3001 3335 3070 libris,in
3367 3003 3584 3075 quibus
3604 3019 3826 3076 cogno-

2094 3129 2137 3196 α
2177 3095 2382 3197 scendi‘
2409 3093 2823 3193 tum'maxiome
2853 3092 3071 3197 versari
3102 3092 3292 3148 debet.
3313 3092 3427 3191 .Est
3455 3093 3634 3197 etiam
3653 3097 3826 3148 atate

2177 3185 2306 3258 ipsa
2335 3183 2596 3239 classicis
2627 3180 3008 3253 scriptoribus
3029 3181 3581 3252 conjunctissimum
3604 3181 3714 3237 hoc
3733 3197 3830 3254 ge-

2178 3292 2289 3330 nus
2320 3289 2453 3330 cum
2488 3271 2738 3327 maxima
2772 3287 2904 3342 pars
2930 3287 2998 3326 ex
3028 3287 3093 3326 eo
3126 3269 3201 3326 sit
3241 3273 3500 3342 tempore
3547 3287 3671 3342 quo
3719 3287 3826 3326 su-

2179 3363 2441 3436 perstitio
2463 3360 2698 3436 gentilis
2729 3359 3162 3415 dominabatur.
3201 3359 3315 3430 Ipsi
3367 3376 3499 3415 vero
3552 3364 3828 3416 auctores

2175 3435 2376 3508 eorum
2402 3435 2706 3519 librorum,
2739 3449 2913 3504 etiam
2946 3448 3045 3518 qui
3089 3448 3277 3504 serius
3309 3448 3521 3513 vixere,
3581 3453 3646 3503 ut
3700 3451 3828 3503 Au-

2175 3541 2470 3614 gustinus.
2502 3540 2742 3594 Orosius
2786 3542 2844 3592 et
2889 3537 3011 3607 alii,
3044 3537 3128 3592 vel
3175 3537 3434 3608 magistri
3479 3537 3830 3606 eloquentiae

2176 3633 2355 3695 fuere,
2391 3629 2544 3700 quod
2572 3629 2640 3682 de
2673 3626 2968 3698 plerisque
2998 3626 3277 3680 traditum
3313 3631 3420 3680 cst:
3469 3625 3556 3680 vel
3609 3626 3737 3696 ejus
3766 3631 3830 3681 et

2174 3719 2586 3776 humaniorum
2625 3716 2946 3771 litterarum
2962 3715 3223 3770 omnium
3251 3715 3493 3770 studiosi
3521 3715 3820 3786 imprimis

2177 3810 2372 3880 Itaque
2403 3808 2460 3862 in
2485 3807 2554 3862 iis
2583 3822 2724 3860 cura
2745 3803 3018 3859 dictionis
3062 3808 3120 3858 et
3139 3803 3453 3858 artiﬁcium
3479 3804 3712 3858 dicendi
3754 3821 3827 3859 ac

2173 3896 2498 3953 disserendi
2534 3893 2723 3966 magis
2754 3894 2870 3948 fere
2892 3909 3065 3963 quam
3091 3892 3150 3946 in
3165 3892 3825 3964 caterisapparct.Nam

2173 3986 2220 4043 si
2254 3986 2354 4058 qui
2379 3985 2598 4041 habent
2629 3981 2849 4054 aliquid
2879 3981 3236 4053 impuritatis
3269 3981 3328 4036 in
3378 3981 3590 4048 verbis,
3624 3987 3729 4037 aut
3760 3982 3827 4037 in

2173 4074 2398 4131 dicendi
2433 4089 2642 4146 genere
2673 4070 2806 4126 duri
2839 4074 2895 4126 et
2925 4069 3170 4138 horridi,
3203 4071 3598 4136 utArnobius,
3623 4071 3678 4126 id
3705 4071 3829 4128 fere

2171 4181 2205 4219 a
2235 4163 2422 4236 patria
2453 4168 2698 4218 traxere.
2737 4162 2797 4214 In
2831 4176 2946 4231 quo
2979 4163 3171 4231 potest
3198 4159 3384 4214 caveri
3411 4159 3827 4230 juventuti,ne

2170 4253 2307 4308 inde
2335 4251 2559 4323 aliquid
2593 4249 2806 4319 trahat,
2849 4249 2898 4304 si
2931 4249 3276 4304 ditferantur
3321 4249 3393 4303 ad
3443 4249 3501 4302 id
3557 4252 3825 4320 tempus,

2170 4357 2302 4397 cum
2336 4341 2393 4397 in
2434 4341 2583 4396 bene
2614 4338 2908 4394 scribendi
2939 4337 3179 4407 ratione,
3213 4337 3418 4392 saltem
3439 4338 3626 4406 quoad
3658 4337 3832 4409 puri-

2168 4434 2344 4486 tatem
2377 4430 2711 4496 verborum,
2745 4427 2962 4497 aliquid
2995 4426 3288 4481 firmitatis
3311 4430 3452 4480 sunt
3487 4426 3825 4482 consecuti.

416 4514 477 4568 in
510 4513 583 4567 iis
616 4529 731 4567 non
765 4511 976 4567 minori
1007 4514 1154 4578 arte.
1187 4525 1294 4564 nec
1327 4508 1522 4562 minus
1573 4505 1732 4561 molli
1792 4505 2059 4574 articulo.
2093 4500 2139 4566 D
2170 4518 2311 4574 Mihi
2343 4517 2577 4572 initium
2609 4515 2816 4571 talium
2853 4515 3135 4570 librorum
3163 4513 3542 4586 legendorum
3565 4515 3678 4571 fuit
3705 4515 3828 4570 Mi-

414 4603 628 4656 tractat
659 4600 1002 4672 Fugenium,
1036 4615 1211 4670 quam
1244 4597 1473 4652 Marcus
1525 4596 1785 4660 fratrem,
1821 4595 2061 4650 hortans

419 4707 523 4762 per
551 4689 807 4756 laudem,
835 4693 890 4743 et
919 4687 998 4742 ita
1030 4686 1413 4759 prascribens
1456 4686 1599 4740 bene
1641 4685 1877 4755 gerendi
1911 4687 2060 4739 Pon-

418 4779 678 4834 tiﬁcatus
709 4778 1088 4842 rationem,ut
1109 4775 1306 4831 omnia
1335 4774 1912 4844 Pontiﬁcum,qua|es
1944 4771 2062 4828 illis

418 4867 783 4940 temporibus
815 4870 997 4922 erant.
1031 4864 1274 4937 Eugenii
1296 4863 1506 4936 ipsius,
1531 4860 1795 4934 aulasque
1821 4861 2058 4916 Pontiﬁ-

412 4957 532 5025 cia,
566 4955 786 5012 etcleri
846 4954 1099 5010 universi
1156 4953 1296 5008 vitia
1352 4950 1674 5006 clarissime
1745 4950 2058 5018 describat,

416 5070 657 5110 servans
688 5053 906 5124 ubique
937 5053 1240 5116 decorum,
1270 5053 1326 5104 et
1347 5046 1721 5104 offensionem
1735 5046 2062 5102 vitans.Ita-

415 5160 529 5215 que
560 5158 694 5198 cum
710 5142 966 5214 primum
980 5138 1307 5194 illoslibros
1328 5137 1517 5208 legere
1532 5135 1698 5205 coepi,
1715 5151 2055 5206 quanquam

416 5236 689 5288 assuetus
719 5227 1055 5302 purioribus
1104 5231 1161 5280 et
1207 5222 1686 5297 elegantioribus,
1747 5228 1942 5277 tamen
1976 5223 2058 5278 ita

417 5337 510 5376 me
544 5323 878 5385 tenuerunt,
911 5319 976 5370 ut
1001 5314 1074 5369 ab
1105 5314 1189 5369 eis
1222 5330 1334 5368 non
1368 5317 1522 5379 ante,
1555 5327 1732 5382 quam
1765 5311 1838 5366 ad
1879 5311 2056 5368 ﬁnem

417 5406 819 5482 perlegissem,
854 5403 1248 5459 discesserim.
1281 5401 1444 5468 Quod
1476 5400 1526 5456 si
1558 5399 1774 5456 talibus
1793 5398 2056 5473 legendis

415 5499 542 5568 ipse
572 5493 758 5550 teneri
790 5494 972 5566 potui,
1007 5509 1140 5548 cum
1173 5496 1291 5546 tam
1325 5489 1587 5546 studiose
1618 5487 1878 5562 principe
1934 5491 2058 5548 elo-

411 5581 665 5659 quentia
695 5586 907 5641 Graeca
934 5581 1291 5655 Latinaque,
1351 5595 1476 5650 nec,
1536 5581 1602 5635 ut
1643 5577 1870 5652 opinor,
1928 5579 2058 5638 sine

2173 4607 2330 4662 nucii
2362 4605 2655 4670 Octavius,
2690 4604 2747 4659 in
2781 4619 2955 4675 quem
2988 4603 3242 4675 primum
3273 4603 3450 4659 incidi
3496 4605 3552 4658 in
3615 4603 3830 4660 schola

2170 4693 2456 4763 Portensi,
2481 4693 2541 4748 in
2575 4709 2692 4764 qua
2717 4696 2840 4747 tum
2875 4691 3011 4746 huic
3041 4690 3274 4747 lectioni
3316 4690 3537 4763 aliquid
3589 4691 3829 4746 tribue-

2171 4784 2363 4850 batur,
2396 4783 2466 4838 de
2496 4781 2914 4853 magistrorum
2947 4780 3473 4850 commendatione,
3514 4795 3619 4835 nec
3651 4778 3829 4834 facile

2169 4877 2292 4928 erat
2320 4872 2392 4927 de
2424 4868 2906 4942 provectioribus,
2939 4868 3036 4938 qui
3071 4884 3185 4922 non
3217 4884 3402 4922 unum
3434 4872 3491 4923 et
3513 4867 3648 4922 item
3672 4865 3829 4922 alte-

2170 4977 2301 5016 rum
2331 4959 2507 5014 talem
2542 4958 2907 5028 scriptorem,
2941 4961 3142 5028 poetas
3173 4957 3348 5012 etiam
3383 4955 3609 5029 aliquot
3646 4955 3828 5011 Chri-

2169 5050 2411 5118 stianos,
2444 5047 2704 5114 haberet,
2740 5063 2886 5116 quos
2919 5062 3017 5117 per
3040 5045 3165 5100 dies
3183 5045 3520 5102 Dominicos
3550 5045 3828 5117 aliosque

2168 5138 2349 5193 festos
2375 5136 2610 5209 legeret.
2644 5137 2834 5206 Atque
2870 5134 3005 5189 hinc
3060 5133 3201 5189 mihi
3252 5135 3509 5206 primum
3557 5133 3827 5204 injectus

2167 5232 2255 5282 est
2271 5243 2436 5282 amor
2447 5225 2558 5282 scri
2567 5221 3476 5296 ptorumEcclesiasticorum,qui
3497 5228 3627 5296 post
3640 5222 3834 5279 etiam

2167 5315 2548 5371 conﬁrmatus
2578 5318 2686 5380 est,
2718 5329 2852 5368 cum
2875 5316 2931 5366 et
2962 5310 3310 5368 litteratores
3341 5312 3628 5368 maximos
3658 5311 3830 5366 vide-

2168 5421 2290 5460 rem
2323 5404 2395 5459 iis
2428 5402 2678 5458 multum
2717 5401 3014 5468 tribuisse,
3055 5404 3112 5455 et
3169 5399 3461 5472 principes
3519 5398 3833 5471 theologo-

2169 5511 2321 5565 rum,
2356 5492 2613 5565 primum
2647 5508 2680 5546 a
2738 5489 3190 5562 praceptoribus
3271 5489 3558 5556 audirem,
3607 5487 3836 5544 deinde

2166 5582 2292 5658 ipse
2321 5581 2599 5654 viderem,
2634 5579 2771 5637 inde
2799 5596 2834 5636 a
2864 5577 3106 5637 Lutheri
3135 5579 3521 5654 temporibus,
3576 5577 3833 5636 Patrum
