4064 6154
178 117 279 177 241

1673 112 2080 179 OCTAVIUS.

3453 113 3573 175 242

174 248 412 304 moriam
443 247 793 317 recensenti,
823 251 985 304 tanta
1033 246 1280 304 dulcedo
1329 247 1409 319 (4)
1467 250 1525 304 et
1583 247 1806 304 affectio
1921 248 2092 304 nobis
2123 247 2391 320 reliquit;
2427 252 2624 320 utpote
2683 265 2817 305 cum
2874 251 2932 305 et
2979 249 3104 320 ipse
3153 250 3318 304 tanto
3377 245 3566 302 nostri

172 337 417 393 hominis
450 337 698 405 inhaesit,
732 341 798 393 ut
828 337 950 410 ipse
980 337 1416 409 quodammodo
1461 338 1612 394 233
1669 337 1812 391 mihi

174 427 386 481 videret
436 426 496 480 in
557 424 845 498 prmterita
901 424 1109 490 redire,
1171 441 1286 480 non
1363 441 1428 480 ea
1501 441 1624 496 quae
1676 424 1804 496 jam

169 519 454 570 transacta
485 517 542 570 et
571 514 818 570 decursa
854 518 1012 580 sunt,
1067 512 1467 569 recordatione
1515 528 1803 571 revocare.

169 606 240 660 Ita
264 605 394 674 ejus
424 601 862 674 contemplatio,
886 607 1171 673 quantum
1219 601 1520 657 subtracta
1548 606 1638 658 est
1667 617 1805 658 oeu-

169 694 248 758 lis,
277 696 517 747 tantum
549 691 766 764 pectori
798 707 948 760 meo,
980 706 1048 746 ac
1079 705 1225 761 pene
1259 689 1484 744 intimis
1533 688 1804 746 sensibus

164 781 459 853 implicata
491 788 597 835 est.
633 780 715 851 [ιι)
743 777 860 835 Nec
897 779 1196 835 immerito
1245 778 1553 834 discedens
1585 779 1664 849 (5)
1719 777 1808 834 vir

165 871 401 925 r-ximius
431 873 493 924 et
522 872 762 924 sanctus
794 867 811 937 (
841 869 897 939 6)
921 867 1282 923 immensum
1308 867 1399 923 sui
1447 866 1803 924 desiderium

1923 353 2157 409 semper
2186 354 2382 392 amore
2415 338 2771 410 ﬂagraverit,
2808 341 2873 392 ut
2903 341 2960 393 et
2993 337 3053 392 in
3087 336 3330 393 ludicris
3367 341 3425 391 et
3483 355 3567 391 se-

1913 425 2017 482 riis
2048 429 2126 497 (7)
2158 425 2281 498 pari
2315 443 2542 482 mecum
2574 427 2872 483 voluntate
2910 425 3260 491 concineret,
3292 425 3561 481 eamdem

1913 513 2084 570 vellet
2112 514 2198 570 vel
2232 513 2410 570 nollet
2437 516 2816 587 (8).Crederes
2843 531 3022 570 unam
3044 519 3300 570 mentem
3331 513 3387 567 in
3412 514 3562 569 duo-

1916 604 2027 658 bus
2056 603 2236 660 l‘uisse
2268 603 2514 659 divisam
2547 604 2623 674 [2)
2653 604 2727 675 (9)
2753 621 2766 660 :
2801 604 2885 660 sic
2908 603 3070 660 solus
3101 603 3159 658 in
3185 603 3340 659 284
3357 602 3566 658 amori-

1919 692 2052 760 bus,
2091 694 2362 748 censeius
2393 692 2540 764 ipse,
2571 693 2765 748 socius
2795 691 2976 763 (tO)in
2994 691 3374 756 erroribus,et
3403 707 3559 761 cum,

1915 777 2187 837 discussa
2210 779 2479 852 caligine,
2503 782 2570 836 de
2591 780 2963 836 tenebrarum
2989 780 3276 852 profunde
3300 777 3560 834 inlucem

1918 861 2218 941 sapientiai
2249 875 2307 926 et
2336 869 2596 926 veritatis
2623 867 2738 940 (11)
2767 884 3147 941 emergerem,
3182 885 3296 924 non
3336 867 3562 940 respuit

1585 1001 1916 1064 Variorum
1946 1009 2136 1064 notae.

144 1155 583 1226 interpretatur,
624 1153 785 1226 quod,
834 1151 1054 1226 scilicet
1108 1151 1430 1226 Minucius
1477 1155 1692 1226 noster,
1725 1167 1793 1206 ex

143 1223 309 1281 more
337 1223 1218 1295 RomanorumJuvenisCascilii
1239 1223 1620 1279 contubernio
1646 1240 1791 1295 usus

142 1299 333 1352 fuerit.
372 1297 480 1352 Hic
512 1293 878 1368 probandum
910 1295 1021 1367 ipsi
1055 1295 1359 1362 incumbit,
1404 1311 1478 1350 an
1523 1311 1650 1351 mos
1693 1293 1790 1350 ille

139 1368 372 1424 seculis
406 1367 781 1439 aequioribus
814 1371 936 1439 tam
959 1369 1301 1439 constanter
1356 1382 1466 1421 usu
1522 1370 1789 1439 receptus

139 1441 430 1494 manserit
451 1459 470 1506 ς
493 1436 641 1494 nam
665 1438 735 1492 de
755 1438 880 1509 ipso
904 1437 1176 1509 Minucio
1198 1437 1303 1492 hoc
1325 1453 1480 1492 onus
1503 1436 1786 1509 probandi

137 1509 361 1566 nemini
392 1507 793 1581 imponimus.
812 1507 1028 1581 Melius
1045 1513 1135 1562 est
1163 1507 1222 1562 in
1244 1524 1482 1581 igenere
1505 1507 1785 1565 ‘seladem

135 1582 357 1637 laboris
389 1597 459 1636 ac
488 1579 819 1636 studiorum
850 1579 1190 1651 intelligere.
1242 1580 1514 1635 Lmnna.

203 1653 286 1723 (4)
343 1653 523 1707 Tanta
565 1651 810 1708 dulcedo.
845 1649 1205 1723 wopkénius
1251 1654 1466 1723 tantum
1567 1649 1792 1705 dulcedo

134 1721 584 1779 rescribendum
611 1728 828 1787 censet,
861 1721 1060 1776 minus
1090 1726 1242 1776 recte
1283 1721 1563 1776 Lmnunn.

201 1797 281 1866 (5)
315 1795 640 1866 υἰεεθάεωε
670 1794 749 1866 Ex
777 1798 894 1848 toto
922 1793 1200 1866 orationis
1246 1797 1516 1846 contextu
1567 1790 1793 1866 liquido

134 1860 291 1935 patet
330 1866 496 1920 hunc
529 1864 831 1920 dialobum
865 1881 898 1918 a
940 1863 1120 1918 Felice
1181 1867 1379 1918 nostro
1419 1867 1548 1934 post
1576 1860 1794 1935 Octavii

135 1933 249 1992 ista
281 1936 508 1992 litteris
552 1937 735 1992 fuisse
781 1935 1124 1990 mandatum
1150 1949 1163 1987 :
1189 1933 1540 2006 quapropter
1600 1933 1795 2006 legen-

134 2010 272 2062 dum
307 2007 602 2062 decedens.
651 2007 738 2062 Ita
777 2022 1050 2078 persaepe,
1083 2004 1579 2078 Cicero,'raliique
1645 2004 1795 2078 scri-

133 2085 337 2150 ptores
385 2079 616 2150 optimi.
649 2075 1094 2150 Phaedrusflib.
1133 2092 1218 2150 _1v_,
1256 2077 1390 2150 _l‘ab.
1423 2077 1453 2130 4
1478 2075 1498 2129 ξ
1553 2075 1798 2150 Quidam

136 2146 403 2205 decedens
422 2146 544 2205 ἰν-εδ
581 2150 808 2220 reliquit
853 2149 1018 2220 ﬁlias.
1049 2146 1347 2220 Sulpicius
1407 2146 1622 2211 Sever.,
1655 2147 1792 2220 Hist.

138 2238 305 2288 socru
343 2221 458 2276 lib.
494 2238 534 2289 ι,
585 2219 711 2290 capi
740 2223 816 2274 7:
864 2219 1005 2274 Sara
1044 2234 1163 2274 cum
1211 2219 1503 2288 septimum
1552 2222 1606 2290 et
1650 2219 1793 2272 vice-

147 2295 346 2346 <imum
380 2288 552 2362 supra
608 2288 971 2362 centesimum
1016 2306 1249 2362 annum_
1280 2293 1496 2362 ageret,
1547 2288 1794 2362 decessit.

146 2363 228 2417 Sic
261 2368 324 2418 et
359 2359 499 2417 alibi
551 2361 776 2433 passim
807 2362 994 2433 _idem
1047 2359 1380 2416 historicus.
1443 2359 1796 2416 Claudianus

149 2441 344 2491 tamen
381 2434 440 2489 in
475 2431 775 2499 Rufinum,
806 2431 909 2488 lib.
944 2449 1004 2499 Il,
1051 2433 1156 2488 10:

1171 2545 1374 2596 Solatia
1400 2544 1541 2595 letho

374 2611 604 2660 Eritium
634 2623 920 2660 commune
957 2607 1104 2658 dabit
1122 2621 1222 2658 nec
1245 2608 1460 2658 territus
1492 2611 1614 2656 ante

375 2673 658 2723 Discedam
690 2707 704 2730 ,
736 2686 856 2722 cum
886 2671 998 2721 luce
1023 2671 1181 2720 simul
1204 2670 1492 2734 linquenda
1540 2672 1795 2733 potestas.

152 2790 217 2842 At
247 2787 337 2842 ibi
372 2787 609 2860 quidam
664 2787 848 2860 rcodd.
903 2785 1190 2860 decedam:
1240 2789 1305 2860 et,
1351 2785 1792 2860 vers‘qujdem.

145 2867 346 2914 Unus.
390 2857 468 2899 '—
524 2860 582 2914 Si
648 2859 975 2914 Grunerum
1031 2857 1238 2912 audias
1284 2858 1346 2911 in
1394 2857 1536 2911 Actis
1588 2857 1791 2920 Societ,

143 2932 332 2985 Latin.
371 2932 603 2998 Ienens,
635 2929 748 2984 vol.
779 2929 875 2995 IV,
929 2945 1067 3001 pag.
1115 2929 1240 3001 209,
1291 2926 1580 3001 editorum
1623 2927 1792 3001 lectio

139 3003 470 3067 retinenda,
511 3002 712 3056 eodem
726 2999 1163 3056 sensu.’Ve'rum
1190 2999 1274 3052 vir
1303 2999 1568 3054 eruditus
1593 2999 1790 3054 minus

147 3073 430 3144 appositis
462 3072 742 3143 exemplis
781 3072 838 3126 id
881 3076 1140 3126 astruere
1162 3070 1388 3144 videtur
1411 3091 1431 3138 ,-
1450 3068 1786 3144 cujusmodi

148 3141 281 3198 sunt
306 3161 320 3196 :
357 3161 388 3198 a
419 3146 533 3200 vita
562 3141 863 3210 discedeas,
895 3159 958 3213 ey
988 3144 1110 3198 vita
1145 3141 1386 3209 discedo,
1428 3141 1724 3213 discessum
1753 3157 1790 3196 a

148 3231 393 3286 corpore.
442 3215 586 3286 Loca
631 3220 811 3286 erant,
863 3212 1256 3286 producenda,
1303 3213 1363 3286 in
1411 3212 1626 3284 quibus
1656 3228 1787 3286 ver-

149 3283 282 3340 bum
316 3285 532 3342 discedo
565 3283 910 3356 simpliciter
932 3285 1379 3356 usurpatum,de
1417 3283 1602 3339 morte
1618 3283 1788 3356 abse-

150 3356 262 3411 lute
311 3374 377 3411 ac
439 3357 566 3413 sine
620 3354 1010 3411 controversia
1071 3354 1405 3428 accipiatur,
1453 3370 1568 3426 quo
1617 3354 1789 3428 modo

154 3445 289 3482 sane
319 3434 552 3483 constat
607 3428 679 3483 de
725 3428 898 3482 verbo
945 3427 1154 3483 decedo.
1196 3424 1503 3482 'GALLANn.
1535 3456 1604 3466 ——
1634 3424 1786 3480 Nibil

158 3504 239 3571 est
269 3499 422 3571 quod
456 3500 526 3554 de
561 3503 749 3571 morte
781 3499 1033 3571 cogitare
1065 3515 1170 3571 nos
1192 3498 1420 3571 jubeat,
1455 3497 1608 3571 quod
1653 3497 1788 3571 facit

158 3567 492 3635 Gronovius,
547 3571 620 3624 ob
669 3567 878 3624 levem“
900 3567 1285 3624 imitationem
1343 3567 1658 3632 Ciceronis,
1690 3567 1788 3637 qui

162 3642 212 3695 in
241 3641 527 3713 principio
560 3641 721 3695 Bruti
763 3641 876 3696 ait:
924 3640 1073 3710 Quod
1117 3642 1207 3695 vir
1259 3641 1504 3713 egregius
1558 3639 1787 3694 alienis-

159 3711 285 3784 simo
311 3711 456 3784 reip'.
481 3721 718 3783 tempore
747 3714 1066 3784 exstinctus,
1101 3714 1154 3784 et
1178 3711 1526 3784 auctoritatis
1547 3716 1615 3784 et
1654 3726 1788 3782 pru-

161 3783 352 3841 dentiae
377 3781 502 3840 suae
533 3781 694 3839 triste
719 3785 878 3838 nobis
913 3782 1248 3839 desiderium
1291 3781 1594 3852 reliquerit.
1641 3785 1786 3852 Nam

158 3862 198 3907 to
220 3855 536 3926 scripsisse
567 3855 687 3910 bare
718 3855 1008 3910 Minucius
1039 3870 1202 3924 aeque
1245 3851 1471 3924 poterat
1503 3856 1634 3926 post
1678 3851 1791 3906 0c-

155 3927 280 4007 tsvii
302 3923 551 4008 e'Roma
579 3926 926 4008 discessum,
955 3923 1135 4008 quam
1166 3923 1436 3980 mertem.
1484 3927 1544 4008 2f
1581 3923 1792 3978 Memo-

151 3997 225 4052 ria
255 4015 370 4053 non
407 3998 610 4052 minus
639 4002 727 4052 est
771 3997 1119 4062 absentium,
1172 4013 1347 4066 quam
1398 3999 1786 4050 mortuorum.

145 4070 197 4122 3⁵
227 4069 599 4125 Desiderium
635 4067 806 4123 amici
827 4068 1086 4124 absentis
1110 4074 1197 4123 est
1222 4068 1618 4133 immensum;
1643 4081 1791 4120 mor-

145 4142 246 4203 tui,
285 4145 467 4196 triste
499 4156 606 4195 nec
639 4138 803 4194 facile
851 4139 1178 4196 ferendum.
1237 4139 1268 4192 4
1326 4137 1596 4193 Octavius
1650 4141 1791 4191 tunc

147 4212 332 4268 adhuc
365 4216 499 4266 erat
521 4210 744 4282 junior,
788 4210 860 4265 ob
909 4210 1125 4282 liberos
1175 4210 1469 4282 infantes._
1501 4210 1560 4282 ξο
1587 4208 1791 4263 Dubito

145 4301 210 4338 an
232 4280 536 4338 discedere
557 4281 899 4350 simpliciter
929 4281 1156 4336 dicatur
1185 4298 1286 4352 pro
1324 4280 1489 4335 mori.
1507 4280 1788 4334 LINDNER.

211 4355 286 4424 (6)
359 4355 459 4410 Vir
506 4355 752 4407 eximius
809 4355 859 4408 et
917 4357 1154 4408 sanctus.
1236 4355 1438 4406 Virum
1469 4360 1715 4406 sanctum
1737 4355 1794 4404 et

152 4430 401 4479 sanctam
435 4425 715 4478 feminam
748 4423 923 4478 etiam
954 4423 1172 4479 ethnici
1215 4423 1487 4478 dicebant
1535 4421 1797 4477 moribus

163 4501 216 4550 et
230 4496 457 4550 virtute
489 4499 887 4566 praestantem.
922 4495 1087 4566 Apud
1103 4493 1586 4566 Cbristianos,qui
1610 4494 1806 4566 datam

150 4566 386 4623 Christo
418 4564 597 4620 ﬁdem
633 4564 1020 4636 servabat,qui
1047 4566 1339 4636 baptisma
1355 4581 1528 4620 suum
1560 4564 1813 4636 habebat

158 4638 486 4709 integrum,
518 4641 738 4709 sanctus
769 4634 1189 4709 appellabatur.
1223 4636 1481 4709 ΕῒμλὶιεξιίιΔ
1496 4634 1810 4709 appellatio

158 4705 514 4780 religionem
548 4705 823 4780 designat
844 4705 900 4764 et
931 4725 1139 4764 mores:
1169 4705 1407 4780 Quodsi
1435 4705 1654 4778 aliquid
1689 4721 1811 4780 mo-

155 4777 321 4834 ribu‘s
351 4779 642 4850 improbis
674 4777 996 4845 notaretur,
1042 4779 1168 4850 jam
1236 4777 1547 4833 desinebat
1595 4793 1723 4834 esse
1752 4779 1810 4832 et

157 4797 321 4834 ribus
351 4797 642 4899 lmp’roms
674 4797 996 4845 necaretur,
1042 4797 1092 4850 ,]ε

157 4851 368 4906 haberi
411 4850 451 4905 C
497 4850 798 4905 ristianus.
861 4851 1092 4906 RIGAL’I‘.

225 4923 310 4993 ('7)
343 4922 409 4975 Et
436 4923 496 4993 in
526 4921 756 4993 ludicris
796 4926 849 4977 ιι
889 4923 1066 4978 seriis.
1091 4921 1198 4993 (CI.
1232 4919 1631 4989 Heumannus,
1675 4921 1726 4993 el
1754 4919 1812 4974 in

154 4991 355 5047 seriis.
387 4992 494 5063 Sed
527 4991 686 5047 nulla
716 5009 865 5063 opus
896 4992 1235 5048 mutatione.
1253 4993 1460 5046 Amant
1481 4997 1636 5063 certe
1662 4991 1817 5063 eius:

160 5063 331 5146 modi
349 5062 594 5146 dicendi
621 5061 968 5146 compendia
995 5061 1542 5146 veteresillisasculi
1576 5061 1818 5146 secundi

161 5139 220 5188 et
246 5133 413 5208 tertii
442 5141 730 5200 auctores,
758 5133 848 5190 illi
880 5136 938 5190 in
973 5135 1199 5208 primis,
1234 5134 1335 5208 qui
1358 5149 1628 5189 sermone
1650 5134 1807 5208 brevi

162 5211 220 5259 et
249 5205 488 5260 concise
519 5211 783 5273 utuntur,
816 5211 874 5261 et
905 5205 1099 5261 rerum
1157 5205 1552 5277 magisquam
1611 5205 1814 5277 verbo-

168 5293 314 5349 rum;
331 5277 564 5349 cepiam
597 5282 912 5349 sectantur.
945 5279 1024 5333 Ex
1053 5275 1281 5341 Tacito,
1306 5275 1517 5345 Plinio,
1537 5275 1813 5349 Suetonio

170 5351 223 5402 et
254 5344 423 5403 illius
454 5349 642 5404 aetatis
669 5348 820 5415 aliis,
855 5367 970 5406 non
1013 5349 1341 5419 dubitarem
1387 5344 1654 5419 exempla
1703 5344 1818 5417 peti

175 5420 319 5473 satis
355 5419 542 5476 multa
586 5436 775 5491 posse.
808 5421 1097 5477 Msucxsu.
1130 5451 1197 5459 --
1228 5418 1322 5475 Sic
1367 5418 1585 5491 Livius,
1641 5419 1730 5486 34,
1761 5420 1816 5484 7,

178 5491 268 5545 tt:
307 5492 371 5545 Et
405 5508 500 5547 vos
527 5490 788 5548 in’manu
818 5497 870 5548 et
911 5492 1146 5549 tutela...
1205 5491 1410 5545 debetis
1463 5490 1662 5546 habere
1709 5505 1818 5546 eos.

184 5561 437 5629 Tacitus,
473 5563 685 5619 Hister.
718 5565 770 5632 4,
801 5565 890 5620 36.
925 5566 984 5620 1η
1025 5565 1220 5618 luxum
1243 5563 1408 5633 eﬂ‘usi
1458 5566 1508 5617 et
1554 5561 1742 5633 epulas
1771 5563 1821 5616 et

182 5639 473 5694 nocturnos
500 5640 692 5693 eteius.
726 5635 968 5708 Plinius,
1001 5637 1300 5707 Panegyr.,
1330 5635 1424 5705 2t,
1455 5635 1528 5690 3:
1578 5635 1642 5690 In
1692 5634 1820 5690 ani-

1822 1607 1869 1672 B

359 4354 459 4410 Vir
506 4339 752 4407 eximius
809 4355 859 4408 et
917 4357 1154 4408 sanctus.
1186 4339 1201 4352 ⁸
1236 4353 1438 4406 Virum
1469 4360 1715 4406 sanctum
1737 4354 1794 4404 et
1824 4339 1870 4403 D

1899 1169 2011 1226 mis
2031 1161 2306 1226 7108015781
2326 1154 2566 1226 judiczis
2594 1168 2716 1226 eras
2745 1157 2922 1226 pater
2945 1153 3172 1226 patriae,
3223 1153 3433 1226 Lirenas

1970 1225 2048 1296 (8)
2079 1223 2343 1296 Eamdem
2366 1225 2525 1280 vellet
2552 1223 2646 1279 vel
2673 1223 2864 1280 nollet.
2888 1223 2992 1296 Sic
3022 1223 3204 1296 edidit
3247 1223 3556 1292 Heraldus,

1896 1295 2259 1368 anetoritate,
2292 1295 2571 1368 nirfarllor,
2613 1311 2724 1368 ms.
2777 1295 2943 1368 regii.
2982 1295 3271 1368 Rigaltius
3338 1312 3470 1351 vero
3503 1302 3560 1352 et

1897 1366 2325 1439 Sig,Geleniu_s
2359 1367 2573 1422 habent
2601 1367 2802 1439 Eadem
2840 1366 2976 1439 velle
3017 1366 3103 1422 vel
3159 1367 3326 1433 nolle,
3393 1372 3551 1439 quod

1895 1437 2144 1508 explicat
2165 1437 2236 1493 cl.
2267 1437 2564 1492 Grunerus
2583 1437 2925 1508 perinﬁnita
2940 1442 3208 1493 naturam
3247 1437 3553 1494 nominum

1892 1507 2186 1590 habentia:
2209 1507 2688 1590 WOpkeniusmui
2702 1508 2954 1590 glossam
2968 1525 3172 1590 sapere
3183 1513 3441 1590 quatuor
3467 1509 3555 1564 his

1897 1597 2066 1636 voces
2093 1579 2387 1651 videntur,
2420 1579 2582 1634 nullo
2615 1581 2788 1636 modo
2818 1579 3391 1635 estaudiendus.Sed
3429 1580 3552 1651 ipse

1902 1654 1968 1706 ut
1997 1653 2342 1723 conjecturas
2372 1625 2512 1706 huic
2541 1667 2658 1706 suaa
2679 1667 2881 1723 parum
2898 1651 3381 1717 conlisus,statim
3405 1625 3550 1706 stib-

1895 1722 2133 1794 jungit:
2164 1721 2321 1778 Hand
2346 1738 2472 1777 raro
2500 1723 2579 1776 ita
2604 1721 2693 1777 res
2743 1721 2929 1777 eadem
2988 1731 3084 1776 aut
3119 1724 3300 1792 'ferme
3353 1723 3552 1777 eadem

1905 1792 2141 1849 diversis
2171 1793 2829 1864 vocibusjngeminatur,
2852 1795 2993 1848 citra
3044 1809 3210 1864 quam
3237 1808 3449 1848 necesse
3474 1795 3550 1848 sit

1900 1865 2062 1935 idque
2115 1881 2216 1936 per
2256 1860 2564 1932 ἀσύνδετὸν,
2613 1869 2670 1919 et
2721 1864 2786 1936 in
2818 1863 2926 1936 hoc
2951 1860 3219 1936 provocat
3246 1865 3317 1918 ad
3351 1879 3476 1934 cap.
3513 1865 3549 1919 3

1904 1934 2152 2006 micaret,
2181 1939 2517 2002 emergeret:
2549 1936 2602 2004 5,
2635 1934 3026 2004 indignadum,
3061 1935 3502 1990 indolescendum
3530 1952 3544 2003 ;

1907 2007 1994 2075 11,
2024 2009 2254 2089 mortui.
2280 2008 2573 2089 festinetis
2591 2023 2612 2067 ;
2642 2007 2744 2089 3’7,
2765 2008 2876 2072 uri,
2911 2007 3160 2089 cremari
3183 2023 3196 2075 ;
3239 2006 3308 2060 24
3331 2008 3542 2089 sciunt,

1903 2087 2128 2133 norunt.
2163 2079 2242 2132 Cl.
2278 2082 2658 2131 Heumannus
2706 2075 2787 2132 ita
2833 2076 2958 2131 vult
3011 2075 3159 2148 legi:
3219 2075 3543 2144 contineret,

1904 2151 1955 2204 et
1983 2149 2169 2205 eadem
2196 2150 2281 2204 vel
2303 2149 2467 2205 vellet
2493 2148 2576 2204 vel
2599 2148 2784 2204 nollet.
2827 2148 2937 2203 Sed
2988 2164 3127 2204 usos
3184 2148 3540 2218 frequentis-

1905 2220 2054 2276 sime
2084 2221 2191 2275 boc
2221 2220 2452 2275 dicendi
2492 2235 2704 2291 genere
2724 2224 2948 2291 veteres
2965 2217 3540 2291 auctores,ekemplis

1905 2237 2054 2276 sime
2085 2235 2191 2275 nec
2221 2235 2452 2275 uicena:
2492 2235 2704 2346 gFenere
2724 2235 2947 2274 veteres
2965 2235 3535 2291 auetores,exempus

1905 2297 1998 2363 sat
2029 2291 2230 2346 multis
2261 2292 2468 2363 probat
2557 2333 2570 2345 .
2590 2292 2650 2344 Ο.
2686 2290 3269 2363 Menkenius,quibus
3287 2291 3436 2363 addo
3450 2290 3535 2363 Pl.

1903 2361 2006 2417 lib.
2039 2378 2095 2428 x,
2127 2377 2217 2434 ep.
2249 2361 2318 2417 50
2343 2378 2365 2434 ς
2390 2361 2640 2434 Superest
2664 2369 2724 2434 ut
2750 2363 2810 2434 in
2851 2361 3170 2434 libratorem
3211 2362 3298 2416 vel
3347 2361 3538 2434 archi-

1903 2437 2103 2489 tectum
2125 2432 2315 2489 mittas
2344 2433 2590 2497 Plorusi,
2618 2433 2810 2504 0,710:
2851 2433 2928 2504 Ne
2960 2436 3195 2504 potestas
3240 2432 3537 2488 solitudine

1903 2505 1986 2560 vel
2007 2519 2162 2560 mora
2179 2507 2640 2576 corrumperetur.
2688 2503 2978 2560 Minucius
3030 2508 3250 2576 noster,
3283 2505 3390 2561 ωε
3423 2505 3534 2559 An-

1905 2575 2133 2648 tiquitas
2161 2576 2380 2646 fabellis
2401 2574 2670 2648 delectata
2696 2576 2779 2648 vel
2807 2578 2991 2648 capta.
3025 2574 3214 2648 id._,25
3245 2590 3259 2630 :
3294 2576 3536 2648 Quorum

1903 2645 2021 2718 cibo
2047 2648 2132 2701 vel
2160 2645 2388 2717 fastidio
2419 2647 2632 2717 itaque,
2665 2646 2750 2700 sic
2781 2645 3054 2718 utvulgo
3105 2646 3319 2718 legitur
3344 2647 3534 2702 dicere

1905 2717 2612 2800 Felicﬂeqpotuissgtnen
2627 2721 2716 2772 est
2735 2717 3019 2799 dubium}
3045 2717 3300 2800 voluisse
3321 2724 3536 2800 autem,

1903 2787 2015 2872 hoc
2045 2787 2274 2870 facilius
2300 2788 2662 2870 crediderim,
2695 2803 2810 2859 quo
2844 2788 3034 2912 maﬁis
3063 2790 3189 2860 ipse
3217 2789 3541 2871 cavendum

1903 2859 2266 2912 intelligebat
2295 2875 2366 2912 ns
2398 2859 2675 2912 delicatas
2725 2875 2894 2912 aures
2923 2876 2938 2912 ι
2990 2877 3024 2912 a
3075 2861 3223 2912 duas
3277 2860 3541 2912 eiusdem

1902 2857 2266 2931 intelligebat
2295 2875 2366 2914 ne
2398 2859 2675 2931 delicatas
2713 2857 2894 2914 ‘aures
2923 2857 3024 2914 illa
3075 2857 3223 2931 duas
3277 2860 3542 2929 ejusdem

1906 2929 2117 3058 Eirmai
2156 2947 2223 2985 ac
2253 2931 2380 2986 soni
2411 2929 2645 2986 voculas
2683 2931 2980 3002 repetendi
3027 2930 3174 2986 ratio
3230 2931 3548 2986 offenderet

1954 3017 2184 3056 INDNEB.

1954 3017 2184 3056 INDNEB.

1972 3073 2049 3143 (9)
2091 3071 2347 3128 Crederes
2404 3075 2927 3143 unam__mentem...
2987 3071 3239 3127 divisam.
3297 3070 3451 3128 Nihil
3483 3071 3541 3126 in

1903 3141 2065 3198 hisce
2092 3143 2288 3199 verbis
2314 3143 2468 3197 inest
2504 3141 2650 3196 vitii.
2685 3142 3112 3213 Laetantius,de
3139 3143 3543 3211 Mort.Persec.,

1900 3230 2026 3286 cap.
2057 3216 2124 3269 8:
2160 3215 2264 3269 Nec
2291 3215 2439 3270 enim
2455 3218 2670 3284 possent
2698 3215 2758 3268 in
2787 3215 3038 3269 amicitia
3066 3217 3183 3286 tam
3203 3215 3355 3285 ﬁdeli
3377 3216 3552 3270 οοΙιωο

1897 3285 2036 3353 rere,
2069 3287 2180 3340 nisi
2205 3289 2344 3339 esset
2382 3286 2438 3338 in
2472 3292 2702 3354 utroque
2729 3301 2882 3338 mens
2911 3301 3044 3340 una.
3076 3285 3220 3341 Vide
3251 3286 3542 3351 Persium,

1899 3357 2019 3412 Sat.
2052 3373 2107 3425 v,
2138 3357 2228 3430 23,
2253 3355 2409 3430 stibi
2443 3354 2706 3430 scholia;
2738 3360 2796 3411 et
2840 3356 3278 3429 Hieronymum,
3311 3357 3497 3430 Epist,
3523 3373 3542 3410 ι

1897 3433 1952 3484 et
1982 3445 2072 3492 xv,
2104 3427 2244 3482 edit.
2293 3427 2398 3482 BB.
2452 3427 2650 3482 ΒΑνιε.

1970 3499 2082 3571 (10)
2113 3497 2400 3571 Si_c_solus_
2443 3499 2503 3571 in
2554 3497 2836 3571 amoribus
2863 3499 3132 3571 conscius
3183 3500 3297 3571 ipse
3341 3500 3540 3571 socius.

1897 3567 2019 3624 haec
2049 3567 2321 3640 equidem
2355 3569 2441 3624 sic
2473 3567 2774 3639 intelligo:
2803 3569 2899 3626 Sic
2949 3570 3000 3625 is
3048 3567 3145 3640 qui
3198 3567 3344 3625 inihi
3394 3570 3541 3625 solus

1894 3649 2012 3696 erat
2035 3643 2093 3696 in
2133 3640 2434 3705 amoribus,
2484 3641 2640 3710 cujus
2691 3641 2773 3695 rei
2822 3643 2967 3696 testis
3024 3649 3104 3698 est
3160 3641 3274 3712 ipse
3303 3640 3546 3712 locuple-

1894 3714 2140 3768 tissimus
2175 3713 2379 3776 socius,
2406 3713 2574 3766 etiam
2602 3712 2714 3782 [uit
2740 3713 2798 3766 in
2830 3712 3129 3768 erroribus.
3163 3713 3244 3768 En
3289 3712 3544 3768 similem

1895 3783 2098 3856 locum
2136 3783 2287 3856 apud
2321 3782 2672 3856 Ciceronem,
2707 3781 2806 3854 qui
2836 3782 2936 3838 lib.
2968 3799 3068 3856 vix,
3098 3800 3189 3856 ep:
3222 3784 3311 3850 32,
3344 3786 3545 3856 deCu-

1897 3856 2057 3910 rione
2084 3854 2287 3909 ita'Est
2302 3855 2468 3920 mihi,
2503 3859 2562 3908 ut
2589 3855 2718 3915 seis,
2750 3856 2808 3908 in
2839 3854 3136 3910 amoribus.
3160 3854 3320 3918 Quod
3353 3855 3549 3911 Minuc

1898 3925 2256 4006 i‘ortasseuita
2283 3931 2437 4006 esset
2472 3925 2780 4006 “elocutus:
2833 3927 2923 4006 list
2954 3927 3092 4006 milii
3138 3927 3389 4006 conscius
3424 3928 3552 4006 ipse

1896 3999 1956 4052 in
1981 3996 2282 4052 amoribus.
2314 3994 2648 4052 Scheﬂ‘erus
2677 4011 2690 4049 :
2722 3995 2864 4051 illud
2885 3999 3134 4052 conscius
3163 3997 3338 4063 delet,
3385 3994 3550 4052 etita

1897 4068 2209 4140 legendum
2241 4071 2478 4140 censet:
2514 4067 2608 4124 Sic
2636 4069 2818 4140 socius
2849 4069 2909 4123 in
2946 4068 3238 4140 amoribus
3267 4069 3406 4139 ipse,
3463 4083 3549 4123 so-

1895 4138 2012 4195 cius
2030 4140 2091 4193 in
2119 4139 2748 4195 erroribus.Gronovius
2778 4139 2896 4195 ita:
2931 4138 3020 4194 Sic
3046 4140 3195 4196 solus
3228 4138 3509 4195 inemori
3519 4168 3549 4180 -

1900 4213 1995 4293 ῥᾳδ
2023 4212 2406 4293 conscius,‘ipse
2432 4213 2611 4293 socius
2643 4210 3079 4293 inerror’iliusmt
3093 4211 3211 4265 vult
3230 4209 3471 4293 pctaviu
3490 4225 3547 4264 m

1901 4282 1992 4336 bis
2029 4281 2220 4336 verbis
2266 4281 2338 4336 de
2388 4297 2450 4336 se
2499 4281 2694 4353 ipsum
2745 4281 3028 4353 confiteri,
3084 4282 3246 4352 quod
3281 4296 3549 4336 venerem

1906 4353 2232 4422 promiscue
2261 4351 3190 4424 spargerent,dummoreillorum
3219 4353 3550 4407 adolescen-

1915 4424 2057 4479 tiam
2091 4425 2164 4478 ab
2188 4440 2250 4479 se
2279 4422 2466 4479 actam
2502 4422 3228 4479 fatetur.Heumannusita
3251 4439 3264 4476 :
3288 4423 3378 4479 Sic
3405 4424 3553 4479 solus

1917 4497 1976 4549 in
2005 4497 2288 4550 amoribus
2321 4497 2449 4563 ipsi,
2481 4496 2656 4549 socius
2698 4496 2754 4548 in
2797 4495 3092 4559 erroribus,
3123 4510 3251 4550 cum
3307 4495 3553 4550 dismssa

1916 4567 2227 4635 caligine..,
2267 4581 2615 4636 emergerem.
2629 4569 2828 4620 Causa:
2850 4581 2955 4621 cur
2975 4565 3340 4636 acquiescere
3365 4566 3422 4620 in
3441 4566 3551 4622 hac

1919 4636 2804 4709 emendationenequeam,sunt:
2823 4637 3261 4709 primum,quod
3273 4654 3442 4709 voces
3456 4637 3556 4692 ali-

1922 4712 2066 4780 quot
2094 4707 2397 4780 ejiciendaar
2420 4707 2739 4779 aunt,quod
2761 4707 3056 4780 quomodo
3077 4707 3339 4780 escusari
3378 4713 3554 4780 queat

1921 4777 2038 4835 non
2066 4777 2268 4834 video:
2311 4779 2520 4834 deinde
2561 4777 2695 4850 pars
2742 4777 3024 4836 orationis
3071 4779 3293 4850 optima
3321 4777 3534 4836 excidit

1921 4851 2059 4922 Tria
2088 4850 2244 4905 enim
2275 4850 2488 4905 Minue.
2520 4823 2593 4906 de
2628 4851 2864 4906 Octavio
2903 4867 3009 4907 suo
3037 4823 3383 4920 affirmanto
3400 4823 3555 4922 quod

1923 4921 2151 4979 amicus
2183 4923 2391 4989 fuerit;
2423 4922 2482 4975 2°
2511 4922 2664 4992 quod
2699 4938 2764 4978 ex
2796 4923 2886 4978 sui
2920 4937 3116 4977 amore
3159 4921 3333 4977 simul
3377 4921 3557 4992 errori

1924 4993 2274 5049 adhmserit:
2305 4993 2367 5064 39
2411 4991 2564 5064 quod
2616 5009 2684 5048 ex
2741 5009 2930 5050 errore
2987 4992 3164 5048 simul
3217 5009 3353 5064 cum,
3407 4991 3554 5064 eoin

1922 5065 2111 5121 lucem
2142 5063 2404 5120 veritatis
2433 5063 2690 5120 redierit.
2727 5065 2830 5121 Hic
2863 5081 3017 5131 vero,
3041 5080 3110 5119 ex
3153 5063 3562 5118 emendatione

1925 5136 2371 5194 Heumanniana
2401 5137 2708 5192 menbrum
2741 5137 3065 5192 secundum
3094 5133 3566 5189 abest.0bservet

1925 5209 1983 5262 in
2001 5207 2372 5278 superlector
2401 5205 2722 5279 elegantem
2763 5205 3196 5278 paronomasin,
3232 5207 3484 5261 conscius
3517 5212 3568 5260 et

1924 5280 2123 5343 socius,
2157 5280 2434 5333 amoribus
2463 5283 2520 5334 et
2547 5280 2840 5334 erroribus.
2893 5283 3170 5332 laneum.

1995 5350 2109 5421 (11)
2135 5351 2429 5421 Sapientia:
2460 5352 2511 5421 et
2538 5350 2806 5421 veritatis.
2838 5353 2958 5404 Hoc
3005 5351 3094 5402 est
3135 5359 3280 5421 verte
3308 5347 3568 5421 sapien-

1928 5419 2042 5486 tite,
2077 5419 2664 5504 nem—pe‘cllristia‘naa.
2699 5419 2792 5475 Sie
2821 5421 3059 5504 [fminas
3075 5419 3417 5504 siqvicntiam~
3440 5436 3568 5474 con-

1928 5501 2142 5548 secutus
2173 5489 2318 5548 dixit
2365 5489 2785 5561 Tertullianus,
2822 5489 3240 5561 Christianas;
3273 5495 3331 5545 et
3381 5490 3572 5546 Socra-

1928 5567 2037 5618 tem
2088 5580 2276 5634 sapere
2327 5562 2398 5618 ad
2455 5563 2767 5634 veritatem,
2810 5577 2943 5618 cum
2999 5561 3072 5618 ad
3105 5560 3572 5620 Christianorum

1930 5635 2080 5693 scita
2109 5633 2352 5711 prepius
2381 5635 2710 5696 accedebat.
2744 5633 3068 5693 Rmsums.
