4102 6162
249 214 358 274 249

1637 272 1640 274 ν
1729 216 2149 280 OCTAVIUS.

3519 219 3640 280 250

246 347 556 416 emergeret
583 345 864 414 (43),dum
907 343 1146 402 assiduo
1195 346 1347 401 saltu
1398 346 1756 402 sublevatur.
1827 347 1880 402 Is
1909 349 1956 416 Α
1993 352 2164 420 gatus
2196 348 2333 421 (46),
2371 348 2565 405 dolere
2594 350 2788 406 nescio
2811 349 2951 422 quid
2977 348 3141 405 vultu
3176 349 3468 405 fatebatur
3503 347 3636 422 (47)’

248 450 304 489 se
334 434 390 487 in
422 432 620 504 pueris
649 433 928 488 victorem
951 433 1192 498 ferebat,
1226 434 1392 504 cujus
1439 438 1588 490 testa
1638 440 1694 490 et
1750 451 1882 506 pro-

247 525 494 576 curreret
522 520 776 592 longius,
809 525 865 575 ει
899 521 1267 592 frequentius
1288 521 1541 578 exsiliret
1566 522 1702 594 (44).

887 653 1116 710 CAPUT
1141 654 1232 710 IV.

247 762 646 833 Axenusmux.
696 789 764 798 —
819 759 1107 833 Subtristis
1143 759 1396 833 Caecilius
1442 760 1510 816 de
1561 761 1884 833 huiusmodi

309 831 687 900 objurgatione
746 845 853 900 qua
904 832 993 885 sui
1048 847 1216 886 causa
1275 830 1529 886 Octavius
1585 830 1884 888 Minucium

307 902 658 972 perstrinxit,
686 902 820 970 petit
849 903 911 954 ut
937 901 1047 955 sibi
1064 918 1186 956 cum
1225 900 1444 957 Octavio
1482 903 1550 957 de
1595 920 1708 958 sum
1755 906 1885 959 reli-

316 973 500 1042 gionis
520 974 767 1032 veritate,
798 973 1082 1042 disputare
1112 974 1294 1026 licent.
1357 975 1565 1028 Annuit
1592 991 1716 1029 cum
1741 977 1885 1030 socio

308 1059 402 1098 suo
461 1043 733 1104 Octavius,
764 1058 828 1096 ac
883 1043 1090 1099 medius
1118 1046 1264 1099 inter
1294 1046 1574 1100 Caecilium
1625 1055 1676 1102 et
1722 1046 1881 1102 Octa-

309 1115 454 1169 vium
479 1113 630 1168 sedet
657 1113 951 1168 Minucius.

310 1229 510 1299 Igitur,
543 1243 677 1282 cum
711 1243 915 1283 omnes
932 1227 1040 1282 hac
1071 1229 1385 1300 spectaculi
1408 1231 1705 1303 voluptate
1727 1246 1892 1304 cape-

246 1333 451 1385 remur,
522 1315 786 1372 Caecilius
835 1315 981 1370 nihil
1031 1316 1332 1374 intendere
1388 1319 1522 1390 (45),
1573 1335 1761 1392 neque
1819 1320 1890 1375 de

246 1405 607 1461 contentione
627 1405 772 1462 241
801 1404 990 1460 ridere
1027 1421 1042 1474 ;
1076 1406 1179 1462 sed
1210 1410 1432 1475 tacens,
1451 1406 1676 1479 anxius,
1699 1423 1892 1481 segre-

1991 435 2096 492 Cui
2148 452 2292 508 ego:
2352 437 2500 505 Quid
2549 437 2658 494 hoc
2695 443 2786 494 est
2829 436 2970 494 rei?
3027 455 3132 494 cur
3188 455 3303 493 non
3361 453 3636 509 agnosco,

1991 524 2201 593 Caecili,
2236 524 2591 581 alacritatem
2629 531 2788 581 tuam
2820 525 2979 582 illam
3005 527 3115 599 (48)
3146 526 3174 581 ?
3204 531 3260 582 et
3291 525 3448 581 illam
3504 543 3641 581 ocu-

1991 611 2184 668 lorum
2214 613 2388 669 etiam
2420 613 2479 668 in
2537 613 2705 669 seriis
2743 614 3100 670 hilaritatem
3145 613 3376 685 requiro
3405 613 3434 668 ?
3483 615 3633 668 Tum

1989 700 2092 757 ille
2127 718 2141 758 :
2172 703 2526 758 Iamdudum
2542 719 2634 758 me
2664 703 2884 759 Octavii
2913 703 3097 758 nostri
3129 703 3340 758 acriter
3380 702 3544 773 angit
3583 706 3641 755 et

1993 791 2286 846 remordet
2315 791 2517 858 oratio,
2551 807 2689 862 qua,
2715 791 2775 846 in
2806 795 2861 846 te
2893 791 3506 864 invectus,objurgavit
3525 790 3644 860 (49)

1995 878 2386 950 negligentiae,
2422 884 2486 934 ut
2515 895 2608 934 me
2628 879 3071 936 dissimulanter
3086 880 3323 950 gravius
3376 886 3642 951 argueret

1994 966 2334 1022 inscientiae.
2369 969 2566 1039 Itaque
2597 968 2905 1039 progediar
2953 967 3198 1024 ulterius
3231 985 3244 1022 :
3278 969 3350 1023 de
3405 971 3528 1022 toto
3587 971 3646 1022 et

1997 1054 2222 1127 integro
2255 1055 2399 1111 mihi
2430 1072 2563 1111 cum
2590 1057 2824 1112 Octavio
2839 1073 2932 1112 res
2954 1057 3130 1112 est.Si
3163 1055 3351 1128 placet
3370 1060 3436 1111 ut
3455 1055 3645 1126 ipsius

1997 1147 2180 1200 saectae
2207 1143 2383 1199 homo
2414 1143 2526 1215 (50)
2558 1160 2693 1199 cum
2724 1160 2790 1200 eo
2836 1144 3149 1216 disputem,
3200 1145 3326 1215 jam
3385 1144 3645 1216 profecto

1998 1230 2286 1304 intelliget
2311 1230 2539 1287 facilius
2565 1248 2693 1288 esse
2709 1231 2768 1287 in
2784 1231 3302 1288 contubernalibus
3323 1231 3645 1303 disputare.

2001 1337 2176 1393 quam
2207 1336 2509 1376 conserere
2539 1319 2894 1393 sapientium
2926 1321 3099 1376 modo
3139 1321 3291 1392 (51);
3351 1319 3526 1375 modo
3583 1319 3642 1373 in

2001 1407 2133 1465 istis
2181 1409 2250 1463 ad
2308 1408 2548 1464 tutelam
2593 1408 2934 1464 balnearum
2987 1409 3186 1480 jactis,
3241 1412 3298 1464 et
3344 1409 3406 1463 in
3458 1405 3644 1462 altum

1659 1551 1993 1614 Variorum
2034 1559 2220 1613 notae.

245 1655 406 1711 bebat
435 1673 451 1712 :
489 1656 722 1711 interim
755 1671 889 1712 vero
910 1653 1134 1713 crebris
1164 1654 1492 1713 saltibusin
1527 1673 1722 1714 aerem
1765 1661 1889 1714 erat

247 1733 453 1784 eveeta.
485 1728 634 1782 Hinc
665 1731 864 1784 autor:
915 1728 978 1784 Ut
1034 1727 1175 1782 illud
1228 1729 1476 1798 iaculum
1532 1731 1613 1784 vel
1660 1730 1891 1785 dorsum

246 1801 407 1853 maris
454 1799 700 1865 raderet,
759 1813 860 1855 nec
903 1801 1169 1865 enataret,
1218 1799 1312 1870 vel
1354 1803 1582 1855 summis
1633 1801 1890 1870 ﬂuctibus

247 1872 443 1943 tonsis,
491 1872 772 1943 emicaret,
830 1880 1152 1943 emergeret.
1204 1869 1336 1943 _Nisi
1395 1869 1710 1943 recipiatur
1767 1872 1890 1927 haec

249 1941 598 2014 emendatio.
613 1937 765 2014 Felix
784 1937 1116 2014 ταυτοὶῐόγᾳς
1136 1941 1254 2014 erit;
1274 1937 1888 1997 censendusPriorem

246 2013 484 2067 modum
510 2011 791 2085 describit
821 2011 1259 2085 Eustathiusad
1292 2013 1449 2068 Iliad.
1487 2019 1546 2068 Σ.
1578 2014 1887 2085 pag.l219;

289 2085 629 2138 osteriorem
661 2082 862 2136 Pollux
892 2083 1080 2138 Onam.
1117 2081 1218 2137 lib.
1253 2101 1330 2150 1x,
1361 2085 1542 2155 {27119.
1578 2081 1788 2140 Divis.
1819 2081 1891 2125 —4

289 2101 629 2138 oswnorem
661 2101 862 2136 rouux
892 2101 1080 2138 unam.
1117 2101 1218 2137 un.
1253 2101 1330 2150 1x,
1361 2101 1389 2155 ε
1421 2101 1542 2140 1w.
1596 2101 1788 2140 UAVIS.
1819 2116 1890 2125 —

249 2101 495 2222 ﬁnderet,
525 2155 616 2208 vel
637 2157 903 2209 enataret.
931 2155 1037 2225 γει
1071 2169 1308 2225 prorsus
1364 2154 1620 2210 alienum
1687 2160 1776 2210 est
1818 2156 1890 2210 ab

249 2225 351 2280 hoc
381 2224 533 2290 loco,
566 2225 827 2294 adeoque
855 2223 1186 2279 delendum.
1210 2229 1354 2278 Sunt
1382 2226 1534 2280 enim
1570 2225 1893 2282 locutiones

252 2295 645 2368 synonymicze
673 2295 906 2360 raderet,
937 2300 1397 2368 enataret,_a3que
1429 2313 1520 2368 iac
1573 2298 1749 2352 verba
1804 2313 1893 2353 se-

250 2366 490 2439 quentia
519 2369 779 2439 emicaret
809 2369 1127 2439 emergeret.
1160 2366 1262 2439 [lla
1294 2367 1585 2439 pertinent
1613 2369 1683 2422 ad
1716 2374 1894 2424 testa-

247 2437 374 2493 rum
408 2454 650 2505 cursum,
687 2437 897 2492 haecad
927 2439 1149 2492 saltum.
1181 2437 1444 2509 Wopken
1478 2438 1681 2494 scribit
1731 2441 1894 2494 inna-

244 2518 406 2578 taret,
441 2509 800 2580 approbante
833 2509 1035 2563 Heum.
1071 2507 1333 2564 Davisius
1362 2511 1637 2565 emendat
1681 2510 1895 2566 raderet

247 2597 342 2636 nec
370 2588 636 2635 enataret.
671 2580 933 2635 Lmnnsn.

319 2651 434 2721 (43)
463 2650 1304 2723 [:‘micaret,_emergerel.l\mat
1352 2651 1644 2723 Minucius
1700 2651 1898 2723 plures

252 2719 422 2777 voses
453 2723 716 2792 ejusdem
747 2719 1192 2792 significationis
1217 2721 1528 2792 copulare;
1553 2719 1897 2792 υιιᾶᾱσφάλ-

256 2812 396 2864 ματα
425 2793 811 2865 irrepserunt,
840 2809 964 2862 quae
997 2793 1435 2848 observabimus
1493 2799 1711 2864 postea.
1772 2793 1897 2848 Non

253 2864 753 2936 audemus'igitur
782 2864 1060 2936 damnare
1082 2868 1397 2936 emergeret,
1438 2866 1621 2936 quodq
1653 2865 1901 2919 faciebat

299 2933 853 3004 olitissimi‘ingenii
881 2934 964 2987 vir
989 2933 1158 2988 Joan.
1222 2933 1540 2990 Wowerus.
1595 2935 1704 2989 Pro
1761 2936 1897 2991 resi-

299 2953 598 2989 OllllSSIml
633 2953 853 3004 Ingenii
881 2953 964 2987 Vl!‘
989 2953 1158 2988 JOBD.
1229 2953 1540 2990 WOWCPUB.
1596 2953 1704 2989 1³Γο
1761 2953 1896 2991 νωι-

255 2953 397 3072 ῗὶνετ,
436 3006 591 3076 quod
623 3005 892 3075 sequitur
919 3009 1140 3076 postea,
1165 3005 1454 3061 edidimus
1482 3007 1750 3070 exsiliret,
1784 3022 1896 3061 ms.

1996 1659 2048 1713 et
2076 1658 2323 1713 omnium
2350 1657 2672 1721 dominum;
2721 1658 2776 1730 9,
2823 1659 2900 1713 8:
2950 1674 3113 1714 sexus
3151 1658 3333 1713 omnis
3401 1657 3648 1713 homines

1995 1735 2047 1785 et
2071 1730 2252 1784 omnis
2279 1731 2464 1785 aetatis
2491 1745 2512 1790 ;
2553 1730 2638 1796 10,
2670 1733 2704 1783 2
2737 1745 2749 1784 :
2804 1731 3005 1800 templa
3060 1730 3245 1796 nulla,
3304 1729 3462 1783 nulla
3511 1736 3648 1784 nota

1997 1800 2439 1866 simulacra;10,
2471 1801 2542 1853 5:
2577 1801 2633 1854 in
2665 1801 2918 1854 omnium
2938 1817 3131 1867 mores,
3188 1803 3344 1855 actus
3400 1800 3650 1855 omnium

1997 1872 2318 1942 inquirere;
2354 1873 2444 1934 10,
2465 1872 2500 1924 6
2523 1887 2542 1926 :
2571 1875 2711 1926 astat
2739 1873 2897 1935 factis
2927 1873 3198 1936 omnibus,
3240 1873 3370 1926 locis
3397 1872 3649 1926 omnibus

1998 1943 2297 1998 intererrat
2326 1958 2348 2004 ;
2402 1944 2456 2008 7,
2509 1942 2538 1995 4
2561 1959 2580 1995 :
2638 1945 2762 1997 rata
2815 1945 2968 1998 testis
3017 1952 3110 2009 est,
3162 1944 3315 1997 testis
3343 1950 3397 1996 et
3426 1958 3448 2002 ,'
3473 1942 3528 2008 5,
3557 1943 3594 1995 5
3619 1959 3638 1997 :

2002 2013 2144 2068 beati
2170 2014 2326 2081 satis,
2357 2014 2597 2083 satisque
2622 2015 2923 2083 prudentes
2947 2031 2967 2074 ,·
2997 2015 3087 2077 28,
3117 2013 3152 2064 8
3173 2031 3191 2066 :
3223 2013 3419 2069 bonum
3459 2013 3639 2082 capita

1998 2093 2056 2139 et
2083 2086 2262 2154 capita
2289 2099 2567 2138 vervecum
2590 2101 2605 2151 ;
2626 2086 2714 2152 32,
2743 2086 2777 2138 8
2807 2103 2826 2139 :
2857 2085 3091 2140 tenebris
3123 2086 3376 2150 interest,
3413 2086 3644 2139 interest

1999 2155 2452 2224 cogitationibus;
2480 2156 2570 2225 23,
2628 2155 2699 2226 8:
2749 2159 3038 2211 tormentis
3093 2155 3290 2225 quibus
3338 2159 3389 2209 et
3450 2155 3642 2226 quibus

1997 2227 2315 2298 machinis;
2346 2227 2436 2293 24,
2456 2226 2486 2279 4
2517 2243 2547 2298 εί
2560 2225 2794 2298 ridenda
2822 2244 2988 2298 quam
3014 2228 3213 2292 multa,
3257 2225 3434 2280 multa
3462 2225 3639 2298 etiam

1999 2296 2320 2352 miseranda
2344 2301 2496 2369 sunt.
2529 2297 2646 2352 Hoc
2677 2295 2964 2369 expedito,
3024 2304 3292 2369 superest
3347 2301 3412 2351 ut
3464 2295 3646 2351 lector

2003 2373 2308 2439 moneatur
2339 2367 2676 2437 interrogat,
2707 2367 2808 2424 cur
2838 2375 2971 2424 ante
3001 2367 3240 2424 verbum
3272 2369 3490 2439 requiro
3516 2383 3645 2422 esse

2003 2438 2399 2563 repetendam,
2433 2454 2538 2510 per
2566 2455 2826 2511 zeugma.
2860 2441 2917 2496 Si
2951 2440 3085 2511 quis
3123 2441 3264 2495 adeo
3304 2438 3363 2494 in
3421 2443 3642 2494 textum

2003 2526 2068 2563 ve
2095 2510 2142 2563 it
2171 2509 2442 2563 recinere.
2474 2526 2577 2563 ner
2601 2526 2690 2563 me
2721 2511 2872 2563 licet.
2922 2511 3039 2563 Hoc
3083 2517 3236 2563 certe
3291 2509 3496 2563 liauet.
3545 2525 3642 2563 su-

2002 2509 2142 2565 velit
2171 2509 2449 2578 recipere,
2474 2526 2577 2580 per
2601 2509 2697 2565 me
2721 2511 2872 2566 licet.
2922 2509 3039 2566 Hoc
3083 2517 3236 2567 certe
3291 2509 3496 2580 liquet.
3545 2525 3642 2563 su-

2003 2595 2351 2652 pervacuam
2381 2596 2510 2636 esse
2539 2583 3005 2638 emendationem
3038 2583 3428 2652 Heum.quam
3447 2580 3640 2636 affert:

2011 2653 2122 2724 cur
2150 2668 2257 2707 non
2287 2667 2541 2722 agnosco,
2579 2653 2781 2724 Cecili,
2813 2655 3160 2709 alacritatem
3192 2661 3339 2708 tuam
3371 2653 3548 2722 illam,
3592 2660 3645 2707 et

2003 2722 2172 2778 illam
2203 2723 2506 2790 oculorum,
2550 2726 2719 2779 etiam
2768 2722 2834 2779 in
2880 2727 3042 2780 seriis
3097 2724 3436 2780 hilaritatem
3462 2725 3487 2775 .9
3542 2737 3646 2777 nec

2005 2793 2236 2862 Cellar.,
2269 2794 2368 2864 qui
2400 2795 2562 2849 illam
2592 2798 2617 2848 .9
2645 2799 2696 2850 et
2725 2794 2782 2848 in
2827 2811 2928 2850 cur
2973 2800 3178 2865 mutat,
3223 2811 3353 2850 esse
3408 2793 3645 2848 audien-

2005 2865 2167 2920 dum.
2205 2865 2461 2919 LINDNER.

2078 2935 2570 3007 (159)70bjurgavit.
2627 2935 2720 3007 Sc.
2762 2944 2828 3006 te,

2879 2936 3030 3007 quod
3091 2951 3411 3007 pronomen
3469 2934 3644 3007 etiam

2013 3004 2304 3061 omittitur
2325 3004 2477 3077 apud
2502 3010 2643 3072 Cic.,
2664 3006 2765 3060 lib.
2800 3004 3110 3078 vin—Epist:
3138 3007 3229 3071 28,
3260 3007 3295 3060 5
3328 3023 3340 3062 :
3388 3004 3648 3061 Intelleazi

255 3051 397 3149 Reg:
421 3051 479 3131 εἶ
506 3077 644 3149 edit.
672 3051 839 3149 Ιῗοω.
884 3051 1088 3149 secuti.
1127 3051 1452 3149 ,Hsntwus.
1500 3108 1570 3149 έ
1627 3051 1902 3132 Emicaret
1932 3051 1975 3118 (ἶ
2013 3079 2162 3132 enim
2190 3093 2258 3132 cx
2287 3051 2656 3149 tuo‘fsermone’,
2678 3078 2854 3134 dicere
2882 3052 2934 3133 le
2975 3051 3050 3134 Sx
3066 3051 3378 3133 meislibris
3399 3078 3648 3131 animum

257 3146 870 3217 emérgeretPosterius
901 3146 1139 3200 verbum
1157 3147 1404 3215 ejectum
1431 3147 1539 3202 fuit
1559 3165 1591 3202 a
1618 3151 1877 3203 Wowero

259 3221 356 3274 sed
392 3218 616 3272 meliori
640 3219 776 3288 jure
810 3217 1090 3289 retinetur
1133 3218 1230 3289 ab_
1262 3217 1530 3284 Heraldo,
1565 3219 1662 3289 qui
1722 3191 1900 3273 simul

261 3289 493 3344 Minucii
524 3261 848 3343 editbrit-us
882 3288 1030 3342 hanc
1080 3287 1334 3358 regulam
1390 3261 1680 3359 inju’nglit:
1732 3292 1904 3345 Amat

262 3361 468 3433 ttinuc.
496 3359 692 3433 plures
720 3374 891 3433 voces
913 3359 1175 3429 ejusdem
1209 3359 1658 3432 signiﬁcationis
1704 3361 1901 3433 (idque

266 3427 579 3500 aestatem)
608 3429 900 3500 copulare.
937 3427 1196 3484 Lmnasa.

329 3501 756 3571 (tlijExsiliret.
792 3500 886 3556 Sic
910 3505 999 3556 est
1028 3500 1086 3554 in
1121 3517 1231 3572 ms.
1264 3506 1323 3556 et
1351 3501 1408 3555 in
1433 3502 1524 3558 ed.
1557 3505 1722 3556 Rom.
1757 3519 1901 3572 ;pro

264 3589 368 3643 quo
392 3590 506 3627 non
558 3572 909 3643 oportebata
966 3571 1262 3643 nonnullis
1321 3572 1412 3643 edi
1470 3574 1727 3628 resiliret.
1779 3571 1900 3629 Etsi

264 3641 408 3698 enim
443 3643 552 3697 hoc
577 3641 820 3698 verbum
851 3658 968 3697 non
999 3647 1088 3698 est
1129 3641 1265 3698 huic
1321 3641 1446 3698 loco
1489 3644 1899 3699 inconveniens

265 3718 412 3784 (nam
445 3720 502 3769 et
527 3714 691 3768 Ovid.
724 3713 935 3768 Metam.
968 3731 1064 3779 xu,
1117 3715 1240 3778 480,
1288 3715 1432 3768 dixit
1462 3729 1474 3768 :
1530 3715 1722 3771 Resilit
1776 3717 1904 3770 tecti

267 3783 294 3838 a
321 3786 568 3857 culmine
586 3785 848 3857 grando),
881 3789 1086 3857 tamen
1109 3783 1253 3839 nihil
1285 3789 1372 3840 est
1392 3801 1584 3841 causa;
1605 3802 1706 3840 cur
1752 3788 1898 3841 exsi-

267 3855 768 3928 liretirejiciamus,
803 3856 956 3927 quod
1015 3855 1188 3910 etiam
1243 3857 1587 3928 praecedenti
1639 3859 1904 3913 emicaret

266 3927 511 3982 similius
541 3932 649 3983 est.
679 3927 857 3982 Ηεωι.

329 4000 439 4068 (45)
462 3999 619 4054 Nihil
640 3997 956 4070 intenderet.
993 3997 1108 4052 Hos
1130 3995 1410 4070 infinitos,
1443 3997 1562 4052 sive
1601 3997 1902 4070 perdenal-

265 4066 422 4141 lagen
482 4070 793 4141 modorum
853 4068 1270 4141 interpreteris,
1322 4066 1618 4141 _sive_per:
1665 4068 1899 4141 ellipsin

266 4138 413 4220 verbi
446 4144 626 4220 carpit,
660 4139 876 4220 ubique
909 4138 1029 4220 fere
1045 4138 1275 4220 aliquid
1304 4139 1575 4220 dissoluti
1600 4138 1818 4220 habent
1847 4145 1903 4196 et

301 4213 477 4266 ositos
496 4212 755 4266 invenies
776 4209 833 4281 in
859 4209 1898 4281 tristitia,cbnfusione,trepidatione.

347 4301 462 4349 sar,
497 4283 564 4338 de
593 4284 729 4337 Bell.
765 4280 908 4335 Gall.
953 4282 1002 4347 1,
1038 4281 1146 4354 23:
1198 4281 1348 4354 Nihil
1402 4280 1644 4352 Sequani
1680 4299 1899 4354 respon-

263 4353 395 4418 dere,
428 4355 531 4408 sed
560 4356 620 4407 in
652 4355 840 4407 eadem
861 4353 1093 4406 tristitia
1133 4353 1291 4406 taciti
1339 4368 1677 4422 permanere.
1733 4353 1812 4409 Id.
1847 4370 1896 4408 c.

2007 3165 2192 3219 meum
2219 3148 2318 3219 (te)
2345 3147 2671 3203 desiderare.
2708 3149 2974 3204 Lmnnsn.

2080 3218 2194 3290 (50)
2225 3215 2406 3301 Ipsius.
2425 3227 2578 3301 seetse
2609 3220 2784 3301 homo.
2809 3219 3134 3301 Opponitur
3154 3216 3483 3301 adversario
3512 3215 3646 3301 ficto

2009 3287 2257 3362 etquasi
2288 3290 2635 3362 umbratica,
2667 3289 2766 3362 qui
2800 3287 3054 3346 exercitii
3086 3295 3313 3362 tantum
3336 3287 3650 3362 gratia,ad-

2007 3357 2246 3416 versarii
2268 3366 2462 3431 partes
2487 3361 2544 3414 in
2568 3377 2630 3415 se
2660 3357 2924 3432 suscipit,
2958 3361 3129 3432 quod
3155 3361 3219 3415 fit
3259 3357 3391 3414 cum
3450 3357 3648 3429 dispu-

2008 3435 2170 3486 tatur
2198 3433 2258 3486 in
2286 3432 2788 3488 contubernalibus.
2817 3431 2938 3498 Quo
2956 3431 3089 3502 jure
3119 3431 3297 3502 igitur
3323 3435 3529 3502 Heum.
3559 3444 3646 3483 re-

2010 3503 2227 3558 scribat
2261 3518 2274 3556 :
2310 3504 2373 3559 Ut
2402 3503 2467 3558 de
2495 3504 2670 3572 ipsius
2695 3512 2841 3558 secta
2873 3501 3029 3559 hodie
3066 3501 3191 3557 cum
3239 3517 3300 3557 eo
3338 3501 3645 3572 disputem,

2010 3572 2109 3630 alii
2138 3573 2391 3628 videant.
2429 3570 2710 3644 wopken,
2744 3575 2918 3630 etiam
2952 3574 3187 3629 sinistre
3216 3571 3516 3644 intellexit,
3551 3570 3651 3641 qui

2009 3645 2311 3726 deeadem
2335 3643 2703 3726 cum‘Octav.
2738 3651 2894 3700 secta
2924 3643 3422 3726 cogitat:_Melius_
3449 3645 3652 3726 utique

2008 3714 2214 3787 Cellar.
2249 3715 2348 3786 qui
2385 3721 2602 3772 sectam
2624 3733 2983 3787 paganorum
2999 3714 3314 3786 intelligit,
3337 3715 3426 3770 cui
3459 3715 3651 3769 adhuc

2010 3786 2244 3842 deditus
2275 3791 2398 3841 erat
2427 3786 2714 3844 Caecilius.
2745 3789 3024 3843 Lmnssn.

2079 3857 2194 3930 (5i)
2225 3857 2712 3930 Quamgconserere
2737 3860 3072 3930 sapientium
3101 3857 3281 3930 modo.
3327 3855 3422 3930 Sic
3470 3853 3656 3930 facile

2010 3925 2378 4000 restit‘uimus
2407 3928 2768 4000 ipsissimam
2797 3925 3419 4000 "scripturamrMinucii‘
3451 3927 3652 3996 depra-

2008 4004 2200 4072 vatam
2232 3997 2628 4072 iniexeinplari
2665 3997 2933 4072 perversa
2961 3999 3220 4055 litterula
3241 4017 3252 4054 :
3272 3997 3513 4053 Facilius
3541 4011 3656 4072 esse

2009 4071 2070 4144 in
2099 4069 2607 4144 conturbernalibus
2627 4069 3103 4144 dispulare,quam
3130 4085 3411 4126 conserere
3439 4069 3655 4144 sapien-

2008 4142 2148 4195 tiam
2176 4141 2333 4198 modo
2374 4144 2430 4197 in
2456 4146 2578 4199 istis
2607 4143 2677 4198 ad
2707 4139 3304 4203 tutelam—balnearum,
3325 4139 3657 4195 etc.0mnes

2009 4210 2294 4267 hactenus
2340 4214 2622 4270 editiones
2671 4231 2846 4285 prava
2904 4213 3369 4285 interpunctione
3417 4227 3654 4285 sensum

2009 4288 2350 4356 everterant.
2377 4285 2455 4356 Et
2479 4285 2607 4341 falsi
2636 4283 2779 4356 sunt
2808 4285 3155 4356 interpretes
3172 4284 3273 4354 qui
3304 4287 3576 4356 asserunt
3598 4283 3654 4356 in

2013 4355 2414 4429 manuscripto
2445 4355 2554 4429 legi
2597 4355 2766 4411 aliter
2796 4351 3002 4429 quam:
3033 4354 3126 4429 hic
3184 4351 3658 4429 retulimus.__gtit

343 4406 364 4478 :
384 4406 550 4496 hiem
578 4406 764 4479 eardie
785 4423 982 4496 ducere
1011 4422 1194 4496 Aidui.
1246 4406 1510 4496 conferri,
1550 4406 1902 4496 comportari,
1935 4406 1980 4470 D
2013 4406 2279 4496 humilius
2295 4406 2779 4483 'l‘ae'td'riiinEe'Hi
2803 4406 3413 4496 botaviusintelligat
3426 4406 3657 4496 facilius

257 4495 456 4565 adesse,
484 4495 671 4550 dicere
683 4537 694 4552 .
738 4495 952 4550 Eadem
977 4493 1122 4548 ratio
1152 4497 1240 4548 est
1271 4493 1592 4566 Asyndetor.
1626 4493 1904 4566 Lmnuna.

325 4568 439 4638 (46)
472 4567 688 4628 Tacens,
713 4567 1313 4638 anxiusksegregatus.
1347 4565 1664 4638 lDescribit
1715 4565 1903 4638 homi-

254 4635 387 4692 nem
421 4635 693 4692 vexatum
726 4635 1075 4708 maeroribus
1104 4637 1328 4708 etcuris
1351 4636 1906 4708 ingentibus,qualis

253 4713 377 4763 erat
409 4709 645 4763 Homeri
680 4706 1064 4778 BellerOphon
1098 4707 1279 4776 (Iliad.
1313 4708 1372 4771 Ζ,
1393 4707 1540 4778 201).
1570 4706 1795 4763 mam.

323 4781 438 4851 (47)
466 4781 820 4850 Segregatus,
850 4778 1030 4861 dolere
1067 4779 1248 4833 nescio
1305 4778 1436 4848 quid
1489 4779 1644 4861 vultu
1695 4778 1896 4904 {pietat-

323 4868 358 4904 -.
395 4851 771 4904 Incommode
793 4865 1031 4904 omnino
1061 4865 1204 4904 mss.
1229 4863 1347 4904 rea.
1374 4853 1430 4904 et
1450 4849 1612 4904 editt.
1633 4865 1698 4904 ex
1747 4850 1896 4904 Ibeni

248 4849 358 4906 tur.
395 4849 771 4906 Incommode
793 4849 1031 4906 omnino
1061 4865 1204 4904 mss.
1229 4863 1347 4920 reg.
1374 4853 1430 4904 et
1450 4849 1612 4904 editt.
1633 4849 1908 4905 exhibent

244 4931 592 4992 segregatus,
632 4922 834 4989 dolore,
868 4923 1048 4976 nescio
1077 4920 1209 4992 quid
1254 4919 1409 4975 vullu
1465 4919 1762 4991 fatebatur,
1820 4921 1904 4976 af-

244 4991 516 5048 fectuum
540 4992 698 5048 enim
730 4994 905 5048 index
953 4997 1055 5064 est-
1095 4991 1309 5060 vultus,
1367 5007 1540 5062 quem
1601 4997 1906 5064 propterea

241 5064 454 5121 Cicero
479 5064 538 5118 in
573 5065 831 5118 Pisonem
865 5059 1102 5134 vocavit
1122 5059 1425 5134 sermonem
1481 5059 1766 5134 quemdam
1821 5070 1902 5117 ta-

235 5137 423 5190 citum
462 5136 699 5190 'mentis.
734 5135 879 5190 Vide
911 5138 968 5188 et
997 5132 1182 5202 0/ﬁc.,
1218 5132 1318 5188 lib.
1342 5149 1382 5200 ι,
1416 5132 1540 5202 cap.
1572 5135 1664 5188 29.
1718 5138 1900 5190 stm.

236 5235 308 5246 —
352 5208 575 5262 Dolere.
615 5205 677 5261 ln
733 5223 846 5261 ms.
900 5210 990 5260 est
1043 5204 1246 5270 dolore,
1298 5203 1454 5258 unde
1512 5205 1714 5259 Heum.
1769 5205 1906 5259 facit

234 5276 476 5333 doloris.
511 5276 820 5348 Eleganter
848 5292 987 5331 sane
1013 5275 1158 5348 {sed
1191 5273 1491 5348 elegantiae
1532 5291 1645 5348 non
1704 5275 1903 5348 minus

235 5355 335 5404 est
369 5349 427 5402 in
461 5345 714 5402 lectione
747 5351 996 5418 recepta.
1029 5345 1226 5400 Dolore
1253 5345 1432 5401 nescio
1475 5346 1608 5416 quid
1663 5350 1752 5401 est
1808 5346 1902 5401 do-

236 5421 361 5475 lere
392 5421 459 5474 ob
501 5419 745 5487 aliquid.
781 5420 1044 5475 Lmnssn.

311 5492 437 5561 (48)
471 5491 823 5545 Alacritatem
855 5495 1002 5544 tuam
1044 5487 1221 5561 illam.
1280 5488 1360 5542 Ne
1413 5505 1585 5561 quem
1647 5487 1904 5561 offendat

233 5558 532 5631 junctura
563 5562 873 5616 verborum
907 5570 1056 5615 tuam
1086 5558 1247 5631 illam
1268 5563 1294 5612 .9
1323 5563 1387 5631 et
1430 5558 1618 5624 illam,
1670 5559 1778 5614 hoc
1811 5575 1903 5631 ex

241 5629 360 5688 usu
388 5635 652 5689 auctoris
684 5634 806 5687 fieri
838 5632 1162 5688 ostendam.
1198 5630 1292 5686 Sic
1320 5630 1531 5687 Noster
1554 5631 1644 5701 21,
1672 5631 1709 5684 5
1733 5647 1746 5685 :
1795 5629 1900 5685 Sa-

239 5719 342 5761 cra
369 5706 498 5777 ipsa
526 5709 580 5760 et
603 5706 726 5775 ipsa
749 5706 1014 5777 mysteria
1040 5719 1065 5765 ;
1086 5703 1178 5772 35,
1211 5702 1243 5756 4
1277 5718 1290 5758 :
1322 5704 1620 5758 Parentem
1649 5702 1900 5759 omnium

2015 4511 2143 4550 esse
2172 4495 2470 4566 disputare
2501 4504 2557 4554 et
2578 4497 2750 4553 rixari
2773 4497 2924 4553 inter
2951 4494 3423 4552 conturbernales
3451 4494 3654 4566 vulga-

2015 4566 2177 4621 ribus
2209 4567 2469 4624 dicteriis
2489 4575 2546 4626 et
2576 4568 2871 4638 conviciis,
2903 4583 3073 4638 quam
3116 4583 3182 4622 eo
3240 4567 3412 4638 modo
3459 4582 3657 4638 conse-

2015 4652 2140 4711 rere
2179 4653 2295 4711 quo
2343 4639 2531 4695 solent
2586 4636 3168 4711 sapientesteinde
3197 4637 3426 4711 incipit
3477 4636 3654 4692 aliam

2015 4706 2389 4764 clausulam:
2438 4713 2501 4766 In
2558 4706 2672 4766 isti'
2705 4711 2776 4766 ad
2830 4710 3065 4766 tutelam
3123 4706 3466 4776 balnearum,
3543 4713 3652 4764 etc.

2015 4777 2330 4864 Rmxpnpr.
2367 4811 2431 4864 -τ
2465 4781 2758 4864 Conserere
2778 4783 3114 4864 sapientium
3142 4781 3320 4864 modo,
3349 4780 3410 4835 b.
3451 4795 3499 4832 e.
3558 4795 3652 4834 ac-

2014 4853 2215 4925 curate
2231 4849 2732 4925 disputare,prout
2753 4849 3368 4925 pbilosophos,quales
3392 4867 3498 4906 nos
3521 4866 3658 4925 esse

2013 4921 2386 4995 profitemur,
2409 4921 2589 4979 decet.
2651 4921 2955 4993 Conserere,
2990 4921 3097 4979 'sc.
3148 4921 3512 4995 argumenta,
3569 4923 3658 4995 est

2013 4991 2344 5080 disputare;
2365 4994 2513 5080 biodfq
2539 5001 2736 5080 autem
2770 4991 3031 5080 positum
3079 4999 3168 5050 est
3199 4991 3321 5080 pro
3347 5008 3514 5080 more.

2015 5063 2274 5118 Lactant.
2309 5065 2364 5130 7,
2389 5067 2444 5136 7,
2477 5067 2511 5119 9
2540 5085 2552 5122 :
2583 5063 2804 5122 Erravit
2834 5083 2961 5136 ergo
2989 5063 3348 5128 Democritus,
3379 5063 3476 5135 qui
3530 5077 3652 5136 ver-

2010 5136 2352 5210 miculorum
2405 5132 2559 5210 modo
2616 5140 2832 5210 putavit
2888 5132 3132 5210 homines
3178 5132 3542 5210 ejfusos'uesse

2012 5213 2177 5282 terra.
2213 5207 2396 5282 Etiam
2431 5209 2496 5282 de
2535 5201 2646 5276 Ird,
2701 5226 2828 5282 cap.
2878 5209 2968 5274 20,
3031 5207 3116 5262 10.
3177 5201 3480 5282 Nonnullae
3511 5203 3649 5282 edit.

2011 5274 2229 5348 habent
2259 5295 2272 5332 :
2310 5279 2583 5334 Pecudum
2613 5274 2955 5334 modo'humi
2987 5292 3199 5348 repere.
3234 5277 3294 5331 In
3324 5291 3458 5343 ms.,
3505 5278 3654 5330 teste

2011 5347 2244 5421 Herald,
2278 5353 2333 5402 et
2365 5348 2634 5421 Rigaltio,
2666 5355 2792 5405 est:
2823 5365 2986 5421 quam
3017 5347 3300 5421 conserere
3319 5348 3655 5421 sapientiam

2009 5419 2165 5473 modo
2197 5421 2257 5474 in
2287 5417 2570 5484 istisfetc.
2604 5423 2741 5476 Inde
2768 5417 2978 5490 Rigalt.
3023 5419 3251 5489 primus
3302 5417 3479 5490 fecit:
3528 5434 3653 5473 con-

2008 5505 2190 5562 serere
2215 5493 2554 5562 sapzcntium
2584 5493 2736 5548 modo
2767 5489 2971 5556 inisti,
3010 5496 3119 5545 etc.
3155 5491 3234 5562 iIn
3298 5489 3406 5562 hac
3466 5506 3658 5545 emen-

2009 5560 2241 5632 datione
2272 5560 2455 5615 unum
2480 5561 2620 5616 illud
2637 5562 3084 5632 desidero.quod
3118 5561 3383 5616 clausula
3405 5577 3657 5630 sequens

2007 5631 2186 5707 nimis
2211 5633 2455 5707 abrupte
2479 5634 2568 5707 ita
2612 5633 2861 5707 incipit._
2889 5631 3036 5689 Hinc
3085 5633 3352 5707 suspicor
3399 5632 3653 5707 priorem

2009 5701 2336 5762 clausulam
2362 5701 2614 5764 desiisse
2643 5705 2704 5764 in
2733 5701 2914 5777 modo,
2939 5709 2996 5762 et
3024 5701 3422 5778 posteriorem
3443 5720 3476 5759 a
3503 5701 3656 5757 modo
