4102 6162
455 324 572 382 26³7
1757 313 1842 375 Μ.
1889 314 2121 377 ΜΙΝΠ(

2242 314 2543 376 FELICIS
2555 360 2570 376 .
3729 325 3837 384 268

445 470 558 526 quo
590 449 932 508 humanitas
969 448 1190 521 regitur
1219 447 1358 519 (49),
1406 448 1965 521 venerationemque
2009 465 2106 520 pe-
2139 453 2186 516 Α
2222 447 2421 504 berius
2440 446 2818 519 exserentem)
2842 429 3832 524 homines,inquam(54),deploratze,

446 543 605 598 nitus
635 539 1006 595 sustulerunt
1033 555 1045 594 :
1097 554 1401 609 nunquam
1435 542 1630 592 tamen
1663 538 1723 592 in
1755 538 1864 593 hac
1895 537 2103 608 impie-
2214 537 2428 592 illicitae
2455 554 2521 592 ac
2554 538 2876 609 desperatae
2898 536 3173 592 factionis
3210 537 3322 608 (55)
3361 539 3612 608 grassari
3649 541 3705 596 in
3731 559 3838 614 eos,

445 630 586 688 tatis
615 627 928 700 disciplina
957 626 1244 682 simulatae
1279 626 1662 699 philosophiae
1680 627 1914 683 nomine
1931 631 2107 698 atque
2217 643 2333 681 non
2365 625 2870 698 ingemiscendum
2900 625 3036 681 est?
3069 625 3168 696 qui
3203 627 3274 680 de
3298 626 3502 682 ultima
3525 631 3652 684 faece
3682 631 3839 688 colle-

449 720 795 777 auctoritate
850 716 1153 789 pollebunt
1201 716 1334 788 (50),
1396 733 1579 787 quum
1633 716 1944 772 Abderiten
1996 715 2108 787 Py-
2218 716 2327 771 ctis
2359 715 2845 787 imperitioribus,
2877 719 2934 771 et
2964 713 3314 770 mulieribus
3363 715 3637 786 credulis,
3685 735 3842 776 sexus

450 809 755 881 thagoram
789 806 1212 879 [Protagoram]
1242 805 1630 861 Athenienses
1663 805 1768 859 viri
1803 805 1936 877 (51),
1969 821 2108 860 con-
2220 804 2311 860 sui
2339 804 2403 871 [f0
2427 805 2512 873 11]
2538 803 2817 859 facilitate
2837 803 3427 874 labentibus,plebem
3451 805 3696 876 profanis
3715 823 3839 863 con-

453 897 603 954 sulte
637 895 827 967 potius
875 896 987 967 (52)
1019 910 1193 964 quam
1227 894 1465 966 profane
1513 895 1584 949 de
1638 894 1938 950 divinitate
1990 893 2110 950 dis-
2212 893 2539 966 jurationis
2569 893 2930 949 instituunt:
2964 909 3093 964 quae
3125 891 3425 948 nocturnis
3448 893 3562 964 (56)
3631 911 3846 967 congre-

453 990 784 1061 putantem,
813 987 870 1040 et
887 981 1218 1055 expulerint
1247 983 1369 1038 suis
1395 983 1636 1054 ﬁnibus,
1658 988 1715 1039 et
1746 983 1804 1037 in
1830 983 2112 1039 concione

454 1077 583 1147 ejus
631 1073 852 1146 scripta
882 1071 1034 1131 258
1067 1072 1403 1128 deusserint
1454 1072 1610 1145 (53);
1660 1072 1802 1144 quid
1843 1071 2112 1128 homines

454 1161 848 1237 (sustinebitis
869 1161 1026 1218 enim
1053 1177 1147 1217 me
1165 1161 1450 1234 impetum
1474 1165 1757 1233 susceptae
1783 1159 2028 1218 actionis
2048 1159 2113 1214 li-

2221 982 2580 1054 gationibus,
2605 987 2661 1037 et
2671 979 2918 1053 jejuniis
2939 979 3428 1052 solemnibus(57)
3453 985 3512 1036 et
3530 981 3845 1041 inhumanis

2222 1071 2375 1128 259
2406 1070 2556 1126 cibis
2588 1071 2721 1141 (58),
2755 1086 2870 1124 non
2901 1085 3068 1126 sacro
3100 1085 3357 1141 quonam
3386 1069 3491 1125 sed
3512 1069 3734 1141 piaculo
3756 1073 3850 1129 fin—

2225 1160 2524 1216 derantur.
2561 1159 2875 1216 Latebrosa
2903 1163 2960 1215 et
2987 1157 3286 1231 lucifuga:
3312 1158 3474 1215 natio
3503 1159 3637 1231 (59),
3670 1160 3726 1216 in
3755 1178 3851 1234 pu-

1881 1260 2215 1322 Variorum
2247 1265 2435 1320 notis.

453 1363 517 1419 de
576 1369 653 1417 est
700 1369 965 1432 tanquam
1013 1359 1065 1414 si
1091 1374 1204 1432 ego
1246 1358 1425 1414 dicam
1453 1376 1491 1432 :_
1542 1358 1688 1432 mihi
1746 1375 1963 1432 nomen
2015 1360 2106 1413 est

453 1433 701 1490 Julium.
737 1455 766 1482 ››
802 1429 870 1486 Et
899 1431 980 1486 ita
1007 1429 1243 1502 quidem
1277 1432 1411 1502 plus
1445 1430 1563 1486 vice
1587 1429 1842 1502 simplici
1876 1430 2107 1485 locutus

455 1511 546 1562 est
576 1503 794 1559 Livius.
830 1501 1074 1558 Plurimi
1123 1501 1281 1556 sane
1319 1519 1460 1557 mss.
1510 1507 1782 1573 corrupte
1832 1501 2108 1557 exhibent

459 1577 592 1649 quia
628 1577 924 1649 Tarquinio
954 1589 1152 1628 nomen
1178 1577 1309 1628 esset
1324 1591 1357 1649 _;
1389 1590 1587 1629 verum
1639 1575 1763 1649 haec
1816 1575 2110 1649 scriptura

459 1645 642 1704 menti
674 1645 947 1702 Gelliana
998 1661 1238 1716 prorsus
1270 1646 1630 1710 adversatur,
1666 1646 1799 1700 licet
1849 1645 2107 1700 incertus

462 1721 677 1776 haereat
703 1716 824 1772 Jac.
857 1717 1202 1782 Gronovius,
1229 1717 1560 1786 recipienda
1578 1717 1656 1771 sit
1687 1734 1885 1772 necne.
1910 1716 2106 1771 DAVIS.

534 1789 646 1861 (49)
696 1789 812 1857 Quo
871 1789 1202 1861 humanitas
1233 1790 1850 1861 regitursﬂumanitas
1892 1788 2000 1842 hoc
2049 1789 2107 1842 in

463 1859 587 1917 loco
616 1859 783 1932 genus
813 1862 1120 1914 humanum
1173 1859 1430 1932 denotat.
1477 1859 1703 1926 Noster,
1749 1877 1874 1930 cap.
1934 1862 2104 1932 xxvi:

464 1931 804 1989 Idem'etiam
832 1932 1116 1987 daamonas
1143 1931 1387 2000 prodidit
1433 1937 1701 2001 terrenos,
1758 1947 1951 1997 vagos,
2003 1931 2110 1984 hu-

465 2006 754 2060 manitatis
812 2002 1084 2058 inimicos.
1121 2001 1426 2068 Arnobius,
1457 2002 1640 2070 11b.n,
1677 2019 1805 2074 pag.
1837 2004 1909 2057 75
1933 2020 1945 2057 :
1972 2003 2113 2070 Quo-

466 2094 589 2132 rum
626 2075 962 2130 cruciatibus
1015 2077 1329 2144 posceretur
1375 2076 1553 2128 nescio
1576 2077 1783 2144 quaevis
1813 2075 2006 2140 latens,
2060 2076 2116 2128 et

466 2148 798 2203 humanitati
826 2145 1058 2200 adversa
1087 2145 1402 2199 credulitas.
1438 2151 1628 2201 Davus.

535 2220 648 2290 (50)
670 2216 1190 2290 PallebantrDavis
1222 2215 1451 2290 legebat
1479 2216 1726 2290 pollebit,
1756 2219 1815 2270 et
1843 2215 2108 2290 eXponit:

465 2287 551 2345 Sit
579 2289 708 2344 licet
735 2289 830 2343 ille
857 2289 955 2357 qui
983 2287 1122 2342 hanc
1169 2288 1495 2354 religionem
1535 2287 1830 2343 dissolvere
1877 2289 2112 2351 nitatur,

464 2363 774 2416 Theodorus
812 2360 894 2414 vel
935 2359 1214 2428 Diagoras,
1260 2376 1542 2428 nunquam
1593 2365 1781 2414 tamen
1832 2357 1888 2412 id
1915 2359 2116 2414 valebit

465 2442 771 2504 prestare“
795 2429 1068 2504 Sedgnihit
1094 2447 1196 2504 ego
1215 2429 1273 2504 in
1296 2430 1532 2500 vulgata
1542 2429 1792 2504 lectione
1811 2430 2111 2504 moverim.

466 2501 688 2561 Sensus
719 2507 844 2559 est:
881 2502 1081 2556 Fererit
1111 2502 1212 2556 hoc
1240 2502 1510 2571 (conatus
1541 2501 1647 2557 hoc
1702 2501 1895 2573 fuerit)
1948 2501 2112 2573 Theo:

468 2575 631 2632 dorus
653 2591 715 2630 ac
739 2575 900 2646 prius
929 2576 1096 2628 etiam
1125 2574 1415 2642 Diagoras,
1439 2589 1721 2644 nunquam
1750 2571 1940 2646 tamen.
1967 2571 2116 2646 apud

465 2653 706 2720 posteros
734 2644 956 2720 nomine
983 2647 1417 2720 auctoritateque
1444 2647 1724 2720 simulata
1743 2644 2116 2720 philosophia

475 2715 714 2773 multum
741 2715 1022 2773 valebunt.
1064 2715 1158 2770 Sic
1205 2717 1277 2770 ad
1326 2715 1440 2770 duo
1474 2715 1796 2773 singularia
1824 2720 1974 2770 recte
2023 2731 2114 2769 re-

471 2792 656 2846 fertur
680 2792 918 2844 verbum
961 2787 1182 2857 plurale
1224 2789 1529 2859 pollebunt.
1570 2786 1654 2845 Vel
1685 2786 1780 2841 hic
1828 2786 2114 2857 accipien-

472 2863 613 2918 dum
647 2876 750 2932 pro
778 2865 853 2925 et,
889 2863 952 2914 ut
981 2875 1158 2932 supra
1191 2874 1240 2913 c.
1274 2867 1397 2932 i,_ut
1441 2861 1806 2932 parigmecum
1835 2859 2117 2932 voluntate

469 2929 798 2996 concineret,
831 2932 1022 3002 eadem
1050 2930 1212 2985 vellet
1250 2930 1332 2985 vel
1361 2929 1548 2986 nollet.
1580 2930 1725 2985 Vide
1755 2946 1884 3002 quae
1925 2929 2117 2985 notavi

473 3006 544 3061 ad
579 3020 704 3075 cap.
737 3020 794 3058 v.
825 3001 1034 3075 WOPK.

541 3071 667 3146 (5|)
712 3074 1087 3146 Athenienses_
1123 3073 1272 3146 viri,
1312 3071 1589 3146 Ultimam
1625 3088 1851 3146 vocem
1900 3076 2119 3146 temere

510 3142 707 3204 rursus
737 3144 1018 3216 expunxit
1049 3143 1208 3199 Fulv.
1230 3142 1510 3216 Ursinus;
1538 3144 1742 3199 eodem
1763 3142 1919 3216 enim
1942 3143 2116 3216 modo

510 3166 707 3204 FOPSUS
737 3166 1018 3216 θΧρυῐιΧιι
1049 3166 1077 3198 I‘
1096 3166 1208 3199 ων.
1233 3166 1510 3209 ursmus;
1538 3166 1742 3199 θυαθω
1763 3166 1919 3198 υΠΠΠ
1943 3166 2114 3198 ωυου

467 3166 606 3275 ἓοηὶ
659 3227 925 3273 auctores
975 3216 1196 3287 passim
1244 3214 1588 3286 loquuntur.
1625 3219 1815 3270 Caesar
1845 3213 2020 3287 libsi,
2058 3214 2114 3268 Β.

469 3291 562 3359 G.,
585 3306 711 3361 cap.
740 3289 803 3343 31
834 3304 846 3343 :
882 3285 1170 3361 Harudum
1199 3285 1387 3361 millia
1417 3287 1865 3361 hominumnlv
1897 3285 1967 3340 ad
1996 3302 2122 3342 eum

468 3357 762 3419 venissent.
794 3360 1074 3414 Prudent.
1107 3359 1165 3412 in
1193 3357 1524 3429 Symmacho
1586 3375 1624 3428 ι,
1656 3359 1761 3412 550
1798 3373 1811 3414 :

651 3458 730 3508 Ad
752 3458 957 3506 sincera
983 3457 1156 3504 virum
1189 3455 1490 3518 penetralia
1543 3456 1937 3505 Nazarmorum.

548 3545 615 3602 Et
641 3545 744 3601 lib.
775 3562 838 3612 ιι,
867 3545 996 3599 541.
1024 3560 1039 3600 :

663 3641 1069 3704 Enaadumque
1095 3641 1238 3690 ultro
1269 3641 1502 3691 victricia
1531 3641 1686 3704 signa
1715 3641 1953 3691 virorum

479 3740 753 3796 Rufﬂnus
784 3739 842 3793 in
874 3755 1024 3794 vers.
1055 3743 1285 3807 Recogn.
1321 3739 1636 3803 Clementis,
1663 3739 1768 3811 lib.
1806 3757 1844 3810 1,
1873 3756 2000 3811 cap.
2020 3740 2122 3794 65:

488 3812 763 3883 Quiescite
785 3811 1093 3883 paulisper,
1124 3826 1154 3866 ο
1181 3812 1298 3883 viri
1325 3813 1595 3883 lsrzelitse.
1627 3810 1770 3883 Vide
1801 3815 1858 3866 et
1885 3810 2013 3882 cap.
2034 3811 2126 3864 20.

489 3881 678 3939 DAVIS.
711 3881 1022 3954 --_:li}odem
1064 3882 1236 3954 modo
1267 3882 1444 3937 etiam
1477 3883 1658 3938 (ἓνωοὶ
1696 3882 1851 3954 loqui
1884 3881 2129 3954 consue-

487 3959 717 4027 verupt,
766 3949 955 4027 ἄνδρες
1011 3952 1279 4027 Νφνξυῖιςᾳι
1333 3955 1558 4023 (Matth.
1594 3971 1720 4027 _VII,
1770 3949 1909 4025 '24);
1944 3949 2130 4020 ἄνδρες

489 4022 773 4098 Γαλιλαῖοι
792 4022 941 4098 (Aet.
977 4041 1016 4093 ι,
1050 4025 1155 4091 11).
1176 4025 1516 4098 _Xenophon
1576 4025 1785 4098 Cyrop,
1824 4022 1902 4095 2',
1931 4044 1986 4098 p_.
2016 4026 2126 4098 35:

487 4095 677 4172 ἄνδρες
734 4092 929 4172 Πέρσαι
969 4092 1009 4163 ;⁷
1051 4100 1109 4151 et
1175 4092 1887 4168 Demosthenes'saipius,
1932 4092 2132 4171 ’ἄνδρες

482 4171 783 4238 Ἀθηναῖοι.
819 4171 1053 4222 LINDEB.

554 4237 668 4313 (52)
695 4238 971 4313 Consulte
997 4241 1218 4310 potius..
1252 4240 1562 4294 Inconsulte
1611 4255 1681 4313 ex
1713 4237 2134 4313 emendatione

492 4308 751 4383 Meursii,
789 4308 1127 4365 Heumanon
1159 4313 1538 4383 approbante,
1572 4327 1606 4365 a
1634 4308 1880 4367 Cellario
1912 4310 1970 4364 in
2005 4315 2128 4364 tex-

488 4389 614 4439 tum
642 4382 1077 4454 est’receptum,
1109 4385 1166 4436 et
1215 4382 1451 4451 retinui,
1485 4383 1621 4452 quia
1651 4383 1911 4454 omnino,
1941 4386 2134 4436 Prota-

490 4471 660 4526 goras
708 4453 1102 4526 inconsultius
1133 4469 1197 4526 se
1242 4459 1541 4526 gesserat;
1575 4470 1688 4526 non
1713 4455 1867 4526 quod
1901 4453 1982 4508 ita
2004 4469 2134 4526 sen-

491 4524 684 4594 sisset,
708 4526 809 4580 sed
838 4525 991 4595 quod
1007 4524 1238 4596 publice
1260 4525 1637 4596 disputasset.
1663 4524 1847 4581 Multa
1865 4526 1920 4578 in
1937 4525 2132 4596 cathe-

491 4598 594 4652 dra
608 4597 877 4669 privatim
899 4595 1163 4669 consmte
1176 4595 1705 4669 proferuntur,qua:
1729 4597 1878 4652 alius
1905 4595 2136 4668 publice

489 4685 592 4740 pro
607 4666 882 4739 Suggestu
899 4666 1226 4740 inconsulte
1238 4667 1492 4723 disserit.
1527 4666 1683 4723 Lirin.
1705 4700 1770 4709 —-
1786 4672 1867 4726 Jo.
1893 4666 2134 4738 Maura,

490 4739 580 4795 cui
612 4740 802 4811 placet
828 4739 1132 4811 inconsulte
1160 4754 1265 4809 pro
1293 4740 1557 4809 consulte,
1609 4756 1674 4795 eo
1708 4742 1878 4795 modo
1911 4756 1972 4795 se
2002 4756 2130 4811 gese

487 4813 585 4874 sit,
621 4810 808 4883 quem
861 4810 1107 4883 incaute,
1133 4817 1369 4865 secutus
1421 4817 1510 4865 est
1564 4811 1694 4864 Chr.
1728 4811 1930 4865 Cellar.
1983 4810 2130 4876 Quid

487 4881 811 4938 enim'miri
845 4882 893 4935 si
925 4881 1188 4936 Caecilius
1226 4883 1535 4937 consultam
1591 4889 1751 4937 vocet
1808 4883 2136 4952 Protagora

486 4953 696 5029 ἐποχὴν
722 4955 816 5029 qui
851 4969 976 5029 cap.
1028 4970 1078 5029 v.
1117 4953 1525 5029 Academicum
1556 4953 1715 5029 egit,
1767 4959 1825 5029 et
1853 4970 1978 5020 cap.
2011 4970 2133 5029 xui,

488 5024 785 5083 Carneadis
818 5030 870 5079 et
915 5024 1358 5080 Academicorum
1408 5025 1782 5095 plurimorum
1803 5026 1866 5095 in
1904 5025 2136 5095 summis

485 5097 882 5172 quaestionibus
911 5100 1084 5151 tutam
1113 5094 1515 5152 dubitationem
1549 5095 1810 5166 impense
1856 5094 2133 5150 laudavit.

743 5239 1080 5313 Deusserint.
1149 5236 1472 5313 Verissima
1537 5235 1728 5313 lectio,
1773 5251 1958 5313 quam
1984 5236 2128 5313 edit.

487 5308 664 5369 Rom.
689 5317 745 5365 et
771 5327 914 5366 mss.
950 5309 1144 5380 regius
1169 5308 1337 5364 nobis
1362 5309 1834 5378 suppeditarunt.
1858 5308 2133 5364 Ediderat

487 5385 760 5442 Gelenius
788 5382 1108 5447 deriserint,
1143 5380 1337 5450 inepta
1365 5380 1672 5436 sententia.
1699 5383 1950 5434 HERALD.
1983 5411 2047 5420 —-
2069 5380 2131 5435 In

485 5456 750 5510 Romana
769 5452 1023 5508 editione
1042 5456 1134 5506 est
1162 5453 1482 5507 deriserint.
1507 5452 1616 5506 Sed
1637 5469 1831 5507 veram
1855 5450 2132 5507 restitue-

485 5529 626 5581 runt
659 5524 1012 5594 scripturam
1045 5523 1380 5594 LeOpardus
1411 5524 1639 5581 Emend.
1664 5523 1766 5579 lib.
1791 5539 2013 5594 xt,cap.
2043 5525 2130 5591 11,

484 5604 540 5655 et
574 5598 715 5654 Lud.
747 5596 965 5663 Carrio,
995 5594 1095 5649 lib.
1122 5611 1165 5650 Π
1217 5597 1441 5652 Emend.
1474 5613 1600 5666 cap.
1636 5596 1720 5651 18.
1773 5595 1924 5652 Dicit
1968 5596 2132 5650 vide-

483 5670 622 5725 licet
652 5670 817 5741 idem
841 5673 1037 5741 n‘oster
1052 5667 1344 5741 Minucius
1361 5669 1515 5741 quod
1537 5667 1816 5741 Diagoras
1842 5668 2127 5741 Laertius,

483 5758 560 5806 Ix,
592 5742 698 5797 52:
741 5733 1042 5808 Ἐξεϐλήθη
1092 5737 1239 5812 πρὸς
1295 5731 1766 5812 ’ᾼθηναίωῃνκκὶ
1819 5740 1886 5792 τὰ
1937 5731 2130 5812 βιϐλιά

483 5813 647 5886 absab
703 5828 1029 5886 natsuanaav
1084 5809 1156 5868 ἐν’
1197 5813 1264 5882 τῇ
1298 5810 1533 5886 Ῠᾲγορᾷη
1572 5809 1902 5886 ῌεῦΜη--λ
1929 5809 2128 5868 Cicero

480 5885 545 5944 de
561 5883 685 5941 Nat.
719 5883 878 5944 Deor.
911 5883 1015 5941 lib.
1045 5899 1088 5959 ι,
1123 5898 1253 5957 cap.
1284 5883 1396 5945 25‘;
1432 5883 1706 5960 'Librigue
1733 5883 1849 5959 ejus
1882 5884 1944 5941 in
1997 5898 2126 5942 con-

2143 1896 2191 1962 B

2165 4635 2209 4698 D

2215 1359 2372 1413 cione
2401 1358 2697 1413 combusti.
2731 1355 2963 1412 RIGAL’I‘.

2288 1430 2976 1512 Hominesuinquam.
3020 1426 3571 1512 Epanalepsisnest,
3616 1427 3857 1512 Giceroni

2217 1497 2640 1564 usitatissima;
2673 1497 2844 1565 lib.i,
2877 1515 2969 1570 ep.
3019 1497 3098 1562 9f
3138 1515 3195 1553 n.
3255 1497 3362 1554 67:
3427 1497 3639 1570 Scripsi
3684 1503 3857 1566 etiam,

2217 1517 2640 1564 usuaussxma;
2675 1517 2844 1565 no.1,
2877 1517 2969 1625 ep.
3019 1517 3075 1562 υ,
3138 1517 3195 1553 n.
3255 1517 3362 1554 or:
3427 1517 3638 1570 scripsi
3684 1517 3857 1566 etiam,

2217 1590 2348 1626 nam
2377 1575 2542 1627 etiam
2570 1574 2638 1626 ab
2669 1573 2911 1628 orationi
2948 1587 3012 1624 us
3041 1587 3128 1625 me
3155 1572 3339 1640 refero
3370 1571 3452 1626 ad
3477 1575 3860 1628 mansuetiores

2219 1660 2422 1709 musas,
2473 1645 2674 1713 scripsi
2725 1645 2896 1713 igitur
2955 1643 3277 1698 Aristotelea
3339 1658 3493 1698 more
3560 1646 3666 1697 tres
3710 1644 3861 1700 libros

2219 1716 2447 1771 (Jortius
2477 1716 2548 1768 ad
2585 1716 2766 1769 Cicer.
2803 1713 2903 1767 lib.
2929 1731 3023 1782 xv,
3056 1729 3147 1784 ep.
3186 1715 3272 1780 10,
3307 1731 3367 1768 n.
3402 1713 3454 1768 t.
3496 1714 3771 1770 LINDNER.

2289 1788 2401 1857 (55)
2433 1787 2666 1850 Illicilw,
2697 1786 3018 1856 deploratae,
3049 1784 3291 1841 inlicita!D
3313 1801 3382 1839 ac
3443 1784 3744 1856 desperatae
3783 1787 3863 1855 fa-

2220 1861 2434 1938 ctionis.
2469 1858 2646 1938 Aiunt
2669 1857 2723 1910 in
2751 1873 2861 1938 ms.
2888 1858 3026 1938 legi,
3049 1859 3369 1938 inquinata:
3403 1857 3624 1938 (Wow.
3651 1873 3864 1938 nempe,

2223 1929 2391 1984 testis
2414 1935 2745 2000 suspectus,
2775 1933 2843 1983 ut
2891 1928 3036 2000 alias
3086 1945 3257 1998 saepe,
3300 1928 3385 1982 ita
3410 1934 3471 1983 et
3498 1945 3660 2000 nunc
3691 1935 3868 1999 aperte

2226 1999 2642 2071 fatlsx.7Enn.).
2676 2000 2783 2054 Sed
2820 1999 3077 2054 codicem
3101 2000 3419 2071 antiquum
3458 1999 3640 2055 alium
3665 2017 3698 2055 a
3727 2000 3867 2071 regio

2223 2070 2539 2144 exemplari
2573 2088 2744 2144 nemo
2777 2071 3061 2126 hactenus
3082 2070 3356 2144 protulit.
3395 2073 3462 2125 In
3500 2071 3667 2144 regio
3704 2070 3872 2144 diser-

2222 2142 2453 2198 tissime
2484 2143 2760 2198 scribitur
2788 2144 3043 2199 inlicitae
3074 2143 3145 2214 Et
3168 2142 3384 2198 merito
3408 2142 3652 2214 quidem
3701 2142 3873 2214 explo-

2223 2217 2384 2270 ditur
2411 2215 2565 2285 quod
2617 2214 2917 2269 Ferrarius
2967 2219 3026 2268 et
3071 2213 3509 2269 PriscianenSis
3558 2215 3873 2282 ediderant,

2226 2285 2462 2342 inclitae.
2487 2285 2632 2340 tllud
2656 2302 2808 2341 vero.
2833 2286 3089 2352 inlicitae,
3117 2288 3227 2341 etsi
3249 2286 3612 2341 defendatur
3652 2285 3881 2355 antiqui-

2224 2362 2344 2438 t_ate_
2374 2357 2747 2438 exemplaris,
2785 2356 3173 2438 nihilominus
3207 2357 3389 2438 friget
3439 2357 3598 2438 inter
3629 2356 3880 2438 illa‘duo.

2223 2429 2518 2500 deplorata?
2539 2427 2605 2483 ac
2633 2429 2953 2498 desperata.
2990 2429 3212 2499 Itaque,
3255 2427 3313 2482 si
3339 2431 3706 2500 conjecturae
3734 2427 3883 2483 locus

2225 2499 2312 2556 est
2343 2500 2799 2572 legamtincitse,
2826 2499 2983 2572 quod
3026 2505 3116 2554 est
3144 2500 3433 2566 incitatas,
3501 2501 3755 2563 furiosae,
3802 2516 3884 2553 ra-

2225 2570 2690 2626 bida-Catullus
2719 2571 2777 2625 in
2811 2570 3179 2626 Galliambo:
3241 2572 3399 2626 Alios
3458 2587 3565 2640 age
3609 2573 3879 2637 incitatos,

2223 2645 2363 2699 alios
2390 2660 2489 2713 age
2519 2643 2762 2697 rabidos.
2802 2642 3594 2714 lncitus,_quemadmodum
3621 2644 3883 2714 percitus,

2226 2715 2286 2769 in
2313 2712 2610 2770 Prudentii
2637 2715 2936 2779 Vincentio,
2969 2712 3068 2768 ubi
3087 2712 3158 2769 de
3183 2714 3504 2785 spiritibus
3529 2712 3881 2770 immundis:

2276 2803 2370 2862 Qui
2399 2818 2495 2853 vos
2524 2803 2752 2852 latenter
2781 2802 2992 2862 incitos,
3019 2803 3074 2851 in
3103 2816 3264 2852 omne
3296 2803 3649 2866 compellunt
3679 2803 3840 2852 nefas.

2229 2883 2460 2939 RIGAL'r.
2496 2915 2567 2923 ——
2587 2882 2808 2955 ,Wopk.
2839 2884 3094 2955 incestae.
3109 2882 3251 2937 Mihi
3272 2883 3529 2955 quidem
3557 2901 3672 2940 non
3691 2882 3889 2939 estdu-

2228 2956 2389 3010 bium
2424 2954 2597 3010 scribi
2650 2953 3594 3026 oportere,deploratgfinsciliat.
3655 2955 3887 3009 Inferius

2226 3028 2424 3092 etiam,
2460 3043 2586 3096 cap.
2618 3042 2717 3096 χιι,
2744 3026 2817 3080 ab
2870 3025 3100 3080 ethnico
3143 3025 3376 3082 Caecilio
3431 3026 3757 3082 Christiani
3813 3041 3895 3080 vo-

2227 3104 2435 3154 cantur
2464 3098 2693 3162 indocti,
2729 3098 2992 3165 impoliti,
3039 3097 3222 3167 rudes,
3276 3107 3575 3166 agrestes;
3625 3104 3683 3154 et
3728 3113 3894 3167 supra

2231 3187 2356 3241 cap.
2390 3187 2443 3236 v,
2477 3169 2783 3242 studiorum
2816 3169 2998 3242 rudes,
3023 3169 3362 3242 litterarum
3431 3172 3672 3242 profani
3718 3185 3896 3238 exper-

2150 3267 2193 3334 C
2231 3240 2310 3296 tes
2340 3243 2568 3323 artium.
2604 3240 2792 3334 ltitiam
2829 3241 2998 3334 apud.
3021 3241 3238 3334 Livium
3273 3258 3379 3311 v11,
3539 3240 3633 3296 est
3683 3242 3896 3323 inscitia

2274 3331 2336 3367 ro
2365 3313 2706 3383 ignorantia,
2739 3310 3054 3383 inscientia.
3089 3310 3282 3368 HEUM.
3316 3343 3393 3352 —
3425 3316 3686 3368 Gronov.
3721 3329 3784 3367 ex
3816 3314 3894 3366 in-

2274 3331 2336 3367 ΓΟ
2365 3331 2706 3383 Ignorantia,
2739 3331 3054 3366 msctemza.
3089 3331 3282 3368 HEUM.
3316 3343 3393 3352 —
3425 3331 3686 3368 UPODOV.
3721 3331 3784 3367 ΒΧ
3816 3331 3890 3366 m-

2233 3331 2423 3446 licitae,
2453 3383 2631 3454 quod,
2663 3388 2808 3436 teste
2827 3381 3099 3453 Rigaltio.
3121 3389 3210 3438 est
3229 3384 3289 3437 in
3317 3400 3464 3452 ms.,
3495 3385 3641 3439 facit
3659 3383 3890 3449 inculta,

2232 3463 2514 3526 tanquam
2546 3457 2897 3527 Δρυχαρνεῖς.
2927 3454 3036 3527 Alii
3069 3456 3378 3510 inclinatae.
3418 3457 3716 3512 LINDNER.

2305 3524 2417 3598 (56)
2453 3524 2914 3599 Quse'noct'urnis.
2948 3525 3156 3581 Heum.
3207 3527 3282 3581 ob
3331 3528 3728 3599 anaphoram
3772 3524 3902 3597 legit

2235 3599 2332 3670 qui
2361 3598 2662 3653 nocturnis.
2697 3597 2972 3670 Liunxsa.

2305 3671 2418 3740 (57)
2447 3670 2680 3741 Jejuniis
2707 3668 3059 3741 solemnibus.
3092 3669 3546 3741 Correctionem
3581 3673 3709 3726 Jac.
3769 3669 3902 3741 Gro-

2236 3739 2410 3804 novii,
2434 3739 2703 3796 olentibus
2734 3739 3089 3812 reponentis,
3106 3739 3317 3812 merito
3352 3743 3632 3812 putidam
3663 3739 3906 3812 appella-

2237 3813 2318 3866 vit
2348 3812 2520 3867 Davis
2550 3812 2608 3866 in
2642 3811 2899 3866 secunda
2929 3827 3037 3866 sua
3067 3810 3304 3865 Minucii
3353 3810 3575 3868 nostri
3645 3810 3908 3868 editibne.

2243 3884 2434 3957 linum.
2471 3914 2537 3957 -_—
2566 3882 3111 3957 qujuniasolemnia
3142 3899 3208 3938 eo
3239 3888 3528 3957 tempore
3563 3901 3684 3957 quo
3731 3883 3909 3957 Minu-

2240 3956 2366 4010 cius
2399 3955 2652 4025 scripsit.
2684 3953 3186 4022 Christianosjam
3218 3953 3788 4014 observassenemo
3810 3955 3914 4010 du-

2238 4025 3040 4101 bitavit.‘Tertull._ad_l].por.
3078 4025 3175 4101 lib.
3211 4042 3272 4101 il,
3307 4043 3373 4098 p.
3418 4029 3553 4084 128.
3591 4045 3730 4101 opp.
3765 4034 3806 4082 t.
3850 4025 3916 4091 II,

2240 4099 2330 4152 ed.
2360 4097 2804 4162 Paris.1566-8:
2837 4098 2902 4150 Si
2911 4097 3129 4167 jejunia
3170 4097 3536 4155 observanda
3591 4097 3748 4166 sunt,
3807 4112 3912 4151 ma-

2239 4172 2380 4225 ritus
2407 4170 2587 4224 eodem
2618 4169 2708 4223 die
2736 4170 3052 4223 convivium
3079 4173 3354 4225 exerceat.
3393 4172 3512 4228 Sed
3551 4173 3628 4227 ad
3660 4177 3814 4227 recte
3842 4168 3920 4223 in-

2242 4239 2620 4312 telligendum
2644 4239 2802 4294 hunc
2835 4239 3076 4312 Minucii
3110 4240 3293 4312 nostri
3316 4240 3536 4299 locum
3574 4244 3704 4298 haec
3735 4243 3918 4298 obser-

2242 4313 2359 4367 vari
2379 4311 2634 4383 insuper
2664 4311 2894 4366 debent.
2931 4311 3174 4366 Romani
3207 4311 3718 4372 Christianorum
3759 4326 3918 4369 sacra

2286 4401 2345 4436 ro
2371 4383 2661 4459 mysteriis
2683 4383 2978 4459 habebant
2998 4383 3510 4459 sceleratissimis,
3540 4387 3753 4459 qualia
3785 4384 3915 4440 olim

2242 4401 2345 4509 pro
2371 4401 2661 4455 mysteriis
2687 4401 2978 4437 nanenant
2998 4401 3510 4455 sceneraussmns,
3540 4401 3753 4459 qualia
3785 4401 3908 4440 oum

2285 4455 2621 4528 acchanalia
2649 4454 2867 4528 experti
2901 4456 3151 4528 fuerant,
3185 4455 3255 4510 de
3285 4457 3530 4528 quibus
3586 4458 3694 4513 lib.
3729 4471 3908 4528 xxxix,

2245 4528 2328 4581 10.
2366 4526 2442 4580 Ea
2475 4527 2750 4596 mysteria
2779 4526 3082 4581 nocturnis
3129 4526 3542 4586 conventibus
3593 4531 3728 4586 suis
3787 4526 3921 4584 cele-

2244 4598 2408 4652 brare
2431 4597 2792 4671 Christianos
2813 4597 3348 4654 calumniabantnr.
3381 4601 3736 4657 Convenire
3757 4601 3926 4671 igitur

2245 4686 2343 4724 eos
2365 4673 2515 4724 stato
2555 4669 2648 4722 die
2679 4673 2733 4722 et
2764 4667 3154 4745 humanarum
3190 4671 3474 4745 carpium
3516 4691 3655 4738 esu,
3715 4667 3924 4745 promi-

2244 4757 2501 4811 scuoque
2523 4745 2653 4811 post
2668 4738 2869 4810 epulas
2895 4740 3206 4795 concubitu
3236 4743 3306 4796 ad
3333 4760 3535 4800 omne
3558 4738 3769 4801 scelus
3797 4758 3930 4798 con-

2234 4814 2438 4882 jurare
2466 4812 2616 4866 inter
2645 4827 2706 4866 se
2737 4827 2803 4865 ac
2835 4811 3122 4867 foederari.
3156 4816 3375 4868 Carnes
3424 4815 3572 4872 illas
3637 4817 3926 4870 humanas

2243 4883 2504 4938 Caecilius
2531 4887 2697 4938 vocat
2726 4882 3055 4938 inhumanos
3083 4883 3229 4938 cibos
3271 4884 3600 4944 Foederari
3648 4883 3927 4944 Christia-

2243 4972 2350 5010 nos
2369 4955 2539 5031 dicit,
2571 4971 2706 5031 voce
2735 4971 2765 5009 e
2797 4955 3209 5031 mysteriorum
3237 4957 3489 5031 ratione
3542 4961 3778 5031 petita:
3833 4954 3924 5031 sed

2242 5027 2767 5103 con/lederarinnon
2799 5027 2873 5103 ad
2907 5042 3094 5103 sacra,
3141 5027 3464 5103 ut_initiati
3525 5026 3589 5085 i'n
3637 5026 3929 5103 mysteriis

2243 5097 2517 5170 Romanae
2549 5097 2868 5170 religionis,
2903 5098 2999 5152 sed
3035 5099 3602 5167 piaculiscarnium
3648 5097 3932 5158 nimirum

2242 5168 2636 5224 humanarum
2667 5168 2768 5224 esu
2801 5173 2857 5223 et
2886 5170 3218 5239 promiscuo
3240 5173 3619 5230 concubitu.
3665 5173 3933 5229 Pluribus

2242 5241 2612 5312 deimproba
2641 5256 2708 5295 ac
2756 5241 3149 5295 Romanorum
3185 5242 3490 5298 adversus
3555 5244 3929 5301 Christianos

2242 5311 2538 5367 calumnia
2559 5312 2934 5384 disputamus
2953 5312 3009 5367 in
3031 5314 3266 5367 Exercit.
3300 5315 3526 5373 histor.
3566 5319 3646 5372 de
3679 5317 3817 5373 odio
3837 5314 3938 5368 hu-

2242 5384 2398 5438 mani
2430 5385 2658 5457 generis
2697 5383 3048 5457 _Cb_ristianis_
3105 5384 3240 5438 olim
3271 5401 3302 5438 a
3329 5384 3654 5443 Romanis
3707 5389 3931 5457 objecta

2239 5455 2630 5532 persecution.
2655 5455 2866 5511 Christ.
2892 5455 3148 5512 nominis
3169 5472 3376 5527 causa,
3405 5475 3556 5532 cap.
3605 5463 3666 5529 2,
3707 5455 3852 5518 sect.
3877 5457 3933 5512 7.

2238 5531 2506 5583 GRUNER.

2311 5600 2420 5670 (58)
2463 5599 2795 5670 Inhumanis
2833 5597 2987 5654 cibis.
3033 5598 3181 5670 Lego
3233 5597 3524 5658 humanis
3587 5602 3809 5659 Florus
3854 5613 3935 5665 ιιι,

2236 5670 2402 5741 5,10,
2445 5671 2537 5744 de,
2578 5671 2638 5724 L.
2703 5669 2900 5744 (Sylla:
2961 5669 3317 5742 Primumque
3360 5673 3681 5744 ,Athenas,
3748 5673 3942 5731 urbem

2239 5743 2382 5818 (quis
2411 5742 2716 5818 crederet?)
2742 5745 2973 5813 frugum
3001 5747 3286 5818 parentem
3309 5743 3638 5805 obsidione
3668 5742 3739 5804 ac
3792 5748 3944 5818 fame

2235 5813 2306 5868 ad
2333 5813 2599 5870 humanos
2627 5813 2772 5870 cibos
2801 5813 3089 5886 compulit.
3122 5814 3409 5873 Lmnm.

2310 5886 2421 5963 (59)
2451 5887 2764 5961 Lucifugax
2791 5889 2966 5946 natio.
2997 5886 3086 5946 Ita
3113 5893 3205 5948 est
3231 5888 3292 5946 in
3323 5902 3462 5950 ms.
3499 5893 3566 5951 et
3597 5889 3752 5952 edit.
3771 5889 3940 5949 Rom.
