4102 6162
276 358 380 416 273

268 754 554 812 ebrietatis
581 755 767 808 fervor
788 752 999 806 exarsit
1029 752 1166 822 (82),
1193 751 1381 806 carnis
1413 752 1620 824 [canis]
1654 753 1751 823 qui
1776 769 1911 807 can-

270 845 496 899 delabro
531 857 715 897 nexus
741 846 846 908 est,
877 843 1034 910 jactu
1059 839 1246 895 offulae
1280 839 1431 895 ultra
1463 842 1720 913 spatium
1746 840 1909 895 linea)

265 951 368 1007 qua
390 932 622 987 vinctus
652 935 762 997 est,
793 930 865 985 ad
903 930 1187 1001 impetum
1220 934 1276 984 et
1322 929 1535 985 saltum
1565 935 1910 1002 provocatur

259 1023 398 1094 (83):
434 1021 522 1077 sic
551 1036 752 1076 everso
810 1024 866 1074 et
897 1018 1181 1074 exstincto
1236 1020 1467 1075 conscio
1529 1019 1768 1085 lumine,
1802 1018 1908 1073 im-

259 1110 607 1184 pudentibus
639 1107 897 1164 tenebris
931 1123 1111 1163 nexus
1169 1108 1420 1163 infanda:
1453 1108 1791 1180 cupiditat-s
1815 1107 1901 1162 in-

254 1199 483 1256 volvunt
516 1200 931 1271 perincertum
963 1197 1138 1252 sortis
1164 1216 1177 1266 ;
1205 1202 1284 1266 et,
1307 1196 1356 1252 si
1390 1215 1502 1253 non
1537 1214 1741 1252 omnes
1774 1212 1902 1268 ope-

252 1306 307 1344 ra
332 1291 446 1361 (8i)
470 1287 833 1344 conscientia
863 1292 1057 1342 tamen
1090 1287 1305 1359 pariter
1349 1286 1582 1353 incesti,
1614 1287 1898 1358 quoniam

250 1385 372 1434 voto
405 1378 811 1433 universorum
844 1377 1140 1448 appetitur
1169 1376 1454 1448 quidquid
1503 1375 1765 1432 accidere
1796 1391 1896 1447 po-

246 1473 352 1523 test
386 1468 445 1524 in
474 1472 608 1523 actu
641 1464 1031 1538 singulorum.

1789 351 2197 414 OCTAVIUS.

277 491 344 542 ris
374 486 508 558 (80),
533 482 857 549 sororibus,
881 483 1190 548 matribus,
1225 499 1398 539 sexus
1431 483 1622 539 omnis
1654 483 1913 539 hominis
1945 484 1993 551 Α

272 585 316 634 et
345 576 536 632 omnis
568 574 790 630 aetatis:
827 571 964 640 illic,
984 577 1113 644 post
1148 572 1364 629 multas
1395 574 1619 644 epulas,
1658 574 1750 627 ubi
1781 592 1916 628 con-

272 666 475 722 vivium
542 664 733 720 caruit
783 662 1006 734 [caluit]
1066 662 1200 732 (81),
1249 666 1304 716 et
1355 662 1586 717 incestae
1649 663 1915 718 libidinis

3562 352 3680 411 274

2681 481 2912 537 CAPUT
2955 486 3021 538 X.

2027 571 2807 642 Ancostemma—Quidquid
2829 573 3032 637 colunt,
3048 586 3375 641 magnopere
3405 573 3681 628 occultare

2097 647 2356 698 nituntur
2376 661 2394 698 :
2427 644 2612 698 nullas
2644 660 2772 698 aras
2802 645 3018 712 habent,
3079 645 3284 714 templa
3315 645 3491 707 nulla,
3523 648 3681 700 nulla

2101 717 2255 771 264
2283 725 2413 769 nota
2433 716 2748 770 simulacra.
2784 717 2922 769 Deus
2951 715 3196 779 illorum,
3226 717 3364 770 sicut
3383 719 3432 770 et
3460 716 3675 773 λιιιίῶο-

2096 804 2239 853 rum,
2295 789 2491 841 unicus
2530 803 2642 842 esse
2699 788 2914 857 fertur:
2965 803 3122 856 quem
3169 803 3291 840 cum
3337 802 3437 841 nec
3493 788 3674 842 videre

2091 875 2189 913 nec
2218 859 2497 913 ostendere
2529 867 2748 929 queant,
2785 858 2946 912 illum
2970 859 3335 912 nihilominus
3364 859 3670 926 molestum,

2090 932 2402 1001 inquietum
2428 935 2480 986 et
2496 933 2832 1002 prwpostere
2864 931 3140 984 curiosum
3167 929 3537 984 arbitrantur.

2084 1038 2264 1093 Multa
2290 1044 2564 1109 praetereo
2583 1036 2873 1104 consulto;
2899 1054 3033 1092 nam
3067 1042 3121 1093 et
3144 1037 3264 1092 haec
3286 1036 3462 1093 nimis
3485 1037 3670 1095 multa

2012 1133 2294 1198 suntquae
2313 1126 3028 1198 automniaautpleraque
3043 1126 3669 1195 ou'inium(85)verade-

2009 1215 2191 1270 clarat
2214 1215 2400 1285 ipsius
2415 1232 2603 1286 pravas
2625 1215 2924 1288 religionis
2947 1215 3295 1270 obscuritas.
3318 1215 3434 1272 Cur
3452 1217 3665 1272 etenim

2008 1302 2298 1358 occultare
2321 1303 2389 1374 [l'°
2419 1304 2504 1375 13]
2530 1309 2585 1359 et
2616 1303 2974 1359 abscondere
3001 1303 3446 1375 quidquidillud
3469 1303 3670 1359 colunt

2007 1392 2122 1464 (86)
2146 1409 2496 1464 magnopere
2519 1391 2806 1461 nituntur,
2841 1409 2976 1448 cum
3023 1392 3270 1448 honesta
3294 1408 3526 1464 semper
3555 1409 3669 1464 pu-

2004 1480 2156 1537 blico
2187 1481 2727 1554 gaudeant,scelera
2754 1486 2982 1538 secreta
3002 1481 3122 1538 sint
3139 1481 3168 1537 ‘I
3190 1497 3296 1538 cur
3325 1481 3516 1538 nullas
3538 1497 3672 1539 aras

2005 1569 2226 1626 habent
2253 1570 2614 1644 (87),templa
2644 1569 2996 1639 nulla,nulla
3028 1573 3165 1626 nota
3185 1569 3503 1628 simulacra
3523 1571 3669 1644 (88)?

1689 1711 2026 1777 Variorum
2069 1718 2256 1776 notae.

233 1878 388 1918 mere
418 1860 596 1917 velim
647 1859 866 1914 habeas
896 1874 1025 1914 esse
1057 1857 1306 1913 alterum
1335 1857 1682 1913 Frontonem
1714 1872 1888 1928 quem
1922 1857 1971 1924 B
2001 1856 2265 1912 incaluit.
2323 1855 2581 1923 Curtius,
2613 1872 2668 1922 v,
2720 1857 2775 1927 7,
2806 1856 2879 1923 5;
2933 1871 3058 1922 VIII,
3091 1854 3142 1924 1,
3200 1857 3310 1909 22:
3367 1854 3502 1910 Cum
3556 1870 3658 1928 rex

233 1935 478 1988 laudant
505 1933 712 1987 Juven.
742 1932 936 2002 Satyr.
967 1948 1005 1994 ι,
1029 1931 1140 2002 12ί;ᾼ
1173 1930 1329 2002 Plin._
1350 1929 1486 1984 Jun.
1520 1931 1693 2000 Epist.
1721 1945 1796 1992 x1,
1823 1931 1877 2002 2;

230 2006 460 2062 Martial
522 2006 675 2075 Epig.
710 2000 859 2074 Ipse
895 2018 1048 2075 vero,
1085 2000 1389 2065 Cirtensis,
1423 2006 1567 2075 teste
1607 2000 1881 2075 Eutropio

230 2081 347 2144 vin,
379 2078 434 2146 6,
471 2071 651 2130 Marci
706 2071 982 2146 Antonini
1035 2071 1270 2146 impuet
1327 2072 1483 2146 Lucii
1521 2072 1648 2127 Veri
1683 2072 1880 2146 latinis

229 2143 446 2203 litteris
469 2150 788 2218 praeceptor
818 2145 962 2218 fuit;
987 2143 1161 2218 quem
1186 2144 1504 2218 Eumenius
1527 2143 1759 2215 magnis
1781 2159 1876 2197 ex-

228 2221 365 2291 cipit
402 2216 682 2291 laudibus
713 2233 777 2272 ac
807 2216 968 2291 velut
1017 2217 1278 2291 Romanae
1297 2217 1627 2291 eloquentiae
1654 2231 1764 2291 non
1793 2231 1880 2291 se:

221 2287 485 2355 cundum,
519 2290 610 2346 sed
674 2291 908 2344 alterum
936 2288 1095 2342 decus
1123 2287 1406 2358 praedicat.
1442 2289 1499 2360 Si
1533 2288 1632 2360 qui
1665 2287 1878 2360 Joanni

223 2362 632 2417 Salisberiens.
694 2361 861 2426 fides,
919 2360 1192 2431 Polycrat.
1220 2363 1340 2424 viii,
1399 2359 1486 2424 19,
1549 2358 1635 2431 ea
1664 2358 1876 2413 eximio

223 2435 606 2490 Cbreronensi
628 2431 934 2488 Plutarcho
967 2429 1035 2486 ei
1063 2438 1234 2502 gente
1263 2435 1530 2486 materna
1558 2429 1874 2502 oriebatur.

228 2506 522 2560 Excidisse
550 2504 899 2559 videbantur
954 2501 1116 2557 illius
1166 2519 1343 2574 opera
1395 2519 1540 2573 pene
1578 2501 1873 2569 universa,

233 2577 431 2658 paucis.
455 2574 1138 2658 excepﬁtisﬁgrammat‘icie
1194 2575 1716 2658 reifra‘gm‘entiss.
1741 2590 1875 2655 cum

237 2645 488 2703 illustris.
522 2645 677 2702 SfB.
714 2645 773 2700 EV.
809 2647 1108 2717 presbyter
1136 2645 1452 2701 cardinalis
1483 2649 1628 2718 Aug.
1664 2645 1872 2718 Maius,

239 2719 289 2772 in
330 2720 679 2775 bibliotheca
705 2718 1114 2784 Ambrosiana,
1148 2733 1178 2772 e
1229 2717 1614 2772 vetustissimi
1656 2717 1874 2772 codicis

242 2790 614 2868 πᾳλιμφήστου
639 2789 987 2868 )‘isceribus
1020 2788 1262 2844 feliciter
1320 2789 1390 2843 ad
1423 2789 1612 2868 lucem
1645 2805 1873 2868 revoca-

242 2863 311 2934 vit
340 2859 608 2934 pleraque
639 2861 946 2934 Frontonis
980 2877 1203 2934 A0pera,
1237 2877 1301 2914 ac
1331 2877 1398 2914 ea
1444 2860 1734 2931 evulgavit
1764 2859 1875 2934 sub

244 2931 808 3006 hoc‘epigr—ammatc:
847 2932 906 2985 Μ.
963 2931 1202 2987 Cornelii
1253 2935 1550 3006 Frontonis
1579 2948 1740 3006 opera
1762 2931 1875 3006 ine-

244 3005 363 3066 dita.
394 3003 512 3061 cum
541 3007 782 3075 epistolis
815 3007 943 3058 item
969 3005 1194 3060 ineditis
1223 3004 1484 3059 Antonini
1523 3006 1634 3070 Pii,
1668 3003 1732 3056 Μ.
1767 3005 1873 3057 Au-

243 3079 376 3140 relii,
405 3080 461 3131 L.
504 3077 624 3131 Veri
671 3082 720 3132 et
752 3077 1008 3147 Appiani,
1044 3091 1141 3130 nec
1195 3091 1306 3129 non
1364 3075 1605 3130 aliorum
1633 3077 1875 3129 veterum

243 3150 568 3215 fragmentis.
634 3147 845 3202 Mediol.
908 3149 1066 3201 1815.
1127 3147 1298 3200 in-80.
1361 3147 1536 3202 Deest
1593 3147 1875 3202 adversus

247 3218 581 3274 Christianos
614 3219 982 3274 declamatio.
1016 3219 1156 3272 Eun.

305 3292 406 3358 (80)
434 3295 567 3348 Cum
597 3291 848 3347 omnibus
894 3289 1103 3344 liberis.
1138 3289 1332 3344 Notari
1365 3289 1529 3343 decet
1559 3287 1653 3342 hic
1685 3287 1868 3353 locus,

249 3363 335 3430 qui
360 3379 423 3417 ex
452 3363 746 3418 mentione
778 3361 1018 3417 luminis
1049 3360 1271 3415 indicat
1313 3361 1492 3415 fuisse
1519 3376 1739 3414 coenam
1769 3377 1782 3427 ;
1816 3365 1872 3414 et

245 3447 359 3487 eum
384 3451 580 3490 omnes
597 3435 812 3489 liberos
826 3439 881 3489 et
902 3433 1096 3487 omnis
1117 3432 1304 3486 aetatis
1326 3431 1594 3496 homines
1613 3433 1871 3487 adfuisse

243 3507 484 3572 testatur,
504 3523 576 3560 an
597 3507 890 3561 credimus
913 3504 1044 3560 illos
1073 3520 1276 3560 omnes
1305 3502 1519 3560 liberos
1551 3520 1664 3558 non
1689 3503 1870 3558 fuisse

243 3574 542 3646 baptizatos
564 3578 592 3631 ‘?
621 3578 784 3632 Certe
817 3577 959 3632 mihi
1013 3581 1214 3630 contra
1242 3575 1470 3630 videtur
1499 3576 1752 3630 narratio
1787 3575 1870 3629 in-

242 3662 403 3718 nuere
432 3649 740 3704 manifeste
787 3651 961 3704 etiam
994 3649 1051 3702 in
1087 3653 1254 3702 aetate
1286 3647 1474 3718 prima
1506 3647 1867 3717 Baptismum

241 3717 407 3775 fuisse
435 3721 658 3776 datum.
687 3719 1016 3775 Gaouov.——
1046 3719 1144 3774 Pia
1165 3722 1255 3774 est
1276 3717 1396 3773 haec
1427 3718 1865 3778 meditatio,du-

238 3788 348 3845 bito
374 3809 441 3846 an
489 3792 662 3847 etiam
717 3791 918 3847 solida.
954 3791 1032 3845 Ex
1087 3791 1400 3862 priesentia
1466 3789 1772 3862 hominum
1811 3789 1865 3842 in

234 3876 387 3934 cicena
417 3863 633 3934 colligit
659 3863 745 3917 vir
765 3863 1142 3918 doctissimus
1170 3878 1267 3934 eos
1291 3877 1496 3916 omnes
1521 3861 1701 3934 fuisse
1734 3862 1868 3934 bap-

231 3933 448 4006 tizatos.
481 3931 843 3998 Multi,inter
888 3951 1065 4006 quam
1124 3933 1298 3988 etiam
1330 3932 1746 4006 Constantinus
1770 3931 1867 3986 ille

227 4003 858 4086 Magn_us,Bapti_smum
886 4003 955 4086 ad
982 4011 1227 4086 mortem
1252 4021 1440 4086 usque
1464 4005 1865 4086 reservabant,

225 4075 369 4146 quos
397 4075 594 4134 tamen
613 4080 706 4134 vix
739 4076 1068 4132 verosimile
1091 4081 1180 4130 est
1200 4081 1322 4131 toto
1345 4075 1442 4129 illo
1461 4080 1720 4146 tempore
1738 4091 1866 4146 aga-

221 4149 305 4216 pis
370 4150 834 4205 Christianorum
893 4147 1271 4203 abstinuisse.
1335 4147 1556 4202 Deinde
1609 4147 1735 4218 ipsa
1765 4164 1870 4218 vox

219 4221 408 4292 missae
438 4223 508 4274 de
540 4219 738 4292 pepuli
771 4219 1113 4275 dimissione
1136 4235 1240 4292 nos
1274 4217 1727 4292 cogitarejuliet.
1757 4217 1867 4292 Sed

216 4289 301 4343 fac
337 4291 414 4346 ita
447 4289 567 4347 haec
597 4289 747 4363 esse,
782 4296 848 4363 ut
879 4291 1034 4363 vu_lt._
1056 4308 1107 4346 v.
1135 4291 1191 4344 d.
1224 4294 1280 4345 et
1308 4290 1791 4363 Justinus,‘Apol.
1827 4307 1864 4359 ι,

217 4364 396 4448 ρλξλὸ,
449 4368 703 4452 testatur
723 4357 742 4418 ,ί
772 4362 835 4416 Οἳ
867 4359 1198 4452 καλούμενοι
1247 4361 1371 4434 παρ’
1393 4361 1552 4452 (Ι)ιὲῖῖ
1605 4357 1865 4450 δξὼξονοιέ

215 4427 450 4508 δξδᾶισιν
511 4433 722 4506 ἑκάστῳ
759 4438 867 4488 τῶν
919 4427 1200 4508 παρόνταὲν
1259 4427 1578 4508 μεὲαᾎάξεῖν
1629 4431 1733 4488 ἀπὸ
1770 4427 1866 4508 toi}

217 4500 704 4576 εὖχαριστηθὲντοέ
754 4505 912 4580 ἄρτον
970 4500 1059 4559 ἰαὶ
1127 4500 1277 4557 o'ivou
1333 4503 1421 4558 καὶ
1480 4501 1716 4573 ὕδατος,
1777 4502 1865 4558 καὶ

213 4575 330 4654 rei:
359 4575 446 4629 ίού
484 4581 766 4654 lampadem
791 4575 1172 4654 '3't'rropépovci3
1233 4577 1288 4631 Id
1309 4617 1320 4630 .
1361 4592 1538 4654 _cap._
1568 4578 1636 4631 86
1694 4593 1707 4631 ε

215 4644 767 4721 εὖχπρβστίαςξοῦδενὶ
812 4644 972 4720 ἅλλῲ
1003 4644 1316 4721 ’με’ζοῐσχεῖν-
1360 4644 1474 4721 ξξόῦ
1521 4644 1684 4721 ἐστιν,
1718 4646 1752 4715 ἢ
1791 4651 1868 4721 τῷ

214 4717 517 4793 πεσλεὲῆοντ(
578 4718 913 4793 λοιιισςιμάένῳΔ
945 4717 1037 4774 ⁷τδ
1086 4717 1229 4793 Δὑπερ
1277 4717 1528 4793 κάρὲσεως
1587 4719 1864 4792 ἀμαρτιών

214 4799 300 4866 καὶ
338 4789 437 4866 sic
491 4789 839 4866 ᾁναγέννηὰιν
875 4789 1144 4866 ίλρυτρᾴν.
1196 4789 1502 4866 [animum
1533 4789 1728 4847 tamen
1761 4793 1871 4848 erit

217 4863 618 4918 testimonium
653 4882 718 4920 ex
749 4883 845 4921 ore
871 4863 1118 4932 inimici,
1151 4863 1273 4934 qui,
1308 4879 1435 4934 quae
1465 4867 1730 4927 testatur,
1753 4881 1865 4920 non

219 4937 502 5006 aspexerit
533 4937 678 5006 ipse,
706 4937 803 4990 sed
867 4937 1019 4990 fama
1076 4941 1303 5006 tantum
1337 4949 1520 5006 eaque
1551 4935 1770 4990 incerta
1813 4941 1868 4992 et

220 5004 418 5068 dubia.
444 5004 824 5080 cognoverit.
856 5007 917 5062 Si
977 5007 1132 5062 enim
1164 5022 1256 5080 ex_
1286 5005 1404 5080 hoc,
1428 5004 1577 5060 ‘loco
1601 5079 1610 5080 ί
1636 5008 1864 5077 probari

219 5085 412 5145 posset
443 5077 658 5134 liberos
689 5081 747 5134 in
783 5095 948 5133 sacra
997 5094 1160 5132 coena
1189 5077 1655 5132 administranda
1686 5080 1868 5134 fuisse

219 5155 552 5217 praesentes,
580 5168 695 5205 non
755 5151 919 5204 video
954 5149 1157 5220 quidni
1213 5149 1416 5221 eodem
1467 5151 1600 5217 jure
1634 5152 1865 5221 probari

217 5228 410 5288 posset
459 5239 660 5278 canem
693 5221 1042 5276 candelabro
1073 5237 1201 5276 vere
1236 5220 1414 5274 fuisse
1447 5220 1678 5275 nexum.
1708 5223 1866 5277 Libe-

219 5291 297 5346 ris
326 5293 483 5348 enim
517 5291 1242 5366 praesentibus,mysteria,
1277 5293 1468 5366 credo,
1504 5292 1864 5348 Christiano-

217 5379 340 5419 rum
372 5381 487 5420 non
517 5363 620 5420 diu
666 5365 890 5421 occulta
938 5363 1312 5419 mansissent.
1349 5363 1544 5434 Neque
1574 5380 1640 5419 ex
1666 5382 1864 5421 accen-

216 5435 373 5509 sione
405 5436 659 5492 lucernae
676 5437 869 5509 colligi
893 5453 1038 5492 usus
1059 5451 1229 5490 cmnae
1262 5441 1416 5490 recte
1448 5442 1655 5509 potest,
1681 5437 1862 5508 siqui-

214 5508 338 5563 dem
371 5507 851 5582 persecutionum
879 5511 1143 5580 tempore
1173 5513 1489 5562 conventus
1520 5507 1865 5580 plerumque

213 5580 533 5636 nocturnos
561 5580 952 5636 celebrabant.
988 5585 1265 5634 LINDNER.

277 5652 392 5722 (81)
428 5653 752 5709 Convivium
773 5654 960 5708 caluit.
991 5649 1264 5706 Formula
1286 5650 1496 5704 eadem
1525 5650 1707 5704 utitur
1727 5667 1863 5722 quo-

213 5737 318 5797 que
379 5724 549 5797 Sulp.
612 5725 878 5790 Severus,
914 5725 1048 5779 Hist.
1081 5724 1236 5797 Sacr.
1272 5738 1351 5797 u,
1384 5723 1448 5775 13
1471 5739 1488 5773 :
1523 5723 1714 5797 Igitur,
1737 5740 1862 5778 cum

202 5793 318 5869 iam
344 5801 466 5866 post
495 5793 687 5869 epulas
715 5798 908 5853 multis
934 5795 1150 5869 poculis
1167 5867 1171 5869 Α
1193 5796 1505 5869 convivium
1553 5795 1730 5869 calere
1757 5812 1863 5851 ca:-

206 5865 390 5938 piuet.
450 5865 658 5930 Wbe.
699 5901 770 5917 --
825 5865 953 5930 Non
1011 5865 1217 5926 dubito
1249 5865 1687 5924 rescribendum
1734 5883 1864 5926 esse

1998 1929 2172 1984 multo
2204 1929 2521 1983 incaluisset
2552 1943 2720 1983 mero.
2746 1932 2857 1982 Nec
2889 1930 3079 1982 movet
3104 1941 3196 1982 me
3225 1941 3400 1996 quem
3434 1927 3646 1998 Wopk.

1991 2001 2212 2124 profert
2244 1999 2486 2071 Sulpicii
2506 2001 2698 2054 locum
2725 2015 2736 2054 :
2763 2015 2899 2053 nam
2927 2004 2982 2054 ct
3012 1998 3106 2053 hic
3136 1999 3311 2053 calere
3339 1998 3645 2070 scripsisse

2017 2071 2301 2124 ibrarium
2337 2088 2437 2124 nro
2470 2072 2732 2124 incolere.
2763 2071 3112 2124 antecedens
3140 2087 3193 2124 m
3229 2069 3369 2124 mihi
3403 2085 3641 2124 persua-

2017 2071 2301 2126 ibrarium
2337 2069 2437 2142 pro
2470 2072 2732 2140 incalere,
2763 2071 3193 2142 antecedensm
3229 2069 3369 2142 mihi
3403 2069 3641 2142 persua-

1991 2143 2068 2197 sit
2098 2143 2286 2198 facile.
2322 2139 2514 2198 HBUM.
2547 2173 2615 2183 —
2643 2139 2790 2207 Quid
2838 2158 2974 2197 vero
3033 2141 3204 2198 faciet
3229 2139 3353 2196 loco
3403 2139 3639 2197 Horatii.

1991 2212 2178 2272 Carm.
2208 2231 2294 2281 III,
2324 2215 2416 2286 21,
2452 2216 2554 2268 12:

2052 2366 2304 2414 Narratur
2337 2369 2391 2414 et
2419 2364 2578 2427 prisci
2607 2363 2824 2414 Catonis
2853 2377 2994 2428 saepe
3023 2377 3184 2483 meri
3199 2363 3422 2414 caluisse
3451 2363 3640 2414 virtus.

3189 2443 3422 2483 INDNER.

3189 2443 3422 2483 INDNER.

2059 2579 2168 2647 (8'3)
2188 2578 2417 2634 Incesta:
2447 2576 2696 2640 libidinis
2726 2577 3027 2632 exarsitln
3060 2581 3302 2632 mss.est
3332 2579 3549 2634 incestae
3576 2579 3643 2634 li-

1987 2651 2192 2706 bidinis
2214 2651 2493 2704 ebrietatis
2515 2653 2700 2718 fervor
2719 2648 3479 2706 exarsit.Gelenius.Incestae
3510 2651 3640 2705 libi-

1984 2722 2133 2777 dinis
2152 2724 2419 2776 ebrietate
2446 2724 2634 2791 fervor
2655 2720 3176 2792 exarsitMeursius
3208 2722 3453 2792 reponit,
3467 2722 3644 2778 ebria-

1984 2796 2071 2849 tis.
2101 2793 2386 2862 Rigaltius
2409 2790 2521 2846 ,σεε
2544 2795 2758 2846 incestae
2794 2790 3028 2846 libidini
3045 2790 3327 2847 ebrietatis
3345 2790 3530 2863 fervor
3547 2809 3640 2848 ex-

1985 2868 2141 2920 arsit.
2176 2863 2500 2935 Gronovius
2524 2881 2542 2916 :
2575 2865 2636 2918 Et
2662 2880 2720 2918 in
2738 2879 2910 2935 careas
2935 2863 3201 2935 libidines
3221 2865 3498 2920 ebrietatis
3524 2868 3636 2935 [er-

1985 2953 2083 2992 vor
2109 2937 2338 2992 exarsit.
2367 2934 2555 2989 Valer.
2585 2935 2870 2990 Maximus
2899 2934 2999 2988 lib.
3039 2934 3156 3001 11,1,
3183 2936 3248 2989 5:
3284 2934 3577 2990 Proximus
3604 2954 3638 2991 a

1988 3009 2178 3063 Libero
2205 3016 2362 3078 patre
2424 3009 2867 3078 intemperantia
2915 3006 3126 3077 gradus
3149 3005 3221 3062 ad
3267 3007 3637 3064 inconcessum

1984 3077 2238 3135 venerem
2269 3094 2381 3150 esse
2429 3081 2724 3132 consuevit.
2777 3077 2921 3150 Hinc
2950 3079 3145 3132 vinum
3191 3078 3384 3133 Libero
3412 3087 3637 3150 propter

1985 3150 2338 3207 excitandam
2369 3149 2661 3205 libidinem
2713 3149 3062 3205 attributum
3089 3165 3216 3204 esse
3247 3149 3632 3206 testatur’lsi-

1901 3222 1944 3290 C
1983 3223 2186 3286 dorus,
2221 3223 2370 3291 Orig.
2402 3238 2523 3285 Vlll,
2555 3224 2608 3276 8.

2057 3296 2166 3364 (83)
2195 3294 2358 3348 Canis
2386 3301 2730 3363 provocatur.
2763 3291 3328 3364 Carnistindubium
3363 3291 3632 3364 antiqua-

1981 3364 2052 3420 rii
2083 3366 2290 3420 veteris
2322 3365 2624 3431 mendum,
2658 3380 2762 3434 pro
2792 3365 2967 3428 canis,
3000 3363 3211 3417 Euu.—
3231 3363 3392 3419 Unde
3423 3363 3635 3420 Gentes

1980 3436 2334 3491 calumniam
2369 3437 2518 3490 hanc
2569 3435 2901 3501 habuerint,
2935 3435 3198 3504 conjectu
3256 3440 3346 3490 est
3374 3435 3631 3490 difﬁcile.

1979 3507 2337 3562 Crediderim
2371 3513 2563 3561 tamen
2598 3506 2750 3561 hanc
2783 3506 2861 3560 rei
2896 3506 3078 3560 fuisse
3103 3504 3387 3576 originem
3415 3523 3427 3562 :
3458 3508 3634 3562 Canes

1978 3580 2321 3634 dicebantur
2380 3578 2478 3649 qui
2537 3579 2609 3633 ad
2680 3577 3135 3649 investigandas,
3173 3582 3230 3631 et
3296 3578 3630 3632 odorandas

1979 3667 2071 3705 res
2129 3647 2579 3717 adhibebantur,
2616 3650 2858 3704 docente
2894 3647 3049 3720 (Yen.
3101 3647 3327 3703 Ernesti
3361 3649 3420 3703 in
3473 3649 3636 3705 Clave

1975 3723 2223 3788 Ciceron,
2260 3723 2414 3792 quod
2448 3721 2603 3776 verbi
2639 3720 2815 3775 etiam
2850 3719 3090 3792 Plautus
3123 3736 3224 3790 pro
3274 3721 3433 3790 vigili
3461 3721 3627 3776 adhi-

1975 3793 2125 3848 buit.
2161 3791 2423 3864 Cumque
2442 3792 2734 3864 nascentis
2765 3791 3032 3864 Ecclesiae
3054 3792 3414 3864 temporibus
3436 3791 3634 3864 plures

1976 3870 2171 3921 essent
2193 3865 2289 3934 qui
2313 3863 2659 3920 Christianis
2692 3863 3130 3931 insidiarentur,
3165 3863 3631 3920 aluerunt’etiam

1977 3937 2262 4008 quosdam
2293 3935 2392 4006 qui
2414 3935 2473 3990 in
2506 3934 2886 3990 conventibus
2910 3935 3263 4008 dispicerent
3293 3952 3367 3990 an
3401 3937 3633 4008 adesset

1977 4006 2432 4079 speculator,qui
2449 4023 2787 4062 sermonum
2801 4010 2858 4061 et
2881 4006 3632 4079 mysteriorumaucupium

1977 4076 2210 4134 faceret.
2248 4076 2410 4133 Hunc
2442 4079 2712 4133 dicebant
2741 4076 2957 4132 canem;
2991 4079 3253 4133 Fortasse
3275 4076 3358 4132 illi
3391 4077 3500 4132 fuit
3532 4094 3630 4132 ne-

1976 4151 2204 4233 gotium
2247 4149 2622 4233 candela‘rum
2684 4149 3263 4233 exstingpendarum,
3295 4149 3630 4233 si‘q‘uando

1976 4219 2221 4277 insidias
2242 4227 2598 4287 vererentur,
2620 4219 2710 4276 vel
2735 4226 2888 4276 certe
2913 4222 3298 4276 fenestrarum
3324 4220 3632 4275 obstruen-

1979 4295 2210 4357 darum,
2237 4293 2452 4363 quibus
2481 4291 2800 4348 inconsulti
2832 4291 2915 4346 illi
2957 4296 3312 4364 spectatores
3362 4292 3637 4347 exclude-

1981 4370 2204 4421 rentur.
2242 4365 2524 4419 LINDNER.

2048 4437 2166 4508 (84)
2198 4435 2396 4508 Opera.
2425 4433 2638 4508 Lectio
2697 4449 2860 4503 sana,

1979 4503 2186 4576 neum,
2237 4503 2582 4573 sollicitare,
2613 4509 2668 4560 et
2722 4503 3039 4560 rescribere
3097 4520 3278 4576 opere.
3330 4503 3529 4562 Cicero
3577 4505 3643 4563 de

2937 4450 3071 4488 uam
3137 4449 3251 4488 non
3287 4433 3537 4489 debebat
3563 4433 3636 4490 cl.

1768 4582 1866 4662 τῆξ
1901 4592 1945 4658 D
1984 4580 2211 4662 Ofﬁc..i,
2243 4579 2343 4662 35?:
2407 4576 2796 4662 Liberisﬂdare
2849 4591 3076 4662 cperam
3120 4591 3180 4662 re
3210 4576 3516 4662 ibonestum
3541 4586 3640 4662 est,

2003 4646 2224 4707 nomine
2252 4651 2558 4705 obscenum.
2591 4646 2805 4713 Plaut,
2846 4648 3003 4703 Merc.
3035 4649 3088 4712 4,
3118 4648 3173 4713 5,
3205 4649 3307 4704 1οε
3337 4655 3468 4705 Post
3497 4646 3646 4707 haud

1976 4724 2264 4784 censebam
2292 4723 2530 4775 istarum
2570 4736 2859 4790 operarum
2889 4735 3002 4774 esse
3026 4725 3257 4791 patrem.
3291 4721 3566 4776 Lmuusn.

2049 4796 2160 4866 (85)
2196 4793 2464 4862 Pleraque
2523 4793 2790 4866 omnium.
2832 4791 3044 4866 WOpk.
3071 4809 3086 4866 _:
3117 4792 3381 4866 pleraque
3427 4795 3636 4862 omnia,

1979 4862 2342 4936 ut'pterique
2397 4879 2582 4919 omnes
2643 4864 2792 4934 apud
2853 4862 3183 4936 Terentium
3215 4862 3301 4936 et;
3330 4863 3633 4936 Nepotem.

1978 4934 2362 4994 Henimannus
2392 4951 2404 4989 :
2454 4935 2716 5006 pleraque
2760 4937 3004 4990 omnino.
3038 4935 3177 5006 Ego,
3216 4934 3304 4990 vel
3335 4934 3635 5006 vulgatam

1979 4953 2362 4994 neumannus
2392 4953 2404 4989 :
2454 4953 2716 5058 pleraque
2760 4953 3004 4990 omnino.
3040 4953 3177 5006 iugo,
3216 4953 3304 4990 vei
3335 4953 3634 5006 vulgatam

1978 5008 2349 5064 retinendum
2384 5023 2449 5061 ve
2504 5009 2753 5062 omnium
2801 5006 3115 5062 delendum
3155 5011 3312 5078 puto.
3350 5007 3634 5078 Lmuuen.

2047 5080 2160 5149 (86)
2221 5079 2496 5148 Quidquid
2574 5078 2717 5133 illud
2774 5080 2980 5134 colunt.
3063 5077 3246 5138 “eum
3284 5147 3295 5149 _
3330 5077 3633 5149 rescribit:

1975 5147 2245 5224 quidquid
2278 5147 2426 5205 illud
2455 5158 2531 5206 est
2559 5150 2698 5224 quod
2728 5151 2932 5224 colunt.
2981 5149 3120 5204 Mihi
3155 5147 3296 5204 illud
3322 5148 3637 5220 pleonasti-

1977 5222 2039 5279 ce
2067 5223 2298 5277 videtur
2327 5239 2453 5278 esse
2486 5222 2774 5294 positum.
2803 5222 3083 5294 Liuuucu.

2049 5296 2162 5362 (87)
2201 5297 2316 5349 Cur
2347 5289 2532 5348 nullus
2561 5309 2690 5348 aras
2751 5292 2974 5348 habent.
3011 5289 3365 5362 Adeﬁoquede
3396 5290 3545 5362 sacri
3572 5291 3636 5345 f1-

1975 5361 2062 5423 cio
2103 5365 2295 5422 Missas
2326 5365 2396 5420 iis
2430 5365 2792 5436 temporibus
2825 5363 3010 5418 altum
3072 5361 3372 5416 silentium
3406 5361 3418 5416 l
3458 5363 3637 5419 LIND-

1975 5455 2108 5495 NER.

2045 5510 2157 5580 (88)
2205 5509 2367 5580 Nulla
2421 5507 2932 5580 notadsimulacra.
2974 5505 3098 5580 Vota
3157 5519 3259 5576 pro
3288 5507 3447 5580 __nota
3488 5505 3630 5563 scri-

1973 5575 2233 5636 bendum
2266 5579 2494 5633 videtur
2558 5577 2680 5633 Nic.
2713 5577 2950 5633 Heinsio
3010 5575 3229 5648 Advers.
3263 5575 3392 5648 ilib.
3426 5593 3467 5648 ι,
3500 5595 3626 5634 can.

1975 5654 2061 5718 18,
2098 5667 2229 5724 pag.
2289 5651 2412 5724 185ἶ
2445 5652 2542 5724 At_
2572 5649 2653 5704 nil
2703 5649 3074 5724 mutandum.
3107 5647 3302 5724 lunuit
3342 5647 3632 5724 ethnicus

1972 5719 2336 5779 Christianos
2367 5720 2755 5777 simulacrum
2809 5720 3046 5792 aliquod
3079 5721 3235 5790 quod
3267 5719 3482 5792 colant,
3528 5723 3629 5776 sed

1971 5796 2143 5866 vulgo
2183 5793 2590 5864 incognitum:
2633 5792 2805 5866 paulo
2861 5792 3018 5866 enim
3069 5799 3203 5866 ante
3255 5791 3404 5848 dixit
3427 5808 3513 5847 eos
3564 5794 3631 5848 id

1973 5864 2114 5940 quod
2141 5869 2327 5926 colunt
2355 5864 2704 5925 occultare—et
2732 5864 3076 5924 abscondere.
3110 5865 3292 5920 Bson.
