4102 6162
1761 243 2183 309 OCTAVIUS.

3566 246 3689 308 286

281 377 540 433 confessae
567 377 682 446 (32)
709 375 1014 447 imperitia:
1046 393 1280 431 summa
1309 375 1623 449 prudentia
1653 379 1764 433 est.
1799 381 1918 433 Hoc
1948 379 2002 445 Α
2033 377 2275 434 alteram
2307 383 2533 450 partem
2570 380 2680 451 (39)
2713 381 2951 436 ferenda
2983 379 3272 436 sententia
3329 382 3436 450 est,
3470 397 3540 434 ne
3585 371 3686 435 aut

280 467 420 522 fonte
449 465 692 520 deﬂuxit
717 465 1014 534 Arcesilae,
1035 472 1090 521 et
1113 465 1295 520 multo
1318 473 1447 538 post
1484 467 1824 532 Carneadis,
1857 471 1913 522 et

277 555 741 611 Academicorum
775 554 1163 627 plurimorum
1195 555 1305 627 (36)
1339 555 1398 610 in
1430 557 1681 611 summis
1722 573 1910 628 ques-

278 645 522 700 tionibus
546 649 676 700 tuta
696 643 984 699 dubitatio
1008 663 1021 712 ;
1051 661 1164 716 quo
1183 661 1392 717 genere
1424 644 1826 716 philosophari
1855 649 1911 702 et

278 739 429 790 caute
465 732 684 788 indocti
719 738 987 804 possunt,
1018 738 1077 788 et
1106 734 1258 788 docti
1287 732 1557 807 gloriose.
1593 734 1674 805 [Χ]
1706 735 1853 799 Quid
1884 733 1912 788 ‘I

278 823 583 878 Simonidis
606 821 828 877 Melesii
849 822 1122 894 (37)275
1146 839 1338 877 nonne
1360 823 1706 878 admiranda
1728 823 1912 878 omni-

279 913 374 967 bus
397 911 1049 967 etsectandacunctatio
1065 912 1092 966 ‘I
1107 913 1206 982 qui
1224 912 1717 978 Simonides,cum
1736 913 1805 967 de
1819 929 1906 978 eo,

277 1000 401 1073 quid
428 1005 484 1055 et
506 1000 707 1072 quales
732 1001 843 1073 (38)
865 1001 934 1072 [f0
958 1000 1044 1071 17]
1070 1000 1454 1055 arbitraretur
1471 1000 1632 1065 deos,
1669 1001 1740 1056 ab
1778 1001 1908 1056 Hie-

276 1107 400 1146 rone
424 1095 670 1162 tyranno
692 1088 1271 1162 quareretur,prirno
1311 1088 1714 1145 deliberationi
1755 1089 1908 1145 diem

273 1179 445 1252 petiit,
478 1178 760 1250 postridie
790 1178 1037 1234 biduum
1071 1178 1427 1251 prorogavit,
1461 1194 1594 1233 mox
1653 1179 1908 1236 alterum

271 1259 511 1337 tantum,
535 1267 893 1336 admonitus,
926 1267 1227 1336 adjunxit:
1262 1271 1579 1339 postremo,
1607 1284 1742 1323 cum
1768 1285 1907 1324 cau-

268 1375 356 1413 sas
389 1363 563 1414 tantis
596 1373 769 1411 more:
789 1362 1074 1428 tyrannus
1093 1357 1763 1429 inquireret,respondit
1787 1357 1907 1429 ille,

268 1446 408 1519 quod
436 1445 568 1514 sibi,
601 1448 822 1516 quanto
853 1444 1158 1517 inquisitio
1189 1445 1413 1501 tardior
1445 1450 1906 1518 pergeret,tanto

267 1536 469 1590 veritas
499 1534 660 1590 ﬁeret
689 1533 1014 1590 obscurior.
1051 1534 1180 1590 Mea
1207 1549 1442 1606 quoque
1479 1535 1908 1608 opinione,qua3

267 1629 397 1681 sunt
427 1622 626 1690 dubia,
648 1627 714 1678 ut
743 1627 908 1690 sunt,
941 1621 1329 1694 relinquenda
1359 1627 1532 1680 sunt:
1565 1641 1692 1696 nec,
1716 1628 1803 1682 tot
1840 1642 1907 1682 ac

263 1715 429 1770 tantis
455 1714 597 1769 viris
629 1711 1108 1784 deliberantibus,
1141 1715 1359 1769 temere
1389 1717 1446 1769 et
1502 1714 1804 1770 audaciter
1844 1715 1905 1771 in

2023 465 2196 523 anilis
2223 468 2537 525 inducatur
2569 471 2932 541 superstitio,
2964 476 3066 525 aut
3113 471 3304 525 omnis
3346 469 3548 540 religio
3581 471 3675 523 de-

2023 560 2313 613 struatur.

2643 629 2878 684 CAPUT
2906 629 3049 684 XIV.

2019 717 2453 790 ARGUMENTUM.
2479 716 2687 790 —-7Non
2707 719 2825 772 sine
2847 720 3024 772 animi
3045 719 3182 772 elati
3218 717 3448 786 fastidio
3483 734 3678 790 provo-

2089 792 2176 862 cat
2212 789 2503 862 Octavium
2531 789 2808 858 Czecilius,
2841 793 2902 843 ut
2931 792 3269 858 argumentis
3301 793 3418 844 suis
3460 805 3680 862 respon-

2091 859 2232 914 deat.
2295 862 2401 916 Cui
2456 861 2731 915 Minucius
2790 862 3040 916 modeste
3095 862 3408 928 respondet,
3460 859 3682 916 de—sua

2093 931 2240 986 hand
2269 931 2542 987 mediocri
2574 932 2907 1002 eloquentia.
2938 931 3106 1002 deque
3156 935 3427 988 concinna
3474 935 3676 989 oratio-

2088 1005 2180 1057 nis
2210 1005 2481 1059 varietate
2509 1020 2619 1058 non
2650 1019 2761 1058 esse
2791 1005 2903 1074 ipsi
2923 1003 3336 1058 easultandum.

2089 1093 2243 1148 276
2268 1093 2360 1148 Sic
2384 1091 2671 1159 Caecilius,
2696 1097 2753 1147 et
2772 1092 3050 1147 renidens
3070 1094 3227 1164 (nam
3253 1092 3675 1165 indignationis

2020 1181 2147 1251 ejus
2170 1187 2462 1237 tumorem
2476 1183 2671 1237 effusis
2687 1181 2971 1237 orationis
2986 1181 3242 1253 impetus
3255 1182 3629 1255 relaxaverat)
3655 1199 3668 1238 :

2018 1269 2236 1342 Ecquid
2270 1271 2345 1326 ad
2377 1270 2642 1338 haec,ait,
2676 1272 2855 1326 audet
2884 1270 3176 1337 Octavius,
3196 1271 3370 1326 homo
3393 1271 3670 1327 Plautinis

2018 1361 2304 1432 prosapiae
2335 1361 2471 1432 (40),
2522 1365 2587 1414 ut
2645 1360 2935 1432 pistorum
2995 1361 3351 1432 praecipuus,
3397 1360 3479 1414 ita
3537 1377 3668 1434 pos-

2017 1451 2246 1504 tremus
2277 1448 2762 1521 philosophorum
2793 1450 2822 1503 ‘l
2882 1451 3082 1520 Parce,
3133 1449 3398 1521 inquam,
3430 1448 3491 1504 in
3537 1465 3672 1505 eum

2017 1537 2293 1611 plaudere
2305 1539 2420 1610 (41)
2440 1564 2454 1605 ;
2475 1556 2663 1611 neque
2683 1537 2840 1594 enim
2857 1539 3026 1611 prius
3049 1537 3406 1595 exsultarete
3427 1537 3671 1611 dignum

2015 1631 2106 1684 est
2160 1627 2552 1684 concinnitate
2611 1629 2930 1694 sermonis,
2996 1643 3174 1701 quam
3225 1628 3496 1699 utrinque
3551 1629 3672 1701 ple-

2015 1716 2153 1773 nius
2208 1716 2324 1789 (42)
2381 1717 2555 1774 fuerit
2607 1721 2988 1791 peroratum;
3043 1717 3294 1775 maxime
3353 1733 3486 1775 cum
3546 1734 3663 1774 non

1685 1859 2017 1920 Variorum
2061 1867 2249 1921 notae.

256 1981 387 2058 illud
415 1979 539 2058 ideo
569 1979 844 2058 universis
871 1994 984 2058 esse
1009 1979 1386 2058 praepositum,
1418 1995 1558 2058 n_on_
1581 1980 1738 2058 quod,
1781 1985 1890 2058 etc.
1925 1987 1972 2052 Β
2002 1985 2278 2058 Eumenes
2316 1999 2447 2058 cum,
2497 2000 2675 2056 neque
2721 2000 2951 2056 magnas
2999 1985 3206 2056 copias,
3256 2001 3429 2058 neque
3474 1987 3664 2057 ﬁrmas

261 2052 458 2108 Davis:
494 2053 608 2120 Quo
637 2051 858 2106 oraculo
889 2049 1032 2105 idem
1065 2053 1186 2119 ipse
1210 2053 1502 2120 persensit,
1536 2049 1738 2108 idcirco
1767 2055 1895 2107 uni-

257 2126 423 2181 versis
451 2139 571 2178 sese
597 2123 975 2194 prxpositum,
1009 2127 1115 2177 etc.
1150 2122 1449 2178 Grunerus
1475 2139 1486 2176 :
1523 2123 1673 2191 Quod
1704 2141 1901 2180 oracu-

255 2197 387 2259 lum,
421 2196 580 2250 idem
611 2196 728 2265 ipse
776 2195 1086 2264 praesensit,
1150 2194 1371 2258 idcirco,
1433 2198 1568 2262 etc.,
1629 2199 1684 2249 et
1714 2197 1898 2264 addit,

252 2268 388 2322 velle
415 2266 714 2321 Minucium
766 2280 980 2320 omnem
1032 2282 1067 2320 a
1121 2266 1347 2321 Socrate
1399 2265 1902 2323 dissimulationem

253 2355 551 2405 removere,
578 2336 724 2408 quod
751 2345 803 2392 et
830 2337 1082 2392 Justinus
1107 2339 1323 2408 fecerit,
1357 2337 1418 2391 in
1464 2338 1644 2392 verbis
1689 2339 1756 2394 ab
1797 2340 1898 2396 He-

250 2411 408 2465 raldo
437 2411 644 2464 allatis.
679 2408 1058 2479 Heumannus
1089 2410 1297 2465 verba:
1333 2411 1491 2479 Quod
1539 2411 1896 2465 oraculum...

313 2483 612 2553 xpositum
638 2485 941 2550 tamquam
999 2478 1291 2552 glossema
1335 2478 1513 2553 delet,
1544 2486 1601 2536 et
1658 2481 1738 2536 ita
1777 2481 1900 2537 vult

273 2551 407 2625 egi:
438 2552 698 2608 Merito...
722 2553 1064 2621 singularis:
1087 2569 1198 2608 non
1227 2551 1436 2677 quoii...
1454 2552 1760 2623 didicisset,
1786 2559 1895 2610 etc.

1377 2640 1613 2677 INDNER.

1377 2640 1613 2678 INDNER.

321 2695 434 2768 (35)
468 2696 549 2750 Ita
576 2695 851 2768 confessae.
887 2694 1170 2764 Confessio
1201 2691 1318 2768 alii.
1354 2697 1524 2768 Itaet
1576 2695 1729 2750 infra
1769 2711 1894 2766 cap.

253 2765 340 2831 38,
385 2766 734 2838 1,Aconfessio
766 2767 1004 2821 timoris.
1037 2767 1116 2821 Ac
1147 2781 1239 2820 res
1271 2765 1399 2836 ipsa
1453 2766 1732 2838 loquitur,
1765 2765 1896 2838 pec~

256 2784 340 2831 se,
385 2784 434 2835 1,
468 2784 734 2834 con/essm
766 2784 1004 2821 umoris.
1037 2784 1116 2821 ac
1147 2784 1239 2820 res
1271 2784 1399 2836 Ipsa
1454 2784 1507 2822 ιο
1555 2784 1690 2822 uitui

256 2853 418 2893 casse
449 2836 779 2891 librarium.
1496 2784 1690 2894 genus.

321 2909 433 2979 (36)
461 2908 902 2979 Academicorum
929 2907 1324 2976 plurimorum,
1358 2907 1466 2963 hoc
1510 2915 1599 2964 est
1637 2925 1894 2966 numero-

253 2978 435 3035 sorum
465 2990 518 3055 et
545 2978 1121 3055 variorum._Plinius,
1151 2980 1205 3048 9,
1242 2981 1341 3047 12;
1393 2982 1740 3055 Aquatilium
1779 2989 1896 3055 teg-

251 3061 431 3107 menta
457 3053 632 3124 plura
662 3059 819 3124 sunt._
840 3051 908 3104 Et
937 3051 1173 3105 omnino
1205 3055 1365 3124 secta
1413 3051 1893 3109 Academicorum

251 3122 568 3179 numerosa
595 3128 739 3178 erat.
773 3122 1132 3178 Numeratur
1159 3123 1314 3177 enim
1364 3125 1677 3179 Academia
1706 3131 1893 3192 vetus,

253 3196 462 3261 media,
487 3212 654 3261 nova,
691 3197 904 3320 quarta
928 3199 986 3248 et
1042 3193 1266 3265 quinta.
1302 3194 1368 3249 Et
1425 3195 1512 3250 ba;
1571 3195 1792 3252 classes
1832 3213 1897 3252 ac

253 3265 425 3320 veluti
456 3266 648 3320 canita
679 3284 710 3320 ι)
741 3265 1092 3320 uresitidem
1125 3281 1403 3320 personas
1426 3267 1894 3320 comniecteban-

248 3265 425 3340 veluti
456 3266 648 3340 capita
679 3265 873 3340 plures
891 3265 1092 3340 itidem
1125 3281 1403 3340 personas
1426 3267 1894 3340 complecteban-

248 3341 362 3392 tur.
398 3336 985 3407 Davisius'conjecit:
1038 3337 1502 3412 Academicorum,
1555 3336 1893 3412 Pyrrhonio-

249 3425 382 3462 rum
411 3427 468 3463 in
499 3412 752 3477 summis,
783 3414 1063 3481 etc_.,cum
1099 3414 1289 3481 tamen
1310 3411 1637 3481 Pyrrhonii,
1662 3417 1727 3466 ut
1750 3412 1898 3468 bene

251 3486 448 3553 monet
475 3481 716 3553 Wopk.,
752 3479 921 3535 facile
972 3479 1377 3553 intelligantur
1424 3483 1481 3536 in
1541 3483 1896 3540 Academicis.

250 3550 610 3608 Heumanno'
626 3553 803 3608 rescri
821 3554 951 3606 bere
982 3550 1207 3626 placet':
1237 3553 1686 3626 Academicorum
1701 3557 1899 3626 junio-

247 3638 401 3678 rum.
432 3627 514 3679 An
547 3640 682 3679 vero
718 3641 817 3695 per
848 3624 1274 3694 appositionem
1301 3625 1450 3680 ?Sed
1475 3624 1761 3683 Arcesilas
1778 3632 1902 3683 erat

252 3701 430 3766 caput
457 3696 766 3752 Academiw
797 3696 1017 3750 mediae.
1078 3704 1171 3766 An,
1225 3712 1359 3750 vero
1417 3697 1897 3754 Academicorum

237 3765 544 3888 iuniorum
583 3768 647 3821 fit
680 3767 894 3822 mentio
926 3770 1132 3837 praeter
1162 3765 1270 3821 hos
1300 3767 1643 3824 duumviros
1674 3770 1899 3824 aCaeci-

270 3836 322 3888 io
356 3840 692 3888 nominatos
713 3838 740 3888 ?
770 3839 878 3888 Sed
913 3843 1038 3888 erat
1067 3839 1393 3888 Carneades
1425 3840 1648 3888 assecla
1704 3841 1899 3888 Acade-

270 3836 322 3891 io
356 3840 692 3895 nominatos
713 3838 740 3893 ?
770 3839 879 3893 Sed
913 3836 1038 3893 erat
1067 3839 1393 3894 Carneades
1425 3840 1648 3895 assecla
1700 3841 1901 3896 Acade-

243 3913 382 3986 miae
408 3926 583 3986 novae.
621 3912 912 3986 Eteonon
951 3911 1276 3965 Academiae
1320 3911 1495 3986 veteri
1555 3929 1719 3983 aeque
1770 3913 1896 3986 pla-

241 3981 373 4036 cuit.
399 3983 462 4037 de
488 3983 727 4053 singulis
757 3981 1014 4037 dubitare
1043 3999 1108 4037 ac
1137 3997 1296 4039 novae
1326 3982 1447 4109 site
1466 3981 1728 4054 juniori?

1427 4071 1658 4109 tNDNER.

1427 4071 1658 4110 lNDNER.

310 4122 422 4195 (3’7)
454 4124 756 4180 Simonidis
786 4124 1027 4181 Malesii.
1057 4122 1356 4180 Undenam
1383 4128 1614 4181 nemine
1659 4129 1892 4182 contra-

233 4191 466 4269 diCente
490 4198 746 4269 editores
777 4212 986 4251 omnes
1007 4211 1196 4269 usque
1227 4197 1296 4250 ad
1333 4197 1889 4269 novissimumlege-

235 4267 398 4341 rint;
429 4268 732 4341 Simonidis
762 4269 962 4330 Melici,
1007 4265 1163 4341 latet.
1206 4270 1583 4341 Nec__sanius
1643 4265 1892 4341 ipsemet

236 4333 564 4411 Lindnerus
599 4340 858 4411 scripsit,
893 4344 951 4394 et
980 4339 1029 4392 si
1064 4338 1184 4392 hinc
1215 4337 1271 4392 in
1321 4339 1480 4395 Notis
1537 4333 1752 4396 habeat
1808 4342 1891 4396 Ita

236 4409 512 4484 scriptum
544 4409 901 4484 inme—sreg.
938 4411 1189 4484 Etsane
1215 4426 1383 4466 voces
1436 4411 1580 4468 istas
1621 4417 1888 4484 repetere

231 4488 392 4554 amat
413 4482 726 4548 Minucius,
758 4481 873 4537 hoc
897 4482 1067 4538 modo
1099 4481 1253 4536 intra
1282 4498 1407 4554 cap.
1447 4485 1548 4541 19:
1604 4481 1709 4538 Sit'
1734 4484 1885 4540 Mile-

222 4551 352 4604 sius
379 4555 562 4609 Thales
590 4555 842 4610 omnium
868 4556 1108 4623 primus,
1142 4554 1242 4623 qui
1297 4551 1369 4609 de
1417 4556 1726 4610 caelestibus
1767 4555 1883 4610 dis-

220 4627 459 4697 putavit.
492 4626 643 4681 Idem
671 4625 942 4697 Milesius
974 4624 1170 4679 Thales
1205 4641 1394 4697 rerum
1427 4627 1662 4682 initi-um
1682 4642 1886 4697 aquam

221 4691 512 4770 eiussu
534 4695 820 4770 Apuleius
847 4696 1034 4753 Miles.
1059 4698 1084 4750 1
1115 4713 1127 4749 :
1167 4696 1536 4770 Phessaliam,
1570 4714 1704 4752 nam
1725 4691 1792 4752 ἐι
1819 4700 1886 4754 il-

221 4762 299 4837 lic
331 4769 564 4837 originis
585 4762 863 4825 maternae
888 4776 1092 4824 nostra!
1114 4768 1484 4836 fundamenta
1513 4787 1550 4824 α
1579 4769 1884 4826 Plutarcho

220 4835 325 4891 illo
347 4835 577 4913 inclyta,
611 4857 676 4894 ac
703 4856 854 4913 mon
885 4840 1066 4913 Sexto
1101 4835 1450 4910 Philosopho,
1489 4845 1700 4913 nepote
1744 4844 1881 4912 ejus,

217 4909 730 4982 proditafgloriam
757 4911 922 4983 nobis
947 4912 1172 4983 faciunt
1194 4928 1214 4966 :
1269 4909 1389 4966 eam
1442 4909 1780 4967 Thessaliam
1814 4909 1884 4969 ea:

217 4985 434 5054 negotio
459 4983 733 5054 petebam.
765 4983 877 5038 Sed
913 4982 1256 5052 b'ujusmodi
1307 4983 1688 5054 repetitiones
1720 4986 1876 5054 apud

218 5002 434 5050 negotio
459 5002 733 5054 petebam.
765 5002 877 5038 Sea
913 5002 1256 5052 DUJUBmOOl
1307 5002 1688 5054 repetitiones
1720 5002 1754 5038 a
1800 5002 1876 5040 ua

218 5047 413 5120 ipsum
443 5060 724 5110 Caesarem
760 5054 1004 5110 memini
1039 5070 1131 5108 me
1162 5054 1378 5125 saepius
1408 5055 1732 5110 observare.
1759 5002 1876 5111 glu-

218 5135 380 5198 anno.
415 5157 483 5166 —
525 5127 621 5182 Sic
667 5143 794 5198 cap.
851 5127 956 5181 32:
1019 5125 1326 5181 Saturnum
1373 5129 1520 5181 enim
1571 5129 1875 5198 principem

215 5191 377 5267 hujus
406 5201 624 5267 generis
654 5203 705 5253 et
736 5191 1014 5253 examinis
1061 5213 1250 5253 omnes
1295 5191 1587 5256 scriptores
1630 5191 1868 5254 vetusta-

214 5266 497 5341 ti:,Graeci
557 5270 900 5341 Romanique
955 5270 1232 5324 hominem
1286 5269 1662 5340 prodiderunt.
1714 5301 1781 5310 —-
1824 5273 1873 5326 Is

213 5336 396 5413 ﬁlaque
457 5340 750 5406 Saturnus,
804 5336 968 5396 Ὄνεια
1023 5336 1340 5413 profugus,‘
1373 5346 1507 5410 etc.,
1567 5358 1695 5413 cap.
1754 5342 1868 5398 26:

211 5405 449 5482 Spiritus
476 5421 606 5468 sunt
635 5405 925 5476 insinceri,
957 5405 1439 5482 vagi,'a'ccelesti
1481 5405 1673 5481 uigore
1701 5417 1868 5468 terre-

211 5481 292 5555 nis
327 5483 548 5538 labibus
604 5487 660 5537 et
714 5481 1110 5555 cupiditatibus
1176 5484 1486 5552 degravati.
1542 5486 1644 5540 Isti
1693 5485 1868 5555 igitur

208 5547 464 5626 Spiritus,
493 5547 880 5626 posteaquam,
931 5560 1066 5626 etc.,
1128 5560 1184 5610 et
1250 5547 1377 5626 cap.
1419 5557 1526 5610 27:
1562 5557 1662 5611 Isti
1686 5547 1866 5623 igitur

203 5622 409 5698 impuri
451 5622 713 5694 spiritus:
757 5631 898 5698 Cap.
948 5622 1144 5693 111,7,
1185 5622 1390 5698 testam
1438 5629 1657 5684 teretem
1677 5622 1863 5697 jacta-

197 5696 338 5770 tione
365 5700 646 5769 ﬂuctuum
677 5696 918 5770 levigam
953 5699 1132 5770 legere
1161 5696 1227 5752 de
1251 5699 1458 5769 littore,
1491 5715 1613 5754 eam
1660 5696 1864 5756 testam

189 5767 503 5840 plano'situ
532 5770 748 5845 digitis,
781 5767 919 5844 etc.,
962 5767 1022 5826 C'.
1079 5768 1293 5842 Nepos,
1345 5767 1603 5827 Eumene
1657 5786 1748 5844 in,
1777 5772 1811 5827 3
1844 5788 1858 5832 :

2007 2056 2254 2129 haberet.
2276 2085 2357 2129 (-7-
2413 2057 2675 2111 Eumenes
2735 2058 2906 2126 igitur
2935 2056 3418 2128 intelligebatfad
3477 2056 3656 2129 quem

2008 2125 2203 2183 locum
2235 2127 2502 2182 videatur
2530 2125 2857 2184 Boecler’us.
3122 2125 3135 2128 ⁷
3220 2129 3495 2184 LINDNER.

2080 2199 2194 2269 (38)
2229 2199 2369 2266 Quid
2398 2208 2448 2254 et
2480 2201 2686 2270 quales.
2723 2199 2815 2254 Sic
2844 2216 3026 2271 supra
3056 2217 3184 2271 cap.
3247 2202 3334 2270 17,
3375 2202 3660 2255 Hominem

2009 2285 2168 2325 nosse
2199 2287 2256 2325 se
2281 2278 2332 2325 et
2360 2272 2789 2344 circumspicere
2816 2271 3028 2339 debere,
3065 2271 3195 2398 quid
3241 2274 3332 2337 sit,
3367 2289 3538 2343 quare
3565 2273 3654 2328 sit.

3185 2359 3410 2398 INDNER.

3185 2359 3410 2398 INDNER.

2079 2412 2191 2484 (39)
2224 2414 2286 2467 In
2314 2413 2552 2467 alteram
2581 2418 2811 2484 partem.
2854 2414 2981 2470 Non
3038 2418 3128 2470 est
3184 2431 3287 2470 cur
3331 2416 3657 2471 alterutram

2009 2483 2149 2559 velis
2185 2485 2553 2559 pro‘alteram
2581 2483 2671 2559 (ut
2703 2486 2838 2540 fecit
2871 2485 3156 2559 Davisius)
3184 2503 3196 2542 :
3241 2487 3430 2559 quod,
3461 2490 3651 2559 poste-

2007 2554 2132 2628 rius
2171 2554 2494 2626 saepissime
2555 2554 2677 2628 pro)
2738 2559 2934 2628 priore
2992 2554 3307 2613 adhibetur
3346 2576 3380 2614 a
3413 2554 3655 2612 Latinis.

2007 2573 2132 2610 rius
2171 2573 2494 2626 saepissime
2595 2573 2677 2626 r0)
2738 2574 2934 2628 priore
2992 2573 3307 2613 aaninetur
3346 2576 3380 2614 a
3413 2573 3655 2612 Latinis.

2007 2626 2218 2698 Supra,
2253 2643 2379 2699 cap.
2411 2629 2446 2682 5
2473 2645 2486 2683 :
2525 2573 2589 2684 δέ
2624 2629 2827 2684 libram
2859 2635 3071 2697 teneas,
3101 2631 3410 2700 aequissimi
3428 2629 3657 2700 judicis,

2005 2714 2106 2753 nec
2135 2700 2196 2773 in
2221 2700 2456 2773 alterum
2484 2705 2700 2770 partem
2745 2717 3046 2773 prapensus
3094 2702 3402 2756 incumbas.
3435 2701 3658 2768 Cicero,

2009 2770 2188 2824 Acad.
2227 2788 2287 2835 II,
2321 2771 2446 2843 43g
2485 2776 2606 2843 Non
2659 2770 2858 2842 potest
2889 2775 3064 2842 igitur
3117 2781 3349 2843 uterque
3405 2788 3516 2828 esse
3570 2789 3658 2827 sa-

2003 2841 2355 2915 piensntsed
2385 2841 2547 2915 alter.
2583 2841 2754 2915 Plura
2782 2841 3044 2915 depromi
3078 2841 3340 2913 exempla
3370 2859 3437 2915 ex
3488 2844 3659 2898 Fabri

2005 2913 2180 2968 Thes.
2214 2913 2547 2968 Tursellino
2577 2914 2649 2969 de
2697 2913 2873 2969 Part.‘
2915 2915 3301 2971 Freinshemii
3364 2913 3558 2970 Indice
3598 2915 3656 2970 in

2011 2983 2265 3050 Florum,
2301 2991 2358 3039 et
2388 2985 2625 3040 aliunde
2659 2989 2926 3056 possunt.
3326 2988 3531 3042 Wopx.

2081 3056 2193 3126 (40)
2225 3058 2394 3129 Homo
2427 3057 2708 3129 Plautina:
2733 3058 3036 3129 prosapiae.
3096 3056 3166 3111 Et
3223 3061 3416 3129 tamen
3466 3057 3658 3112 adhuc

2008 3125 2183 3181 haeret
2215 3127 2372 3182 illius
2406 3128 2602 3184 animo
2632 3125 2915 3185 dicacitas
2945 3128 3190 3196 Octavii,
3221 3127 3514 3184 Caecilium
3537 3135 3656 3184 tam

2004 3196 2426 3272 l‘uculentoidie
2483 3201 2798 3272 impegisse
2858 3201 2915 3254 in
2975 3200 3222 3272 lapides,
3258 3218 3324 3256 eo
3393 3204 3544 3272 quod
3597 3200 3658 3255 in

2006 3268 2262 3344 Ostiensi
2296 3270 2492 3344 littore
2524 3268 2777 3342 lapidem
2812 3268 3052 3344 unctum
3085 3277 3153 3344 et
3168 3268 3493 3344 effigiatum
3528 3272 3659 3344 Eth-

2016 3342 2632 3414 nicorumgadorasset.
2704 3346 2904 3414 Itaque
2960 3342 3297 3398 Octavium'
3321 3360 3492 3398 suum
3543 3342 3656 3399 alio

2011 3415 2134 3469 sale
2164 3412 2444 3480 defricat;
2475 3419 2531 3468 et
2560 3412 2844 3470 Hominem
2876 3431 3004 3470 esse
3038 3414 3177 3469 dicit
3207 3415 3492 3471 Plautinae
3533 3431 3656 3485 pro-

2008 3487 2224 3568 sapiae:
2253 3486 2408 3568 quod
2443 3485 2658 3568 prinma.
2691 3487 2926 3568 quidem
2987 3487 3177 3568 fronte
3209 3487 3302 3568 .ad.
3355 3486 3655 3568 Plautinos

2009 3561 2236 3628 tantum
2261 3557 2430 3626 jncos
2462 3557 2660 3612 referri
2695 3559 2979 3614 videatur.
2999 3564 3070 3611 At
3091 3557 3341 3613 subinde
3373 3559 3537 3614 illum
3563 3559 3654 3628 ip-

2010 3643 2142 3683 sum
2171 3627 2472 3701 hominem
2505 3628 2840 3685 Plautinum
2868 3629 2926 3684 in
2961 3629 3275 3701 pistrinum
3314 3629 3519 3693 trudit,
3554 3630 3653 3684 ubi

2010 3698 2389 3771 tresifabulas
2421 3701 2731 3771 scripsisse
2765 3701 2840 3756 M.
2874 3698 3112 3756 Accium
3147 3701 3418 3756 Plautum
3476 3701 3656 3756 Varro

2009 3770 2362 3842 etplerique
2394 3771 2490 3826 alii
2526 3770 2916 3828 tradiderunt.
2952 3772 3068 3828 Hoc
3098 3789 3232 3827 vero
3285 3771 3658 3842 pistrinensis

2011 3788 2068 3825 et
2143 3788 2362 3842 ierique
2394 3788 2490 3826 am
2526 3788 2916 3828 tradiderunt.
2952 3788 3068 3828 hoc
3098 3789 3232 3827 vero
3285 3788 3655 3842 pismnensis

2011 3788 2235 3923 mil-Etim
2263 3843 2546 3923 probrum
2582 3849 2818 3923 torquet
2847 3844 2904 3923 in
2938 3844 3240 3923 Octavium
3263 3843 3548 3923 pacilius,
3584 3845 3655 3899 ob

2008 3913 2310 3986 religionis
2342 3913 3167 3988 christiana:simplicitatem,
3185 3917 3355 3985 cujus
3377 3932 3658 3988 sequaces

2003 4001 2221 4058 magna
2260 4003 2395 4058 pars
2427 3991 2594 4041 erant
2623 3986 2900 4058 idiotae'et
2959 3987 3218 4058 opifices,
3263 3993 3325 4041 ut
3387 3986 3655 4056 pistores,

2005 4063 2231 4112 sutores
2262 4063 2318 4129 et
2348 4057 2403 4111 id
2438 4074 2624 4129 genus
2655 4057 2775 4114 alii.
2813 4058 2906 4113 Ait
2963 4057 3144 4129 igitur
3196 4057 3491 4113 Octavium
3526 4075 3654 4113 esse

2003 4128 2712 4200 quideminter’pistores
2752 4128 3114 4186 Christianos
3177 4130 3556 4200 przecipuum,
3593 4134 3653 4184 at

2002 4200 2168 4282 inter.
2212 4199 2597 4282 philosophos
2652 4207 3033 4282 postremum.
3081 4199 3458 4282 .RIGALD-s-f
3493 4201 3650 4282 H‘anc

2000 4270 2352 4326 olimtritam
2379 4270 2555 4344 fuisse
2579 4270 2870 4344 proverbii
2889 4272 3194 4327 formulam
3221 4273 3650 4328 testanturhaic

1999 4349 2094 4398 sat
2126 4343 2451 4414 frequentia
2483 4343 2636 4415 apud
2671 4344 2736 4400 D.
2771 4345 3001 4400 Hieron.
3036 4345 3276 4400 Inventa
3297 4353 3424 4397 sunt
3478 4345 3645 4400 Plau-

1999 4416 2139 4471 tina
2167 4415 2425 4484 familiae,
2459 4415 2641 4486 Epist.
2675 4432 2897 4470 xxvn...
2959 4416 3236 4471 Plautinae
3290 4415 3530 4486 familiae
3560 4432 3645 4471 co-

2000 4486 2208 4541 lumen.
2246 4487 2426 4556 Epist.
2462 4503 2632 4542 xnvn.
3319 4487 3454 4541 Enn.

2065 4557 2180 4628 (41)
2213 4559 2380 4614 Parce
2411 4559 2470 4611 in
2500 4575 2627 4612 eum
2657 4557 2941 4624 plaudere.
3003 4557 3298 4612 Caecilium
3351 4558 3646 4613 Minucius

1985 4627 2111 4698 jam
2145 4629 2462 4701 repercutit
2501 4630 2773 4701 Plautina
2797 4699 2806 4701 4
2833 4630 3139 4701 prosapia,
3169 4635 3364 4694 Parce,
3428 4630 3642 4701 inquit,

1993 4700 2051 4754 in
2077 4716 2200 4754 eum
2230 4699 2510 4770 plaudere.
2545 4699 2720 4764 Quasi
2754 4699 3007 4755 dioereti
3041 4700 3167 4756 Noli
3225 4701 3282 4755 in
3341 4699 3644 4758 Octavium

1997 4776 2262 4826 nostrum
2295 4770 2504 4824 latrare
2563 4787 2696 4825 cum
2760 4771 2861 4826 illa
2917 4777 3019 4828 tua
3085 4771 3372 4835 Plautina,
3407 4774 3527 4828 sive
3562 4772 3643 4827 la-

1995 4842 2519 4925 trante‘prosapia.
2656 4848 2745 4897 est
2769 4843 2937 4925 jocus
2967 4844 3199 4925 duplex.
3234 4845 3644 4925 Nam__per_act.a

1997 4913 2283 4987 comcedia
2313 4913 2503 4987 solent
2531 4920 2754 4970 actores
2785 4913 3063 4986 plausum
3097 4921 3307 4987 petere.
3346 4913 3447 4970 Hic
3479 4916 3645 4970 Caeci-

1987 4983 2105 5040 lius
2139 4985 2250 5040 sibi
2284 4985 2512 5055 plaudit
2542 4987 2599 5040 in
2665 4983 2866 5042 odium
2927 4993 2984 5042 et
3041 4983 3345 5042 infamiam
3397 4987 3639 5042 Octavii.

1986 5058 2254 5130 Plausius
2277 5062 2472 5112 autem
2509 5058 2685 5113 datur
2739 5059 3100 5130 complausis
3159 5059 3277 5112 sive
3325 5056 3642 5128 complosis

1987 5128 2303 5195 manibus;
2337 5134 2394 5184 et
2431 5130 2742 5199 plautiores
2771 5128 2988 5186 conchae
3017 5130 3297 5184 dicuntur
3328 5145 3454 5199 quae
3501 5132 3644 5183 sunt

1983 5201 2054 5272 ad
2089 5200 2647 5272 plausumaptiores
2671 5218 2684 5267 ;
2710 5206 2766 5272 et
2786 5203 2968 5269 plauti
2994 5217 3155 5272 canes
3186 5215 3435 5272 quorum
3472 5216 3645 5256 aures

1983 5270 2324 5343 dependulae
2358 5270 2612 5328 ﬂaccidis
2646 5278 2702 5326 et
2732 5271 2967 5328 latiores
2999 5270 3358 5396 appflfudunl
3392 5272 3593 5342 capiti.

3162 5358 3338 5396 IGALT.

3162 5358 3338 5397 IGAUE

2050 5414 2164 5494 (42)
2197 5414 2445 5494 Plenius.
2494 5413 2840 5494 _Gronovius
2895 5412 3019 5494 legi
3064 5413 3215 5494 ⁸ναις¹
3249 5415 3505 5494 penitus,
3539 5415 3638 5494 sed

1977 5483 2193 5540 ruetra.
2230 5483 2420 5538 Latini
2449 5484 2679 5554 plenum
2709 5485 2933 5549 dicunt,
2971 5483 3074 5537 cui
3139 5483 3285 5538 nihil
3345 5485 3534 5545 deest.
3570 5486 3641 5541 de

1977 5572 2092 5627 qua
2123 5554 2552 5627 signiﬁcatione
2582 5556 2739 5610 vocis
2770 5555 2941 5626 plura
2973 5555 3186 5610 damus
3221 5557 3288 5609 ad
3329 5557 3469 5611 Aur.
3507 5557 3640 5612 Vic-

1974 5626 2085 5683 tor.
2121 5629 2271 5698 Orig.
2307 5626 2460 5683 Gent.
2495 5627 2674 5688 Rom.
2704 5644 2806 5688 x11.
2869 5626 2956 5681 12.
3015 5627 3156 5682 Inde
3210 5627 3373 5697 plene
3421 5627 3645 5684 dicitur

1972 5716 2078 5772 pro
2108 5701 2331 5755 omnino
2362 5714 2487 5753 cxc.
2522 5698 2593 5772 ad
2627 5698 2730 5772 Qu.
2764 5700 2949 5772 Fratr.
2979 5701 3102 5772 1,_1,
3139 5698 3226 5772 13_,
3260 5716 3306 5754 s.
3342 5699 3438 5755 hoc
3473 5698 3644 5772 plene

1968 5768 2148 5832 citare
2176 5785 2291 5832 non
2314 5777 2490 5848 potes.
2522 5769 2741 5833 Justin.
2775 5786 2856 5844 xi,
2898 5771 2989 5843 11,
3016 5770 3075 5830 9.
3141 5768 3288 5830 Hinc
3345 5768 3498 5840 apud
3530 5768 3646 5825 Mi-
