4102 6162
463 372 575 432 291

1760 364 1818 424 Μ
1830 407 1844 422 .
1893 361 2198 426 MINUCII
2247 363 2568 424 FELICIS.

3723 372 3826 436 292

461 498 851 555 conviciorum
883 494 1312 551 amarissimam
1364 493 1554 550 labem
1602 495 1912 551 verborum
1943 512 2105 551 vera-
2135 495 2191 562 Α
2220 495 2473 560 credere,
2532 491 2766 549 interim
2825 508 2889 549 se
2945 491 3266 548 deliberare
3320 493 3554 551 variavit
3599 497 3722 569 (68),
3750 506 3824 575 ut,

458 589 615 645 cium
647 587 760 655 (62)
799 587 853 641 in
906 583 1147 640 flumine
1195 583 1512 640 diluamus.
1558 585 1674 640 Nec
1723 583 2109 640 dissimulabo

455 676 739 750 principio
765 676 846 730 ita
878 673 1097 729 Natalis
1132 673 1243 728 mei
1278 673 1386 746 (63)
1419 689 1732 739 errantem,
1773 673 2105 746 vagam,lu-

457 766 676 822 bricam
706 770 945 819 nutasse
973 763 1090 834 (64)
1123 763 1496 829 sententiam,
1530 768 1591 818 ut
1621 763 1698 818 sit
1730 764 1897 818 nobis
1929 761 2109 818 ambi-

459 857 738 930 gendum,
773 858 970 909 utrum
1021 857 1122 908 tua
1170 852 1417 907 eruditio
1451 853 1563 924 (65)
1593 853 1830 908 turbata
1862 853 1940 908 sit
1970 854 2104 924 (66),

457 963 530 1001 an
563 943 916 1000 vacillaverit
946 957 1049 1015 per
1077 958 1333 998 errorem
1364 942 1497 1014 (67).
1521 942 1668 998 Nam
1699 941 1932 997 interim
1967 942 2105 998 deos

2223 582 2632 656 propositionis
2663 583 2902 650 incerto,
2938 582 3082 638 28]
3149 581 3255 652 [in)
3299 582 3473 638 certio
3515 583 3588 656 [r]
3617 602 3825 658 respon.

2220 673 2402 728 sionis
2435 677 2645 728 nostrae
2677 670 2921 728 intentio
2946 670 3058 742 (69)
3083 671 3551 727 fundaretur.Sed
3575 674 3628 728 in
3651 678 3825 734 Natale

2219 779 2348 818 meo
2383 762 2493 834 (70)
2528 762 2844 818 versutiam
2899 760 3053 826 nolo,
3089 777 3202 815 non
3252 761 3419 816 credo
3465 761 3608 833 (71):
3657 767 3828 835 procul

2217 857 2306 907 est
2333 852 2406 906 ab
2431 853 2558 922 ejus
2589 849 2961 922 simplicitate
2982 848 3335 921 (72)subtilis
3365 852 3675 908 urbanitas.
3701 853 3829 918 Quid

2215 940 2398 1014 igitur
2427 940 2454 995 ‘I
2486 939 2557 997 Ut
2589 940 2691 1012 qui
2721 945 2940 996 rectam
2989 939 3140 996 viam
3199 938 3401 1008 nescit,
3433 939 3550 1010 ubi,
3590 946 3650 997 ut
3677 943 3753 1012 ﬁt,
3782 944 3831 1000 in

1896 1059 2227 1122 Variorum
2271 1065 2436 1121 notae
2449 1105 2462 1119 .

457 1173 838 1243 praeterquam
866 1165 1044 1231 enim,
1079 1166 1233 1236 quod
1267 1165 1608 1243 i_s_ultimus
1645 1167 1820 1222 verba
1851 1166 2005 1243 fecit,
2039 1183 2108 1243 ac

456 1237 700 1314 proinde
730 1256 924 1294 sermo
971 1254 1104 1314 eum
1138 1237 1410 1314 respiciat
1458 1253 1694 1294 necesse
1723 1244 1832 1302 est,
1866 1237 2106 1314 cuiuisi

456 1309 787 1370 Christiano
817 1309 1107 1373 convenit,
1163 1309 1550 1381 conviciorum,
1593 1327 1721 1381 quae
1770 1311 2110 1381 profuderat

457 1383 743 1453 Caecilius,
787 1381 1197 1436 amarissimam
1248 1380 1784 1453 labem,_verb’orum’
1834 1384 2109 1437 veracium

459 1458 684 1527 ﬂumine
712 1451 924 1510 diluere
950 1455 972 1527 ἒ
996 1451 1349 1527 anqspisi
1385 1451 1804 1527 fallor,mecum
1829 1455 2104 1525 sentient,

457 1523 515 1583 et
547 1527 780 1599 lapsum,
809 1525 1125 1595 Rigaltium
1159 1523 1515 1599 fatebuntur.
1551 1524 1740 1599 DAVis.

533 1597 645 1669 (62)
666 1597 958 1669 Verborum
984 1599 1276 1669 veracium;
1292 1597 1351 1669 in
1373 1598 1581 1669 lumine
1600 1597 1881 1669 scriptum
1906 1597 1964 1650 in
1989 1612 2102 1651 ms.

461 1665 580 1741 reg.
613 1665 672 1724 et
719 1668 973 1741 editione
1019 1668 1188 1741 Rom.
1249 1665 1520 1741 Qelenius
1580 1665 1838 1741 ediderat
1878 1669 2103 1741 lumine.

455 1737 842 1822 Suspicantur
869 1738 964 1792 alii
995 1739 1242 1822 ﬂumine.
1280 1737 1533 1822 Harman:
1567 1770 1628 1778 —
1661 1740 1916 1822 Flumine
1943 1739 2104 1822 Fulv.

454 1809 724 1880 Ursinus,
760 1812 934 1882 idque
967 1817 1138 1864 recte.
1173 1809 1318 1863 Nam
1371 1812 1427 1862 1ο
1456 1810 1605 1882 laves
1639 1828 1749 1865 non
1784 1814 1844 1864 in
1874 1812 2105 1876 lumine,

454 1886 551 1938 sed
587 1886 814 1953 [lumine
845 1881 964 1937 eive
994 1898 1165 1951 aqua,
1200 1882 1320 1953 sive
1351 1898 1465 1953 quo
1489 1881 1601 1936 alio
1629 1882 1806 1936 fluido
1838 1882 2128 1936 diluitur._

455 1955 672 2010 Seneca
702 1956 914 2024 Hippol.
943 1953 1082 2006 890:
1121 1952 1315 2006 Labem
1362 1952 1506 2006 hanc
1552 1954 1774 2022 pudoris
1819 1956 1962 2008 eluet
2009 1969 2109 2007 no-

452 2036 564 2082 ster
584 2043 764 2080 cruor.
789 2027 847 2078 2°
870 2026 1100 2080 Flumen
1126 2026 1392 2078 orationis
1415 2034 1464 2078 et
1488 2025 1775 2079 verborum
1795 2032 1995 2079 notum
2019 2030 2109 2079 est

457 2099 608 2169 apud
645 2094 1277 2169 scriptoresoptimos.
1317 2099 1536 2169 icontra
1583 2096 1798 2150 lumina
1845 2098 2111 2169 orationis

458 2165 922 2239 diversum'quid
949 2165 1366 2239 significant.30
1393 2166 1608 2221 Natura
1641 2168 1792 2222 verbi
1826 2167 2112 2223 diluamus

459 2241 567 2296 hoc
599 2238 1022 2310 postulat.Nam
1055 2238 1207 2307 quod
1239 2239 1738 2310 coloresietodores
1770 2239 2107 2306 diluuntur;

457 2314 566 2367 hoc
598 2309 764 2374 longe
798 2312 862 2364 fit
892 2309 1009 2364 alia
1039 2311 1292 2381 notione.
1321 2310 1386 2381 νίιο
1416 2309 1537 2363 Non
1569 2317 1658 2363 est
1689 2311 1934 2366 dubium
1969 2310 2109 2381 quin

460 2385 515 2437 in
548 2389 742 2437 mente
772 2381 1043 2435 habuerit
1073 2379 1364 2435 Ciceronis
1397 2384 1586 2435 locum
1619 2383 1720 2436 lib.
1756 2399 1795 2436 ιι
1824 2385 1892 2436 de
1914 2379 2106 2437 Natur.

453 2456 612 2509 Deor.
648 2471 774 2525 cap.
804 2455 838 2506 7
867 2469 878 2506 :
917 2452 1194 2525 Orationis
1222 2451 1454 2520 ﬂumine
1491 2454 1930 2525 reprehensionis
1978 2455 2111 2508 vitia

454 2523 764 2580 diluuntur.
800 2523 1200 2578 Conviciorum
1235 2524 1604 2578 amarissima
1638 2524 1818 2590 labes,
1852 2525 1958 2580 hoc
1999 2531 2108 2592 est,

457 2598 828 2654 conviciorum
860 2596 1338 2649 amarissimorum
1370 2593 1538 2648 labes.
1587 2604 1860 2650 Lmnuna.

533 2669 645 2738 (63)
679 2670 760 2722 Ita
815 2667 1052 2739 Natalis,
1085 2668 1264 2719 mei...
1298 2670 1646 2739 sententiam.
1697 2668 1945 2739 Obliqua
1979 2684 2111 2722 ora-

465 2737 864 2794 tione'a'tl'atur
892 2738 1189 2793 Caecilium
1221 2737 1508 2792 Natalem.
1543 2737 2114 2795 Risum—Dubitat

461 2810 860 2882 Valerius,an_
889 2808 981 2882 hic
1014 2807 1275 2882 caecilius
1317 2809 1536 2864 Natalis
1588 2812 1686 2881 qui
1722 2810 2112 2882 disputatione

464 2882 684 2938 Octavii
713 2881 779 2936 ad
807 2880 1016 2934 Christi
1044 2880 1212 2934 fidem
1241 2896 1554 2935 conversus
1585 2880 1673 2937 est
1703 2880 1854 2937 idem
1881 2882 1955 2938 sit
1977 2899 2112 2938 cum

469 2953 752 3016 Natali,de
774 2969 888 3024 quo
913 2951 1404 3024 CaiusRomanus
1427 2953 1576 3023 apud
1612 2953 1948 3022 Eusebium,
1973 2956 2110 3010 Hist.

465 3026 634 3088 Eccl.,
670 3024 768 3078 lib.
794 3023 854 3093 7v,
883 3039 1008 3094 cap.
1041 3023 1130 3078 28.
1165 3027 1386 3096 Nomen
1419 3029 1570 3080 certe
1598 3026 2111 3096 convenit,inquit,

467 3103 524 3153 et
553 3102 787 3168 tempus
816 3101 988 3168 atque
1014 3095 1316 3165 professio.

538 3169 652 3239 (64)
680 3166 931 3239 Nil-lassa.
961 3167 1371 3239 Percommodo
1404 3166 1577 3220 verbo
1610 3183 1753 3221 usus
1797 3172 1886 3221 est
1915 3167 2112 3222 Cicero

464 3242 532 3294 N.
570 3241 631 3294 D.
664 3257 702 3304 1,
729 3238 834 3293 43:
869 3238 1069 3293 Nutare
1090 3238 1304 3292 videtur
1333 3239 1391 3292 in
1414 3242 1626 3292 natura
1657 3239 1900 3294 deorum.
1937 3240 2109 3294 Marc.

464 3310 715 3384 Capella,
748 3309 848 3364 lib.
885 3327 919 3374 ι,
956 3325 1086 3380 pag.
1119 3310 1190 3384 Ως

659 3384 830 3430 Anxia
862 3394 980 3430 cum
1012 3381 1230 3442 trepidis
1259 3382 1414 3427 nutat
1444 3381 1707 3428 sententia
1736 3381 1917 3429 rebus.

465 3453 558 3507 Sic
589 3456 646 3506 et
689 3461 972 3508 nutantem
1025 3450 1156 3520 ﬁdei
1197 3465 1441 3520 gressum
1471 3450 1615 3504 dixit
1641 3451 1933 3507 Juvencus
1967 3454 2110 3508 Hist.

467 3526 668 3593 Evang.
707 3524 804 3578 lib.
841 3541 920 3590 ιιι,
956 3540 1010 3593 p.
1041 3523 1148 3587 80;
1183 3521 1310 3576 vide
1359 3525 1416 3575 et
1449 3539 1503 3591 p.
1535 3523 1622 3593 93.
1678 3522 1878 3578 Franc.
1913 3529 2113 3579 tamen

460 3592 702 3649 Juretus
734 3595 808 3667 ad
828 3592 979 3667 lib_.ii
1012 3593 1294 3648 Ambrosii
1319 3604 1510 3667 contra.
1541 3592 1953 3667 Symmachum,
1977 3611 2108 3667 pag.

462 3667 586 3732 330,
618 3682 686 3722 ex
719 3665 860 3720 edit.
896 3665 1180 3730 Romana,
1215 3665 1442 3735 reponit
1471 3675 1730 3729 mutasse,
1754 3665 1807 3720 h.
1847 3683 1895 3721 e.
1930 3665 2109 3721 mutti-

461 3745 573 3791 tam
604 3753 717 3791 esse
743 3737 1094 3799 sententiam,
1126 3751 1230 3790 nec
1279 3735 1476 3807 negari
1531 3737 1767 3806 quidem
1811 3743 2002 3807 potest
2034 3739 2114 3793 ita

461 3807 684 3862 locutos
717 3824 844 3862 esse
874 3813 1116 3875 veteres,
1150 3811 1214 3859 ut
1245 3806 1501 3861 ostendit
1527 3808 1698 3861 etiam
1729 3806 1850 3863 Jac.
1885 3809 2110 3866 Palme-

462 3881 605 3947 rius,
637 3879 829 3949 Spicit.
865 3879 920 3932 in
953 3877 1319 3940 Sallustium,
1355 3893 1483 3947 pag.
1519 3877 1644 3949 300.
1689 3879 1822 3946 Sed,
1857 3897 1988 3934 cum
2023 3898 2109 3936 re-

461 3957 627 4022 cepta
677 3948 848 4005 lectio
911 3950 1093 4022 multo
1125 3949 1228 4022 sit
1285 3948 1626 4022 elegantior,
1661 3949 1899 4022 alteram
1950 3951 2109 4006 illam

461 4020 674 4094 mendo
690 4020 1103 4094 typograpbico
1119 4020 1426 4094 irrepsisse
1446 4021 2107 4094 putaverim.praacipue,

462 4095 614 4161 quod
641 4091 790 4146 hanc
813 4093 1149 4146 varietatem
1187 4091 1427 4145 minime
1457 4098 1659 4146 notent
1681 4091 1842 4164 ii,qui
1868 4091 2107 4150 unicum

463 4183 570 4219 ius.
607 4164 916 4234 diligenter
944 4167 1294 4217 tractarunt.
1332 4167 1520 4217 DAVIS.

531 4237 642 4306 (65)
679 4237 868 4292 Utrum
899 4239 992 4289 tua
1022 4234 1370 4289 eruditio.lta
1399 4250 1467 4306 ex
1499 4233 1770 4306 ms.regio
1803 4235 2112 4292 ediderunt

461 4305 692 4362 Herald.
728 4315 784 4362 et
819 4306 1264 4374 Rigalt.,estque
1283 4305 1545 4375 enallage
1567 4305 1971 4374 personarum,
1995 4325 2111 4377 qua

457 4378 641 4434 oratio
671 4395 738 4434 ex
767 4378 1004 4450 obliqua
1036 4382 1297 4450 mutatur
1325 4377 1381 4430 in
1413 4379 1714 4450 directam,
1752 4384 1815 4432 ut
1853 4380 2035 4450 Actor.
2069 4397 2110 4449 ι,

461 4451 512 4516 4,
547 4453 700 4521 quod
731 4457 852 4504 tum
890 4449 1009 4503 fieri
1045 4449 1102 4503 in
1139 4449 1344 4521 primis
1375 4449 1692 4512 consuevit,
1717 4450 1811 4503 ubi
1845 4449 1960 4505 ista
1991 4457 2110 4506 ter-

462 4522 545 4575 tia
570 4520 826 4592 persona
859 4523 1043 4586 adest,
1079 4522 1134 4574 in
1187 4520 1478 4592 Minucio.
1507 4529 1756 4575 ttaowov.
1809 4523 1892 4575 lta
1922 4525 2112 4578 (linear

459 4592 523 4647 de
557 4591 619 4646 Β.
656 4591 714 4646 G.
752 4610 809 4654 ιι,
844 4592 912 4646 32
941 4611 952 4646 :
987 4593 1241 4646 Dimissio
1293 4591 1533 4646 concilio
1587 4595 1762 4657 curio,
1795 4597 2109 4649 concionem

2215 1164 2504 1222 cillantem
2531 1181 2631 1236 per
2657 1181 2922 1222 errorem.
2955 1169 3238 1221 Lmnuaa.

2287 1238 2400 1309 (67)
2421 1239 2504 1294 An
2533 1239 2874 1301 vacillaverit
2899 1254 2997 1310 per
3016 1237 3598 1310 errorem.Ethnicum
3620 1239 3833 1296 scilicet.

2217 1309 2578 1382 Quampene
2607 1309 2984 1382 transpositis
3013 1309 3499 1382 litterisscripsit,
3531 1327 3600 1364 an
3629 1313 3839 1368 cavilla-

2214 1380 2459 1436 verit.Ut
2487 1381 2754 1436 cavillare
2778 1380 2886 1436 seu
2916 1381 3175 1436 cavillari
3202 1380 3479 1436 dicuntur
3508 1387 3838 1450 sontes,cum

2218 1452 2308 1508 sui
2343 1454 2570 1522 copiam
2604 1469 2716 1509 non
2753 1453 2994 1521 faciunt,
3019 1470 3150 1508 cum
3187 1451 3542 1508 frustrantur
3561 1457 3616 1508 et
3642 1455 3840 1510 subter-

2217 1523 2466 1595 fugiunt.
2481 1524 2564 1597 iIn
2589 1525 2768 1580 veteri
2802 1525 3087 1597 glossario
3121 1525 3432 1580 Vacillator
3473 1525 3681 1580 dicitur
3705 1545 3840 1579 σνκοο

2219 1596 2714 1670 φαντηίςζΗισΑιτ.

2291 1669 2404 1737 (68)
2446 1669 2714 1723 Variavit.
2746 1666 2869 1722 Lib.
2903 1683 3077 1732 xxvu,
3110 1683 3234 1738 cap.
3262 1667 3331 1719 27
3360 1665 3456 1722 :Si
3483 1682 3600 1738 qua:
3621 1666 3683 1722 de
3713 1671 3842 1722 Mar-

2216 1739 2344 1794 celli
2371 1751 2547 1794 morte
2575 1739 2800 1794 variant
2845 1749 3110 1807 auctores,
3143 1740 3334 1793 omnia
3381 1741 3605 1808 assequi
3653 1739 3838 1793 vellem.

2219 1811 2440 1864 Ibidem
2465 1828 2478 1864 :
2513 1812 2590 1866 Ita
2614 1813 2768 1880 fama
2798 1811 3000 1876 variat,
3026 1812 3084 1864 ut
3115 1814 3307 1865 tamen
3336 1809 3593 1881 plerique
3619 1811 3839 1878 tradunt,

2219 1887 2329 1937 etc.
2364 1883 2518 1936 Idem
2553 1883 2653 1938 lib.
2689 1900 2752 1946 ιι,
2775 1898 2901 1952 cap.
2933 1883 3040 1936 57:
3082 1884 3276 1937 Timon
3325 1888 3490 1952 atque
3529 1885 3615 1936 ira
3641 1884 3843 1936 invicem

2216 1957 2514 2008 sententias
2546 1955 2849 2009 variabant
2871 1953 3131 2016 Ovidius,
3172 1955 3388 2008 Metam.
3421 1969 3513 2021 xv,
3543 1955 3664 2021 648,
3693 1953 3842 2008 Dissi-

2218 2026 2307 2080 det
2332 2028 2385 2079 et
2432 2029 2618 2079 variat
2656 2027 2950 2080 sententia.
2984 2024 3593 2096 Apparet,_hinc,pro
3637 2026 3845 2078 variavit

2219 2095 2438 2166 injuste
2491 2096 2806 2169 rescribere
2863 2094 3164 2169 declaravit
3213 2094 3529 2169 Wopk.’in
3560 2095 3676 2152 0bs.
3708 2097 3843 2151 misc.

2217 2169 2366 2230 crit.,
2401 2171 2544 2222 tom.
2579 2167 2645 2237 X,
2679 2168 2778 2222 lib.
2813 2185 2852 2233 ι,
2889 2185 2942 2234 p.
2977 2167 3066 2221 29.
3102 2167 3294 2222 Ηευιιι.

2290 2239 2403 2308 (69)
2434 2236 2707 2295 Incertior
2735 2240 3108 2308 responsionis
3148 2243 3354 2293 nostrae
3385 2239 3634 2293 intentio.
3668 2236 3725 2291 In
3754 2252 3849 2291 me.

2219 2309 2433 2381 legitur
2461 2314 2627 2366 eertio
2657 2328 2759 2381 pro
2789 2314 3156 2379 eertior,cum
3186 2327 3299 2365 non
3335 2310 3595 2364 solerent
3622 2315 3851 2381 repetere

2221 2379 2485 2454 eamdem
2519 2379 2791 2448 litteram,
2842 2390 2907 2437 ut
2955 2381 3171 2454 saepius
3201 2386 3392 2454 patet
3449 2398 3516 2436 ex
3539 2379 3853 2454 Pandectis.

2221 2452 2474 2508 Gaonov.
2511 2485 2577 2494 -—
2606 2454 2770 2509 Addo
2810 2455 2867 2508 in
2917 2449 3054 2509 esse
3095 2449 3412 2518 omissum,
3448 2453 3590 2524 quia
3619 2449 3855 2524 anteahin

2221 2526 2428 2597 incerto
2477 2527 2892 2597 prapositionis,
2919 2526 3040 2593 jam
3089 2524 3386 2591 adfuerat,
3443 2522 3501 2579 et
3577 2522 3854 2597 subscribo

2222 2594 2492 2666 Rigaltio,
2527 2594 2623 2668 qui
2674 2596 2925 2651 restituit
2983 2598 3337 2667 negatlvam,
3392 2611 3546 2668 quis
3575 2594 3855 2655 exciderat,

2220 2674 2277 2722 et
2304 2675 2414 2737 est,
2448 2669 2519 2721 ad
2546 2666 2770 2723 Octavii
2825 2666 3078 2722 mentem
3108 2666 3468 2723 necessaria.
3505 2666 3858 2737 Heumannpus

2220 2737 2363 2810 legit
2402 2734 2517 2794 nec
2571 2741 2793 2804 certius,
2852 2740 3007 2810 quod
3091 2745 3287 2793 tamen
3381 2740 3476 2793 vix
3532 2734 3852 2794 verosimile.

2223 2809 2388 2883 Lino.
2419 2839 2491 2852 -—
2527 2810 2776 2867 Restitui
2813 2809 3318 2883 compositionem
3375 2809 3697 2883 negativam
3743 2821 3851 2883 qua

2222 2881 2530 2951 exciderat,
2563 2892 2612 2937 et
2640 2888 2729 2938 est
2757 2881 2826 2938 ad
2861 2877 3077 2938 Octavii
3111 2887 3376 2936 mentem
3411 2877 3858 2937 nécessariaIAit

2220 2953 2377 3008 enim
2427 2954 2717 3030 Caecilium
2779 2954 2979 3030 subtili
3028 2953 3403 3030 vacillatione
3451 2969 3553 3030 per
3581 2951 3852 3030 ethnicum

2220 3039 2473 3080 errorem
2496 3025 2790 3080 interdum
2821 3026 2960 3080 deos
3016 3026 3266 3091 credere,
3301 3020 3607 3079 interdum
3633 3020 3854 3077 addubi-

2221 3101 2345 3168 tare
2376 3113 2448 3150 an
2483 3097 2584 3150 ulli
2615 3097 2773 3152 sint:
2807 3103 2872 3151 ut
2922 3113 3022 3168 per
3067 3096 3219 3168 hanc
3267 3096 3656 3168 variationem
3694 3098 3747 3148 et
3774 3106 3860 3163 per

2221 3167 2508 3222 incertum
2571 3185 2688 3222 suae
2747 3166 3183 3239 propositionis,
3241 3166 3398 3239 sive
3448 3184 3553 3238 per
3577 3167 3857 3239 incertam

2226 3239 2678 3310 pr0positionem
2715 3235 2906 3304 suam,
2955 3239 3240 3310 incertum
3300 3235 3518 3294 reddat
3564 3235 3859 3292 Octaviana

2145 3287 2188 3352 C
2227 3287 2623 3379 iesponsionis
2657 3287 3130 3366 fundamentum.
3189 3309 3308 3362 Hoc
3367 3310 3686 3364 versutiam
3746 3319 3860 3360 mox

2223 3383 2376 3436 dicet
2405 3384 2693 3437 Octavius.
2728 3386 3061 3437 RIGALTIUS.
3093 3411 3160 3421 —
3211 3380 3473 3451 Rigaltio
3523 3397 3634 3435 non
3683 3392 3860 3432 assen-

2226 3453 2372 3518 tior;
2410 3469 2511 3515 nec
2541 3459 2736 3508 tamen
2769 3471 2837 3508 ex
2865 3453 3024 3509 omni
3074 3455 3236 3523 parte
3289 3468 3444 3508 sana
3492 3453 3720 3523 videtur
3763 3462 3859 3502 ms.

2222 3523 2430 3607 lectio;
2465 3541 2622 3607 nam,
2658 3525 2770 3607 nisi
2805 3525 2990 3607 fallor,
3026 3521 3267 3604 prorsus
3292 3521 3720 3607 repugnatillt
3742 3535 3862 3607 pro-

2220 3597 2508 3666 positionis
2537 3598 2763 3663 incerto,
2794 3598 2994 3652 certior
3021 3592 3400 3666 responsioni}
3455 3592 3698 3666 intentio
3747 3592 3864 3661 fun—

2220 3664 2468 3722 daretur.
2500 3668 2558 3722 Si
2610 3667 2780 3722 aliter
2827 3685 2889 3723 se
2942 3683 3036 3722 res
3093 3664 3361 3738 haberet,
3418 3664 3863 3738 propositionum

2223 3739 2462 3812 variatio
2510 3755 2636 3812 non
2692 3741 2971 3801 versutiae,
2990 3739 3101 3812 sed
3161 3736 3431 3812 stultitiae
3469 3736 3862 3812 suspicionem

2221 3811 2454 3864 deberet
2507 3810 2742 3865 inferre.
2806 3813 2930 3866 Haec
2985 3809 3368 3864 incommoda
3425 3809 3784 3866 vitabuntur,
3823 3809 3866 3857 si

2221 3883 2393 3936 modo
2451 3881 2743 3954 legamus:
2806 3883 2886 3938 Ne
2953 3881 3351 3954 propositionis
3401 3883 3635 3947 incerto,
3683 3877 3868 3933 certior

2219 3951 2588 4022 responsionis
2642 3957 2838 4009 nostra
2893 3954 3119 4008 intentio
3174 3951 3540 4020 fundaretur.
3602 3955 3726 4005 Ista:
3767 3961 3868 4022 _vo-

2219 4019 2361 4079 culaa
2393 4025 2595 4080 crebro
2647 4031 2787 4079 sunt
2817 4042 2848 4078 a
2898 4024 3152 4078 librariis
3201 4023 3490 4077 confusas.
3528 4019 3864 4082 Lactantius,

2220 4096 2334 4150 Div.
2370 4100 2532 4163 lnst.,
2566 4096 2667 4151 lib.
2703 4114 2764 4157 ιι.
2797 4113 2924 4166 cap.
2960 4097 3016 4149 1;
3055 4093 3126 4148 Ut
3155 4095 3232 4166 id,
3261 4097 3357 4148 cui
3388 4095 3676 4150 dominari
3694 4091 3861 4166 debet,

2219 4169 2499 4292 irtivitlgtur.
2538 4171 2596 4222 ln
2643 4167 2774 4222 aliis
2826 4165 2952 4223 cod.
2997 4172 3120 4221 est:
3157 4165 3237 4220 Ne
3297 4166 3492 4222 id.....
3553 4165 3863 4226 dominetur,

2219 4255 2247 4292 e
2278 4255 2326 4292 c.
2403 4255 2548 4292 AVIS.

2218 4243 2326 4294 etc.
2353 4243 2548 4293 DAVIS.

2291 4311 2400 4376 (70)
2429 4311 2492 4365 In
2523 4310 2720 4365 Natale
2764 4323 2907 4362 meo.
2960 4308 3183 4370 Scriba.
3218 4308 3413 4364 Natali
3471 4323 3620 4375 meo,
3663 4306 3866 4376 Menas.

2219 4374 2514 4455 eseribe
2543 4382 2750 4437 Natale.
2779 4381 2958 4455 Sicua
2997 4380 3280 4455 Iuvenalis
3305 4387 3374 4455 _et
3414 4374 3870 4455 Martialisabla-

2218 4452 2373 4506 tivus
2425 4457 2512 4507 est
2564 4453 2844 4513 Iuvenale.
2900 4451 3166 4507 Martiale.
3214 4451 3346 4506 Vid.
3396 4451 3674 4506 Vossius.
3710 4448 3801 4501 lib.
3835 4448 3869 4496 i1

2217 4523 2280 4578 tle
2309 4525 2594 4594 Analogia,
2629 4541 2753 4591 cap.
2791 4525 2875 4584 ll.
2910 4540 3040 4595 pag.
3090 4525 3214 4595 295.
3254 4529 3330 4578 De
3374 4523 3641 4595 quodam
3677 4520 3867 4595 Roma-

2220 4611 2293 4649 no
2326 4590 2561 4650 consule
2594 4595 2649 4650 C.
2688 4590 2884 4651 Bellica
2911 4590 3108 4649 Nalale
3136 4593 3250 4648 vid.
3289 4590 3514 4650 Gorius
3567 4593 3625 4647 in
3677 4590 3869 4646 Annot.

460 4662 684 4717 advocat
707 4664 978 4748 'mjlititm.
1028 4669 1445 4748 comnmemorqt,
1480 4678 1582 4733 quo
1611 4666 1684 4748 sit
1714 4680 1909 4748 eorum
1931 4666 2108 4748 studio
2143 4657 2185 4720 D
2218 4668 2286 4748 ad
2322 4667 2718 4748 inscriptiones
2750 4667 3114 4748 Florentinas,
3146 4681 3430 4748 p..i_,.pag:
3460 4663 3870 4748 259.Nos‘t'rum

458 4750 612 4801 usus,
647 4733 716 4788 ad
749 4735 1072 4801 Corﬁnium,
1126 4733 1357 4805 Caesar._
1384 4739 1449 4789 Et
1496 4740 1628 4805 post
1667 4736 1983 4792 nonnulla:
2013 4738 2106 4792 Vos

457 4808 609 4860 enim
664 4809 1013 4875 vestrumque
1059 4807 1290 4878 factum,
1326 4803 1553 4878 inquit,
1613 4809 1799 4862 omnia
1857 4808 2107 4878 deinceps

457 4879 762 4948 municipia
793 4881 917 4932 sunt
949 4877 1172 4932 saecula.
1228 4876 1357 4948 Vid.
1411 4877 1694 4948 Bergerus
1740 4879 1805 4932 de
1845 4876 2111 4935 Naturali

458 4947 704 5016 Pulchr.,
737 4949 893 5004 Orat.
916 4965 1048 5020 pag.
1082 4947 1503 5020 208.Cellarius
1524 4947 1740 5020 aliique
1760 4949 1963 5020 legunt
1987 4969 2106 5017 sua,

457 5021 554 5074 sed
591 5026 645 5075 et
678 5022 760 5075 sic
790 5025 877 5076 est
907 5017 1108 5075 contra
1139 5019 1566 5090 reciprocorum
1602 5017 1976 5090 legemfcum
2008 5023 2108 5077 de-

457 5092 631 5147 bebat
659 5109 787 5147 esse
815 5094 950 5162 eius,
985 5092 1204 5146 scilicet
1236 5090 1465 5162 Camilli.
1504 5091 1783 5145 LINDNER.

525 5163 638 5234 (66)
668 5161 915 5219 Eruditio
945 5164 1166 5218 turbata
1194 5166 1281 5216 sit.
1317 5161 1415 5215 Vel
1454 5162 1595 5285 lege.
1628 5162 1817 5230 fucata
1840 5165 1930 5218 sit.
1967 5162 2103 5234 Cap.

532 5253 565 5285 ι-
597 5235 668 5285 9:
700 5251 812 5285 non
847 5237 1076 5285 fucatur
1108 5249 1304 5285 uomva
1336 5236 1504 5285 fucun
1549 5235 1620 5285 ia?
1648 5242 1700 5285 et
1723 5235 1925 5285 aratis?
1961 5235 2103 5285 Eru-

453 5251 565 5298 xvn,
597 5235 668 5290 9:
700 5251 812 5291 non
847 5237 1076 5289 fucatur
1103 5249 1304 5304 pompa
1332 5235 1620 5304 facundia
1648 5242 1700 5287 et
1723 5235 1925 5298 gratiae
1961 5235 2104 5289 Eru-

455 5306 598 5360 ditio
629 5308 781 5360 enim
816 5306 1007 5372 furata
1032 5302 1308 5369 versutia,
1334 5302 1699 5377 subtilitate,
1741 5305 1893 5372 dolo,
1927 5323 2104 5377 oppo-

454 5377 616 5431 nitur
643 5378 928 5432 vacillanti
958 5394 1057 5445 per
1085 5392 1358 5430 errorem.
1396 5379 1553 5428 Hanc
1583 5375 2101 5445 innocentemﬁion

451 5450 855 5502 veteratoriam
888 5448 1135 5517 illam,in
1165 5447 1370 5501 Natale
1394 5449 1790 5514 sudagnoscit
1810 5448 2102 5505 Octavius.

452 5519 692 5573 Fraudis
722 5521 878 5574 enim
911 5526 1020 5590 est,
1063 5520 1302 5582 variare,
1347 5523 1407 5572 ut
1451 5522 1840 5587 propositionis
1873 5523 2102 5591 incerto,

448 5591 716 5644 iurwrlior
745 5592 1123 5661 responsionis
1153 5592 1389 5645 intentio
1419 5590 1696 5660 funde/ur.
1731 5592 1839 5646 Sed
1877 5590 2106 5648 vacillat

490 5675 551 5714 er
581 5677 860 5724 errorem,
894 5664 988 5729 qui
1022 5666 1081 5718 in
1113 5665 1295 5718 triviis
1328 5661 1498 5718 latret
1528 5665 1751 5730 anxius,
1787 5680 1883 5718 nec
1909 5667 2102 5733 singu-

454 5745 524 5781 rzs
551 5733 726 5808 (iu/let
750 5735 973 5806 eligere,
1009 5751 1106 5808 nec
1159 5738 1445 5808 universas
1490 5735 1742 5808 probare.
1794 5735 1892 5790 Vel
1946 5737 2100 5808 quod

412 5803 879 5882 magis‘placet,
913 5803 1122 5882 supple
1152 5807 1334 5867 studio
1364 5813 1420 5861 et
1460 5807 1707 5882 consilio,
1743 5812 1806 5882 ut
1830 5803 1995 5880 justa
2026 5808 2104 5865 sit

403 5876 714 5947 oppositio
736 5881 903 5940 inter
930 5876 1326 5945 eruditionem
1354 5878 1637 5936 turbatam
1665 5876 1869 5956 δίυάίδθ
1900 5886 1979 5955 οι»
2008 5897 2104 5942 να·

2216 4728 2514 4792 Caecilium
2543 4739 2794 4793 Natalem
2829 4737 3120 4792 invenisse
3148 4728 3304 4791 'sibi'
3332 4728 3678 4792 videbatur.
3715 4728 3872 4785 Vale-

2216 4809 2341 4865 sius
2372 4809 2430 4863 in
2484 4810 2712 4864 Eusebii
2762 4811 2900 4863 Hist.
2949 4810 3115 4871 Eccl.,
3164 4806 3267 4861 lib.
3329 4825 3386 4875 v,
3441 4824 3578 4878 cap.
3638 4806 3727 4860 28.
3770 4799 3868 4858 Sed

2211 4883 2345 4951 jure
2376 4881 2434 4935 id
2469 4879 2701 4951 reliquit
2731 4881 2790 4935 in
2825 4881 3035 4936 medio.
3073 4882 3263 4934 HEUM.

2288 4954 2399 5076 (71)
2458 4945 2608 5018 Nolo;
2664 4969 2776 5034 non
2827 4955 3006 5036 credo.
3072 4949 3376 5006 Posterius
3439 4953 3512 5004 ut
3573 4945 3872 5021 glossema,

2313 5031 2367 5076 et
2399 5023 2603 5076 Heum.
2634 5040 2773 5076 auia
2801 5025 2925 5076 nolo
2957 5024 3107 5076 idem
3142 5026 3314 5076 esset.
3351 5021 3517 5076 quod
3569 5035 3680 5074 non
3710 5013 3872 5074 credo.

2217 5013 2605 5090 delet'Heum,
2634 5024 2773 5096 quia
2801 5025 2925 5078 nolo
2957 5024 3107 5079 idem
3142 5026 3314 5096 esset,
3351 5021 3517 5091 quod
3710 5013 3873 5096 credo,

2215 5109 2323 5146 non
2380 5099 2583 5149 statuo.
2642 5092 2751 5150 Sed
2811 5099 2949 5149 sunt
3003 5100 3198 5150 tamen
3257 5093 3517 5147 diversa.
3590 5092 3875 5162 Versutiam

2214 5165 2363 5236 nolo,
2397 5173 2687 5236 quatenus
2719 5165 2918 5222 omnia
2948 5167 3102 5220 bona
3143 5166 3214 5219 de
3244 5163 3450 5234 aliquo
3484 5180 3661 5236 spero
3688 5179 3700 5228 ;
3734 5164 3804 5222 et,
3833 5170 3876 5208 ει

2216 5235 2305 5290 vel
2361 5235 2610 5292 maxime
2669 5237 2882 5308 aliquis
2939 5237 3310 5293 contrarium
3359 5241 3645 5303 testetur,
3692 5237 3876 5287 tamen

2215 5325 2326 5363 non
2359 5309 2536 5364 credo.
2574 5310 2849 5365 LINDNER.

2284 5380 2398 5448 (72)
2431 5381 2832 5451 Simplicitate.
2897 5385 2970 5435 De
3023 5379 3140 5451 hac
3187 5375 3625 5451 simplicitatis
3653 5376 3875 5451 notione

2213 5447 2500 5506 videndus
2532 5447 2619 5507 est
2648 5454 2735 5508 J0.
2789 5452 3044 5507 Clericus
3079 5450 3148 5503 ad
3214 5447 3474 5522 Pedonis
3538 5447 3874 5522 Albinovam

2215 5523 2362 5592 Eleg.
2399 5541 2458 5586 ιι,
2492 5526 2665 5579 22.Αο
2698 5525 2781 5579 ita
2809 5540 2948 5578 sane
2977 5522 3285 5577 ediderunt
3309 5519 3566 5590 Sigism.
3593 5517 3876 5592 Gelenius,

2217 5591 2381 5648 Laur.
2438 5596 2754 5656 Barrensis.
2817 5595 2908 5648 alii
2947 5604 3073 5664 (pro
3127 5610 3214 5651 en.
3285 5592 3449 5659 QUOd
3516 5596 3609 5664 est
3667 5591 3874 5664 inims.

2211 5666 2532 5733 subtilitate,
2565 5663 2980 5738 simplicitate);
3062 5664 3459 5738 minimeque
3490 5663 3755 5738 arrident
3819 5668 3880 5735 ea

2213 5740 2411 5810 quaein
2441 5741 2593 5793 hunc
2615 5733 2806 5794 locum
2834 5733 3202 5810 conatus_est
3230 5733 3354 5788 Nic.
3392 5733 3697 5810 Rigaltius
3740 5733 3879 5810 ἒϐη·

2211 5805 2358 5866 bene
2384 5811 2688 5867 subtilitate
2735 5809 3021 5936 simplici}.
3075 5806 3346 5863 Oscitans
3409 5805 3701 5860 librarius
3750 5805 3878 5882 ina-

2211 5897 2346 5936 nem
2378 5899 2576 5936 vocem
2608 5881 2864 5936 scripsit.
2898 5881 2970 5936 de
2997 5879 3210 5936 endam
3259 5879 3466 5936 autem
3525 5892 3650 5935 non
3678 5871 3875 5932 exusti-

2211 5897 2346 5940 nem
2378 5899 2576 5942 vocem
2608 5871 2865 5958 scripsit,
2898 5871 3210 5939 delendam
3259 5879 3466 5936 autem
3525 5892 3650 5935 non
3678 5871 3875 5932 existi-
