4102 6162
477 340 595 399 295

1795 333 1878 394 M.
1927 330 2235 394 MlNUCII
2279 331 2577 394 FELlClS

3733 344 3833 406 296

479 471 537 525 in
579 470 895 525 memorias
926 468 1211 535 exierunt,
1247 466 1599 538 priusquam
1632 464 1872 521 solertia
1913 466 2128 520 mentis
2155 465 2208 533 Α
2311 467 2532 521 ratione
2571 464 2865 537 prmditus,
2932 464 3271 534 compertum
3320 465 3471 522 habet
3511 481 3626 524 eum
3671 489 3702 526 a
3749 475 3836 533 Deo

478 563 748 632 parerent
780 557 1037 612 nominis
1068 555 1415 620 claritatem,
1441 553 1673 610 habitos
1697 570 1825 610 esse
1846 554 2123 626 plebeios,

477 648 761 716 indoctos,
792 645 1168 700 seminudos:
1202 645 1343 699 adeo
1373 643 1578 699 divites
1603 642 1978 698 facultatibus
2000 643 2124 697 suis

476 736 752 808 illigatos.
789 734 975 807 magis
1023 751 1233 789 aurum
1285 733 1581 804 suscipere
1626 733 1739 803 (81)
1789 747 2124 800 consuesse,

476 843 652 898 quam
687 825 927 880 cmlum:
964 828 1252 879 nostrates
1275 823 1386 891 (82)
1411 838 1720 894 pauperes,
1747 825 1804 876 et
1827 837 2124 876 commen-

475 922 566 971 tos
597 931 726 970 esse
758 913 1153 985 prudentiam,
1187 918 1244 967 et
1274 912 1589 967 tradidisse
1621 911 1841 966 caeteris
1868 908 2128 980 discipli-

475 1020 633 1059 nam.
670 1003 830 1059 Unde
863 1007 1106 1074 apparet
1135 1001 1439 1072 ingenium
1492 1017 1605 1054 non
1651 999 1778 1054 dari
1832 997 2124 1054 facultati-

477 1093 588 1148 bus
617 1091 750 1163 (83),
783 1107 887 1145 nec
917 1090 1109 1145 studio
1141 1089 1356 1161 parari,
1390 1089 1490 1143 sed
1549 1105 1685 1143 cum
1734 1088 1858 1159 ipsa
1913 1085 2125 1142 mentis

474 1181 822 1236 formatione
852 1178 1138 1252 generari.
1164 1176 1322 1232 Nihil
1345 1178 1542 1248 itaque
1562 1177 2013 1249 indignandum,
2034 1174 2123 1231 vel

479 1269 817 1339 dolendum,
851 1268 899 1323 si
958 1267 1293 1338 quicunque
1342 1266 1454 1337 (84)
1503 1266 1574 1321 de
1617 1265 1830 1320 divinis
1882 1268 2122 1336 quaerat,

481 1359 714 1426 sentiat,
755 1357 1009 1430 proferat
1049 1355 1205 1427 (85);
1258 1371 1394 1410 cum
1447 1371 1560 1410 non
1607 1354 1970 1426 disputantis
2019 1370 2123 1408 au-

478 1447 845 1514 ctoritas,sed
872 1445 1291 1518 disputationis
1317 1445 1503 1517 ipsius
1526 1444 1736 1499 veritas
1759 1444 2118 1515 requiratur:

479 1542 654 1607 atque
667 1535 838 1590 etiam
857 1550 971 1605 quo
989 1532 1311 1603 imperitior
1331 1547 1544 1598 sermo,
1570 1530 1679 1586 hoc
1705 1529 1990 1586 illustrior
2011 1529 2121 1602 (86)

478 1625 624 1678 ratio
654 1630 779 1679 est:
816 1623 1091 1695 quoniam
1141 1637 1254 1675 non
1307 1621 1537 1675 fucatur
1577 1637 1789 1691 pompa
1835 1618 2123 1674 facundia:

476 1719 532 1768 et
563 1713 782 1785 gratiae,
814 1713 937 1780 sed,
974 1716 1037 1766 ut
1063 1714 1171 1779 est,
1207 1710 1345 1765 recti
1383 1710 1583 1782 regula
1612 1708 1955 1764 sustinetur.

1083 1851 1312 1908 CAPUT
1347 1851 1520 1907 XVII.

479 1964 632 2021 284
663 1965 1085 2018 ARGUMENTUM.
1108 1991 1176 1999 —
1201 1962 1431 2014 Fatetur
1458 1959 1678 2030 quidem
1735 1958 2016 2014 hominem
2036 1959 2124 2016 de-

549 2037 669 2090 bere
698 2052 752 2089 se
781 2037 961 2105 ipsum
988 2046 1144 2088 nosse
1163 2048 1183 2092 ,'
1214 2031 1307 2085 sed
1336 2031 1498 2105 plane
1543 2039 1716 2105 negat
1756 2030 1899 2085 hanc
1945 2033 2132 2100 cogni-

548 2109 748 2162 tionem
776 2103 843 2160 αθ
875 2121 934 2160 eo
964 2118 1121 2176 posse
1161 2104 1502 2174 comparari,
1554 2103 1686 2172 quia
1729 2106 1894 2176 antea
1942 2119 2132 2159 rerum

545 2173 976 2232 universitatem
999 2177 1047 2230 et
1080 2177 1241 2229 Deum
1272 2175 1451 2245 ipsum
1497 2180 1768 2244 agnoscat.
1819 2173 1907 2228 Ea:
1954 2175 2130 2243 ipsius

552 2254 736 2305 autem
763 2247 958 2303 mundi
986 2246 1364 2302 constitutione
1417 2247 1578 2316 atque
1630 2245 1851 2318 ornatu,
1903 2248 2132 2318 quisque

2310 540 2598 593 conditum
2625 539 2801 607 fuisse
2834 544 2998 608 atque
3027 538 3095 590 ab
3126 551 3185 591 eo
3214 538 3332 606 regi
3358 543 3409 591 et
3462 539 3834 602 administrari.

2307 644 2421 699 Nec
2454 659 2677 713 recuso,
2711 644 2864 716 quod
2899 642 3163 699 Caecilius
3223 659 3477 700 asserere
3521 646 3661 703 inter
3705 668 3825 722 pris-

2237 732 2409 803 cipua
2440 733 2718 787 connisus
2749 736 2840 787 est
2869 731 3002 804 (87),
3034 730 3330 788 hominem
3362 749 3523 789 nosse
3552 751 3611 790 se
3657 742 3708 792 et
3748 739 3835 794 cir-

2237 824 2600 893 cumspicere
2633 823 2860 888 debere,
2894 821 3034 892 quid
3069 820 3164 890 sit,
3198 821 3350 877 unde
3379 820 3474 889 sit,
3533 840 3700 894 quare
3741 827 3835 896 sit;

2237 915 2433 966 utrum
2466 911 2770 967 elementis
2801 914 3126 966 concretus.
3162 928 3233 966 an
3267 911 3638 969 concinnatus
3659 917 3841 973 atomis

2235 1016 2308 1054 an
2341 998 2537 1071 potius
2559 1017 2593 1055 a
2623 999 2739 1056 Deo
2773 999 2981 1068 factus,
3010 1000 3316 1071 formatus,
3351 1000 3637 1057 animatus
3657 1001 3681 1057 ‘l
3700 1003 3837 1067 Quod

2233 1087 2428 1160 ipsum
2446 1088 2751 1160 explorare
2777 1093 2836 1144 et
2857 1105 3078 1158 eruere,
3103 1089 3230 1146 sine
3260 1089 3648 1147 universitatis
3677 1091 3842 1165 inqui-

2234 1177 2443 1234 sitione
2476 1193 2589 1233 non
2623 1194 2962 1250 possumus,
2996 1195 3130 1234 cum
3181 1177 3264 1234 ita
3314 1178 3670 1249 cohaerentia,
3721 1197 3844 1238 oon-

2233 1282 2397 1328 nexa,
2421 1270 2799 1322 concatenata
2820 1266 2960 1336 sint,
2985 1271 3069 1337 ut,
3093 1267 3205 1322 nisi
3229 1266 3548 1322 divinitatis
3589 1269 3842 1328 rationem

2231 1353 2538 1425 diligenter
2590 1355 2915 1412 excusseris
2973 1355 3200 1411 nescias
3283 1355 3697 1413 humanitatis:
3749 1375 3837 1415 nec

2232 1444 2423 1515 possis
2454 1443 2694 1515 pulchre
2720 1460 2916 1516 gerere
2946 1461 3068 1500 rem
3100 1444 3350 1516 civilem,
3387 1444 3500 1500 nisi
3535 1448 3840 1518 cognoveris

2231 1533 2382 1588 hanc
2411 1549 2782 1589 communem
2813 1533 3077 1589 omnium
3111 1533 3317 1588 mundi
3349 1533 3674 1591 civitatem:
3717 1553 3838 1604 prae-

2232 1623 2401 1694 cipue
2459 1639 2592 1676 cum
2625 1639 2658 1677 a
2701 1623 2837 1677 feris
2896 1622 3106 1678 belluis
3155 1623 3264 1678 hoc
3313 1613 3670 1690 differamus,
3713 1624 3844 1696 quod

2231 1709 2329 1766 Illa
2365 1727 2547 1781 prona
2579 1711 2712 1782 (88),
2746 1711 2804 1765 in
2836 1715 3170 1784 terramque
3201 1711 3519 1784 vergentia.
3553 1711 3691 1766 nihil
3737 1719 3852 1770 nata

2236 1800 2357 1855 sint
2388 1801 2503 1872 (89)
2525 1799 2873 1872 prospicere,
2900 1800 3012 1854 nisi
3035 1799 3342 1872 pabulum,
3363 1817 3490 1866 nos,
3511 1801 3718 1872 quibus
3747 1801 3851 1855 vul-

2239 1893 2335 1944 tus
2352 1893 2600 1955 erectus,
2625 1889 2840 1960 quibus
2867 1889 3252 1961 suspectusin
3283 1888 3498 1944 caelum
3530 1888 3674 1947 285
3709 1889 3857 1946 datus

2232 1982 2340 2046 est,
2366 1995 2558 2034 sermo
2579 1983 2636 2033 et
2657 1978 2802 2034 ratio
2825 1978 2959 2050 (90),
2984 1995 3087 2050 per
3116 1995 3244 2050 quae
3263 1978 3376 2050 (91)
3411 1983 3589 2034 Deum
3621 1981 3854 2051 agnosci-

2237 2067 3042 2136 mus,sentimus,imitamur,
3065 2067 3340 2140 ignorare
3375 2084 3481 2123 nec
3503 2068 3589 2124 fas
3617 2084 3716 2124 nec
3741 2066 3857 2122 licet

2229 2159 2590 2230 ingerentem
2623 2173 2750 2214 sese
2781 2155 2968 2212 oculis
2998 2160 3054 2212 et
3082 2157 3362 2213 sensibus
3409 2158 3481 2228 [1ο
3525 2157 3616 2231 21]
3666 2155 3857 2212 nostris

2231 2245 2524 2306 coslestem
2553 2245 2897 2302 claritatem.
2933 2244 3236 2318 Sacrilegii
3295 2245 3460 2301 enim
3503 2243 3592 2302 vel
3645 2244 3862 2302 maximi

1914 2436 2244 2499 Variorum
2287 2443 2477 2500 notae.

479 2607 966 2673 emendationem,
1003 2621 1132 2677 quae
1163 2605 1382 2660 bonum
1441 2621 1684 2677 sensum,
1741 2604 1964 2671 fundat,
2017 2623 2122 2663 nec

476 2687 669 2735 tamen
707 2697 736 2732 a
769 2680 943 2732 ductu
978 2676 1300 2731 litterarum
1337 2676 1587 2730 multum
1638 2676 1826 2743 abeat,
1878 2677 1963 2734 vel
2010 2678 2122 2733 lin-

479 2769 604 2826 guae
623 2751 855 2826 regulis
880 2752 1236 2826 adversetur.
1271 2757 1550 2826 tanniam:

550 2825 663 2895 (81)
692 2819 995 2895 Suspicere:
1031 2820 1122 2875 Sic
1153 2828 1241 2875 est
1269 2820 1326 2874 in
1353 2836 1471 2895 _ms.
1516 2819 1773 2874 Romana
1827 2820 1965 2875 edit.
2012 2819 2122 2875 ha-

481 2891 577 2951 bet
604 2891 896 2964 suspicere.
931 2892 1008 2946 Cf.
1044 2908 1170 2962 cap.
1205 2910 1316 2964 xiv.
1353 2891 1630 2945 Lmnaaa.

554 2966 667 3037 (82)
698 2961 998 3020 Nostrates.
1052 2961 1325 3037 Rescribo
1360 2966 1616 3037 contra,
1650 2961 1844 3032 inquit
1884 2961 2120 3037 _Heum.,

485 3033 689 3108 in'qu'o
721 3043 931 3108 tamen,
973 3051 1065 3089 me
1112 3051 1226 3108 non
1259 3033 1455 3108 _babet
1507 3033 1617 3108 sibi
1679 3034 2120 3089 assentientem.

481 3104 812 3164 Nostratium
843 3107 997 3162 enim
1032 3104 1380 3160 vocabulum
1413 3106 1602 3174 paries
1633 3110 1816 3174 notat,
1869 3121 2122 3175 quarum

485 3180 730 3250 quisque
761 3179 1060 3234 studiosus
1091 3183 1198 3244 est,
1233 3181 1510 3250 etseclus.
1543 3176 1660 3229 Hoc
1700 3176 1823 3230 loco
1867 3177 2122 3250 comple:

484 3247 661 3306 ctitur
717 3255 776 3306 et
831 3250 1059 3306 Judzeos
1115 3253 1172 3304 et
1248 3247 1608 3303 Christianos
1691 3259 1930 3308 veteres,
2019 3247 2120 3316 qui

483 3321 797 3376 commenti
831 3325 968 3376 sunt
999 3320 1370 3391 sapientiam,
1404 3318 1542 3390 quia
1588 3318 1722 3372 inde
1753 3318 2034 3391 Gentium
2067 3323 2121 3373 et

483 3393 814 3464 philosophi
845 3398 900 3446 et
933 3390 1258 3464 poetaasua
1315 3391 1659 3464 hauserunt.
1716 3390 1869 3464 quod
1909 3390 2124 3464 probat

483 3462 749 3521 Kortholt
769 3465 838 3519 ad
862 3462 1076 3519 Ju’stini
1098 3463 1250 3532 Apol.
1285 3480 1330 3534 ι,
1348 3479 1478 3534 pag.
1502 3463 1572 3514 9'3
1597 3480 1609 3527 ;
1635 3465 1692 3516 et
1723 3462 1792 3516 ad
1835 3463 2119 3534 Athenag.

481 3539 634 3609 Apol.
667 3545 792 3591 sect.
815 3539 905 3600 21,
941 3552 1072 3609 pag.
1103 3536 1194 3609 9_-’i,
1227 3552 1285 3589 τι.
1321 3533 1360 3588 l.
1400 3533 1678 3609 Limnen.

554 3609 664 3678 (83)
698 3603 1096 3663 Facultatibus.
1128 3607 1193 3661 H.
1227 3620 1403 3678 capro
1433 3605 1809 3674 facultatibus.
1853 3603 2118 3678 Plautus,

485 3676 744 3746 Pers.1v,
779 3679 830 3746 4,
884 3680 984 3732 13ε
1047 3679 1222 3732 Datur
1276 3677 1391 3730 ham
1444 3678 1731 3746 sexaginta
1787 3677 1976 3730 minis.
2035 3676 2117 3730 Id.

481 3752 634 3805 Asin.
661 3767 700 3812 1,
732 3751 784 3814 3,
819 3750 921 3804 20:
955 3750 1061 3804 Pro
1083 3749 1317 3818 pecunia
1332 3749 1382 3800 si
1411 3749 1567 3801 (tata.
1603 3747 1877 3801 Lmonsn.

552 3822 665 3891 (84)
696 3822 756 3875 Si
802 3816 1128 3891 quicunque.
1174 3824 1341 3874 Rom.
1374 3819 1509 3872 edit.
1544 3832 1894 3888 quaecunque.
1949 3816 2117 3872 Male.

479 3897 732 3946 HERALD.

551 3965 663 4034 (85)
716 3962 1245 4035 Quzmwlpsentiat,
1293 3961 1555 4031 pro/erat.
1611 3957 1898 4035 Rescribit
1944 3957 2118 4035 Davi-

480 4032 605 4090 siUs
634 4032 865 4090 Censeat.
903 4033 1049 4089 Male
1105 4049 1257 4086 vero.
1316 4035 1462 4085 Nam
1514 4032 1722 4085 sentire
1776 4035 1831 4083 et
1872 4033 2122 4098 proferre

479 4106 574 4161 hic
607 4109 758 4160 inter
785 4125 846 4160 se
872 4109 1265 4177 Opponuntur.
1317 4104 1420 4157 Nec
1449 4104 1652 4170 omnia,
1685 4116 1807 4172 quae
1833 4103 2116 4166 sentimus,

477 4181 659 4233 dicere
716 4179 855 4233 libet
913 4187 1013 4232 aut
1068 4177 1194 4231 licet
1257 4177 1521 4244 proferre.
1584 4178 1732 4227 [tura
1814 4181 2121 4240 temporum

474 4251 736 4319 felicztas,
768 4250 958 4320 inquit
1009 4247 1267 4320 Tacitns,
1320 4247 1453 4300 Hist.
1489 4263 1530 4320 1_,
1562 4260 1688 4320 cap.
1725 4245 1776 4312 1,
1822 4244 1971 4320 _U_bi,_
1997 4258 2122 4312 qua?

477 4313 701 4386 sentias,
723 4313 906 4376 dicere
940 4321 1134 4375 liceat.
1170 4313 1363 4372 HEUM.
1402 4348 1466 4356 —
1497 4313 1668 4370 Ducit
1700 4331 1792 4370 me
1822 4314 1917 4368 hic
1959 4313 2120 4369 locus

480 4393 550 4446 ad
599 4394 1094 4456 emendationem,
1145 4391 1194 4445 si
1257 4391 1400 4443 forte
1458 4389 1657 4442 minus
1704 4386 2119 4453 necessariam,

480 4481 589 4518 non
641 4471 896 4519 coactam
946 4469 1140 4518 tamen
1192 4459 1373 4516 illam.
1428 4460 1633 4514 Locum
1697 4457 1780 4512 sic
1839 4458 2002 4529 lego:
2047 4457 2124 4512 'Si

477 4537 785 4605 quicunque
840 4537 1042 4590 divinis
1098 4538 1340 4604 quaerat,
1401 4547 1508 4605 qua
1564 4530 1778 4598 sentiat,
1830 4530 2115 4605 proferat.

479 4603 672 4682 Potuit
696 4603 825 4682 qua?
852 4603 1133 4682 encidisse
1155 4606 1226 4657 ob
1251 4603 1859 4682 antecedensquzerat,
1895 4603 2047 4682 quod
2079 4617 2120 4682 _a

477 4695 596 4747 qua
629 4674 854 4747 incipit.
886 4678 1000 4730 Nec
1057 4677 1222 4730 aliter
1273 4674 1757 4747 Ablancourtius:
1804 4674 2120 4747 S’enquerir

477 4728 566 4802 des
594 4728 779 4802 chose;
806 4749 1038 4811 divinas,
1071 4753 1121 4802 et
1149 4763 1215 4802 en
1245 4728 1463 4800 vouloir
1491 4746 1611 4799 dire
1638 4761 1695 4799 ce
1727 4746 1824 4814 qui
1879 4728 2002 4800 lcur
2051 4760 2120 4799 en
2151 4728 2196 4792 D

476 4821 691 4874 semble.
729 4819 842 4872 Hoc
874 4821 1028 4873 enim
1062 4819 1117 4872 in
1152 4817 1358 4884 primis
1385 4816 1442 4869 in
1475 4816 1828 4870 Christianis
1888 4821 2117 4871 taxave-

479 4897 566 4945 rat
598 4891 878 4954 Ceccilius,
915 4892 1067 4960 quod
1101 4901 1320 4942 certum
1367 4887 1583 4955 aliquid
1621 4887 1693 4940 de
1751 4904 1983 4960 summa
2029 4904 2117 4941 re-

480 4979 609 5016 rum
654 4968 709 5017 et
757 4959 1062 5034 majestate
1109 4961 1505 5034 decernerent,
1558 4974 1785 5034 capruv,
1836 4959 2116 5034 adeoque,

483 5051 606 5105 qua?
657 5027 960 5096 sentirent,
1020 5033 1365 5105 proferrent,
1426 5044 1552 5082 cum
1613 5027 1965 5105 philosophi,
2001 5027 2118 5099 'qui

478 5100 540 5158 se
573 5107 672 5158 toti
711 5106 764 5159 ei
825 5100 1034 5160 studio'
1069 5103 1388 5166 dedissent,
1449 5117 1561 5153 non
1623 5100 1732 5153 nisi
1785 5100 2121 5155 dubitanter

479 5181 944 5244 pronuntiarent,
1003 5181 1058 5231 et
1113 5173 1431 5244 deliberare
1475 5186 1548 5244 se
1587 5169 1772 5244 Avelle
1837 5170 2116 5244 dicerent.

478 5240 600 5302 Nisi
658 5250 803 5303 forte
862 5240 1034 5304 malis
1092 5263 1194 5318 per
1247 5243 1528 5318 syllepsin
1585 5240 1666 5318 ita
1696 5246 1968 5318 supplere
1993 5261 2015 5318 :_
2060 5243 2123 5318 Si

477 5322 789 5391 quicunque
815 5321 880 5375 de
911 5313 1116 5374 divinis
1146 5313 1364 5390 quaerat
1387 5313 1624 5385 (divina)
1655 5314 1858 5368 sentiat
1881 5314 2120 5386 (divina)

473 5393 739 5459 proferat.
779 5392 1056 5446 Lmnxsa.

549 5455 661 5522 (86)
696 5468 808 5516 Hoc
834 5465 1106 5518 illustrior
1133 5468 1230 5515 est.
1266 5457 1546 5527 Nuspiam
1582 5455 1638 5509 id
1677 5455 1811 5524 jure
1863 5456 1973 5509 dici
2024 5474 2122 5527 po-

474 5537 606 5586 test.
642 5537 910 5588 Attamen
945 5535 1029 5588 sic
1061 5548 1268 5603 nuper,
1293 5527 1622 5603 Ouzeliana,
1664 5531 1906 5603 _secuta_
1933 5528 2122 5603 Rigal-

473 5603 716 5657 tinuum.
748 5611 818 5660 At
871 5596 1364 5659 Romana-Sabaei
1422 5598 1815 5664 Woweriana,
1870 5596 2117 5654 Edmlan-

466 5673 797 5747 horstiana,
862 5682 1109 5747 utraque
1156 5671 1412 5739 Heraldi,
1471 5673 1576 5727 [loc
1631 5671 1906 5728 illustrior
1978 5674 2119 5730 ratio

445 5753 561 5802 est.
595 5745 862 5807 Gnonov.

523 5816 636 5890 (87)
695 5818 974 5882 Con-nisus
1028 5825 1127 5876 est.
1189 5818 1288 5879 Sic
1341 5813 1627 5876 Heraldus
1693 5831 1761 5871 ex
1817 5831 1929 5874 ms.
1990 5832 2112 5899 reg.

2232 2608 2473 2664 CELLAR.
2505 2604 2776 2661 connixus
2807 2609 2903 2659 est.
2943 2604 3216 2659 Lmnura.

2303 2679 2414 2759 (.88)
2448 2677 2606 2759 Quod
2631 2677 2739 2731 illa
2766 2691 2962 2759 prona.
2997 2675 3267 2730 Imitatur
3299 2672 3652 2730 notissimos
3681 2687 3864 2728 versus

2230 2748 2436 2814 Ovidii,
2464 2749 2677 2803 Metam.
2713 2764 2752 2813 ι,
2792 2748 2901 2803 842

2324 2864 2600 2926 Pronaque
2627 2865 3022 2926 cumrspectent
3051 2860 3300 2926 animalia
3332 2864 3534 2911 caetera
3562 2863 3772 2926 terram,

2323 2929 2392 2976 Os
2419 2923 2624 2976 homini
2653 2923 2877 2974 sublime
2907 2925 3085 2988 dedit:
3118 2924 3431 2988 caelumque
3452 2923 3616 2988 _tueri

2322 2990 2506 3050 Jussit,
2537 2992 2589 3038 et
2618 2993 2820 3039 erectos
2849 2988 2916 3036 ad
2946 2987 3118 3037 sidera
3147 2986 3356 3036 tollere'
3376 2986 3578 3036 vultus.

2304 3107 2414 3176 (89)
2446 3105 2780 3176 Legendum
2812 3120 2941 3159 esse
2966 3106 3100 3158 nata
3127 3109 3276 3166 sunt.
3312 3119 3427 3175 ego
3489 3101 3870 3176 quidemunon

2231 3167 2456 3254 dubito.
2716 3207 2785 3254 -_—
2813 3176 2921 3230 Pro
2953 3181 3184 3254 recepta
3213 3167 3554 3254 statfqnp'd
3613 3167 3868 3254 explicari

2231 3252 2441 3319 potest,
2470 3248 2616 3301 nihil
2645 3251 2776 3302 nata.
2803 3262 2918 3319 esse
2946 3245 3122 3319 videri
3149 3247 3384 3318 possint.
3415 3245 3420 3246 “
3447 3245 3577 3300 Non
3609 3245 3759 3300 enim
3787 3255 3866 3296 se-

2229 3317 2451 3390 quitur,
2487 3319 2625 3390 quia
2685 3317 2960 3373 animalia
3019 3318 3077 3372 in
3136 3326 3357 3390 terram
3422 3320 3864 3390 vergunt,_e_rgo

2230 3384 2374 3445 nihil
2399 3384 2536 3446 nata
2565 3395 2705 3445 sunt
2735 3391 3065 3460 prospicere
3094 3387 3206 3443 nisi
3257 3384 3578 3459 pabulum,
3628 3385 3726 3442 sed
3771 3384 3866 3460 hoc

2228 3463 2639 3517 tantummodo
2697 3454 2926 3528 eiinde,
2986 3475 3100 3515 non
3151 3454 3276 3514 sine
3328 3460 3601 3515 veritatis
3673 3454 3868 3528 specie,

2229 3527 2933 3606 colligiturr.A[Lmn_nna.—'
2955 3532 3242 3606 Caeterum
3262 3533 3572 3606 notandus
3589 3535 3678 3585 est
3698 3527 3868 3606 Minu-

2230 3598 2601 3676 ciusrquisic
2622 3603 2845 3672 scribit,
2865 3621 2931 3660 ac
2952 3603 3002 3658 si
3023 3620 3136 3676 non
3183 3601 3437 3658 dixisset
3476 3607 3710 3676 tantum
3751 3598 3872 3676 {eris

2231 3673 2446 3741 belluis,
2480 3677 2577 3730 sed
2615 3677 2986 3747 apposuisset
3016 3675 3187 3730 etiam
3220 3677 3521 3745 pecoribus
3550 3674 3640 3728 vel
3674 3673 3873 3747 anima:

2230 3749 2395 3812 libus,
2431 3738 2494 3802 ut
2523 3738 2796 3818 capfiix.
2850 3738 3232 3818 Pecudumqué
3275 3762 3482 3818 genus,
3525 3749 3589 3818 et,
3629 3738 3875 3816 quidquid

2229 3821 2384 3874 aliud
2423 3817 2776 3883 animalium,
2834 3819 2968 3874 hinc
3005 3817 3352 3873 universum
3407 3817 3524 3872 hoc
3577 3817 3640 3872 in
3692 3820 3876 3869 neutro

2230 3891 2441 3961 plurali
2473 3891 2689 3956 edens;
2724 3895 2825 3945 aut
2855 3889 3224 3945 solummodo
3263 3890 3430 3958 quod
3466 3889 3556 3943 sic
3589 3891 3649 3944 in
3693 3886 3876 3961 lingua

2230 3957 2540 4034 promptus
2561 3966 2618 4034 et
2634 3962 2986 4034 abjuventa,
3004 3957 3378 4017 assuefactus
3411 3965 3678 4034 exstaret
3707 3957 3876 4023 locus,

2227 4031 2314 4087 vel
2347 4031 2607 4088 Sdllustii
2661 4031 2748 4086 vel
2804 4033 3013 4101 Ovidii,
3073 4037 3138 4086 ut
3194 4034 3580 4088 consuetudo
3641 4031 3754 4084 ista
3797 4042 3882 4081 au-

2230 4107 2404 4160 ferret
2433 4105 2577 4160 alios
2609 4121 2841 4159 sensus.
2873 4104 3020 4159 Nam
3053 4103 3296 4158 assidua
3339 4104 3537 4159 fuisse
3589 4103 3649 4156 in
3703 4102 3880 4171 poste-

2229 4178 2449 4231 riorum
2481 4177 2700 4246 linguis
2732 4177 2831 4231 illa
2862 4177 2991 4248 ipsa
3034 4175 3234 4240 verba,
3289 4177 3517 4247 probat
3573 4183 3883 4248 consensus

2229 4264 2459 4329 quoque
2488 4242 2738 4329 istorum
2770 4242 3044 4329 duorum,
3100 4263 3248 4329 quos
3289 4242 3550 4329 _profert
3603 4242 3878 4329 Barthius,

2229 4264 2459 4329 quoque
2488 4264 2738 4302 istorum
2770 4264 3044 4311 auorum,
3100 4264 3248 4373 qluos
3311 4264 3550 4318 prorert
3603 4264 3878 4324 vermium,

2227 4319 2457 4393 li_b._;nx
2512 4319 2770 4393 Advers,,_
2815 4335 2932 4393 cap
2997 4320 3052 4372 7.
3144 4317 3214 4393 ni
3269 4318 3520 4393 generis
3552 4319 3881 4393 _mutationl

2227 4391 2418 4446 simile
2448 4391 2663 4463 praebet
2710 4389 2926 4455 Livius,
2958 4406 3106 4452 xxw,
3139 4389 3230 4454 27,
3279 4389 3391 4446 ﬁn.
3446 4394 3509 4445 et
3552 4389 3791 4463 Parens
3833 4389 3888 4463 in

2227 4463 2413 4517 [λεπὶσί
2449 4454 2660 4517 Ὀνίιίσὶ
2711 4454 2997 4526 mantissa,
3057 4477 3188 4532 pag.
3247 4463 3314 4516 61
3381 4465 3446 4517 et
3507 4464 3606 4528 62,
3669 4454 3891 4526 collegit

2226 4533 2340 4589 alia
2369 4535 2651 4604 exempla.
2683 4532 2940 4588 Gaorzov.

2299 4606 2408 4675 (90)
2441 4597 2626 4660 Sermo
2674 4607 2725 4658 et
2780 4606 2946 4660 ratio.
3006 4603 3195 4671 Forte,
3253 4601 3453 4675 datus,
3517 4605 3571 4658 et
3625 4614 3801 4658 sermo
3847 4597 3890 4649 et

2227 4672 2394 4742 ratio,
2429 4682 2559 4747 etc.
2615 4677 2924 4747 Asyndctis
2981 4679 3177 4747 tamen
3237 4672 3637 4747 delectatur__
3670 4680 3892 4747 (11)qu

2227 4745 2756 4802 Minucius.Wopk.
2808 4779 2858 4788 —
2886 4745 3178 4801 Orationis
3204 4761 3424 4800 nervos
3449 4745 3675 4800 incidit
3691 4745 3890 4800 Heum.

2229 4820 2368 4873 dum
2402 4819 2614 4874 verba:
2645 4819 2942 4894 (Sermoet
2971 4820 3139 4882 ratio,
3189 4832 3287 4894 per
3316 4833 3452 4887 quae
3487 4821 3678 4872 Deum
3732 4825 3892 4894 agno-

2229 4894 2448 4952 scimus,
2508 4893 2793 4949 sentimus.
2843 4891 3152 4954 imitamur,
3201 4893 3502 4958 tanquam
3555 4905 3589 4944 e
3642 4891 3894 4958 margine

2227 4963 2288 5016 in
2335 4968 2553 5016 textum
2612 4961 3008 5033 irrepsissent,
3063 4959 3239 5033 delet.
3301 4957 3454 5014 Tria
3516 4960 3686 5014 enim
3745 4957 3893 5033 sunt,

2231 5033 2444 5104 quibus
2471 5051 2498 5088 a
2527 5034 2664 5089 feris
2687 5031 2897 5088 belluis
2940 5031 3620 5104 distinguimur,istatus
3660 5031 3894 5104 erectus,

2230 5101 2343 5175 quo
2379 5106 2540 5160 Deum
2570 5107 2934 5173 agnoscimus,
2969 5101 3169 5159 oculos
3201 5101 3259 5157 in
3282 5103 3540 5177 _ccelum
3590 5101 3895 5177 tollentes:

2227 5172 2425 5244 sermo,
2458 5193 2572 5245 quo
2603 5172 2787 5232 Deum
2819 5177 3103 5244 sentimus,
3137 5173 3328 5230 omnis
3365 5176 3541 5248 enim
3570 5174 3668 5248 Vde
3698 5172 3898 5248 divini-

2226 5252 2344 5302 tate
2377 5248 2535 5303 notio
2575 5253 2632 5304 et
2689 5265 2924 5311 sensus,
2979 5263 3086 5318 ope
3145 5247 3478 5318 sermonis,
3523 5247 3603 5318 ab
3654 5245 3897 5318 infantia

2229 5319 2398 5375 nobis
2429 5319 2782 5385 instillatur;
2813 5320 2978 5384 ratio,
3012 5315 3070 5372 in
3127 5333 3240 5388 quo
3289 5315 3645 5372 similitudo
3705 5316 3900 5369 nostra

2227 5407 2359 5445 cum
2414 5396 2522 5446 [)eo
2555 5390 2839 5462 consistit,
2893 5405 3190 5462 quemque
3247 5404 3330 5462 eoA
3379 5388 3521 5460 ipso
3584 5389 3899 5462 imitamur,

2229 5462 2515 5534 siquidem
2551 5468 2635 5516 est
2658 5465 2774 5518 Ens
2797 5459 3020 5517 ratione
3039 5459 3153 5515 nan
3204 5459 3381 5514 modo
3411 5459 3631 5523 utens,
3667 5459 3769 5513 sed
3814 5470 3900 5509 ra-

2228 5535 2403 5588 tionis
2438 5535 2623 5602 ipsius
2654 5539 2877 5590 auctor.
2920 5534 3196 5587 Lmnnaa.

2296 5606 2408 5674 (91)
2442 5600 2544 5660 Per
2584 5622 2725 5678 qum.
2786 5611 2957 5670 Btnc,
3013 5606 3291 5659 consueta
3339 5600 3629 5675 syllepsi.
3681 5600 3895 5678 Cicero,

2225 5671 2328 5806 Eb.
2362 5693 2437 5730 v11
2469 5679 2563 5749 Ep.
2589 5671 2676 5749 30,
2712 5678 2766 5748 4,
2795 5679 3054 5747 Domum,
3076 5691 3268 5746 agros,
3295 5671 3746 5747 eaqueamwno
3767 5671 3899 5727 loco.

2274 5764 2502 5806 INDNER.

2274 5764 2502 5809 INDNER.
