4102 6162
28 2711 244 5520 Ξ

409 276 496 335 297

1882 266 2303 336 OCTAVIUS.

3679 273 3799 339 298

401 411 564 466 instar
594 412 703 475 est,
735 407 902 464 humi
933 423 1214 480 quaerere,
1248 408 1400 480 quod
1430 407 1489 464 in
1523 405 1764 463 sublimi
1797 407 2036 474 debeas,
2065 413 2121 476 Α
2151 406 2263 462 nisi
2296 405 2552 461 maxima
2581 403 2804 460 ratione
2834 403 3195 464 consisteret.
3237 408 3369 465 Jam
3416 409 3792 481 providentiae

400 497 653 554 invenire.
687 496 789 568 [χι]
831 498 954 562 Quo
1005 496 1194 570 magis
1243 496 1390 551 mihi
1420 496 1711 561 videntur,
1744 495 1842 566 qui
1874 496 2030 551 hunc

399 587 576 642 mundi
601 586 790 642 totius
813 591 1085 641 ornatum
1108 602 1226 640 non
1243 586 1441 641 divina
1459 585 1682 640 ratione
1712 585 2029 657 perfectum

396 675 596 742 volunt,
631 675 732 729 sed
766 675 972 729 frustis
997 673 1350 745 quibusdam
1372 678 1591 729 temere
1605 673 2031 729 cohaerentibus

397 762 812 836 conglobatum,
873 766 1152 830 mentem,
1213 778 1476 831 sensum,
1532 761 1732 818 oculos
1777 762 2033 832 denique

394 854 532 924 ipsos
593 869 710 907 non
771 851 1007 909 habere.
1060 851 1208 915 Quid
1268 851 1423 906 enim
1473 856 1667 923 potest
1723 867 1851 906 esse
1909 855 2028 906 tam

393 947 669 1013 apertum,
692 945 814 996 tam
839 940 1193 1007 confessum,
1217 943 1458 1011 tamque
1471 940 1871 1012 perspicuum,
1896 956 2029 994 cum

392 1029 574 1086 oculos
606 1030 665 1084 in
697 1028 905 1084 coelum
937 1027 1272 1093 sustuleris,
1313 1033 1372 1084 et
1402 1045 1529 1101 quis
1561 1033 1700 1084 sunt
1737 1028 1890 1084 infra
1919 1027 2030 1082 cir-

389 1135 556 1190 caque
583 1118 695 1190 (92)
726 1117 1090 1186 lustraveris,
1135 1133 1313 1189 quam
1346 1133 1475 1173 esse
1525 1115 1757 1186 aliquod
1811 1133 2030 1173 numen

389 1189 874 1280 praistabtiSsimte
899 1205 1136 1273 mentis,
1173 1221 1289 1276 quo
1311 1204 1422 1276 (93)
1457 1203 1650 1261 omnis
1679 1189 1892 1262 natura
1939 1204 2030 1259 in-

386 1297 648 1368 spiretur,
691 1297 1012 1362 moveatur,
1065 1293 1279 1363 alatur,
1332 1293 1738 1364 gubernetur?
1808 1293 2031 1349 Ccelum

382 1387 566 1457 ipsum
591 1385 743 1439 vide.
767 1386 948 1448 Quam
988 1381 1104 1438 late
1129 1381 1420 1437 tenditur!
1473 1398 1650 1454 quam
1681 1382 1883 1454 rapide
1911 1381 2031 1438 vol-

379 1474 549 1529 vitur!
597 1471 686 1529 vel
721 1473 876 1544 quod
909 1473 1025 1544 (94)
1059 1473 1116 1525 in
1153 1477 1382 1527 noctem
1417 1471 1595 1526 astris
1625 1471 2030 1543 distinguitur,

377 1563 454 1618 vel
498 1563 659 1634 quod
693 1562 754 1616 in
787 1561 942 1616 diem
975 1560 1096 1616 sole
1126 1559 1419 1616 lustratur
1447 1562 1605 1631 :jam
1648 1560 1822 1626 scies,
1853 1576 2032 1631 quam

375 1653 444 1708 sit
473 1652 530 1706 in
565 1668 633 1707 eo
657 1650 873 1706 summi
901 1649 1288 1705 moderatoris
1314 1649 1464 1703 mira
1481 1653 1538 1704 et
1559 1648 1753 1704 divina
1777 1648 2030 1705 libratio.

374 1741 510 1796 Vide
547 1746 608 1796 et
635 1756 858 1796 annum
891 1743 958 1794 ut
986 1737 1128 1794 solis
1158 1737 1421 1793 ambitus
1452 1737 1660 1794 faciat:
1686 1744 1743 1793 et
1768 1755 2030 1794 mensem

376 1832 499 1885 vide
537 1835 606 1884 ut
631 1828 775 1884 luna
806 1831 1002 1894 auctu,
1023 1827 1207 1887 senio.
1231 1825 1426 1881 labore
1470 1826 1855 1898 circumagat.
1881 1827 2030 1894 Quid

2142 499 2393 566 quantas,
2420 511 2491 550 ne
2512 492 2701 548 hiems
2732 493 2856 549 sola
2877 494 3062 566 glacie
3084 502 3297 565 ureret,
3329 505 3431 554 aut
3461 497 3586 554 sola
3620 504 3794 558 astas

2141 585 2347 639 ardore
2403 587 2670 652 torreret,
2723 584 2993 638 autumni
3052 589 3109 639 et
3158 586 3312 641 veris
3368 587 3624 643 inserere
3679 589 3792 659 (98)

2145 674 2402 728 medium
2429 676 2979 744 temperamentum,
3013 678 3078 728 ut
3107 691 3210 746 per
3239 677 3487 748 vestigia
3514 694 3622 734 sua
3653 677 3792 733 anni

2147 761 2485 817 revertentis
2534 760 2746 816 occulti
2796 767 2853 816 et
2901 761 3122 817 innoxii
3179 765 3466 821 transitus
3523 766 3796 823 laberen-

2140 853 2240 904 tur
2264 849 2394 921 (99).
2421 848 2567 905 Mari
2587 847 2824 904 intende
2849 865 2864 903 :
2889 849 3015 922 lege
3030 849 3243 908 littoris
3266 853 3594 926 stringitur.
3619 858 3796 923 Quid-

2141 938 2282 1010 quid
2312 938 2586 994 arborum
2617 942 2708 994 est
2735 937 2886 1003 vide,
2913 954 3092 1009 quam
3114 939 3194 1011 (1)
3223 957 3253 996 e
3286 947 3452 998 terrea
3475 945 3796 1004 visceribus

2141 1025 2456 1082 animatur.
2490 1025 2698 1098 Aspice
2735 1026 3030 1083 Oceanum
3051 1045 3064 1082 :
3085 1029 3280 1084 reﬂuit
3310 1031 3620 1103 reciprocis
3645 1035 3799 1092 testi-

2139 1115 2271 1170 bus.
2303 1114 2450 1171 Vide
2478 1115 2961 1171 fonteszmanant
2980 1117 3142 1173 venis
3178 1119 3565 1190 perennibus;
3590 1122 3797 1181 ﬂuvios

2139 1203 2406 1259 intuere:
2447 1207 2590 1259 eunt
2624 1219 2859 1275 semper
2880 1205 3150 1262 exercitis
3191 1205 3476 1279 lapsibus.
3509 1212 3659 1276 Quid
3709 1212 3794 1269 lo-

2140 1309 2290 1364 quar
2319 1297 2451 1365 apte
2480 1292 2767 1364 disposita
2813 1293 2891 1364 (2)
2919 1299 3074 1351 recta
3103 1296 3393 1353 montium
3426 1298 3521 1370 (3),
3553 1299 3792 1358 collium

2142 1380 2308 1448 ﬂexa,
2368 1385 2634 1453 porrecta
2688 1383 3069 1454 camporum?
3124 1384 3336 1455 quidve
3400 1388 3791 1447 animantium

2139 1467 2348 1541 loquar
2377 1471 2657 1526 adversus
2689 1486 2817 1526 sese
2845 1471 3092 1527 tutelam
3126 1472 3547 1532 multiformem
3569 1477 3596 1532 ‘t
3644 1479 3790 1536 alias

2143 1564 2402 1614 armatas
2423 1559 2721 1625 cornibus,
2751 1559 2896 1614 alias
2912 1560 3190 1616 dentibus
3209 1575 3425 1634 septas,
3443 1570 3501 1620 et
3519 1565 3794 1625 fundatas

2143 1647 2400 1718 ungulis,
2433 1653 2490 1703 et
2541 1648 2797 1718 spicatas
2845 1648 2922 1719 (4)
2964 1648 3345 1706 aculeiszaut
3379 1653 3527 1708 287
3574 1656 3791 1724 pedum

2143 1735 2437 1792 celeritate
2495 1735 2735 1803 liberas,
2805 1741 2904 1792 aut
2960 1736 3209 1794 elatione
3259 1739 3614 1811 pinnarum?
3662 1745 3796 1816 Ipsa

2144 1827 2432 1898 praecipue
2463 1826 2661 1881 formae
2694 1830 2904 1881 nostrae
2947 1825 3323 1898 pluchritudo
3354 1834 3536 1885 Deum
3583 1831 3799 1890 fatetur

369 1920 753 1975 tenebrarum
784 1921 841 1972 et
871 1915 1113 1971 luminis
1145 1915 1336 1970 dicam
1371 1919 1740 1970 recursantes
1779 1915 1946 1981 vices,
1971 1920 2035 1970 ut
2143 1915 2427 1970 artiﬁcem
2463 1931 2476 1970 :
2511 1919 2700 1970 status
2731 1915 2979 1985 rigidus,
3011 1915 3211 1972 vultus
3248 1923 3495 1989 erectus,
3535 1921 3688 1977 oculi
3733 1923 3794 1978 in

375 2008 450 2064 sit
467 2006 642 2063 nobis
665 2007 864 2078 operis
884 2009 942 2060 et
963 2005 1176 2076 quietis
1199 2002 1425 2059 alterna
1461 2003 1788 2076 reparatio?
1836 2004 2031 2060 Relin-

367 2097 603 2168 quenda
631 2111 768 2151 vero
791 2092 1101 2165 astrologis
1123 2092 1404 2164 prolixior
1418 2093 1488 2148 de
1507 2092 1799 2149 sideribus
1823 2093 2028 2174 oratio,

360 2188 447 2240 vel
481 2183 640 2256 quod
676 2186 881 2255 regant
910 2197 1149 2237 cursum
1180 2180 1511 2252 navigandi,
1549 2181 1703 2238 286
1743 2181 1830 2236 vel
1872 2183 2028 2253 quod

362 2273 563 2328 arandi
603 2271 978 2342 metendique
1000 2276 1234 2341 tempus
1266 2269 1549 2324 inducant
1570 2269 1716 2341 (95);
1749 2285 1876 2341 quas
1905 2269 2026 2325 sin-

360 2363 519 2434 gula,
554 2378 670 2416 non
706 2359 900 2427 modo,
921 2364 986 2414 ut
1010 2362 1372 2424 crearentur,
1405 2358 1629 2428 fierent,
1653 2359 2028 2430 disponeren-

357 2457 480 2522 tur,
511 2450 736 2506 summi
775 2449 1002 2520 opificis
1034 2455 1091 2504 et
1123 2447 1393 2520 perfectas
1437 2447 1678 2503 rationis
1711 2453 2024 2520 eguerunt,

361 2555 566 2595 verum
588 2539 768 2594 etiam
795 2537 1020 2607 sentiri,
1047 2536 1321 2609 perspici,
1345 2536 1615 2608 intelligi,
1642 2536 1768 2592 sine
1789 2554 2025 2592 summa

366 2628 600 2684 solertia
648 2631 709 2682 et
758 2625 981 2682 ratione
1028 2641 1144 2680 non
1196 2630 1464 2697 possunt.
1516 2625 1665 2688 Quid
1713 2642 1847 2680 cum
1880 2627 2020 2682 ordo

366 2721 693 2788 temporum
726 2732 793 2771 ac
844 2714 1082 2787 frugum
1125 2715 1240 2786 (96)
1271 2713 1466 2770 stabili
1494 2715 1770 2769 varietate
1811 2714 2020 2770 distin-

371 2807 583 2877 guitur,
609 2819 803 2860 nonne
831 2808 1126 2859 auctorem
1145 2819 1320 2859 suum
1333 2807 1751 2875 parentemque
1769 2807 2021 2859 testatur

373 2911 470 2950 ver
489 2911 645 2966 teque
666 2909 801 2949 cum
823 2892 948 2948 suis
969 2891 1235 2960 ﬂoribus,
1271 2895 1329 2948 et
1349 2897 1520 2948 testas
1542 2907 1676 2947 cum
1709 2891 1835 2948 suis
1863 2908 2018 2948 mes-

375 2983 555 3049 sibus,
587 2988 643 3038 et
671 2980 942 3037 autumni
969 2980 1279 3036 maturitas
1315 2983 1501 3052 grata,
1533 2980 1647 3052 [22)
1687 2985 1744 3035 et
1771 2979 2018 3036 hiberna

377 3071 600 3130 olivitas
621 3073 732 3144 (97)
756 3069 1124 3127 necessaria?
1155 3069 1264 3135 Qui
1295 3069 1436 3125 ordo
1460 3067 1630 3125 facile
1654 3069 2009 3141 turbaretur,

2141 2019 2397 2070 summo,
2429 2002 2588 2059 velut
2619 2003 2676 2057 in
2707 2002 2967 2075 specula,
3001 2005 3329 2074 constituti,
3369 2012 3428 2064 et
3456 2025 3659 2067 omnes
3682 2028 3792 2068 cae-

2138 2093 2246 2148 teri
2277 2108 2487 2148 sensus
2517 2090 2674 2148 velut
2700 2091 2762 2146 in
2791 2108 2923 2148 arce
2952 2092 3260 2166 compositi
3279 2095 3378 2167 (5).

2727 2233 2959 2290 CAPUT
2997 2235 3196 2292 XVIII.

2140 2345 2571 2421 Aaeuusn'rura.
2597 2341 2808 2421 —_Non
2845 2342 3030 2421 solum
3058 2346 3243 2421 autem
3271 2346 3528 2421 universo
3555 2350 3784 2421 mundo,

2204 2413 2300 2467 sed
2338 2413 2578 2481 singulis
2630 2413 2752 2484 ejus
2795 2413 3051 2484 partibus
3109 2415 3249 2470 Deus
3293 2418 3546 2473 consulit.
3613 2413 3786 2480 Unius

2203 2488 2385 2538 autem
2445 2485 2542 2538 Dei
2576 2489 2716 2538 nutu
2789 2487 2979 2540 omnia
3033 2489 3339 2554 gubernari
3361 2531 3374 2554 ,
3433 2494 3786 2549 terrenarum

2203 2555 2452 2628 eaemplo
2507 2556 2873 2626 imperiorum
2929 2555 3214 2627 probatur.
3274 2559 3534 2628 Quamvis
3601 2573 3785 2622 autem

2201 2626 2302 2704 ille
2350 2627 2605 2704 infinitus
2651 2630 2703 2682 et
2731 2629 3072 2704 immensus,
3112 2626 3328 2704 sibique
3373 2632 3495 2700 uni,
3545 2641 3784 2704 quantus

2200 2699 2623 2777 est,‘cog_nitus,a
2648 2699 2804 2777 nobis
2831 2715 2937 2777 nec
2955 2699 3134 2777 videri
3152 2699 3250 2756 nec
3273 2699 3568 2777 nominari
3584 2713 3781 2777 queat,

2201 2769 2374 2834 ipsius
2397 2772 2580 2823 tamen
2611 2769 2856 2835 claritas,
2888 2771 2937 2825 si
2963 2773 3256 2827 nominum
3293 2773 3566 2830 tollantur
3591 2769 3782 2835 ἀᾱάἰὲ

2200 2843 2464 2907 lamenta,
2493 2840 2846 2910 perspicitur.

2200 2983 2462 3053 Longum
2504 2985 2595 3038 est
2640 2982 2725 3037 ire
2773 2997 2876 3055 per
2920 2981 3201 3055 singula:
3239 2984 3385 3040 nihil
3431 2986 3489 3042 in
3538 2987 3778 3050 homine

2127 3069 2527 3126 membrorum
2557 3074 2666 3138 est,
2689 3071 2844 3142 quod
2869 3087 2983 3126 non
3006 3075 3064 3126 et
3085 3072 3452 3131 necessitatis
3473 3092 3652 3133 causa
3673 3079 3771 3150 sit,

1796 3176 2128 3238 Variorum
2170 3184 2357 3239 notas.

435 3276 542 3347 (9‘2)
565 3277 698 3345 Quae
724 3278 854 3331 sunt
881 3277 1040 3340 intra
1065 3275 1337 3343 circaque.
1359 3271 1470 3328 Alii
1491 3271 1694 3345 legunt
1715 3289 1884 3345 supra
1898 3275 2009 3328 cir-

368 3363 546 3414 caque,
577 3348 677 3402 sed
710 3355 911 3402 contra
947 3347 1116 3401 fidem
1151 3361 1263 3400 ms.
1301 3350 1574 3400 Lmouaa.

456 3421 542 3491 93)
573 3421 706 3488 Quo.
743 3418 904 3491 Haud
941 3416 1458 3491 dubierescriboa
1485 3416 1865 3491 quoHsUM—
1886 3417 2010 3491 Nisi

406 3487 686 3562 repositio
719 3490 844 3561 pari
865 3489 1000 3559 jure
1024 3487 1273 3562 om_issa._
1300 3504 1414 3558 quo
1447 3488 1595 3556 apud
1637 3491 1836 3542 Horat.
1869 3488 2012 3543 edite

406 3504 686 3562 reposmo
719 3506 844 3561 pari
865 3505 1000 3559 ,μη-θ
1024 3505 1263 3546 omissa.
1300 3504 1414 3558 quo
1447 3505 1535 3556 api

365 3504 442 3630 fa)
472 3563 711 3628 regibus,
741 3567 801 3615 et
825 3576 1029 3616 omnes
1051 3559 1216 3614 alios.
1254 3559 1535 3613 LINDNER.

433 3633 536 3704 (94)
563 3634 650 3688 Vel
679 3631 840 3702 quod.
883 3635 971 3685 Ita
1000 3647 1109 3686 ms.
1143 3630 1406 3686 Romana
1431 3629 1607 3685 editio
1636 3630 1720 3684 vel
1747 3646 1890 3702 qua,
1913 3646 2009 3685 su-

366 3702 532 3759 baudi
563 3705 771 3759 sidera.
819 3704 1016 3757 HEUM.

456 3777 540 3848 95)
562 3775 850 3848 Inducant.
882 3771 1198 3848 Nonnullis
1239 3771 1426 3848 placet
1466 3779 1678 3841 tempus
1715 3772 2003 3841 indicant;

368 3842 466 3900 sed
489 3842 644 3901 nulla
670 3845 1019 3901 necessitate
1042 3843 1222 3911 ducti,
1241 3842 1562 3898 lectionem
1595 3859 1628 3897 a
1655 3859 1765 3898 ms.
1816 3847 2004 3898 reten-

366 3920 492 3992 tam_
509 3919 909 3992 deseruerunt.
929 3917 1074 3992 Yide
1102 3913 1413 3992 Virgilium
1428 3918 1622 3984 Georg.
1645 3915 1790 3992 1424.
1810 3914 2000 3971 DAVIB.

367 4016 431 4027 -
463 3989 692 4046 Ovidius
715 3993 914 4046 Pastor
941 3987 1043 4042 lib.
1077 4004 1130 4052 ν,
1157 3987 1260 4041 163
1292 4002 1306 4040 :

471 4097 568 4146 Aut
595 4095 757 4145 simul
787 4094 1038 4143 inducunt
1067 4093 1295 4143 obscura
1322 4091 1634 4210 crepusﬁula
1662 4095 1888 4142 noctem.

1553 4171 1787 4210 INDNEB.

1553 4171 1787 4210 INDNEB.

437 4273 539 4341 (96)
569 4275 636 4329 Ac
663 4274 916 4343 frugum.
960 4271 1046 4326 Ita
1075 4274 1164 4326 est
1191 4270 1252 4324 in
1285 4285 1404 4343 gms.
1439 4269 1669 4343 Codice,
1712 4287 1828 4325 non
1860 4270 1999 4326 item

375 4340 429 4413 in
457 4340 694 4400 editione
726 4340 1009 4399 Romana.
1045 4346 1174 4396 Haec
1203 4342 1357 4413 enim
1389 4341 1566 4396 habet
1613 4342 1713 4413 hac
1750 4344 1997 4413 frugum,

378 4411 530 4488 idque
557 4414 1116 4488 perperam,quodet
1136 4412 1421 4488 Heraldus
1454 4411 1847 4488 agnoscitJAc
1878 4430 1998 4488 om-

382 4483 516 4548 nino,
546 4483 608 4543 ut
635 4483 722 4543 e'sl
773 4487 832 4541 in
865 4483 997 4553 ma,
1033 4484 1115 4540 ita
1145 4483 1452 4556 scripsisse
1505 4483 1843 4553 Minutium,
1882 4485 1998 4540 fre-

383 4560 595 4626 quentia
627 4560 835 4614 docent
851 4559 1048 4629 verba,
1057 4555 1277 4627 quibus
1294 4561 1349 4612 et
1365 4564 1668 4627 temporum
1688 4560 1744 4611 et
1765 4560 1998 4629 frugum

379 4629 601 4702 varietas
630 4629 956 4702 exponitur.
1002 4628 1195 4702 Hsuiu.
1610 4671 1616 4680 .

443 4701 542 4766 (97)
581 4697 826 4759 Hiberna
844 4701 1085 4756 olivitas.
1120 4699 1370 4768 Scopum
1405 4713 1519 4752 non
1553 4697 1744 4768 tetigit
1772 4697 1868 4753 hic
1901 4697 1998 4752 Ri-

378 4767 591 4840 galtius.
618 4777 685 4828 At
713 4779 865 4828 recte
893 4771 1036 4826 vidit
1065 4771 1116 4826 J.
1149 4767 1583 4840 Fr.’Gronovius
1605 4767 1821 4825 Observ.
1844 4771 1998 4840 eccl.,

372 4839 488 4914 cap.
508 4845 563 4912 7,
587 4846 882 4901 olivitatem
909 4844 1201 4898 hibernam
1232 4856 1334 4912 pro
1363 4839 1493 4914 ipsa
1523 4840 1714 4914 hiem_e
1743 4857 1776 4896 a
1808 4839 1999 4896 Minu-

370 4911 456 4968 cio
485 4911 675 4988 aceipi,
709 4914 1207 4988 quemadmodum
1234 4911 1626 4988 messisapud
1661 4911 1867 4968 Poetas
1897 4928 2000 4981 pro

362 4990 557 5041 astate
583 4983 832 5058 ponit-ur.
856 4986 1027 5040 Oliva;
1059 4985 1215 5039 enim
1249 4983 1543 5058 decembri
1579 4999 1777 5058 mense
1804 4989 1999 5038 matu-

351 5053 610 5124 rescunt,
643 5066 706 5113 ut
733 5063 980 5114 testatur
1009 5053 1332 5112 Columella
1354 5053 1455 5110 lib.
1480 5071 1582 5121 x11,
1605 5056 1694 5110 50.
1728 5055 1926 5110 DAVIS.

433 5129 537 5200 (98)
567 5131 804 5185 Inserere
839 5135 983 5200 Lego
1008 5131 1379 5200 interserere.
1409 5129 1608 5200 HauM.
1650 5157 1718 5165 —-
1751 5125 2000 5200 Plinius,

347 5199 456 5255 lib.
485 5197 575 5268 m,
596 5202 690 5272 Ep.
717 5201 784 5255 19
808 5217 820 5254 :
854 5197 1084 5256 wadia
1102 5199 1249 5272 agris
1268 5197 1402 5272 meis
1421 5198 1625 5260 vicina,
1649 5203 1818 5272 atque
1837 5198 2003 5252 etiam

347 5273 600 5340 inserta,
634 5268 877 5328 'renalia
915 5279 1064 5326 sunt.
1121 5269 1394 5333 Quaedam
1439 5268 1758 5340 exemplria
1801 5268 2004 5341 legunt

343 5346 499 5399 inter
525 5348 691 5406 serta,
725 5344 825 5398 sed
859 5344 1090 5397 frustra.
1127 5342 1403 5395 mevan.

421 5416 539 5487 (99)
572 5415 784 5470 Occulti
811 5418 862 5487 et
890 5413 1428 5487 innq.1;ii_trans_itus.
1463 5409 1836 5487 Italoquitur
1865 5426 2004 5483 quo-

339 5481 959 5542 niam'existimabant
1007 5482 1366 5554 Pbi1030phi,
1399 5481 1598 5554 omnia
1642 5481 1898 5554 corpora
1935 5499 2004 5538 ex

337 5558 756 5631 Empedocleis
784 5557 1083 5611 elementis
1115 5553 1780 5631 constare,_sanilatique
1807 5555 2001 5631 fruen-

337 5629 430 5684 da
458 5625 777 5686 hecessum
803 5633 957 5683 esset
977 5633 1043 5681 ut
1065 5630 1312 5698 στοιχεῖα
1342 5625 1556 5680 debitis
1578 5626 1762 5698 copiis
1784 5626 2000 5698 adsint,

333 5707 592 5784 apteque
639 5701 807 5784 inter.
827 5715 889 5755 se
931 5697 1445 5784 commisceantur,
1482 5697 1748 5784 quodin
1787 5697 2005 5784 ‘sub‘itoa

345 5768 650 5854 nimiaque
679 5771 811 5831 coeli
841 5770 1165 5828 mutatione
1195 5769 1320 5827 fieri
1344 5768 1567 5843 nequit.
1599 5768 1746 5830 Vide
1771 5769 2004 5847 Apulei.

671 5903 940 5969 Panos.
986 5898 1094 5964 Ill.

2029 4651 2076 4715 D

2040 3276 2082 3344 ρ
2118 3289 2218 3355 um
2239 3273 2704 3355 Pbil.Platonli_b.
2729 3277 2954 3355 I,p.5,_et
2966 3275 3359 3355 Max.Tyrium
3381 3283 3762 3355 Dissertxxm,

2117 3346 2244 3419 234,
2283 3347 2473 3419 Davis.
2508 3347 2650 3419 —Si
2678 3346 2852 3402 verba
2882 3347 3000 3402 haac
3044 3346 3241 3404 essent
3289 3349 3522 3419 Caecilii,
3572 3346 3767 3410 locum

2119 3416 2333 3472 habere
2363 3417 2687 3472 observatio
2717 3423 2935 3488 posset.
2967 3422 3097 3474 Jam
3130 3437 3262 3475 vero
3308 3439 3442 3477 cum
3492 3416 3768 3483 Octavius

2118 3487 2484 3568 Christianus
2513 3488 2808 3568 loquatur,
2834 3490 2930 3568 vix_
2950 3495 3040 3568 est
3071 3491 3422 3568 _verisimile,
3479 3497 3771 3568 cogitasse

2119 3575 2254 3638 eum
2287 3559 2356 3613 de
2387 3558 2689 3638 elementis
2718 3558 3138 3638 Empedocleis,
3163 3579 3295 3638 cum
3316 3558 3461 3620 ratio
3487 3558 3665 3638 hujus
3687 3569 3771 3624 rei

2116 3630 2258 3756 pisi)
2263 3631 2633 3756 1técélmmodius
2663 3647 2732 3687 ex
2757 3630 3033 3703 impedita
3081 3637 3518 3705 transpiratione
3562 3630 3770 3712 possit.

2160 3718 2394 3758 INDNEB.

2186 3774 2262 3843 (1)
2296 3773 2488 3850 quam.
2523 3771 2706 3827 Deleri
2737 3789 2904 3844 quam
2931 3779 3216 3850 oportere,
3250 3778 3477 3834 docebit
3508 3784 3772 3850 quamvis

2115 3843 2400 3922 inspectio
2431 3859 2664 3922 eorum,
2697 3861 2825 3915 quas
2859 3843 3232 3919 antecedunt,
3274 3843 3538 3922 quisque
3563 3855 3769 3910 subse-

2117 3920 2399 3986 quuntur.
2431 3915 2623 3970 HaUM.

2151 3986 2422 4068 .(2)_pr
2457 3985 2740 4056 disposita.
2785 3987 2903 4042 Hoc
2950 3991 3060 4054 est,
3107 4004 3281 4061 quam
3329 3999 3456 4064 apte
3498 3992 3767 4066 disposita

2108 4059 2241 4112 sint.
2278 4059 2556 4112 LINDNER.

2181 4129 2259 4199 (3)
2273 4131 2453 4212 ‘Re‘cta
2476 4129 2786 4212 iugalium.
2831 4129 2873 4184 Ι.
2904 4139 3196 4212 _e.erecta.
3221 4133 3508 4212 Lactant._,
3546 4134 3650 4212 lib.
3695 4155 3758 4212 ιι,

2109 4200 2315 4271 θαρη1,
2352 4201 2436 4269 14,
2468 4199 2628 4255 Nobis
2657 4203 2842 4255 autem
2869 4204 3046 4257 status
3085 4207 3279 4259 rectus
3308 4236 3377 4245 —
3404 4223 3438 4260 a
3462 4199 3568 4262 Deo
3595 4199 3760 4266 datus

2107 4270 2205 4349 est.
2241 4270 2385 4325 Ibid.
2420 4272 2565 4349 {16.
2587 4272 2716 4349 Nisi
2741 4273 2880 4349 forte
2908 4275 2972 4327 in
2999 4275 3195 4344 ipsum,
3222 4276 3364 4346 quod
3384 4277 3523 4349 recti
3543 4294 3754 4349 sumus,

2105 4343 2229 4397 sine
2246 4343 3268 4419 causa_l_zominiattributum’putant.
3321 4348 3593 4419 Adeoque
3639 4343 3754 4408 non

2107 4418 2250 4479 erat,
2281 4430 2388 4468 cur
2418 4413 2710 4469 Meursius
2759 4413 3103 4470 rescriberet
3148 4426 3384 4474 arrecta.
3416 4413 3752 4480 Perizonius

2106 4490 2308 4551 erecta;
2342 4484 2702 4555 Wopkenius
2731 4485 2934 4540 ardua.
2978 4486 3182 4541 LINDN.

2177 4555 2254 4630 (4)
2281 4557 2344 4630 Et
2360 4556 2623 4630 fundatas
2635 4557 2896 4630 ungulis,
2919 4564 2974 4611 et
2999 4560 3251 4630 spicatas.
3284 4558 3522 4617 Minime
3551 4563 3758 4621 dubito

2108 4625 2251 4700 quin
2302 4625 2466 4700 locus
2498 4625 2593 4700 hic
2635 4625 3036 4700 librariorum~
3060 4629 3415 4700 negligentia
3447 4632 3507 4688 in
3548 4638 3760 4693 mendo

2109 4699 2302 4751 cubet.
2337 4698 2630 4752 Minucius
2659 4699 2812 4752 enim
2847 4715 2962 4753 non
2993 4700 3118 4755 vult
3140 4698 3387 4758 easdem
3428 4705 3760 4764 animantes

2108 4775 2161 4841 et
2191 4769 2454 4841 fundatas
2493 4770 2740 4841 ungulis,
2777 4775 2828 4825 et
2872 4773 3104 4841 spicatas
3147 4774 3353 4828 aculeis
3400 4774 3621 4834 fuisse:
3657 4781 3757 4835 sed

2109 4839 2218 4895 has
2252 4839 2502 4907 ungulis,
2539 4840 2668 4896 illas
2698 4859 2830 4896 vero
2862 4839 3080 4900 aculeis
3111 4846 3168 4899 in
3199 4846 3293 4900 sui
3322 4847 3568 4904 tutelam
3615 4866 3759 4907 gau-

2110 4911 2486 4988 dere.__Quare
2517 4913 2714 4988 procul
2754 4913 2947 4988 dubio
2979 4914 3316 4987 legendum,
3347 4935 3460 4973 AUT
3498 4911 3760 4988 fundatas

2109 4983 2336 5052 ungulis
2366 5001 2479 5040 AUT
2505 4983 2744 5058 spicatas
2768 4985 2975 5058 aculeis
2995 5004 3012 5039 :
3039 4983 3201 5058 quod
3237 4983 3542 5058 sequentia
3584 4993 3760 5049 verba

2153 5071 2353 5109 rursus
2396 5056 3011 5129 conﬁrmant.__l_)A\'Is.
3063 5056 3128 5098 4—
3181 5056 3450 5129 Spicatas.
3492 5061 3708 5117 Glossas
3743 5080 3755 5122 :

2110 5127 2307 5206 S‘PICO,
2330 5127 2742 5206 aeuo,“abrado.
2775 5127 2916 5206 Yide
2935 5127 3320 5206 servium—ad
3355 5130 3708 5206 i_lla_Virgilii
3741 5153 3760 5190 ι

2110 5199 2403 5271 georgicon
2439 5216 2452 5271 _:
2485 5200 2755 5271 Ferroque
2780 5201 2925 5268 faces
2967 5200 3226 5271 i'nspiscat
3254 5203 3410 5256 acuto
3432 5199 3667 5261 VowEa.
3690 5238 3760 5248 ~—

2117 5267 2385 5324 Dalecam
2396 5269 2528 5340 pius
2562 5267 2828 5325 rescribit
2856 5287 2868 5324 :
2890 5267 3137 5326 munitas
3163 5272 3408 5340 ungulis.
3432 5273 3606 5332 Recte
3625 5295 3759 5333 vero

2109 5340 2370 5410 fundatas
2394 5341 2691 5396 scribitur.
2717 5341 2860 5394 Nam
2893 5345 2948 5395 et
2978 5340 3284 5396 Lucretius
3314 5359 3372 5398 v.
3413 5346 3520 5399 929
3565 5349 3712 5404 dixit
3745 5368 3758 5406 :

2113 5411 2293 5466 Genus
2325 5412 2628 5466 humanum
2657 5411 2849 5466 solidis
2879 5411 3085 5468 ossibus
3116 5417 3264 5467 intus
3294 5415 3590 5482 fundatum
3619 5438 3759 5476 esse.

2111 5483 2508 5563 lfro_fundat_us
2551 5483 2799 5563 ungulis,
2844 5482 3001 5563 ἔδει.
3063 5487 3130 5539 de
3179 5485 3368 5557 Opiﬁc.
3419 5490 3535 5558 Dei,
3570 5509 3676 5563 cap
3706 5496 3764 5548 2.

2113 5553 2255 5608 dicit
2283 5554 2539 5624 suﬂultus
2567 5552 2810 5623 ungulis.
2847 5555 3037 5624 “sum.

2183 5626 2268 5703 (5)
2292 5623 2844 5703 00_mpositi._lleum.
2880 5623 3027 5703 legit
3045 5625 3318 5703 dispositi.
3361 5629 3623 5703 Sodnon
3655 5635 3778 5703 agi-

2111 5700 2210 5752 tur
2237 5694 2307 5750 de
2330 5694 2669 5773 diversitate
2697 5694 2961 5752 locorum
2982 5699 3039 5751 et
3067 5694 3294 5768 ordine,
3323 5717 3440 5772 quo
3470 5694 3786 5773 disponu7i~

2113 5775 2221 5839 tur,
2247 5767 2348 5825 sed
2382 5769 2458 5829 de
2485 5783 2602 5827 uno
2629 5767 2777 5839 loco,
2801 5785 2915 5844 quo
2935 5767 3367 5845 componuntur.
3404 5767 3796 5842 Disponuntur

3436 5897 3514 5978 1.0.
