4102 6162
248 364 356 428 309

1729 363 2147 428 OCTAVIUS.

3521 363 3642 426 310

245 497 428 554 venire
455 494 716 566 difﬁcile,
749 512 865 567 pres
897 494 1082 552 nimia
1108 498 1169 551 et
1196 494 1524 554 incredibili
1555 499 1840 569 potestate
1868 513 1883 566 ;
1915 498 1970 564 Α
2000 499 2204 565 tretur,
2239 498 2337 554 aut
2360 513 2516 554 nunc
2547 495 2907 554 Christianos
2945 493 3327 568 philosophos
3357 511 3504 563 esse,
3539 500 3642 552 aut

244 593 312 657 et,
341 602 476 641 cum
507 584 822 650 inveneris,
856 583 917 639 in
950 583 1251 656 publicum
1283 585 1475 642 dicere
1521 585 1886 658 impossibile

243 676 527 748 praefatur.
561 675 709 731 297
748 675 864 746 [xv]
897 674 1114 728 Eadem
1160 673 1277 729 fere
1319 678 1376 730 et
1427 674 1542 730 ista
1592 677 1704 746 (57)
1754 691 1887 747 quae

243 769 429 820 nostra
459 767 621 834 sunt,
653 779 792 818 nam
838 767 895 818 et
943 767 1126 818 Deum
1171 763 1438 819 novimus
1492 767 1550 819 et
1583 768 1885 836 parentem

244 854 498 909 omnium
530 852 784 908 dicimus
837 856 895 908 et
927 868 1231 923 nunquam
1276 852 1531 924 publice,
1565 852 1679 909 nisi
1712 852 1886 908 inter-

242 942 437 1016 rogati,
474 941 897 1014 praedicamus.

869 1029 1102 1086 CAPUT
1132 1033 1250 1087 XX.

239 1123 748 1179 Aaoumsmnm.—
778 1118 929 1188 Quod
956 1121 1006 1174 si
1032 1121 1383 1176 Providentia
1409 1119 1649 1176 mundus
1669 1122 1886 1190 regitur

301 1196 352 1248 et
382 1194 556 1246 unius
588 1192 687 1246 Dei
713 1200 852 1247 nutu
877 1193 1237 1263 gubernetur,
1271 1207 1381 1248 non
1409 1208 1510 1248 noe
1539 1193 1696 1248 debet
1736 1194 1884 1248 anti-

303 1265 489 1336 quitas
518 1264 776 1336 imperita
804 1279 999 1333 rape-re
1029 1263 1136 1336 ad
1159 1265 1341 1318 mutui
1385 1279 1678 1336 consensus
1724 1280 1884 1336 erro-

302 1333 457 1396 rem;
482 1333 602 1406 quae
648 1335 919 1388 nimirum
959 1333 1187 1406 fabellis
1246 1337 1362 1389 suis
1408 1335 1700 1400 delectata,
1742 1335 1884 1391 ridi-

299 1408 453 1462 culos
481 1406 809 1462 traditiones
828 1407 1177 1462 invexitNec
1189 1407 1379 1462 minus
1406 1407 1687 1463 evidenter
1701 1411 1846 1462 osten
1862 1437 1885 1450 -

302 1479 455 1534 ditur
483 1477 762 1551 insulsum
803 1478 1145 1551 impiumque
1188 1493 1401 1551 semper
1443 1480 1621 1550 fuisse
1662 1478 1886 1534 deorum

299 1551 536 1616 cultum,
589 1550 725 1622 dum
769 1550 1091 1604 mortalium
1130 1550 1507 1620 antiquissimi
1549 1565 1676 1605 suos
1705 1565 1882 1622 reges,

300 1623 467 1676 duces
491 1621 733 1692 inclytos
779 1623 1100 1692 artiumque
1143 1622 1469 1692 inventores,
1522 1622 1585 1677 ob
1613 1623 1886 1690 praeclara

302 1695 533 1748 illorum
576 1694 848 1763 facinora,
897 1708 1005 1748 non
1041 1708 1192 1748 secus
1221 1709 1292 1748 ac
1320 1693 1445 1748 deos
1469 1695 1719 1748 venerati
1757 1700 1886 1749 sunt

298 1780 553 1852 Exposui
581 1780 884 1852 opiniones
906 1781 1173 1836 omnium
1193 1780 1374 1836 ferme
1398 1779 1883 1852 philosophorum

1992 586 2376 659 philosophos
2407 586 2590 642 fuisse
2612 587 2740 658 jam
2788 589 2930 642 tunc
2978 584 3362 642 Christianos.
3395 584 3558 648 Quod
3589 586 3639 642 si

1993 684 2362 741 Providentia
2384 684 2640 741 mundus
2653 684 2942 756 regituret
2956 682 3134 740 unius
3146 681 3246 740 Dei
3265 687 3404 738 natu
3427 683 3640 754 guber-

1996 777 2188 844 natur,
2223 791 2338 831 non
2370 790 2476 830 nos
2506 773 2677 830 debet
2706 773 3025 846 antiquitas
3068 772 3473 845 imperitorum
3505 772 3640 845 (59),

1995 871 2224 928 fabellis
2255 873 2378 928 suis
2411 871 2698 928 delectata
2725 870 2813 927 vel
2846 875 3013 942 capta
3068 869 3202 942 (60),
3261 870 3333 924 ad
3383 885 3643 926 errorem

1994 962 2185 1017 mutui
2210 977 2412 1034 rapere
2435 976 2759 1016 consensus
2786 976 2801 1028 ;
2835 975 2968 1014 cum
2995 958 3483 1031 philosOphorum
3509 975 3644 1014 suo-

1994 1067 2126 1107 rum
2183 1049 2490 1106 sententiis
2547 1049 2863 1118 refellatur,
2910 1048 3130 1119 quibus
3176 1051 3234 1102 et
3286 1045 3530 1102 rationis
3588 1050 3644 1102 et

1993 1138 2303 1195 vetustatis
2331 1137 2556 1194 assistit
2601 1136 2941 1194 auctoritas.
2999 1135 3320 1206 Maioribus
3352 1135 3508 1190 enim
3540 1152 3644 1192 no-

1993 1229 2131 1285 stris
2176 1234 2298 1284 tam
2349 1227 2537 1284 facilis
2587 1227 2648 1282 in
2698 1225 3020 1282 mendaciis
3072 1224 3220 1281 ﬁdes
3271 1224 3402 1291 fuit,
3457 1227 3521 1280 ut
3564 1228 3646 1279 te-

1994 1333 2152 1374 mere
2184 1317 2539 1373 crediderint
2567 1315 2742 1372 etiam
2775 1313 2890 1370 alia
2936 1317 3311 1370 monstruosa
3357 1311 3468 1385 (61)
3495 1310 3646 1369 mira

1995 1405 2278 1462 miracula
2307 1423 2321 1462 :
2355 1405 2603 1478 Scyllam
2635 1403 3042 1475 multiplicem,
3075 1403 3418 1458 Chimaeram
3449 1401 3646 1457 multi-

1993 1497 2262 1562 formem,
2338 1499 2396 1550 et
2455 1495 2714 1566 Hydram
2773 1492 3042 1549 felicibus
3089 1490 3431 1547 vulneribus
3481 1507 3645 1546 rena-

1993 1588 2276 1651 scentem,
2307 1588 2365 1640 et
2393 1587 2733 1652 Centauros,
2767 1597 2948 1654 equos
2981 1581 3108 1638 suis
3158 1578 3499 1637 hominibus
3531 1579 3643 1651 (62)

1993 1681 2319 1755 implexos;
2377 1685 2435 1737 et
2488 1679 2775 1753 quidquid
2843 1679 3010 1735 famae
3059 1678 3194 1734 licet
3239 1677 3352 1748 (63)
3404 1677 3644 1749 tingere,

1992 1771 2110 1827 illis
2141 1775 2264 1827 erat
2291 1770 2401 1844 [28)
2425 1770 2676 1826 libenter
2704 1768 2905 1825 audire
2927 1767 3061 1839 (6b).
3087 1766 3234 1833 Quid
3257 1765 3284 1820 ?
3306 1765 3436 1821 illas
3458 1765 3645 1821 aniles

235 1868 448 1940 quibus
469 1867 758 1923 illustrior
781 1867 966 1941 gloria
987 1872 1077 1924 est
1103 1867 1286 1924 Deum
1311 1885 1494 1924 unum
1527 1868 1730 1924 multis
1761 1868 1896 1924 licet
1925 1871 1973 1936 B
2005 1867 2254 1935 tabulas,
2287 1869 2358 1924 de
2389 1867 2728 1923 hominibus
2768 1882 2901 1923 aves
2947 1865 3061 1937 (65)
3108 1868 3162 1920 et
3192 1864 3343 1920 feras
3373 1863 3507 1934 (66),
3540 1862 3644 1918 hc-

233 1957 380 2014 298
413 1956 760 2029 designasse
807 1955 1151 2012 nominibus
1181 1957 1294 2028 (58)
1328 1973 1341 2025 ;
1373 1962 1439 2011 ut
1485 1957 1678 2030 quivis
1727 1958 1879 2014 arbi-

1991 1957 2268 2025 mines,et
2296 1956 2368 2012 de
2397 1954 2736 2011 hominibus
2765 1955 3004 2011 arbores
3035 1953 3190 2011 290
3220 1956 3396 2023 atque
3428 1951 3601 2008 ﬂores
3627 1966 3642 2006 :

1667 2124 2000 2188 Variorum
2029 2130 2221 2187 nota.

233 2268 367 2325 luce
394 2267 616 2325 clarius
646 2281 926 2340 apparere
957 2266 1140 2340 credit
1176 2266 1489 2339 legendum
1521 2283 1650 2324 esse
1680 2268 1739 2323 in
1770 2268 1884 2325 No-

234 2346 355 2397 stro
389 2358 402 2394 :
435 2339 554 2409 ipse
590 2339 710 2395 sine
757 2341 998 2396 nomine.
1048 2339 1260 2394 Contra
1309 2356 1486 2410 quam
1535 2340 1886 2396 emendatio-

233 2429 390 2479 nem,
442 2411 754 2466 lectionem
800 2414 1088 2482 receptam
1115 2411 1471 2482 "defendens
1525 2411 1780 2467 Clericus
1814 2412 1883 2478 ,in

238 2485 462 2548 Bibliot,
496 2483 657 2537 anch.
688 2491 739 2538 et
781 2481 947 2538 mod.’
975 2487 1016 2538 t.
1065 2481 1204 2552 XVI,
1257 2499 1388 2552 pag.
1418 2483 1544 2551 223,
1579 2484 1661 2538 ait
1691 2483 1885 2538 Minu-

232 2557 391 2610 cium
407 2553 570 2626 (nihil
593 2570 850 2610 asserere
879 2554 1034 2625 quod
1069 2551 1296 2626 placitis
1336 2551 1522 2626 hujus
1552 2554 1886 2626 philosophi

232 2573 391 2610 cium
417 2570 570 2608 mnu
593 2570 850 2610 asserere
879 2570 1034 2625 quoa
1108 2570 1296 2609 lacius
1344 2570 1522 2626 [ιιῃυε
1552 2570 1886 2626 pnuosopm

232 2625 998 2699 principalissdversetur.
1064 2570 1172 2699 Sui
1217 2627 1408 2696 Deum,
1476 2627 1591 2696 ipso
1637 2642 1736 2682 suo
1779 2642 1886 2699 ino-

229 2697 383 2752 mine
411 2697 616 2752 mundi
633 2705 918 2768 parentem
948 2697 1274 2768 profitetur,
1321 2699 1496 2752 Deum
1531 2715 1740 2753 nomen
1775 2698 1885 2754 ha-

230 2771 366 2825 bere
396 2769 855 2840 negat.,Parens
898 2769 1055 2824 enim
1100 2768 1311 2840 mundi
1354 2785 1470 2824 non
1512 2773 1619 2840 est
1647 2785 1884 2840 nomen,

228 2837 527 2914 siquidem
563 2838 723 2895 Plato
756 2840 814 2895 in
849 2840 1046 2914 Time
1094 2839 1220 2911 ipse
1258 2839 1447 2914 _D_eum
1484 2839 1699 2914 πατέρα
1728 2837 1888 2895 τοῦδε

226 2910 324 2966 to?»
358 2910 560 2971 παντὸς
589 2915 774 2979 vocat,
821 2911 984 2966 salva
1037 2910 1432 2983 prepositione
1481 2911 1582 2968 illa
1625 2910 1744 2983 qua
1777 2915 1886 2970 Deo

228 3000 448 3040 nomen
483 2999 610 3039 esse
640 2986 831 3055 negat.
866 2983 1145 3038 Lmnnea.

296 3057 414 3127 (57)
449 3052 796 3127 Eumdem‘et
822 3055 943 3124 fere
971 3055 1098 3127 ista.
1140 3052 1245 3127 ‘Sic
1293 3057 1349 3108 et
1405 3053 1578 3109 habet
1626 3054 1890 3127 Romana

231 3125 435 3199 editio.
476 3125 890 3181 Fulv.Ursinus
921 3141 1036 3180 non
1061 3125 1310 3199 habebat
1330 3127 1530 3181 curita
1549 3126 1886 3199 reﬁngeret:

237 3198 451 3255 Eadem
477 3199 607 3263 ista,
636 3213 758 3270 quae
787 3205 841 3252 et
867 3204 1056 3252 nostra
1083 3201 1233 3251 sunt.
1269 3197 1459 3255 HEUM.

293 3279 413 3348 (58)
444 3282 622 3333 Deum
652 3293 873 3350 unum.t
904 3277 1246 3350 nominibus.
1299 3276 1430 3332 Haec
1471 3277 1644 3332 verba
1674 3276 1896 3350 glosse-

1995 2284 2111 2347 _n_on
2161 2266 2238 2322 sit
2285 2265 2492 2339 agendi
2523 2265 2708 2347 locus,
2743 2265 3028 2322 Delectari
3075 2263 3474 2347 enim_fabulis
3507 2278 3650 2347 qun-

1993 2335 2409 2411 libuscunque,
2434 2355 2607 2394 sensu
2642 2338 2736 2411 hic
2766 2336 3176 2411 percommodo
3209 2335 3536 2411 dicimur,_si
3561 2335 3646 2411 fa-

1993 2411 2137 2467 ciles
2167 2405 2486 2466 illis'aures
2519 2405 2904 2482 praebeamus,
2947 2408 3265 2482 magnique
3308 2405 3647 2482 illasfapia-

1995 2499 2150 2538 mus.
2184 2483 2467 2538 Similiter
2508 2477 2808 2538 multitudo
2836 2477 3077 2536 deorum'
3116 2477 3382 2536 delectare
3431 2477 3650 2534 dicitur

1995 2554 2148 2627 apud
2183 2554 2442 2620 Lactant,
2473 2570 2515 2622 ι,
2546 2553 2601 2620 7,
2634 2558 2810 2625 atque
2840 2552 3013 2619 infra,
3047 2568 3174 2623 cap.
3204 2551 3294 2616 22,
3319 2550 3511 2606 dulcia
3542 2549 3645 2675 ﬁq-

1995 2634 2180 2675 menta.
2207 2641 2271 2675 ac
2299 2625 2587 2675 mendacia
2628 2625 2925 2675 dicuntur.
2977 2623 3194 2675 auibus
3223 2621 3350 2675 cani
3380 2637 3444 2675 se
3476 2621 3583 2675 fact
3613 2636 3644 2675 e

1993 2621 2180 2706 menta
2203 2641 2271 2706 ac
2299 2621 2587 2706 mendacia
2628 2621 2943 2706 dig—untur).
2977 2621 3194 2706 quibus
3223 2621 3358 2706 capi.
3380 2637 3444 2677 se
3476 2621 3644 2706 facile

1993 2697 2294 2823 gstéiialriitur
2335 2696 2625 2752 homines.
2672 2696 2833 2752 Conf.
2885 2694 3064 2752 Cicer.
3123 2694 3188 2750 de
3234 2694 3415 2749 Divin.
3449 2709 3514 2760 ιι,
3543 2694 3638 2764 35,

2072 2785 2202 2824 OPK.

2066 2840 2178 2911 (61)
2243 2839 2580 2896 Monstruosa
2649 2835 2955 2911 scripsisse
3013 2834 3638 2911 sepelibrariosﬂpro

1995 2906 2319 2976 monstrosa,
2353 2915 2583 2966 secutos
2613 2906 3074 2966 enuntiationem
3095 2906 3458 2979 vulgi,docet
3486 2909 3640 2961 Heu-

1999 2999 2254 3039 mannus
2285 2982 2356 3038 ad
2389 2983 2632 3038 Lactant.
2682 2997 2723 3046 1,
2759 2981 2850 3043 20,
2889 2985 2946 3035 et
2995 2997 3070 3048 Iv,
3125 2977 3221 3035 15ῖ
3245 2977 3355 3033 Sed
3377 2977 3505 3048 jam
3537 2992 3640 3048 an-

1999 3055 2221 3110 notavit
2273 3055 2710 3119 Bunemannus,
2762 3047 3073 3117 Scheil'ero,
3129 3047 3395 3119 Heinsio,
3436 3047 3643 3114 Cassio,

2001 3127 2337 3182 Burmanno
2400 3127 2614 3181 rectius
2662 3125 2721 3179 in
2771 3140 2948 3196 prosa
3012 3131 3412 3196 monstruosas,
3461 3135 3643 3196 quam

1999 3203 2356 3262 nwnstrosus,
2388 3197 2544 3268 quod
2577 3192 2972 3268 poetis'magis
3003 3193 3447 3268 familiare.llt_iro
3474 3192 3647 3268 mira:

2001 3271 2131 3326 cula
2185 3269 2297 3325 dici
2371 3262 2539 3340 posse
2577 3262 2678 3323 "ex
2733 3262 3060 3340 fragmento
3119 3265 3421 3340 Varronis,
3488 3262 3646 3340 quod

226 3334 408 3428 matis
457 3353 735 3428 suspecta
775 3347 957 3428 habet
1000 3347 1104 3428 cel.
1156 3347 1537 3428 Heumannus
1563 3367 1576 3416 ς
1607 3334 1708 3404 sed
1743 3349 1886 3405 bene
1918 3342 1960 3409 C
2001 3345 2143 3428 citat
2199 3334 2442 3425 Nonius,
2501 3334 3101 3428 prohatugronovius
3125 3353 3151 3428 ξ
3181 3334 3646 3428 Sedemq‘fgnje:

223 3421 544 3486 cohaerent,
568 3419 627 3474 ἐἰ
652 3420 1178 3490 inte’rpreteris,eos
1202 3419 1423 3474 scilicet
1457 3425 1634 3475 Deum
1669 3437 1877 3489 unum,

222 3491 364 3548 licet
395 3491 605 3547 multis
637 3491 994 3563 nominibus,
1043 3491 1406 3563 designasse.
1457 3492 1672 3547 Eodem
1707 3493 1879 3547 modo

220 3563 664 3636 explicabimus
708 3563 885 3636 verba
957 3562 1136 3636 hujus
1186 3562 1394 3634 Capitis
1440 3579 1466 3636 :A
1504 3563 1716 3618 Eadem
1763 3568 1882 3634 [ere

216 3633 592 3706 Chrysippus,
621 3635 737 3689 vim
763 3635 972 3689 scilicet
999 3633 1268 3702 divinam,
1300 3641 1409 3689 etc.
1449 3633 1704 3689 Lactant.
1741 3636 1830 3701 1,5
1863 3651 1876 3690 :

217 3705 353 3763 Sive
375 3705 535 3762 enim
566 3709 793 3772 natura,
815 3707 929 3760 sive
963 3705 1158 3766 aether,
1209 3707 1324 3761 sive
1352 3707 1516 3769 ratio,
1563 3709 1676 3762 sive
1704 3722 1878 3772 mens,

212 3781 335 3834 sive
359 3778 898 3849 fatalisinecessitas,
927 3778 1041 3849 sive
1069 3777 1260 3832 divina
1291 3777 1398 3849 lex,
1428 3778 1542 3832 sive
1569 3777 1703 3848 quid
1730 3776 1882 3832 aliud

213 3848 467 3920 dixeris,
519 3848 672 3906 idem
716 3852 799 3903 est
844 3848 983 3920 quod
1027 3865 1059 3902 a
1105 3849 1263 3903 nobis
1307 3848 1516 3903 dicitur
1574 3849 1726 3904 Deus.
1779 3849 1883 3903 Nec

225 3923 411 3978 obstat
435 3919 875 3992 appellationum
893 3919 1329 3984 diversitas,cum
1342 3921 1461 3990 ipsa
1480 3921 1883 3991 signiﬁcatione

214 3994 290 4048 ad
319 3991 515 4048 unum
535 3993 725 4048 omnia
752 3992 1119 4048 revolvantur.
1157 3991 1430 4046 Lmnnsa.

294 4066 410 4136 (59)
457 4065 770 4136 Antiquitas
818 4065 1224 4136 imperitorum.
1295 4063 1671 4136 interpretes,
1725 4062 1881 4133 quod

222 4133 442 4202 sciam,
474 4133 707 4191 tantum
743 4152 858 4191 non
879 4151 1106 4199 omnes,
1137 4134 1258 4188 haec
1291 4133 1374 4189 ita
1406 4137 1657 4204 vertunt,
1693 4138 1756 4188 ut
1775 4151 1884 4188 vox

221 4209 622 4279 imperitorum
650 4207 827 4273 absit,
859 4206 1033 4271 adsit,
1065 4221 1271 4278 parum
1318 4205 1548 4279 referat.
1581 4205 1672 4260 Sic
1704 4204 1881 4260 Galli-

225 4278 385 4335 cus:
441 4283 591 4335 Nous
637 4295 707 4335 ne
752 4279 957 4335 devont
999 4280 1156 4348 point
1200 4293 1333 4332 nous
1381 4278 1577 4332 laisser
1617 4285 1884 4348 emporter

226 4352 557 4431 auscfables
604 4349 680 4431 de
718 4350 1054 4431 l’_antiquite._
1095 4353 1184 4431 At‘
1212 4365 1343 4431 vero
1388 4349 1743 4431 neutiquam.
1759 4351 1884 4431 erat

230 4419 936 4494 negligenda.Distinguit
965 4421 1119 4476 enim
1145 4419 1414 4494 Octavius
1437 4419 1595 4494 inter
1625 4420 1880 4494 antiqui-

233 4491 905 4566 tatem—imperitorum‘et
918 4491 1371 4566 peritorum,sive
1396 4491 1882 4566 philosophorum

234 4564 292 4638 id
323 4563 604 4638 agens'ut
633 4565 858 4630 doceat,
890 4563 961 4638 ab
1010 4565 1084 4620 iis
1135 4563 1260 4636 qui,
1309 4563 1688 4635 praejudicata
1737 4580 1882 4638 qua-

235 4635 390 4709 dam'
404 4636 700 4709 opinione,
733 4635 1388 4709 antiquitatem’temere
1414 4638 1728 4709 sectentur,
1753 4635 1883 4709 phi-

233 4705 515 4790 losophos
557 4706 752 4790 potius
797 4705 976 4790 quam
1022 4706 1326 4790 imperitos
1373 4722 1505 4762 esse
1539 4705 1882 4790 audiendos,
1915 4715 1962 4781 D

237 4778 517 4862 quoniam
547 4778 780 4862 utrique
811 4778 958 4849 parti
991 4779 1320 4862 vetustatis.
1341 4792 1410 4834 ex
1449 4795 1614 4851 aquo
1647 4779 1885 4836 assistat

239 4849 575 4921 auctoritas,
610 4849 697 4906 illi
727 4851 972 4923 insuper
998 4849 1259 4907 rationis.
1296 4849 1569 4907 Lmnnsa.

310 4931 424 5002 (60)
455 4932 738 4987 Delectata
763 4931 1293 5003 velcapta.Gaudere
1307 4935 1363 4986 et
1380 4932 1506 5001 capi
1525 4931 1607 4986 ita
1634 4931 1886 5001 condun-

243 5000 586 5085 gitnT'ullius
614 5007 887 5085 Fam._vr,_
913 5000 1070 5085 ὀμ]
1105 5019 1118 5057 :
1153 5003 1244 5067 Tu,
1276 5018 1378 5085 pro
1425 5000 1523 5085 tua
1565 5000 1883 5085 prudentia,

246 5075 439 5200 qxibus
467 5075 625 5131 rebus
653 5074 907 5144 gaudeat,
941 5074 1136 5146 quibus
1163 5074 1418 5145 capiatur
1460 5075 1666 5140 Caesar,
1715 5079 1884 5130 tenes.

310 5146 501 5200 ultum
523 5151 718 5200 autem
738 5151 936 5200 noster
955 5147 1014 5200 in
1036 5145 1351 5200 iungendis
1368 5145 1730 5200 svnonvmis.
1744 5163 1884 5200 aua-

310 5146 501 5201 ultnm
523 5151 718 5202 autem
738 5151 936 5203 noster
952 5145 1014 5201 in
1028 5145 1351 5217 jungeudis
1368 5145 1886 5218 synonymis,qua-

251 5214 327 5272 lia
350 5218 642 5302 sublimior
675 5222 728 5274 et
774 5219 966 5281 altior,
997 5214 1259 5303 figmenta
1287 5225 1339 5272 et
1366 5214 1669 5285 mendacia,
1705 5214 1890 5344 gelen-

252 5287 372 5344 dere
398 5298 449 5344 et
478 5298 642 5344 tueri.
673 5305 864 5344 errare
891 5293 942 5344 et
970 5290 1116 5344 falli.
1148 5304 1312 5344 cano.
1352 5289 1439 5344 19.
1472 5289 1564 5344 22.
1597 5289 1687 5344 28.
1756 5325 1809 5344 υ.
1835 5291 1890 5344 et

252 5287 372 5345 dere
398 5298 449 5346 et
478 5291 642 5354 tueri,
673 5305 864 5346 errare
891 5293 942 5344 et
968 5289 1116 5359 falli.
1148 5304 1312 5359 capp.
1352 5289 1439 5354 19,
1472 5289 1564 5357 22,
1597 5289 1687 5356 28,
1721 5287 1809 5356 32,
1835 5291 1893 5344 et

258 5360 409 5417 alibi.
441 5361 666 5432 Saepius
695 5377 864 5432 porro
911 5376 1236 5432 synonyma
1273 5359 1563 5432 ejusmodi
1610 5360 1888 5432 copulan-

256 5435 348 5504 tur
378 5429 784 5504 conjunctione
810 5432 896 5489 vel
947 5429 1049 5504 pro
1088 5429 1159 5487 et.
1193 5429 1356 5504 Sulp.
1414 5429 1890 5504 Severus,'_Hist.

254 5502 398 5559 Sacr.
431 5502 620 5561 1H5:
653 5504 802 5560 Satis
845 5520 902 5560 se
949 5502 1194 5560 Domino
1241 5502 1312 5558 ob
1361 5508 1584 5573 peccata
1639 5502 1725 5558 vel
1781 5505 1894 5559 cri-

253 5577 400 5632 mina
426 5575 638 5632 dedisse
664 5576 1074 5646 pcenarum,ubi
1110 5575 1282 5646 plura
1301 5574 1697 5631 cumulamus.
1729 5576 1892 5632 Conf.

257 5664 374 5729 quas
403 5665 587 5729 supra
616 5645 688 5729 ad
711 5664 861 5729 .cap.
898 5645 1153 5729 vm._Jam
1178 5645 1488 5729 vero'nihil
1511 5650 1636 5729 erat
1659 5663 1764 5729 _cur
1792 5647 1899 5704 Da-

257 5717 431 5793 visius
478 5717 602 5793 ista
638 5717 899 5793 delectata
946 5719 1028 5774 vel
1089 5717 1900 5793 proscriberet,_tantumque

261 5790 490 5865 legeret,
521 5791 744 5865 fabellis
767 5793 882 5848 suis
910 5788 1420 5865 captailmmeritq
1439 5788 1595 5846 enim
1619 5788 1903 5865 causatur

78 5877 156 6101 'v)
263 5861 410 5938 quod
440 5861 529 5921 de
561 5863 900 5922 tabularum
940 5861 1292 5921 delectatione
1337 5861 1426 5920 vel
1470 5861 1758 5921 suavitate
1805 5865 1902 5922 hic

1999 3406 2137 3468 cisse
2168 3414 2312 3468 mira
2344 3406 2618 3467 miracula
2660 3411 2839 3466 nescio
2883 3426 3020 3480 quae.
3070 3408 3153 3463 Ad
3205 3406 3644 3480 emendationes

2035 3485 2148 3540 uod
2181 3485 2404 3538 attinet.
2443 3481 2731 3538 Meursius
2785 3477 2909 3536 vult
2955 3488 3299 3536 monstruosa
3326 3477 3640 3545 miracula;

2043 3555 2278 3612 eraldus
2324 3563 2692 3619 monstruosa,
2757 3554 2928 3616 mira,
2995 3552 3320 3618 miracula;
3377 3548 3642 3606 Davisius

1988 3627 2114 3682 dira
2144 3627 2455 3692 miracula;
2487 3623 2771 3682 Cellarius
2800 3631 2857 3680 et
2879 3623 3440 3692 Heum.,monstrosa
3469 3623 3643 3677 mira-

1988 3699 2155 3760 cula;
2185 3698 2505 3761 Grunerus,
2555 3697 2674 3752 alia
2719 3705 3085 3761 monstruosa,
3142 3695 3289 3750 mira
3343 3692 3638 3748 miracula.

1990 3769 2269 3825 Lmnnen.
2302 3799 2370 3810 ——
2419 3769 2557 3823 Mira
2602 3768 2891 3823 miracula.
2943 3765 3098 3822 Nihil
3121 3764 3494 3822 mutandum.
3536 3763 3642 3818 Est

1989 3840 2158 3916 lusus
2213 3841 2271 3896 in
2315 3841 2530 3905 verbis,
2580 3844 2646 3894 ut
2709 3837 3529 3916 supra_miserenturmiseri,‘
3583 3838 3642 3916 et

1993 3915 2138 3984 mori
2165 3921 2560 3984 postimortem.
2588 3909 2879 3984 Cannam,
2903 3909 3046 3984 l._c_.,
3079 3909 3344 3982 pag.226.
3377 3909 3566 3984 _-—-__S_i_c
3586 3910 3644 3962 et

1991 3976 2264 4040 Davisius
2291 3983 2352 4039 in
2393 3983 2650 4039 secunda
2699 3976 2874 4051 edit.,’
2913 3982 3012 4038 ubi
3067 3976 3300 4052 qudque
3341 3976 3639 4052 similibus

1987 4055 2381 4112 locutionibus
2412 4070 2551 4110 usos
2589 4068 2720 4110 esse
2761 4047 2983 4109 veteres
3027 4047 3316 4110 observat.
3351 4047 3635 4122 Apuleius

1993 4127 2236 4212 Metam,
2408 4144 2447 4197 1,
2475 4143 2533 4199 p.
2584 4126 2674 4208 15..
2706 4129 2763 4182 et
2791 4126 2895 4209 lib.
2950 4141 3012 4190 ιι,
3067 4139 3205 4250 Sag.
3268 4123 3391 4187 185,
3441 4128 3642 4204 gratas

1993 4209 2206 4250 aratzas
2237 4199 2404 4250 dixit.
2447 4204 2742 4250 Ausonius
2776 4199 2970 4250 Eniar.
3029 4196 3064 4248 2
3135 4196 3376 4250 :Potare
3428 4207 3642 4247 immis-

1990 4201 2206 4268 gratias
2237 4198 2404 4254 dixit.
2433 4196 2742 4252 Ausonius
2776 4196 2970 4269 Epigr.
3029 4196 3101 4250 20
3135 4213 3148 4251 :
3181 4196 3376 4269 Potare
3428 4196 3643 4269 immis-

1991 4262 2108 4326 lum
2154 4274 2311 4326 sueta
2353 4285 2680 4341 merumque
2727 4262 2958 4341 merum,
3009 4270 3117 4321 etc.
3169 4266 3313 4320 Vide
3371 4262 3644 4337 superius

1993 4343 2064 4398 ad
2096 4343 2274 4415 finem
2305 4357 2432 4414 cap.
2463 4342 2498 4396 8
2528 4339 2833 4415 adnotata.
2858 4339 3139 4415 GALEAND.
3331 4409 3340 4415 _
3424 4403 3435 4415 ,

2063 4414 2177 4486 (63)
2206 4409 2393 4486 Equos
2428 4428 2555 4468 suos
2597 4412 2930 4486 hominibus.
2974 4409 3215 4486 Frustra
3258 4409 3350 4486 est
3386 4409 3472 4486 vir
3501 4418 3640 4460 eru-

1991 4476 2233 4540 ditus'J.
2258 4476 2573 4549 Woverus,
2627 4483 2725 4555 qui
2778 4481 3177 4555 reponendum
3204 4476 3451 4555 conjecit
3481 4491 3642 4555 equos

1990 4555 2444 4612 semihominibus
2473 4546 2760 4624 implemos,
2792 4546 2927 4609 nam
2959 4553 3063 4624 reti
3074 4551 3266 4624 nenda
3285 4546 3374 4624 est
3400 4546 3640 4624 vulgata

1991 4571 2444 4612 seminomzmous
2473 4572 2547 4609 im
2592 4571 2760 4624 texos,
2792 4571 2927 4609 nam
2959 4571 3266 4606 retinenda
3285 4571 3374 4605 est
3401 4571 3639 4619 VUlguLE

1991 4627 2182 4684 lectio.
2213 4627 2525 4696 Arnobius,
2550 4571 2650 4682 ἥδ.
2685 4643 2724 4692 ι,
2768 4626 2930 4696 iuxta
2961 4623 3137 4679 ﬁnem
3168 4638 3186 4696 7:
3217 4622 3394 4696 Ipsius
3426 4621 3639 4696 mortis

1993 4700 2293 4756 exstinctor
2321 4689 2600 4754 hominem
2625 4689 2787 4753 suum
2813 4695 3132 4768 permiserit
3153 4689 3497 4768 interﬁci.D_e
3519 4689 3636 4768 _hu-

1985 4771 2156 4843 jusce
2187 4769 2552 4843 pronominis
2579 4769 2720 4843 viget
2752 4762 3032 4843 potestate
3057 4762 3365 4843 adeundus
3395 4765 3484 4819 est
3511 4762 3633 4819 J.F.

1993 4836 2337 4910 Gronovius,
2363 4841 2578 4898 Observ.
2613 4836 2787 4912 lib.7i,
2820 4856 2946 4912 cap.
2972 4839 3064 4912 11.
3093 4836 3289 4912 ῌΑνιε.

2065 4915 2177 4982 (63)
2209 4908 2370 4970 Licet.
2404 4913 2565 4969 Haud
2599 4908 2780 4968 dubie
2805 4908 3246 4969 rescribendum
3282 4908 3634 4982 libetiisuxe.

2065 4976 2176 5056 (64)
2206 4984 2331 5042 Illis
2354 4989 2474 5041 erat
2513 4985 2745 5041 libenter
2772 4984 2982 5040 audire.
3034 4983 3118 5038 Ita
3158 4982 3349 5056 Germ.
3383 4993 3396 5032 :
3429 4976 3636 5056 _Es_ioa-

1994 5045 2192 5112 rilinen
2223 5056 2326 5112 lieb
2356 5073 2430 5112 κα
2461 5056 2670 5114 Ιιέενεη.
2707 5056 2762 5110 h.
2795 5071 2847 5114 e.
2883 5057 3120 5112 libenter
3148 5050 3467 5108 audiebant.
3499 5045 3636 5101 Pro-

1997 5129 2220 5201 pertius
2252 5147 2292 5195 ι,
2322 5128 2414 5198 20,
2449 5129 2515 5184 13
2544 5146 2556 5184 :

2120 5219 2197 5269 Ne
2227 5217 2323 5268 tibi
2352 5218 2420 5267 sit
2447 5217 2610 5268 duros
2637 5219 2848 5267 montes
2877 5218 2929 5265 et
2955 5211 3312 5277 frigida_sax_a,

2247 5279 2407 5340 Galle,
2436 5294 2536 5330 nec
2564 5283 2809 5342 expertes
2837 5271 3052 5340 semper
3079 5274 3228 5324 anire
3257 5271 3422 5321 lacus.

2000 5359 2110 5417 Ubi
2138 5375 2207 5416 ne
2234 5360 2337 5416 tibi
2362 5361 2436 5415 sit
2466 5359 2621 5415 adire
2675 5361 2764 5414 est
2818 5373 2888 5413 ne
2943 5354 3134 5419 adeas,
3187 5368 3258 5408 ne
3282 5351 3422 5407 velis
3468 5349 3644 5418 adire,

2003 5432 2104 5489 ubi
2136 5431 2400 5487 videatur
2446 5429 2828 5495 Passeratius,
2879 5427 2940 5482 in
2984 5425 3158 5481 notis.
3209 5425 3484 5494 Adeoque
3531 5438 3648 5478 non

2003 5508 2129 5561 erat
2157 5519 2261 5558 cur
2290 5503 2496 5558 Heum.
2528 5502 2909 5558 rescriberet:
2937 5497 3058 5554 Illis
3088 5501 3206 5554 erat
3229 5495 3528 5552 libentibus
3547 5510 3651 5550 au-

2006 5577 2143 5632 dire.
2178 5575 2458 5630 Lmonza.

2079 5645 2190 5721 (65)
2225 5647 2300 5702 De
2328 5645 2642 5701 hominibus
2676 5658 2818 5700 aves.
2870 5641 2976 5697 Pro
3023 5656 3096 5696 ea:
3140 5637 3657 5765 homingzqﬁgger-

2081 5789 2196 5862 (66)
2249 5789 2385 5848 Aves
2427 5791 2475 5846 et
2523 5792 2692 5861 feras.
2741 5788 2804 5843 In
2847 5802 2958 5842 ms.
2993 5789 3085 5842 est
3128 5786 3182 5840 et
3220 5779 3669 5920 feras
