4102 6162
336 148 451 208 329

1853 156 2265 220 OCTAVIUS.

3623 162 3741 224 330

337 256 456 337 cere
485 278 642 351 (64)?
670 279 812 344 Quis
841 295 956 335 non
990 278 1278 354 intelligat
1307 283 1459 339 male
1489 301 1688 352 sanos,
1718 291 1775 343 et
1819 304 1978 344 vanae
2008 292 2063 358 Α
2093 288 2230 358 rosi,
2263 289 2493 356 incesti,
2526 289 2743 360 sicarii,
2774 290 3133 363 proditores:
3166 295 3224 348 et
3254 296 3320 348 ut
3348 292 3475 365 ipse
3508 293 3740 351 Romu-

332 376 385 426 et
413 369 649 442 perditas
677 369 891 425 mentis
923 369 1037 441 (65)
1087 369 1146 425 in
1199 372 1312 426 ista
1360 373 1645 446 desipere,
1703 381 1759 432 et
1789 377 1978 448 ipsam

332 461 650 515 errantium
680 459 912 514 turbam
945 464 1155 515 mutua
1185 460 1298 516 sibi
1329 463 1651 533 patrocinia
1683 465 1981 537 praestare?

330 550 430 605 Hic
477 548 739 604 defensio
767 549 881 620 (66)
913 550 1242 605 communis
1295 550 1509 608 luroris
1539 559 1628 610 est
1658 554 1978 610 furentium

329 637 663 695 multitudo.

931 727 1162 783 CAPUT
1208 727 1371 784 XXV.

323 820 748 894 AR‘GULtENTUtjl.
784 847 847 856 —
883 817 1086 894 Dehinc
1119 819 1351 894 ostendit
1380 836 1415 874 a
1436 820 1664 894 (Caecilio
1690 837 1979 894 perperam

385 891 954 964 jactitariARomanos
990 892 1107 964 qui
1139 892 1306 946 totius
1361 893 1507 948 orbis
1561 891 1801 964 imperio
1818 895 1983 962 potiti

391 965 611 1032 fuerint
640 962 792 1016 810
820 962 1135 1033 hujusmodi
1159 962 1650 1033 superstitionibus
1667 969 1770 1020 rite
1796 966 1978 1021 obser-

397 1036 562 1089 vatis.
597 1034 764 1103 Atqui
814 1032 1042 1087 Romani
1083 1036 1140 1087 in
1183 1032 1308 1088 oitu
1334 1051 1430 1090 suo
1459 1046 1511 1090 et
1539 1035 1743 1092 scelere
1770 1038 1982 1093 collecti

396 1115 447 1161 et
488 1105 853 1178 immanitatis
909 1112 1117 1178 terrore
1163 1115 1470 1178 creverunt.
1511 1109 1703 1178 (Igitur
1750 1109 1982 1164 Romani

396 1193 510 1233 non
539 1177 658 1253 ideo
706 1177 849 1232 tanti
902 1176 1045 1246 quod
1103 1177 1371 1249 religiosi,
1429 1177 1520 1234 sed
1553 1176 1714 1250 'quod
1758 1180 1983 1253 impune

397 1248 676 1320 sacrilegi.

397 1361 471 1411 At
495 1362 688 1412 tamen
714 1354 827 1426 (67)
851 1353 963 1410 ista
987 1355 1114 1425 ipsa
1136 1357 1476 1427 superstitio
1501 1358 1779 1414 Romanis
1800 1358 1980 1428 dedit,

331 1446 510 1509 auxit,
543 1445 808 1500 fundavit
863 1444 1200 1514 imperium,
1251 1462 1384 1500 cum
1441 1463 1554 1501 non
1605 1454 1725 1502 tam
1772 1448 1982 1504 virtute

327 1551 499 1609 quam
535 1532 809 1605 religione
859 1539 916 1588 et
965 1534 1177 1605 pietate
1208 1534 1524 1605 pollerent;
1587 1537 1866 1592 nimirum
1900 1538 1985 1592 in-

2090 376 2204 446 lus,
2238 378 2556 450 imperator
2596 384 2653 435 et
2709 385 2916 450 rector,
2951 380 3231 455 populum
3281 397 3453 438 suum
3488 383 3744 441 facinore

2090 466 2461 539 praecelleret,
2513 468 2892 539 parricidium
2953 470 3107 526 fecit.
3169 470 3311 544 [XXI]
3371 476 3500 528 Haec
3550 473 3745 544 prima

2090 561 2231 611 sunt
2251 556 2513 628 auspicia
2535 555 2818 628 religiosa:
2839 559 3088 615 civitatis
3113 576 3126 614 :
3164 560 3290 615 Mox
3313 559 3534 616 alienas
3563 560 3742 633 virgi-

2089 661 2193 700 nes
2215 645 2342 715 jam
2374 646 2913 718 desponsatas,jam
2959 647 3305 717 destinatas,
3336 654 3393 706 et
3424 649 3740 706 nonnullas

2089 734 2158 788 de
2191 735 2338 789 317
2378 734 2751 790 matrimonio
2800 736 3198 806 mulierculas,
3231 738 3359 793 sine
3411 754 3571 794 more
3601 738 3736 810 (70),

2088 822 2303 895 rapuit,
2332 822 2586 892 violavit,
2619 823 2838 892 illusit;
2870 831 2926 880 et
2956 841 3089 880 cum
3139 843 3339 882 earum
3371 827 3736 900 parentibus,

2089 912 2146 967 id
2179 917 2268 968 est
2296 929 2428 967 cum
2462 913 2674 969 soceris
2706 913 2831 968 suis
2861 915 2996 987 (71),
3045 915 3263 970 bellum
3297 916 3572 972 miscuit:
3607 933 3738 987 pro-

2089 1001 2378 1074 pinquum
2411 1001 2760 1074 sanguinem
2791 1003 2959 1058 fudit.
2991 1004 3138 1070 Quid
3171 1003 3574 1078 irreligiosius,
3598 1004 3735 1075 quid
3812 999 3816 1007 ’

2089 1089 2390 1157 audacius,
2424 1092 2563 1162 quid
2592 1091 2722 1163 ipsa
2746 1091 2981 1149 sceleris
3006 1093 3358 1149 confidentia
3388 1093 3500 1167 [36]
3525 1093 3742 1150 tutius?

2087 1181 2218 1236 Jam
2253 1178 2532 1236 ﬁnitimos
2556 1196 2693 1252 agro
2716 1180 2963 1253 pellere;
2989 1181 3250 1238 civitates
3272 1183 3566 1256 proximas
3587 1197 3744 1238 ever-

2088 1271 2208 1323 tere
2239 1284 2372 1323 cum
2422 1268 2659 1341 templis
2692 1274 2748 1324 et
2778 1267 3083 1338 altaribus,
3119 1275 3318 1342 captos
3359 1286 3563 1344 cogere
3593 1269 3741 1342 (72);

2089 1356 2322 1412 damnis
2352 1355 2558 1412 alienis
2587 1365 2642 1413 et
2681 1358 2806 1414 suis
2855 1358 3172 1415 sceleribus
3220 1359 3574 1426 adolescere,
3608 1374 3743 1414 cum

2092 1445 2360 1510 Romulo,
2389 1446 2627 1517 regibus
2657 1443 2878 1503 caeteris
2912 1452 2970 1504 et
3003 1447 3313 1520 postremis
3351 1449 3600 1504 ducibus
3630 1447 3744 1520 (73)

2091 1533 2401 1605 disciplina
2431 1535 2763 1591 communis
2793 1540 2899 1592 est.
2936 1540 3019 1592 Ita
3066 1537 3353 1610 quidquid
3389 1537 3635 1593 Romani
3659 1541 3742 1593 te-

329 1622 516 1695 signis
547 1627 603 1677 et
633 1621 846 1677 nobilis
869 1622 1101 1692 justilia
1147 1627 1408 1678 Romana
1456 1625 1528 1679 ab
1578 1624 1720 1696 ipsis
1753 1625 1981 1698 imperii
2012 1667 2059 1732 B
2093 1627 2252 1690 nent,
2286 1622 2506 1691 colunt,
2541 1623 2864 1695 possident,
2900 1627 3154 1683 audacias
3203 1627 3400 1699 praeda
3429 1632 3553 1692 est;
3598 1631 3744 1682 tem~

330 1711 619 1732 __A_-_.g-
657 1711 1028 1732 :n_____L__.:_
1064 1712 1354 1732 _____:__.-
1525 1714 1630 1732 mn.
1693 1718 1762 1732 η-
1873 1714 1935 1732 γε
2096 1711 2179 1732 ea
2224 1713 2407 1732 Hui-
2454 1712 2511 1732 λ-
3043 1719 3052 1732 .
3104 1716 3119 1732 ι
3265 1716 3275 1726 -
3329 1715 3341 1727 ο
3481 1715 3534 1732 ι·
3624 1731 3631 1732 ,
3686 1714 3736 1732 3-

329 1711 624 1769 nascentis
657 1711 1030 1766 incunabulis
1061 1712 1365 1783 auspicata
1394 1717 1483 1769 est
1522 1714 1653 1785 (68).
1689 1718 1892 1770 Nonne
1921 1714 1980 1770 in

330 1807 455 1858 ortu
489 1818 594 1857 suo
643 1804 698 1856 et
745 1800 960 1856 scelere
990 1799 1234 1872 collecti,
1267 1805 1324 1858 et
1354 1801 1566 1858 muniti
1596 1802 1982 1860 immanitatis

329 1908 448 1946 sua
506 1895 724 1944 terrore
784 1889 1133 1945 creverunt?
1191 1907 1327 1946 nam
1381 1891 1540 1963 asylo
1601 1892 1790 1964 prima
1819 1892 1982 1965 plebs

331 1983 682 2052 congregata
730 1982 854 2034 est:
917 1979 1315 2036 conﬂuxerant
1343 1980 1454 2052 (69)
1489 1982 1721 2053 perditi,
1766 1982 1985 2038 facino-

2092 1711 2188 1784 pla
2218 1713 2416 1768 omnia
2447 1712 2517 1768 de
2551 1713 2866 1786 manubiis,
2893 1715 2948 1769 id
2972 1719 3061 1770 est
3088 1716 3158 1771 de
3189 1715 3376 1772 ruinis
3406 1714 3745 1783 urbium,ds

2092 1799 2296 1874 spoliis
2327 1800 2590 1866 deorum,
2614 1801 2684 1858 de
2709 1802 2965 1860 caedibus
2989 1805 3378 1862 sacerdotum.
3410 1804 3527 1860 Hoc
3560 1803 3746 1860 insul-

2091 1896 2215 1947 tare
2246 1895 2302 1946 et
2331 1890 2575 1947 illudere
2605 1898 2712 1958 est,
2772 1893 2938 1949 victis
2994 1894 3378 1966 religionibus
3423 1894 3658 1962 servire,
3691 1897 3750 1948 et

2095 1981 2477 2054 captivasjeas
2508 1985 2642 2053 post
2682 1981 2953 2039 victorias
3002 1984 3263 2040 adorare.
3325 1988 3473 2040 Nam
3506 1983 3750 2040 adorare

1771 2099 2104 2163 Variorum
2147 2102 2337 2160 notae.

326 2221 451 2276 non
477 2202 832 2276 rescribere;
871 2204 1047 2276 Quam
1073 2204 1243 2276 impie
1283 2205 1453 2260 Deum
1509 2204 1702 2273 violat,
1738 2207 1834 2276 qui
1892 2206 1990 2262 hoc

326 2222 444 2261 non
477 2222 832 2258 rescribere:
871 2222 1046 2273 uuam
1073 2222 1243 2276 impie
1283 2222 1453 2260 ueum
1509 2222 1702 2273 viatat,
1773 2222 1831 2260 ut
1892 2222 1990 2262 noc

323 2275 486 2332 modo
513 2275 746 2347 placat!
775 2275 970 2331 Cicero
1021 2275 1091 2330 de
1130 2277 1347 2332 Amicit.
1404 2293 1529 2348 cap.
1582 2277 1654 2332 2:
1719 2222 1990 2345 (gnomodo

326 2350 503 2420 enim,
537 2351 599 2401 ut
630 2348 746 2401 alia
770 2351 1040 2413 omittam,
1072 2351 1304 2420 mortem
1343 2349 1456 2420 ﬁlii
1505 2351 1674 2402 tulit!
1713 2352 1987 2404 LINDNER.

397 2419 512 2489 (64)
546 2425 860 2485 Procreare,
882 2435 994 2473 non
1016 2421 1220 2489 facere.
1250 2419 1373 2474 Non
1397 2425 1573 2490 posset
1604 2426 1738 2474 ante
1769 2421 1987 2476 inlinit.

320 2492 534 2560 facere,
570 2490 667 2563 sed
703 2490 858 2544 aliud
895 2491 1135 2563 verbum
1169 2490 1587 2563 supplendum,
1615 2508 1668 2546 ν.
1697 2508 1752 2563 g.
1777 2509 1992 2548 necesse

323 2562 568 2617 haberet.
599 2561 714 2616 Deo
764 2562 1102 2628 ascribitur,
1143 2561 1298 2633 quod
1351 2563 1686 2618 hominibus
1706 2561 1986 2619 “debebat.

321 2634 612 2706 {laterum
648 2633 882 2706 infirma
912 2635 1232 2688 admodum
1265 2639 1352 2689 est
1381 2634 1503 2689 hinc
1535 2636 1986 2706 argumentatio.

325 2705 643 2760 Possemus
671 2705 873 2760 eodem
920 2706 1095 2760 modo
1145 2707 1538 2777 argumentari
1565 2724 1579 2763 :
1613 2705 1682 2762 Si
1710 2710 1853 2761 viros
1885 2709 1990 2761 im-

327 2778 514 2832 berbes
573 2777 710 2830 Deus
763 2777 939 2842 vellet,
993 2785 1174 2847 posset
1238 2792 1556 2849 procreare,
1606 2793 1714 2832 non
1770 2779 1980 2847 facere.

331 2852 607 2904 Lmnssn.

402 2921 518 2990 (65)
553 2921 613 2974 Et
641 2933 805 2975 vanae
832 2922 883 2973 et
912 2918 1146 2988 perdita
1191 2921 1409 2974 mentis.
1453 2920 1686 2975 Scilicet
1717 2920 1988 2990 homines,

329 2992 486 3062 quod
517 2990 694 3045 etiam
730 2991 1202 3046 subaudiendum
1235 2996 1359 3045 erat
1389 2991 1448 3046 in
1476 2992 1620 3046 male
1641 3007 1820 3047 sanos.
1849 2991 1992 3046 Heu-

333 3079 590 3117 mannus
633 3062 961 3134 emendat:
995 3063 1140 3117 male
1185 3079 1353 3118 sanas
1381 3067 1432 3118 et
1481 3063 1722 3134 perditas
1779 3071 1983 3118 mentes

331 3139 408 3189 ita
436 3135 700 3204 desipere.
763 3134 871 3188 Sed
928 3133 1177 3204 desipere
1223 3135 1283 3188 in
1335 3137 1442 3190 ista
1479 3133 1568 3190 est
1597 3134 1982 3204 desipientiam

322 3208 438 3261 istis
467 3206 632 3261 rebus
660 3205 912 3272 prodere,
948 3211 1013 3260 ut
1043 3204 1228 3260 Latini
1272 3205 1474 3261 dicunt
1530 3205 1779 3274 desipere
1827 3208 1977 3261 intra

325 3279 514 3333 verba.
571 3278 762 3332 Potest
790 3276 967 3350 etiam
1013 3276 1151 3332 huic
1196 3277 1367 3333 verbo
1391 3277 1594 3350 inesse
1624 3276 1972 3350 signiﬁcatio

323 3364 675 3422 pregnans,
714 3347 946 3419 qualem
990 3349 1332 3422 Aannotavitf
1375 3347 1854 3422 Gronom'us'esse
1912 3348 1972 3402 in

321 3419 492 3476 verbo
525 3420 793 3484 alludere,
825 3436 950 3491 cap.
984 3419 1037 3484 3,
1083 3425 1141 3476 et
1187 3421 1457 3492 explicari
1490 3420 1738 3492 desipere
1765 3425 1816 3476 et
1843 3436 1971 3491 pro-

323 3493 434 3547 labi
461 3495 528 3547 in
559 3495 686 3545 ista.
726 3492 998 3546 Lmosea.

390 3565 506 3634 (66)
539 3565 635 3617 Hic
662 3563 921 3631 defensio.
978 3561 1097 3634 Non
1160 3565 1248 3616 est
1299 3578 1420 3634 cur,
1485 3561 1571 3615 vel
1631 3577 1763 3634 cum
1800 3566 1970 3632 Wop-

320 3637 493 3690 kenio
527 3635 790 3706 legamus
842 3636 920 3687 sic
975 3633 1236 3704 defensio,
1294 3633 1376 3706 vel
1437 3650 1570 3706 cum
1632 3633 1973 3706 Heumanno

319 3709 518 3770 verba,
548 3704 638 3759 hic
691 3705 998 3774 defensio...
1058 3705 1373 3772 multitudo,
1414 3705 1739 3774 ejiciamus.
1785 3704 1976 3759 Verba

318 3779 478 3834 enim
541 3777 830 3832 cohercet
871 3786 918 3830 et
979 3781 1120 3830 sunt
1176 3775 1375 3842 latina,
1407 3782 1464 3830 et
1502 3776 1794 3830 sententia
1843 3774 1975 3831 aliis

315 3849 661 3904 auctoribus
689 3847 831 3902 satis
861 3847 1015 3902 trita.
1052 3847 1214 3901 Lmo.

391 3922 510 3992 (67)
539 3921 600 3974 At
629 3923 832 3992 tamen.
861 3922 1244 3992 Heumannus
1266 3916 1406 3992 legit
1435 3918 1497 3972 At
1528 3919 1847 3992 enimuEgo
1897 3917 1978 3972 ni-

313 3989 407 4047 hil
439 3997 623 4056 muto,
658 3990 810 4044 valet
859 3993 927 4044 Et
967 3995 1166 4044 tamen.
1227 3989 1382 4043 Infra
1437 3994 1466 4054 ἡ
1524 3990 1624 4044 13:
1687 3990 1750 4043 Et
1795 3993 1978 4043 tamen

309 4074 448 4119 ante
479 4079 588 4128 eos,
621 4063 726 4116 Deo
773 4063 1140 4131 dispensante,
1193 4062 1297 4114 diu
1346 4076 1519 4128 regna
1565 4065 1863 4114 tenuerunt
1889 4065 1980 4114 As-

311 4137 510 4206 syrii;
541 4150 667 4203 cap.
725 4134 795 4186 20
820 4149 843 4206 :7
875 4136 968 4187 Ast
1013 4148 1412 4206 nonnunquam
1460 4134 1979 4206 tamenuveritatem

305 4203 410 4262 rei
475 4207 720 4276 auspicia
763 4205 847 4258 vel
892 4205 1113 4260 oracula
1151 4205 1563 4276 tetigeremap.
1619 4203 1726 4259 35:
1788 4204 1862 4276 Et
1895 4212 1977 4276 ta-

307 4295 449 4333 men
510 4273 878 4332 admonentur
946 4276 1232 4331 hominum
1299 4273 1735 4330 doctissimorum
1801 4275 1977 4329 libris.

305 4351 607 4406 LINDNER.

393 4420 517 4492 (68)
573 4421 870 4492 Auspicata
925 4425 1022 4474 est.
1064 4422 1234 4492 _l._e.
1297 4418 1486 4492 coepit.
1521 4416 1724 4492 (Sic_._§
1752 4415 1806 4485 3,
1865 4417 1983 4492 haec

309 4487 514 4564 prima
540 4487 954 4560 sunt’auspicia
995 4489 1268 4561 religiosae
1313 4487 1573 4564 ciuitatis.
1628 4487 1833 4564 Florus
1865 4491 1980 4564 i,_l,

2173 2203 2302 2259 Sine
2331 2219 2506 2278 more,
2539 2204 2664 2278 sine
2685 2206 2980 2278 exemplo;
3004 2207 3160 2278 quod
3183 2207 3400 2262 factum
3435 2211 3607 2264 antea
3639 2224 3754 2264 non

2101 2277 2310 2346 fuerat,
2344 2277 2497 2346 quod
2557 2276 2889 2332 inauditum
2948 2276 3414 2334 etwinusitatum
3474 2284 3648 2335 ante:
3691 2282 3758 2335 ut

2100 2354 2322 2416 contra,
2357 2348 2557 2420 Virgil.
2591 2350 2718 2405 Ain.
2753 2365 2828 2418 ιν,
2857 2350 2968 2407 57:
2999 2351 3187 2407 Lectus
3241 2351 3307 2406 de
3362 2366 3512 2406 more
3560 2352 3754 2407 biden-

2101 2429 2196 2474 tes.
2233 2419 2463 2474 RIGALT.

2101 2429 2196 2476 tes.
2235 2429 2463 2475 HIGALT.

2169 2492 2283 2564 (71)
2311 2490 2370 2546 Id
2425 2499 2522 2557 est,
2556 2507 2694 2564 cum,
2727 2493 2926 2564 soceris
2969 2494 3107 2547 suis.
3151 2492 3281 2548 Haec
3326 2493 3502 2548 verba
3531 2492 3753 2564 glosse-

2101 2562 2274 2617 matis
2305 2568 2576 2636 suspecta
2608 2562 2782 2636 habet
2808 2563 2991 2636 Joan.
3013 2565 3354 2636 Wowerus;
3405 2562 3650 2636 eamque
3680 2566 3753 2621 ob

2101 2651 2334 2689 causam
2368 2634 2532 2707 uncis
2554 2635 2789 2707 inclusit
2809 2633 2943 2690 Chr.
2966 2635 3268 2690 Cellarius.
3294 2636 3490 2691 Minus
3513 2633 3755 2707 quidem

2101 2711 2272 2772 recte,
2298 2709 2362 2759 ut
2381 2705 2620 2776 opinor:
2649 2706 2781 2760 boni
2811 2707 3024 2776 quippe
3057 2713 3322 2762 auctores
3353 2705 3555 2762 eodem
3582 2710 3754 2764 modo

2103 2774 2718 2851 passim_loquun_tur.
2778 2774 3224 2851 Arnobius,_lib.
3284 2795 3355 2851 v1,
3417 2795 3545 2851 pag.
3607 2779 3751 2834 203:

2099 2849 2252 2918 Deos,
2284 2847 2491 2902 relictis
2519 2849 2736 2902 sedibus
2764 2850 3032 2917 propriis,
3064 2849 3121 2903 id
3149 2852 3230 2903 est
3257 2847 3557 2915 ctelo,_n5n
3587 2866 3751 2905 recu-

2097 2936 2222 2974 sare
2255 2935 2352 2973 nec
2373 2919 2568 2990 fuge-re
2609 2920 2921 2973 habitacula
2953 2921 3098 2974 inire
3140 2928 3381 2976 terrena.
3414 2920 3604 2976 Julius
3639 2921 3758 2977 Fir-

2102 2994 2290 3045 micus
2319 2991 2383 3044 de
2431 2993 2618 3064 Error.
2649 2993 2794 3064 prof.
2848 2990 3022 3059 Ilelig.
3083 3008 3214 3064 pag.
3250 2992 3270 3047 1
3305 3009 3317 3046 :
3372 2992 3612 3059 Quatuor
3641 2994 3753 3048 ele-

2090 3071 2291 3136 menta
2320 3077 2433 3136 esse
2475 3063 2754 3136 principia
2799 3071 3184 3117 creaturarum
3230 3079 3389 3119 nemo
3419 3067 3494 3118 est
3522 3066 3621 3136 qui
3647 3064 3751 3120 du-

2095 3134 2246 3201 bitet,
2277 3133 2464 3203 idest
2514 3135 2715 3202 ignem,
2775 3148 3006 3203 aquam,
3057 3150 3242 3189 aerem
3293 3137 3343 3190 et
3371 3133 3618 3198 terram;
3649 3135 3749 3192 ubi

2092 3221 2260 3260 voces
2310 3202 2548 3258 ultimas
2581 3202 2881 3275 perperam
2933 3206 3132 3274 rejecit
3183 3205 3352 3261 Joan.
3399 3205 3746 3262 Wowerus:

2086 3277 2210 3347 pari
2269 3275 2427 3329 enim
2483 3291 2644 3347 more
2702 3277 3038 3332 Lactantius
3113 3278 3233 3332 Div.
3293 3279 3456 3344 Inst.,
3519 3278 3619 3333 lib.
3681 3295 3745 3346 η,

2084 3346 2209 3418 cap.
2247 3347 2342 3400 12:
2379 3346 2790 3416 Empedocles...
2848 3355 3084 3417 quatuor
3125 3349 3396 3404 elementa
3440 3351 3742 3415 constituit,

2083 3419 2142 3474 id
2171 3427 2273 3484 est,
2304 3420 2510 3490 ignem,
2545 3433 2747 3483 aerem,
2780 3435 2981 3490 aquam
3010 3424 3062 3474 et
3095 3424 3319 3474 terram.
3353 3419 3742 3476 Proletarium

2087 3490 2195 3545 hoc
2226 3494 2315 3544 est
2345 3489 2497 3560 apud
2559 3505 2685 3561 eos
2715 3488 2838 3560 (μή
2872 3506 3107 3561 operam
3161 3493 3302 3546 dant
3356 3497 3422 3546 ut
3451 3492 3634 3548 oratio
3664 3493 3744 3548 sit

2086 3561 2414 3633 perspicua,
2450 3560 2724 3633 necultis
2753 3560 3239 3633 ambiguitatibus
3270 3561 3549 3617 involuta.
3593 3562 3734 3618 Dav.

2086 3631 2151 3672 '—
2181 3634 2327 3687 Cave
2358 3631 2695 3686 assentiaris
2759 3631 3046 3695 Wowero,
3107 3633 3228 3688 haec
3256 3636 3430 3688 verba
3460 3634 3735 3690 extermi-

2087 3703 2248 3784 nanti
2283 3719 2384 3784 pro
2415 3702 2783 3784 glossemate.
2817 3705 3230 3784 Ha‘bentenim
3283 3713 3342 3760 et
3382 3706 3734 3784 elegantiam

2083 3780 2141 3830 et
2167 3774 2473 3847 emphasin
2506 3775 2847 3847 quamdam.
2882 3775 3162 3832 Eumdem
3204 3777 3262 3831 in
3298 3774 3538 3832 modum
3589 3795 3645 3832 n.
3677 3779 3734 3847 5,

2085 3845 2291 3901 scribit
2323 3845 2559 3902 Noster:
2584 3845 2650 3900 de
2671 3848 2971 3913 manubiis,
3004 3848 3061 3902 id
3089 3857 3166 3903 est
3192 3847 3259 3904 de
3289 3851 3466 3902 ruinis
3487 3845 3732 3904 urbium.

2085 3918 2178 3972 Sic
2210 3923 2268 3972 et
2296 3933 2422 3988 cap.
2451 3918 2540 3970 36.
2573 3918 2823 3986 Angelos,
2855 3918 2911 3972 id
2950 3928 3050 3987 est,
3089 3922 3372 3974 ministros
3417 3923 3468 3974 et
3512 3921 3738 3974 nuntios

2086 3991 2184 4044 Dei
2237 3989 2427 4043 HEUM.
2461 4017 2530 4028 -
2567 3989 2933 4060 Lampridius
2983 3990 3040 4044 in
3094 3991 3303 4060 Severo,
3335 4006 3463 4061 cap.
3495 3991 3566 4061 6:
3603 3990 3740 4044 Cum

2086 4064 2311 4116 senatus
2340 4062 2603 4130 frequens
2650 4059 2722 4114 in
2759 4063 2993 4131 curiam,
3045 4061 3142 4117 hoc
3184 4073 3258 4117 est
3291 4059 3468 4116 sedem
3506 4059 3740 4116 Concor-

2087 4134 2264 4187 diae...
2317 4133 2669 4186 convenisset.
2723 4131 3001 4187 LINDNER.
3056 4163 3125 4173 —-
3180 4133 3380 4199 Verba,
3426 4132 3482 4187 id
3510 4140 3588 4186 est
3616 4148 3741 4188 cum

2087 4205 2286 4259 soceris
2314 4205 2450 4271 suis,
2483 4203 2612 4256 ideo
2632 4202 2739 4274 (hic
2771 4203 3100 4258 necessaria
3127 4209 3284 4270 sunt,
3319 4203 3472 4274 quod
3523 4203 3596 4257 iis
3628 4203 3744 4258 Ro-

2089 4274 2233 4330 muli
2276 4273 2465 4328 scelus
2488 4273 2674 4345 magis
2700 4275 3074 4330 manifestum
3103 4273 3382 4330 redditur.
3407 4273 3538 4329 Vim
3563 4274 3745 4345 igitur

2090 4345 2371 4426 orationis
2396 4350 2597 4426 auget.
2623 4345 2813 4426 tinus.

2168 4418 2360 4471 Tutius
2391 4415 2507 4479 Qui
2532 4416 2930 4471 meticulosius
2979 4415 3119 4488 agit,
3169 4417 3366 4473 minus
3400 4419 3746 4544 plerumque

2168 4491 2392 4544 ttutus.
2427 4504 2601 4544 uuam
2645 4487 2746 4544 aui
2795 4488 3204 4544 confidentius.
3248 4490 3538 4544 siauidem
3584 4493 3643 4544 ta
3671 4489 3746 4544 is.

2093 4491 2182 4543 est
2211 4493 2392 4556 tutus,
2427 4504 2601 4558 quam
2645 4487 2746 4558 qui
2795 4487 3204 4554 confidentius,
3248 4487 3538 4557 siquidem
3584 4487 3746 4556 talis,

309 4550 377 4630 ὃ,
413 4571 542 4618 uter
582 4550 969 4630 auspicaretur
995 4566 1064 4626 et,
1101 4550 1339 4632 vregeret,
1385 4559 1701 4632 adhibuere,
1729 4550 1983 4632 piacula:
2017 4550 2062 4612 D
2086 4559 2322 4632 justitia
2352 4550 2540 4632 causa:
2573 4550 2689 4614 suae
2726 4559 2928 4632 fretus,
2959 4559 3042 4632 ita
3066 4550 3234 4632 agere
3257 4550 3534 4616 creditur.
3560 4550 3746 4617 Tutius

304 4629 606 4705 Adeoque
637 4633 1006 4688 retinendum
1051 4629 1253 4688 contra
1283 4631 1513 4702 Heum.,
1541 4630 1642 4704 qui
1673 4629 1863 4686 delere
1889 4646 1986 4685 vo-

311 4704 530 4762 lebat.’
549 4704 826 4759 Lmonsa.

394 4778 522 4849 (69)
555 4776 965 4849 Conﬂuxerunt.
1016 4773 1238 4849 scribo,
1279 4788 1391 4849 quo
1425 4775 1740 4849 ﬂuxerunt._
1765 4773 1984 4849 Menas.

310 4843 595 4911 Se'dq'ut
631 4843 818 4920 stylus
854 4847 1074 4920 Nostri
1121 4846 1183 4920 in
1237 4844 1508 4916 plurimis
1567 4843 1697 4920 aliis
1730 4844 1871 4920 locis
1901 4847 1990 4920 est

308 4920 658 4989 abruptior,
689 4913 776 4974 sic
808 4917 954 4972 nihil
988 4913 1263 4989 usitatius
1297 4933 1472 4989 quam
1505 4915 1767 4989 voculas
1789 4913 1988 4989 ibivel

308 4985 612 5049 illuc'boc
645 4985 814 5045 modo
847 4990 1056 5044 omitti.
1089 4985 1368 5043 Videmus
1401 4987 1509 5042 hoc
1537 4987 1606 5042 ad
1643 4987 1756 5042 ista
1785 4985 1989 5040 Velleii

306 5083 383 5132 ιι,
425 5063 530 5126 51,
562 5063 703 5116 nihil
735 5065 795 5116 in
821 5077 976 5116 mora
1005 5060 1221 5124 habuit,
1256 5061 1552 5130 quominus
1583 5057 1768 5128 (illuc)
1797 5072 1987 5130 prove-

305 5138 528 5196 niret;
576 5139 632 5188 et
667 5132 901 5196 Justini,
953 5149 1056 5199 vn,
1105 5133 1157 5198 1,
1215 5132 1404 5186 urbem
1460 5132 1782 5185 Edessam...
1823 5145 1988 5184 occu-

300 5208 508 5280 pavit,
593 5211 1044 5280 revocatusque...
1127 5205 1284 5280 regni
1315 5202 1462 5280 (ibi)
1520 5202 1695 5280 sedem
1776 5202 1986 5280 statuit.

298 5273 544 5350 Aptius
576 5284 852 5350 prieterea
884 5273 994 5331 “hic
1039 5273 1352 5344 con/luendi
1405 5289 1580 5346 quam
1627 5273 1836 5342 fluendi
1864 5289 1989 5327 ver-

297 5349 398 5408 δὴ
411 5365 476 5403 m
508 5354 616 5403 est.
652 5349 858 5402 WOPK.

387 5422 518 5493 (70)
549 5420 684 5474 Sine
737 5418 1158 5493 more__rapuit.
1218 5415 1440 5471 Alludit
1495 5416 1565 5470 ad
1600 5413 1987 5488 Virgilianum

296 5490 479 5550 illud
502 5490 643 5547 Ain.
678 5507 801 5560 vni,
830 5490 974 5543 635:

779 5641 974 5705 Raptas
1003 5640 1118 5691 sine
1136 5651 1287 5692 more
1317 5637 1554 5692 Sabinas.

620 5763 895 5826 Parson.
940 5760 1049 5825 lll.

2097 4629 2228 4702 plus
2256 4630 2398 4684 dicit
2429 4646 2606 4703 quam
2637 4629 2921 4703 audacius.
2954 4631 3046 4685 Sic
3076 4629 3204 4703 cap.
3235 4632 3342 4687 29:
3394 4635 3489 4689 Est
3543 4635 3622 4690 eis
3662 4641 3748 4688 lu-

2095 4705 2206 4757 tius
2232 4717 2331 4772 per
2355 4702 2507 4757 Jovis
2545 4702 2782 4774 genium
2837 4705 3105 4773 pejerare.
3155 4702 3341 4774 'Int'ra,
3376 4722 3434 4760 n.
3488 4705 3548 4758 11
3579 4722 3591 4760 :
3625 4707 3749 4760 Non

2095 4775 2314 4829 castitas
2345 4774 2514 4826 tutior
2544 4773 2823 4828 LINDNER.

2167 4845 2280 4914 (72)
2309 4845 2507 4913 Captos
2541 4859 2728 4913 cogere
2760 4843 2960 4898 Florus
2992 4861 3029 4915 ι,
3066 4845 3151 4913 15,
3202 4847 3272 4901 3:
3335 4847 3451 4914 Qua
3499 4847 3747 4911 victoria,

2098 4919 2309 4969 tantum
2343 4915 2646 4981 hominum,
2679 4921 2894 4970 tantum
2938 4933 3197 4986 agrorum
3226 4918 3512 4972 reductum
3545 4920 3603 4970 in
3645 4931 3752 4984 po-

2099 4991 2365 5054 testatem,
2398 4995 2458 5040 ut
2506 4989 2562 5041 in
2595 4989 2717 5059 utro
2745 4989 2870 5058 plus
2898 4992 3036 5042 esset
3074 5004 3177 5059 nec
3230 4992 3344 5058 ipse
3388 4991 3568 5059 posset
3595 4989 3750 5042 asti-

2099 5074 2254 5184 Etare
2281 5059 2379 5128 qui
2408 5061 2633 5114 vicerat.
2667 5058 3050 5114 Heumannus
3081 5058 3222 5130 legit
3251 5058 3413 5130 rapta
3441 5073 3744 5128 congerere.

2146 5146 2376 5184 INDNER.

2146 5146 2376 5184 INDNER.

2169 5202 2282 5272 (73)
2343 5201 2407 5255 Et
2468 5201 2781 5272 postremis,
2827 5200 3075 5254 ducibus.
3138 5199 3302 5272 Lege
3338 5215 3388 5272 τ,
3436 5199 3754 5272 Posthumis

2099 5269 2286 5328 Wow.
2319 5302 2388 5312 —-
2423 5269 2620 5325 Merito
2642 5269 2784 5324 illud
2809 5273 3102 5337 postremis
3120 5269 3492 5341 displicuisse
3523 5270 3753 5328 Davisio

2099 5349 2240 5414 puto
2261 5342 2508 5398 tentanti
2531 5341 3008 5414 posteris.Mino_re
3021 5348 3217 5396 tamen
3241 5342 3560 5414 mutatione
3576 5343 3755 5399 etiam

2099 5411 2308 5485 conjici
2343 5411 2541 5486 posset
2567 5417 2687 5486 post
2714 5428 2887 5484 reges.
2918 5411 3120 5486 qua.
3147 5442 3213 5453 --
3236 5413 3360 5486 Non
3385 5418 3525 5484 puto
3559 5419 3755 5469 muta-

2101 5483 2318 5541 tionem
2346 5483 2956 5540 ’neoessariam’esse.
3011 5484 3214 5553 Neque
3257 5483 3414 5539 enim
3456 5486 3622 5541 video
3653 5501 3760 5540 cur

2101 5573 2324 5622 omnes,
2359 5562 2489 5630 post
2533 5570 2720 5630 reges,
2770 5555 3169 5612 Romanorum
3229 5558 3410 5614 duces
3465 5561 3764 5630 postremos

2101 5631 2291 5687 dicere
2321 5626 2520 5687 minus
2552 5626 2742 5686 liceat.
2774 5632 3046 5688 Gnuusa.

3421 5751 3508 5832 ii
