4102 6162
401 200 515 260 331

1711 195 1794 255 Μ.
1843 146 2148 258 MINUCII
2195 194 2516 256 FELICIS.

3667 207 3762 271 332

404 347 535 402 quae
590 344 770 385 manu
820 327 973 384 818
1025 326 1268 399 ceperis,
1315 325 1684 398 sacrilegium
1717 328 1806 381 est
1853 341 2055 382 conse-
2085 331 2138 396 Α
2169 325 2321 382 319
2355 329 2413 381 et
2460 324 2628 382 malae
2685 323 3092 380 valetudines:
3155 325 3326 396 [xxxi]
3377 344 3503 384 sane
3548 335 3600 388 et
3647 338 3771 394 Acca

405 436 586 486 crare,
620 436 733 474 non
767 417 1031 473 numina.
1055 416 1248 472 Toties
1269 432 1404 488 ergo
1435 415 1716 472 Romanis
1742 415 2053 488 impiatum

403 513 494 565 est
523 508 655 580 (74),
691 507 917 581 quoties
951 505 1416 578 triumphatum;
1472 510 1557 562 tot
1586 505 1655 561 de
1682 505 1796 561 diis
1845 505 2052 576 spolia,

403 601 545 668 quot
575 595 645 650 de
675 596 950 669 gentibus
980 599 1038 650 et
1058 599 1275 667 tropaea
1296 596 1428 666 (75).
1459 595 1641 668 Igitur
1671 595 1915 652 Romani
1939 611 2054 651 non

400 685 530 741 ideo
563 686 732 754 tanti,
765 685 919 758 quod
953 683 1230 757 religiosi,
1263 685 1364 740 sed
1397 685 1552 756 quod
1592 685 1832 758 impune
1875 684 2054 740 sacri-

401 772 538 848 legi.
571 773 771 846 Neque
821 773 978 829 enim
1037 777 1352 845 potuerunt
1405 773 1462 828 in
1519 773 1664 846 ipsis
1723 773 1887 830 bellis
1916 774 2054 830 deos

402 864 701 935 adjutores
757 861 992 931 habere,
1067 863 1344 918 adversus
1418 879 1566 934 quos
1625 880 1789 918 arma
1846 880 2054 936 rapue-

403 957 541 1008 runt
565 951 716 1024 (76):
747 956 806 1008 et
835 968 983 1024 quos
1013 950 1450 1023 postulaverant
1485 951 1618 1024 (77),
1653 952 2057 1024 detriumpha-

402 1047 494 1098 tos
521 1039 710 1097 colere
738 1042 1058 1113 coeperunt.
1083 1040 1230 1108 Quid
1254 1045 1449 1096 autem
1474 1039 1574 1096 isti
1605 1039 1685 1096 dii
1715 1057 1819 1113 pro
1852 1041 2058 1097 Roma-

403 1131 495 1187 nis
539 1134 808 1204 possunt,
858 1130 961 1202 qui
1011 1129 1158 1186 nihil
1206 1146 1309 1202 pro
1361 1130 1486 1187 suis
1532 1129 1812 1186 adversus
1851 1147 2053 1191 eorum

403 1237 568 1278 arma
620 1219 980 1276 valuerunt?
1033 1219 1429 1276 Romanorum
1499 1220 1655 1276 enim
1713 1221 2056 1276 vernaculos

403 1311 542 1367 deos
571 1309 881 1366 novimus:
917 1307 1224 1377 Romulus,
1259 1309 1430 1366 Picus
1463 1311 1596 1382 (78),
1633 1310 1967 1377 Tiberinus,
2002 1315 2059 1366 et

405 1400 652 1466 Consus,
684 1402 740 1457 et
766 1399 1092 1466 Pilumnus,
1119 1414 1184 1454 ac
1209 1397 1525 1455 Polumnus
1556 1398 1690 1470 (79).
1722 1398 2056 1455 Cloacinam

406 1489 612 1545 Tatius
633 1493 690 1544 et
717 1488 938 1544 invenit
959 1493 1017 1543 et
1036 1486 1215 1543 coluit
1236 1511 1250 1556 ;
1275 1487 1550 1543 Pavorem
1572 1487 1852 1543 Hostilius
1885 1493 2058 1560 atque

407 1577 733 1647 Pallorem;
767 1594 901 1634 mox
930 1593 964 1633 a
995 1575 1190 1632 nescio
1221 1593 1334 1649 quo
1384 1577 1582 1633 Febris
1614 1577 1725 1650 (80)
1769 1577 2055 1634 dedicata.

408 1663 538 1724 Haec
567 1665 809 1723 alumna
865 1665 1026 1723 urbis
1077 1665 1249 1722 istius
1308 1665 1649 1739 superstitio
1694 1667 1827 1736 (81),
1870 1666 2058 1724 morbi

2163 414 2435 470 Larentia
2521 414 2659 486 (82),
2772 418 2829 468 et
2911 413 3097 481 Flora,
3180 417 3508 473 meretrices
3583 439 3764 496 pr0pu.

2163 505 2358 572 dicere,
2422 503 2577 559 inter
2632 503 2867 558 morbos
2944 503 3345 560 Romanorum
3404 507 3503 578 (83)
3553 514 3604 565 et
3641 513 3768 572 deus

2164 594 2589 666 computandas.
2626 592 2726 649 Isti
2759 592 2978 649 scilicet
3008 593 3288 650 adversus
3340 601 3576 662 czeteros,
3606 601 3692 672 qui
3717 605 3766 660 in

2164 683 2438 756 gentibus
2470 682 2826 750 colebantur,
2855 683 3254 738 Romanorum
3279 683 3571 756 imperium
3600 696 3768 761 protu.

2161 775 2375 830 lerunt.
2400 774 2598 846 Neque
2620 773 2774 828 enim
2800 774 2911 844 (37]
2930 790 3028 828 eos
3051 774 3358 829 adversum
3379 791 3511 832 suos
3539 777 3772 839 homines

2163 863 2255 920 vel
2287 864 2446 920 Mars
2477 863 2783 929 Thracius,
2823 863 2911 918 vel
2963 862 3194 934 Jupiter
3241 862 3510 930 Creticus,
3539 866 3619 923 vel
3639 869 3770 928 Juno

2166 970 2322 1010 nunc
2377 953 2608 1025 Argiva,
2667 969 2822 1007 nunc
2878 951 3096 1022 Samia,
3166 969 3320 1008 nunc
3390 953 3596 1022 Poena;
3644 975 3776 1017 nunc

2166 1045 2354 1114 (impr.
2389 1040 2500 1111 vel]
2541 1041 2723 1097 Diana
2777 1041 3026 1096 Taurica
3082 1040 3218 1113 (84),
3274 1040 3361 1097 vel
3408 1047 3585 1100 mater
3632 1045 3776 1118 Idan,

2164 1131 2253 1189 vel
2285 1131 2551 1204 zEgyptia
2581 1131 2701 1203 illa,
2738 1147 2851 1187 non
2885 1131 3154 1200 numina,
3186 1132 3286 1186 sed
3332 1137 3610 1204 portenta,
3635 1137 3782 1207 juve-

2166 1225 2322 1278 runt.
2358 1221 2480 1277 Nisi
2511 1220 2656 1276 forte
2687 1220 2841 1293 apud
2864 1220 3009 1276 istos
3039 1220 3226 1291 major
3255 1221 3489 1278 castitas
3520 1223 3782 1297 virginan

2167 1314 2267 1365 aut
2324 1309 2526 1381 religio
2583 1309 2840 1365 sanctior
2890 1310 3312 1378 sacerdotum;
3373 1327 3505 1366 cum
3561 1330 3699 1384 pene
3735 1315 3788 1370 in

2168 1398 2436 1473 pluribus
2484 1397 2830 1471 virginibus,
2882 1403 2940 1454 et
2983 1415 3107 1470 qua
3162 1399 3275 1471 (85)
3321 1398 3698 1457 inconsultius
3740 1421 3791 1460 se

2166 1487 2307 1544 viris
2348 1487 2747 1555 miscuissent,
2794 1486 2973 1543 Vesta
3020 1503 3160 1543 sane
3223 1487 3518 1545 nesciente
3565 1492 3692 1562 (86),
3729 1493 3798 1549 sit

2167 1578 2458 1635 incestum
2509 1576 2915 1644 vindicatum;
2977 1575 3037 1631 in
3101 1576 3359 1633 residuis
3416 1579 3796 1650 impunitatem

2168 1667 2366 1723 fecerit
2397 1683 2513 1722 non
2546 1665 2783 1723 castitas
2813 1665 3013 1737 tutior,
3045 1666 3147 1722 sed
3183 1665 3558 1739 impudicitia
3586 1667 3800 1725 felicior.

1844 1791 2172 1855 Variorum
2230 1797 2416 1853 notae.

477 1901 590 1973 (74)
644 1900 938 1973 Impiatum
985 1908 1090 1973 est.
1152 1897 1875 1973 Impersonaleulmpiare,
1937 1899 2058 1971 pol-
2092 1904 2140 1970 B
2171 1898 2664 1973 rius_crediderit
2717 1899 2921 1973 Picum
2979 1897 3161 1973 fuisse
3211 1899 3408 1973 Fauni
3467 1899 3672 1973 ﬁlium,
3717 1904 3808 1956 Sa-

405 1970 585 2028 luerel
647 1970 928 2044 Apuleius
984 1970 1086 2027 lib.
1148 1989 1167 2025 ι
1224 1970 1456 2044 Metam.
1489 1987 1515 2044 :_
1565 1970 1766 2026 Cruore
1822 1970 2062 2028 humano

408 2060 659 2118 aspersus
697 2042 866 2118 atque
921 2045 1204 2114 impiatus.
1243 2042 1595 2118 Prudentius
1629 2044 1935 2100 Cathemer.
1983 2060 2061 2116 v1,

408 2116 627 2189 hymno
659 2116 794 2172 ante
824 2131 1122 2185 somnum,
1155 2131 1304 2170 vers.
1335 2116 1444 2172 35:

718 2215 784 2278 At
811 2215 902 2278 qui
934 2214 1345 2278 coinquinatum

714 2277 863 2328 Vitiis
897 2290 990 2326 cor
1017 2277 1282 2340 impiavit.

408 2374 752 2429 Cumanos.
781 2403 853 2415 —
880 2374 1199 2444 Impiatum,
1247 2378 1312 2428 ut
1360 2373 1517 2444 Tert.
1569 2372 1697 2430 adv.
1732 2373 2059 2441 Gnosticos,

407 2447 776 2502 victoriatum.
809 2448 867 2499 et
900 2445 1253 2515 iniuriatum.
1303 2443 1574 2500 Wowan.
1606 2474 1672 2487 —
1705 2445 1838 2501 Chr.
1876 2444 2062 2500 Cella-

411 2517 536 2573 rius
584 2517 767 2572 edidit
794 2533 829 2571 a
858 2517 1135 2572 Romanis.
1180 2515 1291 2571 Sed
1341 2515 1488 2572 nihil
1546 2532 1730 2587 opus;
1766 2533 1891 2588 cap.
1949 2516 2058 2571 23:

414 2590 477 2646 Ut
495 2591 702 2661 factum
730 2589 982 2661 Aigyptio
1012 2589 1162 2659 regi;
1196 2604 1322 2661 cap.
1380 2589 1450 2642 27
1475 2603 1488 2643 :
1523 2591 1661 2660 Quae
1710 2589 1878 2660 paulo
1936 2592 2065 2644 ante

408 2661 513 2716 tibi
540 2659 685 2714 dicta
713 2659 859 2715 sunt.
895 2659 1174 2715 Lmnusa.

501 2731 594 2799 75)
624 2732 688 2785 Et
719 2739 942 2803 tropza.
967 2730 1048 2786 Ne
1077 2730 1310 2786 dubites
1334 2737 1385 2786 et
1404 2729 1613 2803 delere.
1650 2729 1844 2786 HEUM.

499 2803 591 2873 76)
621 2803 788 2874 Arma
805 2802 1138 2873 rapuerunt.
1172 2809 1350 2874 Arma
1379 2802 1666 2874 corripere
1695 2819 1797 2874 pro
1827 2818 2060 2870 sumere,

410 2874 643 3000 phratiis
675 2873 840 2930 Floro
872 2891 980 2931 usu
1019 2875 1194 2943 trita;
1228 2873 1497 2930 videatur
1534 2873 1723 2930 index
1773 2875 2066 2930 Freinshe-

413 2962 535 3000 mu.
619 2962 778 3000 mnu.

413 2962 535 3002 mu.
571 2962 778 3000 LlNDN.

485 3018 599 3086 (77)
629 3018 694 3071 Et
720 3032 852 3088 quos
881 3017 1310 3087 postulaverant.
1362 3017 1430 3070 Et
1460 3031 1604 3088 (quos
1641 3028 1764 3088 post
1813 3017 2063 3072 lauream

417 3086 1008 3160 detriumphatos,etc.
1041 3089 1133 3143 Sic
1176 3086 1472 3160 emendari
1517 3086 1688 3159 posse
1732 3105 2062 3160 censemus,

421 3161 576 3230 quod
608 3158 833 3232 absque
861 3160 982 3216 ullo
1037 3176 1214 3216 sensu
1270 3158 1484 3230 legitur
1521 3158 1617 3232 fin
1649 3159 1985 3231 exemplari,
2016 3168 2069 3215 et

420 3246 558 3314 quos
599 3230 1031 3314 postulaverant.
1067 3233 1390 3314 _Apparent
1454 3230 1715 3314 pristinae
1763 3230 2068 3314 scripturae

416 3302 699 3376 vestigia:
733 3305 874 3376 quod
895 3302 1339 3376 postulaverant,
1381 3303 1480 3357 sed
1503 3303 1736 3376 (abrasa
1761 3308 1849 3358 est
1879 3302 2070 3358 littera

414 3372 470 3458 εξ,
503 3372 1204 3458 θὶέιιρθίῳμυὶρῐαλὶξῐθιιᾳ
1221 3391 1269 3439 s,
1292 3373 1830 3458 ahﬂantiq‘ua'etiam
1863 3391 2061 3458 manu.

415 3444 750 3519 RlCALT._—
780 3444 954 3518 Sigis.
987 3445 1282 3519 Gelenius,
1341 3444 1475 3499 Chr.
1535 3444 1812 3519 Cellarius
1851 3446 2066 3519 aliique

413 3517 723 3590 ediderunt
740 3526 792 3590 et
816 3515 946 3590 quos
963 3521 1085 3590 post
1102 3518 1326 3590 cladem
1341 3515 1708 3590 triumphatos
1727 3537 1750 3582 ;
1779 3519 1863 3574 sic
1887 3515 2064 3574 etiam

409 3587 532 3661 Jac.
566 3587 858 3661 Ouzelius,
892 3587 1007 3644 nisi
1055 3589 1209 3661 quod
1259 3587 1358 3661 ille
1404 3587 1861 3657 detriumphatos,
1911 3591 2064 3646 unde

408 3659 533 3716 Jac.
567 3660 906 3733 Perizonius
946 3658 1209 3733 reposuit
1237 3658 1459 3733 demum
1497 3661 1898 3732 triumphatos;
1929 3661 2064 3717 abs-

413 3747 729 3804 quecausa
758 3731 1028 3804 quidem‘
1054 3733 1319 3787 sontica:
1344 3803 1355 3804 ί
1381 3731 1623 3804 alteram
1671 3731 1827 3786 enim
1866 3749 2063 3804 vocem

411 3802 653 3859 adhibet
682 3802 860 3875 Tert.,
892 3805 1136 3875 Apolog.,
1182 3820 1307 3875 cap.
1335 3803 1428 3875 27.
1471 3803 1630 3875 Fulv.
1663 3809 1866 3875 autem
1902 3803 2064 3860 Ursi-

410 3890 525 3948 nus
557 3875 738 3931 multo
770 3874 1008 3948 prepius
1041 3876 1112 3930 ad
1145 3874 1268 3948 ms;
1281 3874 1534 3948 vestigia
1562 3874 1707 3948 legit
1721 3881 1771 3930 et
1793 3892 1922 3947 quos
1965 3893 2060 3946 po-

409 3945 788 4019 pulaverantf
811 3945 1046 4003 ut_mihi
1080 3963 1211 4002 mea
1237 3945 1543 4000 blanditur
1585 3945 1916 4015 conjectura
1959 3945 2062 4019 pro

454 4035 531 4073 ua
584 4018 1026 4075 rescribendum
1080 4033 1309 4084 censeo,
1358 4026 1409 4072 et
1453 4019 1604 4087 quod
1652 4018 2065 4088 postulaverant

454 4035 531 4073 ua
584 4033 1026 4075 rescribendum
1080 4033 1309 4084 censeo,
1358 4033 1409 4072 et
1453 4033 1600 4087 quoa
1652 4033 2064 4088 postulaverant

411 4033 835 4162 getriumphatis
860 4091 1035 4146 colere
1053 4093 1348 4160 cceperunt.
1372 4089 1645 4143 Justinus
1664 4091 1716 4150 2.
1745 4091 1810 4162 15
1834 4107 1846 4145 :
1891 4092 2064 4146 Veluti

413 4161 772 4233 triumphalis
803 4162 1108 4233 Spartanis,
1141 4179 1174 4215 a
1203 4161 1412 4233 civibus
1442 4161 1732 4233 excipitur.
1764 4161 1959 4216 DAVIS.
1992 4193 2061 4202 —

411 4229 710 4302 Suspicor,
742 4229 997 4305 aliquem
1027 4251 1057 4289 e
1090 4232 1261 4287 modo
1285 4304 1288 4305 ν
1311 4229 1504 4285 allatis
1562 4229 1850 4305 verbishic
1881 4234 2060 4288 ascri-

410 4305 602 4376 psisse
632 4306 692 4360 in
743 4303 1029 4378 margine,
1061 4304 1550 4378 postuvictoriam,
1581 4309 1638 4358 et
1673 4303 1825 4378 inde_
1863 4312 2063 4378 postea

410 4373 626 4432 factum
660 4393 789 4433 esse
819 4373 1143 4433 absurdum
1172 4373 1314 4430 illud
1336 4373 1774 4448 postulaverant.
1797 4373 1928 4448 Jain
1954 4375 2060 4448 igi-

406 4448 617 4528 tur__sic
646 4449 760 4528 legi
793 4454 1021 4528 oportet
1046 4465 1058 4504 :
1090 4455 1142 4502 et
1167 4463 1298 4528 quos
1329 4447 1710 4528 triumphatos,
1730 4453 1836 4528 etc_.
1864 4447 2056 4503 HEUM.

407 4548 477 4591 :—
505 4519 623 4591 Ego
654 4517 764 4576 hoc
793 4517 1034 4577 vérbum
1068 4517 1289 4591 accipio
1319 4517 1750 4591 deevocatione
1793 4519 2056 4574 deorum.

406 4588 658 4662 Evocare
689 4591 844 4646 enim
867 4592 1026 4662 deos,
1055 4588 1211 4646 nihil
1230 4588 1502 4662 estaliud
1537 4605 1713 4661 quam
1756 4592 2056 4662 postulare,

406 4669 487 4728 ut,
524 4661 734 4735 deserto
757 4660 1019 4735 populo,
1045 4680 1083 4718 a
1132 4677 1234 4734 quo
1273 4660 1448 4735 adhuc
1491 4660 1628 4735 culti
1680 4660 1877 4735 essent,
1905 4663 1975 4735 ad
2003 4660 2060 4718 se

403 4734 706 4806 transirent
733 4731 1154 4806 diiCLINnNsaI
1175 4763 1248 4806 έ
1285 4731 1522 4806 Legitur
1565 4733 1634 4806 in
1657 4731 1910 4790 editione
1939 4734 2057 4789 Lu-

408 4803 724 4876 gdunensi,
756 4822 826 4862 ex
854 4805 1129 4879 anonymi
1159 4803 1469 4879 cujusdam
1488 4805 1903 4879 restitutione:
1953 4809 2059 4862 Aut

410 4875 541 4948 Quos
558 4885 892 4950 praepostere
919 4875 1272 4950 adiuverunt,
1298 4877 1396 4946 qui
1421 4875 1901 4950 tri_umphati_coli
1945 4893 2056 4950 cie-

399 4945 624 5019 perunt.
656 4945 742 5004 An
775 4945 997 5006 felicior
1031 4951 1090 5005 D.
1126 4945 1367 5019 Caillau,
1418 4945 1504 5001 vel
1561 4945 1715 5013 cum,
1759 4947 1917 5003 Fulv.
1958 4949 2055 5003 Ur-

403 5018 601 5091 sinum
642 5028 901 5091 secutus,
959 5023 1163 5078 atl‘erat
1220 5018 1403 5073 illud:
1465 5034 1595 5088 quos
1634 5019 2054 5091 populaverant,

403 5090 653 5165 vel‘cum
675 5093 746 5165 de
775 5111 881 5150 suo
915 5094 1199 5165 proponat
1225 5107 1237 5144 :
1266 5098 1430 5165 prout
1458 5096 1724 5165 voverant
1745 5090 1872 5165 (PP.
1907 5099 2058 5161 Apo-

403 5161 534 5238 stol.
568 5163 714 5238 t._II,
747 5183 803 5238 p.
990 5159 1173 5238 1842),
1223 5159 1392 5238 periti
1441 5160 1782 5238 dijudiceut.
1814 5159 2057 5238 Eum:—

403 5231 726 5293 Gronovius
747 5231 964 5293 "veteris
995 5231 1568 5297 codicis’lectionem,
1624 5231 1766 5302 quod
1814 5233 2054 5302 postula-

398 5315 611 5374 verant,
671 5306 827 5364 haud
883 5308 1060 5364 dubie
1117 5305 1402 5376 sinceram
1461 5303 2052 5376 existimatsNempe,

401 5373 616 5460 inquit,
645 5377 701 5433 in
732 5379 1041 5460 principiis
1071 5375 1233 5460 belli,
1279 5374 1436 5460 votis.
1473 5373 1555 5460 in.
1582 5373 1863 5460 Capitolio
1903 5373 2052 5460 nun-

401 5445 650 5520 cupatis,
686 5445 753 5505 ut
803 5468 872 5506 ex
925 5445 1024 5506 illo
1081 5447 1446 5518 contingeret
1484 5445 1842 5518 triumphus,
1876 5448 2051 5530 etiam

401 5521 512 5602 sub
545 5520 966 5602 pollicitatione
993 5521 1308 5578 numinum
1346 5518 1909 5576 transferendorum.
1941 5519 2054 5575 Alii

402 5593 590 5649 aliter.
623 5595 908 5650 GALLAND.

471 5663 585 5745 (78)
614 5665 802 5727 Picus.
860 5664 1067 5728 Nescio
1125 5679 1240 5744 quo
1289 5677 1481 5724 errore
1527 5661 1805 5723 inductus
1863 5661 2049 5723 Cella-

2171 1970 2332 2027 turni
2365 1977 2657 2044 nepotem,
2691 1988 2825 2044 cum
2858 1971 3022 2044 locus
3063 1970 3295 2042 Virgilii
3344 1972 3417 2027 ab
3467 1971 3594 2042 ipso
3625 1972 3810 2028 citatus

2174 2049 2370 2116 aperte
2401 2043 2651 2116 testatur
2696 2043 2898 2116 Picum
2948 2043 3153 2116 Fauno,
3195 2043 3388 2099 fuisse
3443 2050 3682 2116 patrem,
3711 2061 3813 2100 non

2171 2115 2381 2170 ﬁlium.
2443 2117 2512 2170 Et
2571 2115 2715 2186 ipse,
2767 2115 2825 2169 in
2879 2115 3031 2170 notis
3090 2115 3160 2169 ad
3223 2116 3524 2170 Prudentii
3571 2115 3668 2171 lib.
3700 2133 3736 2180 1,
3764 2116 3814 2170 in

2173 2187 2379 2259 Symm.
2405 2203 2456 2243 ν.
2489 2187 2615 2253 244,
2651 2186 2855 2242 scribit
2902 2187 3140 2243 Saturni
3189 2186 3383 2244 fuisse
3414 2187 3625 2256 ﬁlium,
3659 2188 3816 2242 Fauni

2171 2264 2420 2331 patrem.
2456 2259 2739 2331 LlNDNER.

2243 2330 2355 2403 (72))
2386 2330 2718 2403 Polumnus.
2744 2329 2807 2403 I_n
2840 2329 3179 2403 exemplari,
3218 2328 3630 2386 Tertullianus
3662 2330 3755 2385 lib.
3784 2346 3818 2385 ιι

2173 2401 2244 2474 ad
2277 2400 2446 2457 Nat.:
2488 2403 2646 2474 Ιιςεζη⁸
2682 2400 3028 2458 νοιυηιαιὶδ.“
3066 2402 3399 2458 Volumnum
3437 2406 3507 2474 let
3567 2403 3817 2474 Voletam.

2173 2473 2404 2544 RIGALT.
2439 2504 2506 2514 —-
2538 2471 2688 2544 Malo
2721 2474 3010 2529 Pilumnus
3032 2491 3096 2529 ac
3110 2471 3450 2543 Picumnus,
3481 2489 3658 2544 quam
3681 2473 3818 2544 quod

2174 2543 2460 2615 Rigaltius
2491 2543 2816 2611 substituit,
2852 2545 3178 2601 Volumnus.
3241 2543 3561 2602 Pilumnus
3598 2543 3746 2600 enim
3774 2549 3823 2599 et

2171 2617 2613 2689 Picumnus,iut
2645 2615 2746 2689 pait
2777 2616 3011 2673 Servius
3041 2619 3112 2673 ad
3143 2618 3370 2673 Alneid.
3407 2634 3486 2687 IX,
3538 2617 3592 2684 4,
3639 2619 3822 2689 fratres

2169 2691 2396 2760 [uerunt
2425 2697 2476 2743 et
2495 2688 2602 2742 dii.
2633 2686 2839 2743 OUZEL.

2243 2760 2354 2830 (80)
2387 2760 2774 2814 Cloacinam...
2831 2765 3160 2816 Pavorem...
3210 2761 3583 2816 Pallorem...
3623 2759 3820 2815 Febris.

2173 2831 2253 2886 De
2283 2830 2442 2886 cultu
2474 2831 2684 2886 horum
2733 2836 2995 2887 veterum
3046 2833 3242 2888 Romae
3294 2832 3605 2888 nascentis
3651 2831 3825 2886 numi-

2173 2903 2426 2976 numct}
2459 2903 2749 2976 egregiam
2778 2904 2837 2976 l).
2862 2907 3089 2975 Greppo
3127 2903 3628 2976 Disquisitionem
3652 2903 3709 2958 in
3739 2919 3829 2957 n0-

2173 2973 2248 3029 tis
2279 2974 2349 3046 ad
2385 2973 2565 3031 Octav.
2599 2974 2744 3029 Edit.
2783 2973 3077 3046 Lugdun.,
3112 2994 3166 3046 p.
3197 2973 3474 3030 261-270.
3512 2975 3649 3030 Enn.

2245 3045 2358 3117 (81)
2387 3047 2512 3102 Haec
2541 3047 2767 3100 alumna
2809 3045 2961 3101 urbis
3009 3045 3172 3102 istius
3215 3049 3591 3116 superstitio.
3638 3045 3700 3101 ld
3736 3046 3836 3117 est,

2175 3116 2292 3174 haec
2341 3127 2469 3172 sunt
2526 3119 2763 3172 numina
2813 3117 3050 3174 alumna
3098 3122 3292 3176 Romae
3353 3122 3538 3175 urbis.
3604 3116 3838 3172 Numina

2176 3190 2416 3262 alumna
2443 3187 2695 3258 alicujus
2725 3192 2916 3260 gentis
2951 3197 3088 3246 sunt
3119 3208 3247 3262 quae
3285 3193 3363 3248 ab
3411 3209 3484 3247 ea
3525 3190 3840 3245 educatait

2179 3261 2429 3334 enutrita
2458 3267 2616 3334 sunt,
2649 3267 2707 3315 et
2750 3261 3278 3333 Opponuntur’diis
3313 3263 3679 3334 peregrinis,
3709 3277 3777 3334 qq

2179 3331 2393 3404 aliquis
2428 3333 2676 3404 p0pulus
2709 3329 2849 3388 suos
2898 3334 3052 3402 fecit,
3083 3329 3409 3404 assumpto
3451 3329 3840 3390 e'orum'culu

2175 3421 2240 3530 te
2273 3402 2566 3473 religione.
2600 3404 2981 3460 Heumannus
3012 3406 3218 3460 scribit
3263 3402 3446 3463 alma?
3478 3405 3644 3461 urbis
3673 3405 3842 3459 istius.

2224 3491 2455 3530 usuusu.

2224 3491 2455 3530 INDNER.

2245 3546 2356 3618 (82)
2413 3546 2551 3600 Acca
2606 3546 2891 3618 Larentia.
2950 3546 3011 3602 In
3067 3546 3334 3603 editione
3378 3547 3660 3602 Romana
3689 3543 3844 3617 (etin

2175 3617 2309 3688 me.)
2339 3623 2428 3672 est
2457 3619 2774 3672 Laurentia.
2806 3617 3061 3672 Priorem
3088 3619 3468 3686 scripturam
3502 3635 3640 3675 esse
3665 3632 3850 3673 veram

2173 3688 2474 3745 contendit
2501 3689 2553 3744 J.
2587 3688 2677 3745 Fr.
2709 3689 3032 3744 Gronovius
3067 3691 3135 3745 ad
3173 3691 3329 3746 Livii
3362 3709 3406 3760 1,
3445 3692 3500 3746 4.
3537 3689 3736 3746 ΗΕυΜ.

2243 3761 2367 3842 (85).
2404 3763 2556 3842 Inter
2604 3761 2818 3842 morbos
2861 3762 3250 3842 licmanorum.
3312 3767 3739 3842 Heumaqnus
3772 3772 3850 3842 ες·

2173 3831 2414 3888 scribit:
2448 3835 2596 3887 inter
2621 3833 2825 3903 probra
2857 3834 3228 3888 Romanorum
3269 3843 3330 3890 et
3379 3835 3537 3890 deos.
3587 3832 3744 3889 Nihil
3772 3831 3857 3885 his

2172 3920 2341 3974 opus,
2377 3903 2424 3958 si
2455 3904 2874 3975 interpungas:
2908 3906 3036 3961 Haec
3062 3909 3296 3960 alumna
3358 3907 3526 3961 urbis
3578 3907 3742 3961 istius
3772 3919 3857 3958 su-

2168 3973 2419 4049 perstitio
2446 3973 2672 4049 (Pavor,
2715 3973 2923 4040 Pallor,
2973 3977 3217 4049 Febris),
3251 3979 3454 4032 morbi
3503 3976 3778 4049 (scilicet)
3809 3978 3858 4028 et

2170 4048 2336 4103 malm
2366 4047 2702 4102 valetudines
2733 4063 2903 4114 sane;
2951 4057 3001 4101 et
3040 4047 3171 4117 (hoc
3222 4055 3326 4103 est
3376 4047 3552 4120 item)
3599 4055 3738 4104 Acca
3764 4049 3861 4101 Lac

2170 4121 2353 4173 rentia
2379 4128 2433 4174 et
2460 4121 2639 4184 Flora,
2667 4122 2980 4173 meretrices
3004 4120 3405 4190 propudiosae.
3446 4121 3747 4176 LINDNEB.

2241 4191 2480 4264 (84)_Vel
2531 4191 2716 4264 plana
2765 4191 3001 4264 Taurica
3057 4189 3152 4264 Sic
3209 4192 3388 4247 edidi
3450 4209 3598 4248 cum
3632 4189 3868 4264 Sigism.

2172 4259 2410 4316 Gelenio
2439 4267 2495 4316 et
2520 4261 2653 4315 Chr.
2686 4260 2950 4328 Cellario,
2984 4278 3049 4317 ac
3081 4263 3164 4317 ita
3212 4259 3871 4320 rescribendum’cou-

2164 4331 2475 4405 jecit_.lac.
2509 4332 2881 4405 Perizonius,
2932 4339 2989 4389 et
3037 4335 3284 4405 quidem
3331 4336 3700 4392 verissime.
3753 4338 3872 4405 Des,

2169 4402 2474 4469 Heraldus,
2508 4403 2630 4458 Nic.
2684 4402 2970 4475 Rigaltius
3027 4402 3083 4460 et
3131 4406 3260 4462 Jac.
3333 4408 3644 4464 Ouzelius
3677 4402 3874 4464 excudi

2171 4480 2702 4549 curaveruntinunc
2729 4477 2916 4549 Diana
2940 4478 3187 4545 Taurica,
3221 4481 3419 4549 quasi
3454 4480 3490 4535 J
3502 4498 3630 4535 uno
3665 4477 3876 4534 scilicet

2171 4547 2504 4623 eonomine
2536 4547 2708 4601 fuerit
2733 4547 3031 4620 insignita.
3053 4547 3266 4623 pDavrs'.
3306 4581 3386 4592 —
3419 4555 3579 4608 Tam
3613 4553 3879 4623 apertum

2089 4643 2136 4707 Β
2170 4622 2260 4699 est
2291 4618 2566 4707 mendum
2600 4625 2656 4673 et
2687 4618 3114 4707 causam-andi,
3147 4627 3213 4676 ut
3249 4624 3460 4707 mirer
3487 4625 3629 4680 Jac.
3656 4618 3879 4707 'Grpno-

2167 4689 2325 4744 vium
2357 4690 2417 4762 id
2450 4705 2818 4762 propugnare
2847 4693 3223 4748 sustinuisse.
3263 4693 3591 4750 LINDNER.
3627 4724 3702 4734 --
3732 4693 3878 4749 Nan-.3

2169 4765 2364 4816 tamen
2396 4759 2508 4832 leg.
2543 4759 2599 4815 in
2631 4759 2743 4817 ms.
2781 4767 2917 4819 Enn.

2237 4832 2371 4909 (85)_
2404 4833 2468 4889 Ut
2504 4848 2649 4905 quae.
2682 4834 3048 4907 Rescriptum
3081 4851 3197 4890 non
3263 4836 3448 4894 male
3508 4855 3629 4909 pro
3674 4853 3790 4892 ms.
3838 4838 3888 4887 ιι

2168 4919 2310 4974 quae.
2349 4904 2628 4959 Lmuusa.

2261 4977 2352 5046 86)
2391 4977 2536 5031 Vesta
2562 4991 2700 5030 sane
2725 4979 3016 5032 nesciente.
3050 4978 3183 5041 Quae
3211 4976 3266 5030 si
3319 4979 3450 5034 dea
3486 4979 3743 5046 fuisset,
3779 4993 3884 5032 non

2166 5046 2414 5122 debebat
2443 5049 2827 5122 nescire‘quaa
2860 5048 2917 5102 in
2951 5048 3165 5122 templo
3196 5064 3322 5103 suo
3376 5057 3785 5122 gererentur,
3817 5051 3889 5110 et,

2166 5117 2302 5194 licet
2355 5117 2604 5189 occulta,
2666 5117 2941 5194 indicare.
2991 5117 3120 5194 ,lam
3157 5135 3337 5194 _ver_o
3381 5117 3755 5194 'nunquam
3798 5135 3894 5194 per

2165 5187 2424 5258 Vestam,
2455 5187 2688 5261 semper
2717 5207 2818 5262 per
2847 5190 3116 5247 homines
3150 5190 3407 5263 ﬂagitia
3444 5187 3677 5250 earum
3726 5187 3895 5263 virgi-

2165 5277 2307 5316 num
2341 5266 2480 5334 sunt
2509 5263 2753 5317 detecta.
2788 5263 3064 5334 Adeoque
3115 5279 3228 5318 non
3291 5270 3442 5319 erat
3497 5283 3621 5322 cur
3655 5269 3896 5320 Vestam

2165 5333 2458 5408 consciam
2479 5337 2837 5403 vererentur,
2858 5333 3028 5408 modo
3051 5334 3344 5408 homines
3372 5337 3707 5403 fallerent,
3725 5351 3899 5408 quam

2164 5420 2296 5478 vero
2329 5404 2528 5478 fallere
2558 5410 2679 5478 tam
2712 5410 2834 5478 erat
2868 5406 3056 5476 facile,
3092 5413 3154 5462 ut
3195 5405 3515 5478 loquitur
3548 5404 3813 5466 Ovidius
3844 5407 3900 5460 iu

2161 5474 2288 5533 loco
2318 5476 2389 5532 ab
2421 5476 2670 5550 Rigaltio
2711 5476 2957 5549 allegato
2983 5496 2996 5534 ε

2591 5609 2764 5660 Vestae
2807 5611 3090 5661 simulacra
3136 5610 3429 5664 feruntur

2345 5671 2621 5738 Virgineus
2651 5673 2823 5726 oculis
2865 5675 3180 5742 opposuisse
3208 5687 3476 5733 manus.
3587 5679 3846 5734 Macrin.
