4102 6162
543 231 660 292 335

1842 224 1925 283 Μ.
1971 218 2278 286 MINUCII
2324 222 2649 285 FELICIS.

3743 2 3809 14 νγτ-νι

3789 235 3886 300 336

543 363 832 420 dustriam
863 376 1037 417 casus
1063 359 1328 415 imitatus
1362 357 1460 429 (2),
1495 355 1802 429 aggrediar
1829 359 2026 412 tamen
2058 356 2186 411 fon—
2220 359 2275 426 Α
2306 372 2499 426 ranos,
2548 371 2747 428 vagos,
2808 354 3192 410 humanitatis
3251 353 3530 412 inimicos.
3560 359 3693 423 Quid
3735 365 3888 440 Plato,

541 457 661 508 tem
682 451 876 522 ipsum
906 449 1121 504 erroris
1152 451 1208 502 et
1238 445 1560 518 pravitatis,
1594 446 1747 500 unde
1778 446 1972 502 omnis
2001 445 2186 517 caligo

538 540 654 595 ista
675 538 1017 606 manavit,et
1045 539 1222 592 altius
1238 551 1440 590 eruere
1460 540 1517 590 et
1539 534 1762 606 aperire
1795 533 2184 590 manifestius.

537 635 794 708 Spiritus
825 639 963 692 sunt
982 632 1282 701 insinceri,
1307 632 1457 705 vagi,
1483 649 1517 688 a
1538 631 1760 688 caelesti
1790 633 1984 704 vigore
2013 638 2190 688 terre-

538 725 634 781 nis
662 724 896 780 labibus
926 727 984 779 et
1038 722 1462 795 cupiditatibus
1520 721 1833 793 degravati.
1869 721 1973 777 Isti
2015 721 2191 792 igitur

536 813 782 886 spiritus
803 817 1188 884 posteaquam
1217 809 1654 882 simplicitatem
1688 810 2032 866 substantiae
2050 827 2189 881 suae,

540 902 733 958 onusti
767 906 823 958 et
851 901 1114 957 immersi
1145 899 1325 964 vitiis,
1377 899 1776 972 perdiderunt,
1810 900 1880 955 ad
1915 899 2191 956 solatium

539 990 890 1046 calamitatis
911 1007 1029 1045 suae
1059 1005 1174 1045 non
1221 988 1498 1044 desinunt
1528 989 1738 1061 perditi
1763 989 1882 1059 iam
1932 989 2192 1060 perdere,

539 1084 597 1135 et
613 1078 909 1151 depravati
924 1094 1176 1134 errorem
1193 1077 1493 1150 pravitatis
1511 1077 1899 1146 infundere,et
1911 1077 2147 1133 alienati
2162 1095 2197 1133 a

542 1170 696 1226 223
719 1169 853 1235 Deo,
883 1167 1141 1223 inductis
1173 1165 1363 1239 pravis
1386 1165 1767 1240 religionibus
1799 1184 1830 1222 a
1859 1168 1978 1222 Deo
2009 1182 2198 1239 segre-

541 1274 702 1331 gare.
729 1257 838 1313 Eos
869 1257 1113 1329 spiritus
1147 1256 1260 1326 [39]
1291 1256 1588 1312 daemonas
1613 1271 1741 1311 esse
1770 1259 1952 1326 poeta
1980 1256 2194 1324 sciunt,

540 1345 875 1419 philosophi
908 1345 1229 1408 disserunt,
1262 1348 1526 1400 Socrates
1557 1343 1738 1415 novit,
1758 1344 1959 1416 qui,ad
1985 1349 2196 1400 nutum

543 1440 602 1492 et
632 1434 941 1490 arbitrium
973 1432 1291 1489 assidentis
1339 1432 1450 1488 sibi
1486 1433 1788 1502 daemonis,
1819 1433 1906 1489 vel
1939 1433 2200 1488 declina-

542 1524 646 1580 bat
678 1522 930 1595 negotia,
954 1521 1038 1577 vel
1067 1522 1300 1592 petebat
1329 1521 1426 1592 (3).
1463 1520 1614 1592 Magi
1656 1535 1889 1591 quoque
1922 1537 2035 1575 non
2068 1523 2198 1574 tan-

540 1619 668 1669 tum
700 1611 899 1668 sciunt
930 1612 1247 1680 daemonas,
1281 1610 1382 1665 sed
1414 1609 1902 1680 etiam,quidquid
1930 1609 2199 1664 miraculi

542 1701 777 1769 ludunt,
813 1715 915 1772 per
969 1699 1265 1754 daemonas
1314 1696 1573 1754 faciunt:
1630 1697 1748 1752 illis
1801 1697 2200 1769 aspirantibus

544 1801 602 1851 et
630 1765 1098 1863 infundentibus,
1156 1790 1483 1862 praestigias
1539 1788 1741 1858 edunt,
1774 1765 1888 1857 vel,
1927 1805 2053 1861 quas
2085 1806 2200 1845 non
2232 1765 2278 1831 Β

545 1887 710 1954 sunt,
742 1881 923 1937 videri
955 1881 1030 1952 (4)
1057 1898 1070 1948 ;
1104 1879 1213 1944 vel,
1247 1896 1375 1951 quae
1407 1882 1564 1949 sunt,
1603 1895 1718 1933 non
1749 1879 1951 1933 videri.
1986 1879 2200 1934 Eorum

547 1996 852 2053 magorum
913 1983 971 2034 et
1022 1977 1253 2048 eloquio
1301 1981 1359 2032 et
1415 1976 1645 2048 negotio
1701 1977 1779 2048 (5)
1831 1976 2059 2048 primus
2107 1977 2206 2032 So.

547 2071 787 2125 sthenes
816 2068 930 2139 (6);
963 2070 1019 2122 et
1048 2082 1250 2121 verum
1291 2070 1476 2120 Deum
1507 2065 1717 2120 merita
1747 2065 2050 2136 majestate
2075 2082 2205 2137 pro-

560 2158 866 2231 sequitur:
896 2163 954 2212 el.
1015 2153 1274 2227 angelos,
1308 2154 1365 2210 id
1405 2157 1495 2209 est
1549 2153 1851 2210 ministros
1883 2158 1940 2210 et
1968 2155 2206 2211 nuntios

550 2249 672 2316 Dei,
705 2247 806 2303 sed
837 2245 956 2301 veri
988 2244 1066 2316 (7)
1093 2262 1106 2312 ;
1160 2245 1411 2316 ejusque
1442 2242 1794 2299 venerationi
1829 2244 1986 2300 novit
2032 2244 2210 2300 assis-

548 2341 691 2405 tere,
725 2340 791 2391 ut
817 2338 875 2390 et
904 2337 1051 2391 nutu
1084 2333 1233 2406 ipso,
1265 2337 1324 2388 et
1371 2332 1536 2388 vultu
1569 2332 1818 2400 Domini,
1850 2332 2036 2388 territi
2069 2349 2208 2389 con-

546 2425 910 2483 tremiscant.
961 2423 1121 2479 Idem
1153 2421 1329 2478 etiam
1360 2423 1660 2479 daemonas
1690 2421 1766 2495 (8)
1797 2422 2055 2494 prodidit
2093 2431 2208 2479 ter-

2297 447 2393 516 qui
2448 445 2706 501 invenire
2763 445 2946 500 Deum
3008 443 3308 515 negotium
3371 445 3894 513 crediditPnonneet

2297 534 2536 605 angelos
2566 535 2692 589 sine
2752 532 2984 604 negotio
3037 538 3238 587 narrat
3294 536 3352 586 et
3410 533 3733 593 daemonas?
3773 545 3894 600 etin

2298 623 2607 694 Symposio
2626 623 2805 678 etiam
2833 638 2940 677 suo
2971 627 3243 676 naturam
3270 622 3592 678 daemonum
3623 627 3898 696 exprimere

2298 711 2617 766 connititur
2637 710 2665 764 ?
2693 710 2819 764 vult
2848 711 3006 765 enim
3038 726 3166 766 esse
3196 709 3575 766 substantiam
3604 713 3741 770 inter
3770 735 3894 774 mor-

2299 799 2478 855 talem
2537 799 3068 871 immortalemque,
3140 799 3198 853 id
3261 804 3368 863 est,
3427 805 3572 855 inter
3623 819 3813 876 corpus
3859 817 3904 864 et

2302 887 2598 959 spiritum,
2659 887 2942 954 mediam,
2999 888 3216 943 terreni
3269 888 3538 960 ponderis
3588 896 3642 946 et
3694 893 3902 953 ccclesiis

2301 976 2555 1032 levitatis
2583 977 2932 1032 admistione
2961 982 3388 1041 concretam,ex
3417 993 3532 1048 qua
3560 987 3743 1036 monet
3761 985 3905 1040 etiam

2303 1082 2411 1122 nos
2463 1064 2906 1137 procupidinem
2957 1064 3174 1121 amoris
3205 1065 3303 1136 (9),
3335 1069 3392 1121 et
3446 1065 3583 1122 dicit
3626 1069 3905 1144 informari,

2305 1159 2362 1211 et
2391 1155 2505 1210 labi
2539 1155 2651 1225 (10)
2683 1153 3016 1226 pectoribus
3038 1153 3337 1220 humanis,
3363 1160 3418 1210 et
3439 1171 3670 1212 sensum
3695 1175 3908 1230 movere,

2305 1249 2362 1300 et
2413 1244 2566 1299 3‘23
2619 1243 2863 1298 alfectus
2911 1242 3154 1315 tingere,
3209 1248 3268 1298 et
3296 1243 3561 1300 ardorem
3617 1246 3908 1318 cupiditatis

2307 1334 2637 1389 infundere.

2887 1403 3114 1459 CAPUT
3152 1403 3379 1459 XXVII.

2307 1481 2741 1531 Aacomexruu.
2776 1504 2843 1513 —
2879 1476 2944 1531 Ut
2995 1475 3142 1530 dicta
3198 1475 3501 1546 conﬁrmet,
3533 1492 3646 1531 rem
3698 1479 3847 1534 altius
3870 1485 3911 1535 et

2379 1565 2412 1601 α
2463 1548 2651 1617 prima
2703 1562 2801 1619 sua
2857 1549 3080 1619 origine
3139 1548 3348 1618 repetit.
3421 1549 3692 1603 Nimirum
3744 1553 3917 1606 erroris

2377 1622 2500 1689 fons
2533 1622 2634 1673 iste
2655 1634 2675 1678 .'
2698 1618 2980 1674 dar-mones
3008 1619 3123 1673 suis
3153 1619 3353 1674 statuis
3379 1624 3436 1673 et
3465 1621 3784 1686 imaginibus
3809 1621 3916 1675 deli-

2377 1695 2604 1758 tescunt,
2662 1699 3070 1744 com-morantur
3127 1692 3188 1744 in
3245 1692 3417 1760 lanis,
3479 1697 3722 1746 extorum
3784 1693 3918 1762 ﬁbras

2379 1763 2869 1833 animant,_avium
2922 1763 3133 1817 volatus
3160 1763 3498 1833 gubernant,
3529 1773 3691 1818 sortes
3733 1769 3919 1831 regunt,

2382 1835 2603 1887 oracula
2633 1831 2895 1902 fundunt.
2926 1835 3083 1902 falsis
3120 1835 3368 1890 involuta
3412 1831 3700 1905 responsis.
3741 1837 3922 1890 Verum-

2383 1908 2567 1958 tamen
2596 1905 2708 1958 hwc
2764 1920 2874 1959 non
2902 1921 2936 1958 a
2967 1909 3095 1968 Deo,
3126 1905 3219 1960 sed
3264 1923 3298 1959 a
3353 1922 3415 1960 se
3442 1908 3575 1977 ipsis
3621 1908 3759 1976 facta
3786 1909 3925 1976 fuisse

2383 1979 2551 2049 lateri
2568 1985 2854 2047 coguntur,
2877 1993 3002 2031 cum
3021 1994 3054 2031 a
3087 1978 3433 2032 Christianis
3459 1993 3558 2049 per
3596 1979 3756 2033 Deum
3773 1994 3927 2032 verum

2383 2047 2634 2122 adjurgli
2664 2049 2757 2122 fab
2814 2049 3040 2122 obsessis
3109 2049 3430 2119 corporibus
3460 2047 3765 2122 fugantur.
3820 2050 3927 2103 Hinc

2384 2135 2508 2174 vero
2540 2119 2876 2174 Christianos
2903 2119 2967 2174 de
3017 2122 3281 2192 proximo
3321 2119 3615 2192 fugitant;
3649 2126 3928 2190 tantumque

2384 2192 2671 2261 gentilium
2701 2192 2761 2245 in
2784 2207 2870 2246 eos
2922 2193 3166 2246 excitant
3219 2191 3411 2247 odium
3441 2201 3500 2247 ut
3528 2193 3652 2248 illos
3671 2197 3788 2247 ante
3818 2193 3930 2246 inci-

2381 2265 2540 2333 piant
2569 2263 2766 2326 odisse,
2796 2279 2962 2335 quam
3015 2278 3189 2333 nosse,
3221 2279 3290 2318 ne
3339 2266 3586 2334 cognitus
3616 2272 3708 2320 aut
3752 2262 3932 2318 imitari

2384 2335 2596 2402 possint
2616 2342 2712 2388 aut
2735 2334 3003 2390 damnare
3031 2349 3142 2390 non
3167 2336 3412 2406 possint.

2319 2423 2496 2493 [xxw]
2532 2422 2631 2478 Isti
2689 2422 2871 2494 igitur
2924 2421 3142 2495 impuri
3193 2422 3470 2495 spiritus,
3504 2423 3788 2479 demones
3828 2422 3935 2493 (11),

1991 2538 2322 2600 Variorum
2365 2544 2550 2600 notae.

618 2647 697 2720 (2)
732 2647 1076 2720 Industriam
1103 2661 1259 2720 casus
1317 2645 1601 2720 imitatus.
1638 2648 1757 2720 Hoc
1788 2645 2023 2717 repetiit
2051 2645 2196 2701 Nos-

546 2723 637 2775 ter
665 2716 696 2774 e
725 2719 1018 2782 Cicerone,
1049 2717 1149 2788 qui
1179 2716 1280 2772 lib.
1342 2733 1383 2771 ιι
1413 2716 1476 2774 de
1533 2717 1739 2783 Divin.,
1791 2716 1916 2789 cap.
1946 2719 2011 2772 21
2039 2722 2200 2789 :20—

549 2794 652 2871 igst
709 2791 908 2871 igitur_
939 2787 1226 2871 ueritatem
1279 2803 1462 2871 casus
1503 2789 1740 2871 imitari.
1770 2787 1898 2871 ¹ῌιιὶι
1951 2794 2010 2871 et
2053 2787 2200 2844 illud

548 2859 818 2918 Favorini
854 2860 1186 2933 philos0phi
1222 2861 1472 2932 pertinet
1499 2861 1655 2931 apud
1690 2859 1924 2915 Gellium
1947 2859 2053 2933 ilib.
2087 2877 2203 2926 xxv,

551 2951 674 3005 cap.
711 2935 736 2987 1
764 2949 778 2988 :
811 2932 979 2988 Multa
1000 2932 1273 3005 tentando
1301 2947 1700 3002 nonnunquam
1730 2932 2114 3000 imprudenter
2144 2933 2205 2988 in

549 3003 838 3060 veritatem
858 3003 1129 3060 incidunt.
1154 3003 1348 3058 HEUM.

630 3075 706 3148 (3)
741 3077 827 3132 Vel
854 3076 1086 3148 petebat.
1117 3074 1498 3130 Heumannus
1547 3073 1770 3148 mavult
1797 3075 2037 3148 gerebat,
2069 3074 2205 3148 Ego,

557 3147 608 3204 si
641 3145 780 3218 quid
839 3145 1535 3218 mutandumﬁputarem,
1577 3145 1834 3218 mallem,
1869 3145 2207 3218 expediebat,

559 3192 1280 3290 ἔιύἓᾶᾜαέἑῖᾶἱὲἶοῖὼῗ
1291 3192 1842 3290 “ιξῦἱῖ“ἑὶ),”έῖῗὲἔά
1869 3192 2210 3288 ἱῖάίῖῖὀῇἶὶἑ
2240 3192 2282 3258 C

558 3287 904 3346 mutatione.
931 3289 1185 3360 Simplex
1211 3293 1421 3360 petere,
1448 3287 1698 3359 positum
1732 3305 1834 3359 pro
1890 3287 2213 3360 composito

566 3367 857 3433 appetere.
891 3363 972 3417 En
1028 3359 1360 3433 Ciceronem
1391 3359 1457 3415 de
1482 3361 1607 3416 Nat.
1664 3360 1820 3416 Deor.
1855 3377 1939 3433 ιιι,
2107 3362 2212 3431 Ap-

555 3432 841 3506 pet’untur,
869 3448 995 3506 quae
1039 3432 1340 3489 secundum
1392 3440 1654 3487 naturam
1682 3440 1831 3503 sunt,
1863 3432 2215 3488 declinantur

557 3505 864 3561 contraria.
899 3505 1178 3560 Lmnnsa.

627 3577 706 3648 (4)
745 3578 850 3643 Vel,
881 3591 1006 3646 qua
1060 3593 1170 3648 non
1226 3577 1372 3644 sunt,
1404 3572 1598 3648 yideri.
1634 3574 1747 3648 [ioc
1779 3577 1886 3638 est,
1917 3577 1978 3648 ut
2019 3575 2099 3630 vel
2129 3589 2211 3644 ea,

557 3645 823 3728 quee'non
860 3645 1027 3728 sunt,
1060 3647 1371 3728 videanturZ
1406 3645 1594 3728 Etiam
1641 3645 1827 3728 Nepos
1859 3646 2212 3728 verbnauquae

554 3717 616 3774 ut
646 3720 809 3791 sequi
843 3719 1152 3785 debebant,
1213 3717 1503 3791 construit
1563 3723 1847 3791 sequente
1905 3717 2210 3791 inﬁnitive.

557 3788 746 3862 Loca_
793 3791 1020 3862 profert,
1057 3796 1150 3846 Jo.
1239 3789 1402 3862 Joach
1460 3790 1700 3859 Vngnad
1755 3788 1890 3862 Mitt.
1952 3805 2078 3860 cap.
2154 3789 2210 3854 7,

555 3861 600 3917 Ι.
634 3859 977 3918 Heumanno
1008 3861 1089 3917 ita
1147 3861 1458 3933 scripsisse
1496 3864 1727 3933 _Noster
1755 3859 1983 3914 videtur
2007 3859 2039 3916 τί
2067 3875 2211 3933 ριέκέ

552 3935 750 4003 stigias
789 3933 980 4004 edunt,
1012 3938 1072 3990 ut
1094 3931 1395 3989 videantur
1425 3931 1528 3998 vel,
1561 3947 1818 4057 quanon
1843 3940 1988 4000 sunt,
2039 3931 2216 3987 videri

1715 4019 1948 4057 lNDNER.

1715 4019 1948 4058 lNDNER.

627 4087 704 4156 (5)
733 4087 808 4141 Et
838 4087 1052 4157 eloquio
1109 4093 1162 4157 et
1195 4085 1432 4154 negotio.
1504 4087 1635 4157 llaec
1664 4082 2022 4157 verbadelet
2066 4082 2215 4138 Heu-

557 4155 834 4212 mannus.
884 4155 1030 4212 Puto
1087 4156 1364 4212 Nostrum
1417 4155 2063 4225 respexissegadlucaa
2093 4172 2209 4222 xxv,

681 4227 787 4302 Ὃς*
826 4226 1031 4302 ἐγένετο
1064 4227 1201 4300 ανὴρ
1251 4221 1562 4300 προφήτηξ,
1597 4221 1820 4286 δυνατὸς
1865 4223 1916 4277 ἐν
1947 4221 2092 4299 ἔργῳ
2123 4221 2211 4279 καὶ

557 4295 730 4373 λόγῳ.
748 4295 1046 4373 ΑΙΑιῙίΒΝΕΒ.

627 4367 704 4439 (ϐ’)
733 4371 1021 4428 Sosthenes
1079 4386 1192 4425 ms.
1244 4383 1364 4439 reg.
1405 4367 1536 4436 ;sic
1583 4369 1761 4439 etiam
1822 4371 2056 4439 veteres
2100 4367 2210 4437 Cy-

557 4438 748 4513 priani
776 4443 1098 4509 editiones;
1133 4438 1386 4513 Sostanes
1435 4440 1572 4513 cod.
1594 4438 1788 4513 Bagluz.
1820 4443 1876 4495 et
1906 4438 2211 4513 Gr_atiano-

556 4510 755 4582 polit.;
791 4516 1074 4570 Hostanes
1111 4511 1324 4568 Pamel.
1360 4516 1418 4566 et
1473 4511 1600 4566 cod.
1637 4511 1854 4566 Turon.
1885 4528 1898 4578 ;
1961 4510 2205 4579 Ostanes,

557 4566 1490 4657 [Plit—1:Apuli-insignisMagus,
1549 4583 1822 4653 Magorum
1868 4566 2209 4657 prwcz'puus,
2242 4566 2286 4629 D

557 4656 750 4727 inquit
778 4654 1135 4728 Augustinus
1188 4655 1292 4710 lib.
1327 4654 1379 4709 vi
1435 4654 1500 4710 de
1529 4657 1821 4725 Baptismo
1874 4658 2076 4709 contra
2106 4656 2208 4709 Do-

558 4726 827 4794 natistas,
871 4726 1014 4798 'cap.
1069 4726 1198 4797 ult.,
1228 4729 1463 4797 formam
1492 4728 1608 4782 veri
1646 4729 1748 4782 Dei
1775 4735 1940 4792 negat
1967 4728 2212 4798 conspici

553 4813 710 4865 posse
730 4804 781 4855 et
808 4799 1030 4870 angelos
1059 4814 1217 4870 veros
1235 4800 1358 4870 sedi
1386 4799 1504 4870 eius
1538 4799 1682 4853 dicit
1705 4801 2000 4860 assistere;
2035 4814 2208 4869 quem

555 4870 781 4941 primus
838 4868 1108 4926 meminit
1166 4869 1385 4924 Plinius
1438 4868 1544 4925 lib.
1594 4886 1722 4941 xxx,
1785 4868 2207 4941 0.1,7eumque

553 4940 736 5015 tradit
784 4943 951 4999 Xerxi
1009 4942 1131 5015 regi
1189 4941 1495 5015 Persarum
1553 4940 1772 5015 bellum
1817 4940 1875 4994 in
1921 4940 2203 5015 Graeciam

552 5013 824 5070 inferenti
857 5012 1194 5083 adhaesisse,
1226 5012 1572 5082 seminaque
1603 5012 1837 5083 magicae
1869 5012 2012 5066 artis
2037 5029 2201 5083 spar-

552 5084 724 5158 sisse,
755 5087 1072 5158 orbemque
1126 5086 1490 5158 universum,
1531 5099 1768 5158 quaqua
1799 5087 2064 5158 versatus
2095 5086 2203 5158 est,

553 5157 848 5215 infecisse.
910 5152 1159 5214 Cl‘Icum
1225 5155 1406 5211 Plinio
1463 5158 1521 5209 et
1549 5152 1814 5220 ‘Augusl.
1848 5152 1960 5220 loc,
1991 5152 2206 5209 citatis.

553 5230 727 5300 Apul.
788 5231 939 5301 Apol.
975 5246 1033 5300 ι».
1087 5228 1191 5282 449
1216 5231 1282 5301 et
1331 5226 1440 5301 554
1497 5224 1588 5301 end.
1621 5224 1690 5301 ad
1746 5241 1929 5301 usum,
1965 5225 2205 5301 Tertull.

551 5295 623 5355 de
647 5295 865 5369 Anima,
900 5295 1025 5370 cap.
1052 5301 1122 5354 57
1149 5315 1163 5364 ;
1213 5297 1444 5370 Tatian.
1465 5366 1486 5370 _
1505 5296 1659 5350 Orat.
1695 5298 1766 5370 ad
1789 5295 2038 5370 Cruces,
2071 5297 2208 5352 Sui-

550 5372 657 5426 das
683 5390 734 5428 v.
794 5339 1208 5438 Asraorivosiui;
1245 5369 1407 5422 Dion.
1464 5366 1680 5438 Laert.;
1739 5358 1968 5424 Selden.
2012 5339 2112 5424 iib.
2143 5370 2200 5436 5,

549 5459 678 5513 cap.
709 5443 795 5507 11,
819 5445 1053 5498 Ρνοιῑιη.
1087 5457 1212 5512 cap,
1245 5439 1470 5513 2;_Adr.
1511 5437 1648 5494 Jun.
1683 5438 1764 5496 Cl.
1799 5446 1918 5496 not.
1949 5441 2008 5495 in
2038 5442 2197 5497 'i‘ert.

549 5511 693 5594 teint
730 5529 789 5594 ii,
821 5513 933 5594 col.
962 5515 1251 5594 748,~sqq.
1290 5511 1425 5594 Enn.

619 5584 696 5653 (7)
740 5584 849 5640 Sed
904 5589 1039 5641 veri.
1099 5583 1332 5640 Scilicet
1387 5598 1524 5645 esse.
1582 5583 1802 5654 ejusque
1861 5583 2208 5639 venerationi

543 5657 697 5711 novit
754 5656 1028 5716 assistere.
1099 5656 1385 5715 Hostanes
1435 5670 1570 5716 ergo
1628 5655 1806 5712 tradit
1857 5672 1972 5710 non
2030 5656 2205 5712 modo

539 5725 939 5792 exsistantiam
963 5725 1440 5808 angelorum,sed
1462 5723 1654 5785 ofﬁcia
1673 5727 2010 5789 etiam.Jam
2035 5725 2202 5786 facile

2308 2645 2416 2700 erit
2443 2659 2760 2714 agnoscere
2789 2644 2943 2700 viros
2999 2645 3279 2713 eruditos,
3346 2645 3654 2714 Ursinum,
3679 2643 3936 2700 Davisium

2310 2721 2367 2772 et
2396 2720 2829 2790 Heumannum,
2890 2721 3016 2790 sine
3072 2734 3250 2773 causa
3303 2718 3588 2790 copulam
3636 2734 3748 2790 qua
3768 2716 3939 2787 ejicere

2312 2793 2368 2844 et
2398 2788 2650 2843 scribere
2679 2797 2730 2844 et
2758 2789 3028 2861 angelos..
3053 2791 3167 2861 ejus
3195 2788 3556 2846 venerationi
3583 2788 3653 2844 n.‘
3675 2806 3725 2844 a.

3411 2862 3697 2916 LINDNER.

2385 2931 2460 3002 (8)
2515 2932 2709 2984 Etiam
2765 2931 3063 2987 daemonas.
3142 2933 3248 2986 Aut
3317 2933 3618 2990 daemonas
3674 2929 3948 2987 rescribere

2316 3004 2492 3076 gestit
2519 3002 2823 3058 Davisius:
2859 3019 2986 3074 quae
3018 3004 3301 3059 correctio
3339 3005 3662 3060 manifesto
3695 3002 3841 3057 falsa.

3511 3080 3711 3131 HEUM.

2393 3154 2582 3225 (9)1312:
2636 3170 2742 3225 qua
2801 3157 2981 3209 monet
3034 3156 3202 3209 etiam
3232 3172 3338 3211 nos
3388 3156 3955 3227 procupidinemanio-

2323 3223 2420 3280 ris.
2452 3223 2534 3279 Ita
2567 3223 2676 3279 ms.
2700 3227 2869 3296 cujus
2897 3227 3147 3298 vestigia
3179 3223 3429 3282 secutus
3463 3223 3755 3299 Rigaltius
3781 3223 3954 3299 edidit:

2323 3313 2392 3370 ea:
2421 3313 2535 3366 qua
2564 3301 2741 3352 movet
2774 3299 2938 3351 etiam
2970 3299 3029 3351 in
3059 3296 3178 3352 'nos
3206 3315 3264 3370 ιι.
3297 3317 3352 3354 a.
3394 3296 3680 3355 Gelenius
3711 3305 3767 3354 et
3793 3296 3959 3370 Hera?-

2323 3369 2746 3442 duszgexgrqua
2809 3384 3035 3423 manare
3088 3367 3253 3425 etiam
3321 3373 3385 3425 in
3437 3387 3540 3426 nos
3583 3367 3960 3442 procupidinem

2322 3438 2724 3514 amorishdic’it,
2757 3449 2810 3494 et
2865 3442 3165 3510 informari
3211 3449 3263 3496 et
3298 3443 3423 3497 labi
3451 3438 3766 3514 pectoribus
3807 3438 3961 3514 huma-

2321 3513 2432 3586 nis.
2471 3510 2599 3579 Alii,
2658 3518 2842 3586 manet
2898 3508 3152 3586 etiamin
3200 3529 3304 3568 nos
3333 3508 3516 3586 porro
3544 3513 3742 3584 cupido
3771 3508 3965 3586 amoris:

2324 3583 2518 3636 Minus
2545 3583 2867 3636 commode.
2903 3584 3165 3638 Davisius
3195 3583 3379 3641 vero:
3417 3595 3610 3641 monet
3640 3587 3798 3640 etiam
3835 3583 3963 3634 nam

2321 3655 2938 3729 prurz’gincmamoris;
2991 3672 3138 3710 nova
3167 3656 3357 3725 enim,
3395 3657 3623 3729 inquit,
3662 3650 3968 3729 etiinaudita

2321 3725 2780 3801 vox_proc_upido.
2817 3725 2995 3796 quue
3025 3743 3166 3782 sane
3223 3730 3431 3801 magis
3466 3725 3683 3799 placet.
3715 3728 3964 3801 Gahmsn.

2322 3829 2389 3836 —
2417 3796 2704 3872 Davisius,
2737 3813 2808 3851 ea:
2836 3813 2945 3868 qua
2978 3807 3150 3853 movet
3204 3796 3389 3855 etiam
3420 3796 3525 3856 nos
3567 3817 3664 3872 per
3692 3796 3966 3868 cupidinem

2321 3870 2546 3946 amoris.
2581 3868 2698 3922 Heu
2711 3885 3067 3946 manuus,ea:‘
3085 3887 3193 3943 qua
3214 3877 3459 3946 manent
3490 3868 3754 3946 etiamin
3781 3883 3868 3946 nos
3889 3879 3972 3946 per

2321 3941 2634 4013 cupidinem
2657 3957 2890 3995 amores.
2913 3942 3021 3995 Sed
3055 3941 3172 3996 haec
3201 3943 3299 3998 vix
3337 3945 3476 3999 sine
3511 3942 3841 4013 tautologia
3860 3941 3970 3990 vitio

2323 4010 2642 4087 consistere
2675 4015 2912 4087 queunt.
2957 4013 3102 4087 Quid
3159 4015 3324 4070 enim
3358 4021 3456 4071 est
3516 4010 3772 4087 aﬂ'ectus'
3803 4010 3970 4081 ﬁngere

2322 4086 2372 4138 et
2402 4082 2651 4137 ardorem
2692 4082 3028 4168 ipupiditalis
3085 4087 3402 4168 infundere
3435 4082 3606 4168 aliud
3656 4100 3826 4168 quam
3853 4093 3974 4168 αηεο-

2319 4170 2436 4209 rem
2467 4159 2724 4209 monere?
2774 4151 3044 4225 Adeoque
3103 4151 3480 4214 rétinuimus
3545 4151 3849 4213 lectionem
3895 4151 3976 4204 Ηε·

2320 4226 2488 4303 raldi,
2522 4225 2630 4280 hoc
2663 4231 2892 4303 tantum
2927 4228 3250 4303 observato,
3289 4236 3362 4285 ut
3396 4230 3521 4303 legi
3557 4229 3810 4303 velimus
3836 4226 3887 4303 in
3912 4234 3978 4303 eo}

2320 4296 2428 4373 hoc
2460 4292 2634 4373 sensu
2662 4315 2674 4352 :
2732 4297 2895 4373 Plato
2951 4299 3073 4354 vult
3104 4315 3176 4373 ea:
3205 4292 3271 4373 ea
3338 4292 3578 4358 terrveni
3617 4297 3879 4373 ponderis
3905 4292 3980 4347 ari-

2321 4368 2595 4444 mistione
2620 4385 2848 4444 manare
2868 4371 3051 4444 in__eos
3075 4372 3332 4444 spiritus
3367 4373 3497 4429 sive
3531 4368 3850 4444 daemones,
3875 4380 3976 4443 ρω-

2318 4439 2656 4508 cupidinem,
2682 4439 2739 4494 h.
2765 4458 2814 4514 e.
2843 4439 3126 4514 πρ-όληψωῖ
3151 4446 3493 4514 quamdam
3530 4447 3768 4500 amaris,
3803 4439 3981 4514 Loqui-

2319 4515 2415 4565 tur
2439 4527 2507 4586 εις
2566 4513 2854 4586 sententia
2887 4508 3185 4581 Patrum,-
3212 4517 3322 4586 qui
3390 4517 3750 4572 statuebant
3781 4508 3980 4581 angelos

2321 4583 2627 4660 quosdam,
2662 4583 2976 4660 mulierum
3009 4602 3204 4660 amore
3232 4583 3489 4660 captos,
3525 4605 3669 4645 cum
3702 4586 3980 4660 iiscoccu-

2317 4654 2535 4709 buisse.
2574 4655 2653 4732 Ne
2677 4657 2809 4732 quis
2853 4673 2988 4729 ergo
3021 4657 3268 4732 miretur
3304 4654 3594 4732 angelos,
3632 4665 3754 4714 tam
3787 4657 3982 4730 imputo

2321 4741 2517 4781 amore
2549 4726 2976 4797 coinquinatos,
3028 4729 3136 4784 hoc
3192 4729 3340 4787 inde
3374 4726 3518 4788 esse
3561 4732 3841 4794 afﬁrmat,
3870 4726 3983 4797 quia

2319 4798 2612 4876 daemones
2643 4793 2755 4876 non
2813 4804 3006 4876 essent
3060 4801 3314 4872 spiritus
3377 4803 3704 4876 completi,
3747 4793 3982 4876 sedset):

2319 4870 2536 4948 stantia
2565 4870 2834 4948 quaedam
2858 4867 3250 4948 intercarpus
3272 4879 3351 4948 et
3370 4867 3701 4948 spiritum'
3721 4869 3916 4948 media.
3941 4867 3986 4916 εἴ

2319 4958 2386 4996 ex
2417 4959 2484 4995 ea
2522 4942 2734 5013 terreni
2792 4943 3061 5013 ponderis
3122 4941 3510 5003 admistione
3544 4961 3794 5003 manare
3819 4941 3874 5013 in
3900 4949 3985 5013 eos

2320 5011 2762 5092 procupidinem
2794 5011 3032 5092 amoris,
3065 5032 3188 5084 quae
3239 5033 3389 5092 esse
3423 5038 3553 5075 non
3591 5022 3812 5092 posset,
3835 5011 3879 5068 si
3905 5011 3990 5063 toll

2320 5083 2519 5158 essent
2546 5083 3039 5158 cmlestilevitate
3060 5083 3351 5145 concreti.
3394 5083 3698 5146 LINDN'i-za.
3883 5153 3894 5158 _
3933 5149 3976 5158 η

2319 5155 2737 5280 ιῐὲίὲὲειέἰιαὺί.
2765 5156 2850 5211 Ita
2869 5157 3309 5230 rescripserunt
3354 5163 3562 5219 critici
3600 5178 3710 5236 pro
3742 5173 3849 5215 ms.
3879 5149 3991 5211 labi,

2366 5243 2599 5281 INDNER.

2389 5298 2500 5368 (11)
2561 5302 2865 5377 Daemones.
2926 5300 3106 5377 Ejicio
3172 5303 3522 5377 glossema.
3588 5306 3744 5361 Nam
3799 5297 3859 5377 τξ)
3909 5293 3996 5377 dat:

2317 5361 2504 5424 mones
2554 5368 2833 5449 alectore
2868 5361 3138 5449 quintam
3172 5361 3757 5449 uinterpretamenti
3799 5373 3912 5427 vice
3939 5361 3997 5420 ad

2319 5458 2479 5518 oram
2509 5447 2794 5518 notatum,
2829 5443 2901 5497 ab
2949 5444 3078 5518 aliis
3128 5452 3347 5518 postea
3375 5443 3480 5505 'in
3536 5456 3774 5505 textum
3831 5451 4000 5518 receP‘

2317 5517 2443 5568 tum
2475 5517 2581 5568 est.
2617 5513 2834 5570 Menas.
2869 5513 3147 5593 -—-A_Hanc_
3184 5536 3405 5593 vocem
3460 5528 3766 5593 tanquam
3797 5513 3998 5593 glosse-

2318 5601 2434 5664 ma,
2497 5601 2798 5664 perperam
2877 5588 3147 5664 rejiciunt
3213 5591 3398 5664 Fulv.
3466 5581 3745 5664 Ursinus
3798 5581 3998 5664 ίβιρῖο·

2315 5655 2631 5727 Meursius,
2680 5672 2896 5729 eosque
2933 5655 3141 5717 "duces
3200 5661 3474 5722 secutus
3527 5665 3672 5722 Chr.
3721 5655 3999 5720 Ccllarius:

2315 5729 2415 5804 qui
2433 5744 2561 5787 eam
2592 5744 2835 5804 prorsus
2883 5729 3233 5791 eliminsvit.
3272 5735 3559 5797 Omnino
3591 5742 3799 5797 tamen
3828 5731 4004 5791 θειω-
