  <div class='ocr_page' id='page_1' title='image "/cluster/home/n/w/nwhite01/storage/ocr_20150623/3/hvd.32044073549586/223.png"; bbox 0 0 4102 6162; ppageno 0'>
   <div class='ocr_carea' id='block_1_1' title="bbox 487 258 606 322">
    <p class='ocr_par' dir='ltr' id='par_1_1' title="bbox 487 258 606 322">
     <span class='ocr_line' id='line_1_1' title="bbox 487 258 606 322; baseline -0.008 -1"><span class='ocrx_word' id='word_1_1' title='bbox 487 258 606 322; x_wconf 78' lang='lat'><strong>389</strong></span> 
     </span>
    </p>
   </div>
   <div class='ocr_carea' id='block_1_2' title="bbox 1789 257 2598 322">
    <p class='ocr_par' dir='ltr' id='par_1_2' title="bbox 1789 257 2598 322">
     <span class='ocr_line' id='line_1_2' title="bbox 1789 257 2598 322; baseline -0.004 -2"><span class='ocrx_word' id='word_1_2' title='bbox 1789 259 1874 320; x_wconf 91' lang='lat' dir='ltr'><strong>M.</strong></span> <span class='ocrx_word' id='word_1_3' title='bbox 1922 258 2228 322; x_wconf 85' lang='lat' dir='ltr'><strong>MlNUCIl</strong></span> <span class='ocrx_word' id='word_1_4' title='bbox 2275 257 2598 322; x_wconf 87' lang='lat' dir='ltr'><strong>FELICIS.</strong></span> 
     </span>
    </p>
   </div>
   <div class='ocr_carea' id='block_1_3' title="bbox 3751 269 3848 334">
    <p class='ocr_par' dir='ltr' id='par_1_3' title="bbox 3751 269 3848 334">
     <span class='ocr_line' id='line_1_3' title="bbox 3751 269 3848 334; baseline 0.052 -5"><span class='ocrx_word' id='word_1_5' title='bbox 3751 269 3848 334; x_wconf 72' lang='grc'><strong>340</strong></span> 
     </span>
    </p>
   </div>
   <div class='ocr_carea' id='block_1_4' title="bbox 482 351 3848 463">
    <p class='ocr_par' dir='ltr' id='par_1_4' title="bbox 482 351 3848 463">
     <span class='ocr_line' id='line_1_4' title="bbox 482 351 3848 463; baseline 0.003 -15"><span class='ocrx_word' id='word_1_6' title='bbox 482 351 691 448; x_wconf 91' lang='lat' dir='ltr'><strong>videtis</strong></span> <span class='ocrx_word' id='word_1_7' title='bbox 722 403 1065 459; x_wconf 78' lang='lat' dir='ltr'><strong>excurrere;</strong></span> <span class='ocrx_word' id='word_1_8' title='bbox 1095 392 1256 445; x_wconf 89' lang='lat' dir='ltr'><strong>vates</strong></span> <span class='ocrx_word' id='word_1_9' title='bbox 1285 392 1344 446; x_wconf 91' lang='lat' dir='ltr'><strong>et</strong></span> <span class='ocrx_word' id='word_1_10' title='bbox 1391 388 1502 463; x_wconf 84' lang='lat' dir='ltr'><strong>ipsi</strong></span> <span class='ocrx_word' id='word_1_11' title='bbox 1552 390 1770 462; x_wconf 80' lang='lat' dir='ltr'><strong>absque</strong></span> <span class='ocrx_word' id='word_1_12' title='bbox 1800 390 2018 463; x_wconf 89' lang='lat' dir='ltr'><strong>templo</strong></span> <span class='ocrx_word' id='word_1_13' title='bbox 2049 389 2133 447; x_wconf 86' lang='lat' dir='ltr'><strong>sic</strong></span> <span class='ocrx_word' id='word_1_14' title='bbox 2163 396 2212 460; x_wconf 82' lang='grc' dir='ltr'>Α</span> <span class='ocrx_word' id='word_1_15' title='bbox 2249 394 2351 446; x_wconf 90' lang='lat' dir='ltr'><strong>aut</strong></span> <span class='ocrx_word' id='word_1_16' title='bbox 2407 390 2598 463; x_wconf 83' lang='lat' dir='ltr'><strong>gratia</strong></span> <span class='ocrx_word' id='word_1_17' title='bbox 2653 387 2916 445; x_wconf 78' lang='lat' dir='ltr'><strong>curantis</strong></span> <span class='ocrx_word' id='word_1_18' title='bbox 2973 385 3214 458; x_wconf 77' lang='lat' dir='ltr'><strong>sepirat.</strong></span> <span class='ocrx_word' id='word_1_19' title='bbox 3266 385 3368 443; x_wconf 89' lang='lat' dir='ltr'><strong>Sic</strong></span> <span class='ocrx_word' id='word_1_20' title='bbox 3417 387 3748 454; x_wconf 87' lang='lat' dir='ltr'><strong>Christianos</strong></span> <span class='ocrx_word' id='word_1_21' title='bbox 3793 402 3848 460; x_wconf 87' lang='lat' dir='ltr'><strong>de</strong></span> 
     </span>
    </p>
   </div>
   <div class='ocr_carea' id='block_1_5' title="bbox 482 480 2136 548">
    <p class='ocr_par' dir='ltr' id='par_1_5' title="bbox 482 480 2136 548">
     <span class='ocr_line' id='line_1_5' title="bbox 482 480 2136 548; baseline -0.001 -9"><span class='ocrx_word' id='word_1_22' title='bbox 482 481 808 548; x_wconf 84' lang='lat' dir='ltr'><strong>insaniunt,</strong></span> <span class='ocrx_word' id='word_1_23' title='bbox 831 481 915 537; x_wconf 90' lang='lat' dir='ltr'><strong>sic</strong></span> <span class='ocrx_word' id='word_1_24' title='bbox 945 480 1327 548; x_wconf 83' lang='lat' dir='ltr'><strong>bacchantur,</strong></span> <span class='ocrx_word' id='word_1_25' title='bbox 1363 481 1447 538; x_wconf 92' lang='lat' dir='ltr'>sic</span> <span class='ocrx_word' id='word_1_26' title='bbox 1496 486 1784 539; x_wconf 81' lang='lat' dir='ltr'><strong>rotantur.</strong></span> <span class='ocrx_word' id='word_1_27' title='bbox 1837 483 1946 538; x_wconf 90' lang='lat' dir='ltr'><strong>Par</strong></span> <span class='ocrx_word' id='word_1_28' title='bbox 1987 487 2045 538; x_wconf 91' lang='lat' dir='ltr'><strong>et</strong></span> <span class='ocrx_word' id='word_1_29' title='bbox 2077 483 2136 538; x_wconf 91' lang='lat' dir='ltr'><strong>in</strong></span> 
     </span>
    </p>
   </div>
   <div class='ocr_carea' id='block_1_6' title="bbox 483 569 2139 643">
    <p class='ocr_par' dir='ltr' id='par_1_6' title="bbox 483 569 2139 643">
     <span class='ocr_line' id='line_1_6' title="bbox 483 569 2139 643; baseline 0 -16"><span class='ocrx_word' id='word_1_30' title='bbox 483 570 602 628; x_wconf 88' lang='lat' dir='ltr'><strong>illis</strong></span> <span class='ocrx_word' id='word_1_31' title='bbox 631 569 934 643; x_wconf 69' lang='lat' dir='ltr'><strong>instigatio</strong></span> <span class='ocrx_word' id='word_1_32' title='bbox 983 569 1288 641; x_wconf 59' lang='lat' dir='ltr'><strong>damonis,</strong></span> <span class='ocrx_word' id='word_1_33' title='bbox 1321 570 1422 626; x_wconf 87' lang='lat' dir='ltr'><strong>sed</strong></span> <span class='ocrx_word' id='word_1_34' title='bbox 1477 575 1894 643; x_wconf 81' lang='lat' dir='ltr'><strong>argumentum</strong></span> <span class='ocrx_word' id='word_1_35' title='bbox 1937 572 2139 643; x_wconf 86' lang='lat' dir='ltr'>dispar</span> 
     </span>
    </p>
   </div>
   <div class='ocr_carea' id='block_1_7' title="bbox 485 668 2135 743">
    <p class='ocr_par' dir='ltr' id='par_1_7' title="bbox 485 668 2135 743">
     <span class='ocr_line' id='line_1_7' title="bbox 485 668 2135 743; baseline 0 -16"><span class='ocrx_word' id='word_1_36' title='bbox 485 670 720 727; x_wconf 82' lang='lat' dir='ltr'><strong>furoris.</strong></span> <span class='ocrx_word' id='word_1_37' title='bbox 753 669 835 726; x_wconf 90' lang='lat' dir='ltr'><strong>De</strong></span> <span class='ocrx_word' id='word_1_38' title='bbox 872 669 1021 741; x_wconf 90' lang='lat' dir='ltr'>ipsis</span> <span class='ocrx_word' id='word_1_39' title='bbox 1069 670 1246 725; x_wconf 87' lang='lat' dir='ltr'><strong>etiam</strong></span> <span class='ocrx_word' id='word_1_40' title='bbox 1291 668 1390 725; x_wconf 90' lang='lat' dir='ltr'><strong>illa</strong></span> <span class='ocrx_word' id='word_1_41' title='bbox 1448 687 1574 743; x_wconf 83' lang='lat' dir='ltr'><strong>quas</strong></span> <span class='ocrx_word' id='word_1_42' title='bbox 1631 671 1805 742; x_wconf 88' lang='lat' dir='ltr'><strong>paulo</strong></span> <span class='ocrx_word' id='word_1_43' title='bbox 1865 676 1998 728; x_wconf 86' lang='lat' dir='ltr'><strong>ante</strong></span> <span class='ocrx_word' id='word_1_44' title='bbox 2028 672 2135 727; x_wconf 89' lang='lat' dir='ltr'><strong>tibi</strong></span> 
     </span>
    </p>
   </div>
   <div class='ocr_carea' id='block_1_8' title="bbox 485 757 2134 832">
    <p class='ocr_par' dir='ltr' id='par_1_8' title="bbox 485 757 2134 832">
     <span class='ocr_line' id='line_1_8' title="bbox 485 757 2134 832; baseline -0.001 -15"><span class='ocrx_word' id='word_1_45' title='bbox 485 759 643 817; x_wconf 90' lang='lat' dir='ltr'><strong>dicta</strong></span> <span class='ocrx_word' id='word_1_46' title='bbox 673 763 832 828; x_wconf 88' lang='lat' dir='ltr'><strong>sunt,</strong></span> <span class='ocrx_word' id='word_1_47' title='bbox 865 763 930 814; x_wconf 92' lang='lat' dir='ltr'><strong>ut</strong></span> <span class='ocrx_word' id='word_1_48' title='bbox 955 757 1186 829; x_wconf 82' lang='lat' dir='ltr'><strong>Jupiter</strong></span> <span class='ocrx_word' id='word_1_49' title='bbox 1221 759 1393 815; x_wconf 91' lang='lat' dir='ltr'><strong>ludos</strong></span> <span class='ocrx_word' id='word_1_50' title='bbox 1446 764 1729 832; x_wconf 80' lang='lat' dir='ltr'><strong>repeteret</strong></span> <span class='ocrx_word' id='word_1_51' title='bbox 1784 777 1852 816; x_wconf 84' lang='lat' dir='ltr'><strong>ex</strong></span> <span class='ocrx_word' id='word_1_52' title='bbox 1881 761 2134 825; x_wconf 90' lang='lat' dir='ltr'><strong>somnio,</strong></span> 
     </span>
    </p>
   </div>
   <div class='ocr_carea' id='block_1_9' title="bbox 485 847 2136 922">
    <p class='ocr_par' dir='ltr' id='par_1_9' title="bbox 485 847 2136 922">
     <span class='ocr_line' id='line_1_9' title="bbox 485 847 2136 922; baseline -0.002 -15"><span class='ocrx_word' id='word_1_53' title='bbox 485 854 554 907; x_wconf 85' lang='lat' dir='ltr'><strong>ut</strong></span> <span class='ocrx_word' id='word_1_54' title='bbox 596 864 728 905; x_wconf 90' lang='lat' dir='ltr'><strong>cum</strong></span> <span class='ocrx_word' id='word_1_55' title='bbox 787 847 954 920; x_wconf 90' lang='lat' dir='ltr'><strong>equis</strong></span> <span class='ocrx_word' id='word_1_56' title='bbox 1003 851 1269 904; x_wconf 86' lang='lat' dir='ltr'><strong>Castores</strong></span> <span class='ocrx_word' id='word_1_57' title='bbox 1325 848 1680 917; x_wconf 70' lang='lat' dir='ltr'><strong>viderentur,</strong></span> <span class='ocrx_word' id='word_1_58' title='bbox 1715 853 1779 905; x_wconf 91' lang='lat' dir='ltr'><strong>ut</strong></span> <span class='ocrx_word' id='word_1_59' title='bbox 1834 849 2136 922; x_wconf 82' lang='lat' dir='ltr'><strong>cingulum</strong></span> 
     </span>
    </p>
   </div>
   <div class='ocr_carea' id='block_1_10' title="bbox 486 935 2142 1006">
    <p class='ocr_par' dir='ltr' id='par_1_10' title="bbox 486 935 2142 1006">
     <span class='ocr_line' id='line_1_10' title="bbox 486 935 2142 1006; baseline -0.001 -12"><span class='ocrx_word' id='word_1_60' title='bbox 486 943 764 994; x_wconf 61' lang='lat' dir='ltr'><strong>matrona</strong></span> <span class='ocrx_word' id='word_1_61' title='bbox 797 935 1062 992; x_wconf 84' lang='lat' dir='ltr'><strong>navicula</strong></span> <span class='ocrx_word' id='word_1_62' title='bbox 1116 941 1478 1006; x_wconf 87' lang='lat' dir='ltr'><strong>sequeretur.</strong></span> <span class='ocrx_word' id='word_1_63' title='bbox 1520 938 1650 993; x_wconf 68' lang='lat' dir='ltr'><strong>Haec</strong></span> <span class='ocrx_word' id='word_1_64' title='bbox 1707 938 1906 994; x_wconf 90' lang='lat' dir='ltr'><strong>omnia</strong></span> <span class='ocrx_word' id='word_1_65' title='bbox 1945 938 2142 994; x_wconf 89' lang='lat' dir='ltr'><strong>sciunt</strong></span> 
     </span>
    </p>
   </div>
   <div class='ocr_carea' id='block_1_11' title="bbox 484 1035 2138 1112">
    <p class='ocr_par' dir='ltr' id='par_1_11' title="bbox 484 1035 2138 1112">
     <span class='ocr_line' id='line_1_11' title="bbox 484 1035 2138 1112; baseline -0.001 -19"><span class='ocrx_word' id='word_1_66' title='bbox 484 1035 750 1112; x_wconf 89' lang='lat' dir='ltr'><strong>plerique</strong></span> <span class='ocrx_word' id='word_1_67' title='bbox 780 1052 917 1107; x_wconf 89' lang='lat' dir='ltr'><strong>pars</strong></span> <span class='ocrx_word' id='word_1_68' title='bbox 946 1038 1202 1090; x_wconf 91' lang='lat' dir='ltr'><strong>vestrum</strong></span> <span class='ocrx_word' id='word_1_69' title='bbox 1237 1035 1372 1107; x_wconf 99' lang='grc'>(21),</span> <span class='ocrx_word' id='word_1_70' title='bbox 1407 1035 1567 1108; x_wconf 82' lang='lat' dir='ltr'><strong>ipsos</strong></span> <span class='ocrx_word' id='word_1_71' title='bbox 1599 1036 1898 1093; x_wconf 65' lang='lat' dir='ltr'><strong>daemonas</strong></span> <span class='ocrx_word' id='word_1_72' title='bbox 1947 1037 2017 1092; x_wconf 92' lang='lat' dir='ltr'><strong>de</strong></span> <span class='ocrx_word' id='word_1_73' title='bbox 2050 1051 2138 1092; x_wconf 90' lang='lat' dir='ltr'><strong>se-</strong></span> 
     </span>
    </p>
   </div>
   <div class='ocr_carea' id='block_1_12' title="bbox 486 1123 2142 1197">
    <p class='ocr_par' dir='ltr' id='par_1_12' title="bbox 486 1123 2142 1197">
     <span class='ocr_line' id='line_1_12' title="bbox 486 1123 2142 1197; baseline -0.001 -15"><span class='ocrx_word' id='word_1_74' title='bbox 486 1125 755 1197; x_wconf 89' lang='lat' dir='ltr'><strong>metipsis</strong></span> <span class='ocrx_word' id='word_1_75' title='bbox 787 1123 1074 1192; x_wconf 83' lang='lat' dir='ltr'><strong>conﬁteri,</strong></span> <span class='ocrx_word' id='word_1_76' title='bbox 1124 1124 1354 1195; x_wconf 89' lang='lat' dir='ltr'><strong>quoties</strong></span> <span class='ocrx_word' id='word_1_77' title='bbox 1404 1142 1438 1180; x_wconf 90' lang='lat' dir='ltr'><strong>a</strong></span> <span class='ocrx_word' id='word_1_78' title='bbox 1490 1125 1658 1181; x_wconf 91' lang='lat' dir='ltr'><strong>nobis</strong></span> <span class='ocrx_word' id='word_1_79' title='bbox 1717 1130 1776 1181; x_wconf 91' lang='lat' dir='ltr'><strong>et</strong></span> <span class='ocrx_word' id='word_1_80' title='bbox 1830 1125 2142 1181; x_wconf 88' lang='lat' dir='ltr'><strong>tormentis</strong></span> 
     </span>
    </p>
   </div>
   <div class='ocr_carea' id='block_1_13' title="bbox 483 1211 2143 1286">
    <p class='ocr_par' dir='ltr' id='par_1_13' title="bbox 483 1211 2143 1286">
     <span class='ocr_line' id='line_1_13' title="bbox 483 1211 2143 1286; baseline -0.001 -15"><span class='ocrx_word' id='word_1_81' title='bbox 483 1215 793 1271; x_wconf 88' lang='lat' dir='ltr'><strong>verborum</strong></span> <span class='ocrx_word' id='word_1_82' title='bbox 825 1213 939 1286; x_wconf 88' lang='lat'>(22)</span> <span class='ocrx_word' id='word_1_83' title='bbox 969 1215 1027 1267; x_wconf 91' lang='lat' dir='ltr'><strong>et</strong></span> <span class='ocrx_word' id='word_1_84' title='bbox 1055 1211 1334 1269; x_wconf 89' lang='lat' dir='ltr'><strong>orationis</strong></span> <span class='ocrx_word' id='word_1_85' title='bbox 1386 1213 1672 1269; x_wconf 87' lang='lat' dir='ltr'><strong>incendiis</strong></span> <span class='ocrx_word' id='word_1_86' title='bbox 1703 1215 1771 1270; x_wconf 90' lang='lat' dir='ltr'><strong>de</strong></span> <span class='ocrx_word' id='word_1_87' title='bbox 1800 1214 2143 1286; x_wconf 89' lang='lat' dir='ltr'><strong>corporibus</strong></span> 
     </span>
    </p>
   </div>
   <div class='ocr_carea' id='block_1_14' title="bbox 485 1302 2143 1376">
    <p class='ocr_par' dir='ltr' id='par_1_14' title="bbox 485 1302 2143 1376">
     <span class='ocr_line' id='line_1_14' title="bbox 485 1302 2143 1376; baseline -0.001 -16"><span class='ocrx_word' id='word_1_88' title='bbox 485 1304 819 1376; x_wconf 86' lang='lat' dir='ltr'><strong>exiguntur.</strong></span> <span class='ocrx_word' id='word_1_89' title='bbox 854 1302 981 1374; x_wconf 89' lang='lat' dir='ltr'><strong>Ipse</strong></span> <span class='ocrx_word' id='word_1_90' title='bbox 1009 1305 1319 1369; x_wconf 84' lang='lat' dir='ltr'><strong>Saturnus,</strong></span> <span class='ocrx_word' id='word_1_91' title='bbox 1348 1306 1406 1358; x_wconf 91' lang='lat' dir='ltr'><strong>et</strong></span> <span class='ocrx_word' id='word_1_92' title='bbox 1454 1303 1608 1359; x_wconf 74' lang='lat'><strong>326</strong></span> <span class='ocrx_word' id='word_1_93' title='bbox 1655 1303 1909 1376; x_wconf 83' lang='lat' dir='ltr'><strong>Serapis,</strong></span> <span class='ocrx_word' id='word_1_94' title='bbox 1956 1309 2013 1360; x_wconf 93' lang='lat' dir='ltr'><strong>et</strong></span> <span class='ocrx_word' id='word_1_95' title='bbox 2039 1303 2143 1359; x_wconf 86' lang='lat' dir='ltr'><strong>Ju-</strong></span> 
     </span>
    </p>
   </div>
   <div class='ocr_carea' id='block_1_15' title="bbox 485 1389 2141 1466">
    <p class='ocr_par' dir='ltr' id='par_1_15' title="bbox 485 1389 2141 1466">
     <span class='ocr_line' id='line_1_15' title="bbox 485 1389 2141 1466; baseline 0.001 -18"><span class='ocrx_word' id='word_1_96' title='bbox 485 1393 660 1466; x_wconf 89' lang='lat' dir='ltr'><strong>piter,</strong></span> <span class='ocrx_word' id='word_1_97' title='bbox 693 1394 750 1448; x_wconf 91' lang='lat' dir='ltr'><strong>et</strong></span> <span class='ocrx_word' id='word_1_98' title='bbox 779 1389 1066 1464; x_wconf 88' lang='lat' dir='ltr'><strong>quidquid</strong></span> <span class='ocrx_word' id='word_1_99' title='bbox 1125 1390 1459 1447; x_wconf 74' lang='lat' dir='ltr'><strong>daamonum</strong></span> <span class='ocrx_word' id='word_1_100' title='bbox 1499 1391 1715 1462; x_wconf 85' lang='lat' dir='ltr'><strong>colitis,</strong></span> <span class='ocrx_word' id='word_1_101' title='bbox 1747 1394 1886 1448; x_wconf 81' lang='lat' dir='ltr'><strong>victi</strong></span> <span class='ocrx_word' id='word_1_102' title='bbox 1922 1393 2141 1463; x_wconf 89' lang='lat' dir='ltr'><strong>dolore,</strong></span> 
     </span>
    </p>
   </div>
   <div class='ocr_carea' id='block_1_16' title="bbox 492 1487 2144 1563">
    <p class='ocr_par' dir='ltr' id='par_1_16' title="bbox 492 1487 2144 1563">
     <span class='ocr_line' id='line_1_16' title="bbox 492 1487 2144 1563; baseline 0 -17"><span class='ocrx_word' id='word_1_103' title='bbox 492 1490 649 1563; x_wconf 91' lang='lat' dir='ltr'><strong>quod</strong></span> <span class='ocrx_word' id='word_1_104' title='bbox 683 1493 825 1545; x_wconf 90' lang='lat' dir='ltr'><strong>sunt</strong></span> <span class='ocrx_word' id='word_1_105' title='bbox 855 1487 1211 1559; x_wconf 89' lang='lat' dir='ltr'><strong>eloquuntur</strong></span> <span class='ocrx_word' id='word_1_106' title='bbox 1233 1503 1370 1544; x_wconf 89' lang='lat' dir='ltr'><strong>:nec</strong></span> <span class='ocrx_word' id='word_1_107' title='bbox 1393 1488 1598 1562; x_wconf 86' lang='lat' dir='ltr'><strong>utique</strong></span> <span class='ocrx_word' id='word_1_108' title='bbox 1630 1489 1689 1544; x_wconf 90' lang='lat' dir='ltr'><strong>in</strong></span> <span class='ocrx_word' id='word_1_109' title='bbox 1715 1490 2144 1561; x_wconf 89' lang='lat' dir='ltr'><strong>turpitudinem</strong></span> 
     </span>
    </p>
   </div>
   <div class='ocr_carea' id='block_1_17' title="bbox 489 1573 2144 1647">
    <p class='ocr_par' dir='ltr' id='par_1_17' title="bbox 489 1573 2144 1647">
     <span class='ocr_line' id='line_1_17' title="bbox 489 1573 2144 1647; baseline 0.004 -14"><span class='ocrx_word' id='word_1_110' title='bbox 489 1577 604 1645; x_wconf 86' lang='lat' dir='ltr'><strong>sui,</strong></span> <span class='ocrx_word' id='word_1_111' title='bbox 655 1573 957 1631; x_wconf 86' lang='lat' dir='ltr'><strong>nonnullis</strong></span> <span class='ocrx_word' id='word_1_112' title='bbox 1014 1574 1339 1647; x_wconf 57' lang='lat' dir='ltr'><strong>praesertim</strong></span> <span class='ocrx_word' id='word_1_113' title='bbox 1391 1579 1652 1632; x_wconf 89' lang='lat' dir='ltr'><strong>vestrum</strong></span> <span class='ocrx_word' id='word_1_114' title='bbox 1705 1578 2144 1639; x_wconf 71' lang='lat' dir='ltr'><strong>assistentibus.</strong></span> 
     </span>
    </p>
   </div>
   <div class='ocr_carea' id='block_1_18' title="bbox 493 1662 2143 1738">
    <p class='ocr_par' dir='ltr' id='par_1_18' title="bbox 493 1662 2143 1738">
     <span class='ocr_line' id='line_1_18' title="bbox 493 1662 2143 1738; baseline 0.001 -16"><span class='ocrx_word' id='word_1_115' title='bbox 493 1664 876 1722; x_wconf 88' lang='lat' dir='ltr'><strong>mentiuntur.</strong></span> <span class='ocrx_word' id='word_1_116' title='bbox 902 1662 1051 1736; x_wconf 88' lang='lat' dir='ltr'>Ipsis</span> <span class='ocrx_word' id='word_1_117' title='bbox 1082 1663 1339 1719; x_wconf 89' lang='lat' dir='ltr'><strong>testibus</strong></span> <span class='ocrx_word' id='word_1_118' title='bbox 1370 1664 1504 1738; x_wconf 90' lang='lat'>(23),</span> <span class='ocrx_word' id='word_1_119' title='bbox 1537 1682 1665 1723; x_wconf 90' lang='lat' dir='ltr'><strong>esse</strong></span> <span class='ocrx_word' id='word_1_120' title='bbox 1695 1681 1793 1722; x_wconf 88' lang='lat' dir='ltr'><strong>eos</strong></span> <span class='ocrx_word' id='word_1_121' title='bbox 1824 1668 2143 1738; x_wconf 73' lang='lat' dir='ltr'><strong>daemonas,</strong></span> 
     </span>
    </p>
   </div>
   <div class='ocr_carea' id='block_1_19' title="bbox 2248 476 3848 554">
    <p class='ocr_par' dir='ltr' id='par_1_19' title="bbox 2248 476 3848 554">
     <span class='ocr_line' id='line_1_19' title="bbox 2248 476 3848 554; baseline 0.007 -20"><span class='ocrx_word' id='word_1_122' title='bbox 2248 480 2509 553; x_wconf 88' lang='lat' dir='ltr'><strong>proximo</strong></span> <span class='ocrx_word' id='word_1_123' title='bbox 2543 479 2812 552; x_wconf 81' lang='lat' dir='ltr'><strong>fugitant,</strong></span> <span class='ocrx_word' id='word_1_124' title='bbox 2835 494 2982 550; x_wconf 90' lang='lat' dir='ltr'><strong>quos</strong></span> <span class='ocrx_word' id='word_1_125' title='bbox 3015 476 3186 548; x_wconf 87' lang='lat' dir='ltr'><strong>longe</strong></span> <span class='ocrx_word' id='word_1_126' title='bbox 3216 477 3275 531; x_wconf 92' lang='lat' dir='ltr'><strong>in</strong></span> <span class='ocrx_word' id='word_1_127' title='bbox 3305 480 3544 546; x_wconf 71' lang='lat' dir='ltr'><strong>coetibus</strong></span> <span class='ocrx_word' id='word_1_128' title='bbox 3571 499 3666 554; x_wconf 85' lang='lat' dir='ltr'><strong>per</strong></span> <span class='ocrx_word' id='word_1_129' title='bbox 3681 503 3766 544; x_wconf 86' lang='lat' dir='ltr'><strong>vos</strong></span> <span class='ocrx_word' id='word_1_130' title='bbox 3784 489 3848 546; x_wconf 63' lang='lat' dir='ltr'><strong>la.</strong></span> 
     </span>
    </p>
   </div>
   <div class='ocr_carea' id='block_1_20' title="bbox 2247 563 3846 645">
    <p class='ocr_par' dir='ltr' id='par_1_20' title="bbox 2247 563 3846 645">
     <span class='ocr_line' id='line_1_20' title="bbox 2247 563 3846 645; baseline 0.006 -20"><span class='ocrx_word' id='word_1_131' title='bbox 2247 569 2710 626; x_wconf 87' lang='lat' dir='ltr'><strong>cessebant.ldeo</strong></span> <span class='ocrx_word' id='word_1_132' title='bbox 2744 567 2947 624; x_wconf 88' lang='lat' dir='ltr'><strong>inserti</strong></span> <span class='ocrx_word' id='word_1_133' title='bbox 2973 568 3120 623; x_wconf 73' lang='lat'><strong>321</strong></span> <span class='ocrx_word' id='word_1_134' title='bbox 3149 563 3448 624; x_wconf 76' lang='lat' dir='ltr'><strong>mentibus</strong></span> <span class='ocrx_word' id='word_1_135' title='bbox 3468 569 3846 645; x_wconf 87' lang='lat' dir='ltr'><strong>imperitorum,</strong></span> 
     </span>
    </p>
   </div>
   <div class='ocr_carea' id='block_1_21' title="bbox 2246 655 3848 736">
    <p class='ocr_par' dir='ltr' id='par_1_21' title="bbox 2246 655 3848 736">
     <span class='ocr_line' id='line_1_21' title="bbox 2246 655 3848 736; baseline -0.003 -21"><span class='ocrx_word' id='word_1_136' title='bbox 2246 659 2445 715; x_wconf 89' lang='lat' dir='ltr'><strong>odium</strong></span> <span class='ocrx_word' id='word_1_137' title='bbox 2481 658 2666 714; x_wconf 87' lang='lat' dir='ltr'><strong>nostri</strong></span> <span class='ocrx_word' id='word_1_138' title='bbox 2699 660 2902 714; x_wconf 89' lang='lat' dir='ltr'><strong>serunt</strong></span> <span class='ocrx_word' id='word_1_139' title='bbox 2931 656 3158 713; x_wconf 90' lang='lat' dir='ltr'><strong>occulte</strong></span> <span class='ocrx_word' id='word_1_140' title='bbox 3187 672 3290 728; x_wconf 86' lang='lat' dir='ltr'><strong>per</strong></span> <span class='ocrx_word' id='word_1_141' title='bbox 3319 655 3577 714; x_wconf 87' lang='lat' dir='ltr'><strong>timorem</strong></span> <span class='ocrx_word' id='word_1_142' title='bbox 3603 679 3616 717; x_wconf 87' lang='lat'><strong><em>:</em></strong></span> <span class='ocrx_word' id='word_1_143' title='bbox 3645 662 3848 736; x_wconf 62' lang='lat' dir='ltr'><strong>(mna-</strong></span> 
     </span>
    </p>
   </div>
   <div class='ocr_carea' id='block_1_22' title="bbox 2246 744 3850 823">
    <p class='ocr_par' dir='ltr' id='par_1_22' title="bbox 2246 744 3850 823">
     <span class='ocr_line' id='line_1_22' title="bbox 2246 744 3850 823; baseline 0.003 -21"><span class='ocrx_word' id='word_1_144' title='bbox 2246 747 2434 804; x_wconf 89' lang='lat' dir='ltr'><strong>turale</strong></span> <span class='ocrx_word' id='word_1_145' title='bbox 2469 751 2555 802; x_wconf 87' lang='lat' dir='ltr'><strong>est</strong></span> <span class='ocrx_word' id='word_1_146' title='bbox 2582 746 2737 802; x_wconf 91' lang='lat' dir='ltr'><strong>enim</strong></span> <span class='ocrx_word' id='word_1_147' title='bbox 2789 751 2846 800; x_wconf 91' lang='lat' dir='ltr'><strong>et</strong></span> <span class='ocrx_word' id='word_1_148' title='bbox 2893 745 3108 815; x_wconf 91' lang='lat' dir='ltr'><strong>odisse,</strong></span> <span class='ocrx_word' id='word_1_149' title='bbox 3143 759 3318 815; x_wconf 77' lang='lat' dir='ltr'><strong>quem</strong></span> <span class='ocrx_word' id='word_1_150' title='bbox 3350 744 3590 815; x_wconf 88' lang='lat' dir='ltr'><strong>timeas;</strong></span> <span class='ocrx_word' id='word_1_151' title='bbox 3617 755 3670 803; x_wconf 91' lang='lat' dir='ltr'><strong>et</strong></span> <span class='ocrx_word' id='word_1_152' title='bbox 3706 769 3850 823; x_wconf 83' lang='lat' dir='ltr'><strong>quem</strong></span> 
     </span>
    </p>
   </div>
   <div class='ocr_carea' id='block_1_23' title="bbox 2248 833 3851 913">
    <p class='ocr_par' dir='ltr' id='par_1_23' title="bbox 2248 833 3851 913">
     <span class='ocr_line' id='line_1_23' title="bbox 2248 833 3851 913; baseline 0.004 -21"><span class='ocrx_word' id='word_1_153' title='bbox 2248 836 2548 903; x_wconf 88' lang='lat' dir='ltr'><strong>metueris,</strong></span> <span class='ocrx_word' id='word_1_154' title='bbox 2580 836 2853 891; x_wconf 84' lang='lat' dir='ltr'><strong>infestare</strong></span> <span class='ocrx_word' id='word_1_155' title='bbox 2903 835 3038 906; x_wconf 86' lang='lat'>(25),</span> <span class='ocrx_word' id='word_1_156' title='bbox 3097 833 3146 888; x_wconf 88' lang='lat' dir='ltr'>si</span> <span class='ocrx_word' id='word_1_157' title='bbox 3197 833 3409 905; x_wconf 89' lang='lat' dir='ltr'><strong>possis.</strong></span> <span class='ocrx_word' id='word_1_158' title='bbox 3460 835 3551 890; x_wconf 90' lang='lat' dir='ltr'><strong>Sic</strong></span> <span class='ocrx_word' id='word_1_159' title='bbox 3602 850 3851 913; x_wconf 85' lang='lat' dir='ltr'><strong>occupant</strong></span> 
     </span>
    </p>
   </div>
   <div class='ocr_carea' id='block_1_24' title="bbox 2248 924 3856 1000">
    <p class='ocr_par' dir='ltr' id='par_1_24' title="bbox 2248 924 3856 1000">
     <span class='ocr_line' id='line_1_24' title="bbox 2248 924 3856 1000; baseline 0.004 -20"><span class='ocrx_word' id='word_1_160' title='bbox 2248 925 2497 994; x_wconf 85' lang='lat' dir='ltr'><strong>animos,</strong></span> <span class='ocrx_word' id='word_1_161' title='bbox 2529 928 2587 979; x_wconf 92' lang='lat' dir='ltr'><strong>et</strong></span> <span class='ocrx_word' id='word_1_162' title='bbox 2616 924 2929 980; x_wconf 86' lang='lat' dir='ltr'><strong>obstruunt</strong></span> <span class='ocrx_word' id='word_1_163' title='bbox 2953 925 3281 995; x_wconf 87' lang='lat' dir='ltr'><strong>pectora,ut</strong></span> <span class='ocrx_word' id='word_1_164' title='bbox 3312 927 3445 978; x_wconf 85' lang='lat' dir='ltr'><strong>ante</strong></span> <span class='ocrx_word' id='word_1_165' title='bbox 3473 940 3576 979; x_wconf 87' lang='lat' dir='ltr'><strong>nos</strong></span> <span class='ocrx_word' id='word_1_166' title='bbox 3609 924 3856 1000; x_wconf 89' lang='lat' dir='ltr'><strong>incipiant</strong></span> 
     </span>
    </p>
   </div>
   <div class='ocr_carea' id='block_1_25' title="bbox 2248 1011 3854 1084">
    <p class='ocr_par' dir='ltr' id='par_1_25' title="bbox 2248 1011 3854 1084">
     <span class='ocr_line' id='line_1_25' title="bbox 2248 1011 3854 1084; baseline 0.002 -15"><span class='ocrx_word' id='word_1_167' title='bbox 2248 1013 2520 1069; x_wconf 88' lang='lat' dir='ltr'><strong>homines</strong></span> <span class='ocrx_word' id='word_1_168' title='bbox 2544 1011 2760 1081; x_wconf 86' lang='lat' dir='ltr'><strong>odisse,</strong></span> <span class='ocrx_word' id='word_1_169' title='bbox 2793 1028 2971 1084; x_wconf 89' lang='lat' dir='ltr'><strong>quam</strong></span> <span class='ocrx_word' id='word_1_170' title='bbox 3004 1027 3214 1067; x_wconf 88' lang='lat' dir='ltr'><strong>nosse:</strong></span> <span class='ocrx_word' id='word_1_171' title='bbox 3251 1027 3322 1065; x_wconf 91' lang='lat' dir='ltr'><strong>ne</strong></span> <span class='ocrx_word' id='word_1_172' title='bbox 3354 1012 3612 1084; x_wconf 89' lang='lat' dir='ltr'><strong>cognitos</strong></span> <span class='ocrx_word' id='word_1_173' title='bbox 3638 1017 3854 1074; x_wconf 73' lang='lat' dir='ltr'><strong>autimi~</strong></span> 
     </span>
    </p>
   </div>
   <div class='ocr_carea' id='block_1_26' title="bbox 2250 1101 3509 1176">
    <p class='ocr_par' dir='ltr' id='par_1_26' title="bbox 2250 1101 3509 1176">
     <span class='ocr_line' id='line_1_26' title="bbox 2250 1101 3509 1176; baseline -0.002 -17"><span class='ocrx_word' id='word_1_174' title='bbox 2250 1103 2362 1159; x_wconf 89' lang='lat' dir='ltr'><strong>tari</strong></span> <span class='ocrx_word' id='word_1_175' title='bbox 2393 1103 2644 1176; x_wconf 87' lang='lat' dir='ltr'><strong>possint,</strong></span> <span class='ocrx_word' id='word_1_176' title='bbox 2671 1106 2772 1157; x_wconf 90' lang='lat' dir='ltr'><strong>aut</strong></span> <span class='ocrx_word' id='word_1_177' title='bbox 2800 1101 3082 1156; x_wconf 88' lang='lat' dir='ltr'><strong>damnare</strong></span> <span class='ocrx_word' id='word_1_178' title='bbox 3113 1116 3226 1156; x_wconf 89' lang='lat' dir='ltr'><strong>non</strong></span> <span class='ocrx_word' id='word_1_179' title='bbox 3261 1101 3509 1172; x_wconf 90' lang='lat' dir='ltr'><strong>possint.</strong></span> 
     </span>
    </p>
   </div>
   <div class='ocr_carea' id='block_1_27' title="bbox 2820 1189 3324 1248">
    <p class='ocr_par' dir='ltr' id='par_1_27' title="bbox 2820 1189 3324 1248">
     <span class='ocr_line' id='line_1_27' title="bbox 2820 1189 3324 1248; baseline -0.004 -2"><span class='ocrx_word' id='word_1_180' title='bbox 2820 1190 3044 1248; x_wconf 89' lang='lat' dir='ltr'><strong>CAPUT</strong></span> <span class='ocrx_word' id='word_1_181' title='bbox 3074 1189 3324 1245; x_wconf 84' lang='lat' dir='ltr'><strong>XXVIII.</strong></span> 
     </span>
    </p>
   </div>
   <div class='ocr_carea' id='block_1_28' title="bbox 2249 1279 3863 1351">
    <p class='ocr_par' dir='ltr' id='par_1_28' title="bbox 2249 1279 3863 1351">
     <span class='ocr_line' id='line_1_28' title="bbox 2249 1279 3863 1351; baseline 0.002 -14"><span class='ocrx_word' id='word_1_182' title='bbox 2249 1283 2671 1338; x_wconf 78' lang='lat' dir='ltr'><strong>ARGUMENTUM.</strong></span> <span class='ocrx_word' id='word_1_183' title='bbox 2698 1311 2769 1321; x_wconf 91' lang='grc'><strong>--</strong></span> <span class='ocrx_word' id='word_1_184' title='bbox 2798 1281 2978 1351; x_wconf 85' lang='lat' dir='ltr'><strong>Neque</strong></span> <span class='ocrx_word' id='word_1_185' title='bbox 3024 1279 3212 1335; x_wconf 88' lang='lat' dir='ltr'><strong>odium</strong></span> <span class='ocrx_word' id='word_1_186' title='bbox 3264 1279 3465 1351; x_wconf 88' lang='lat' dir='ltr'><strong>solum,</strong></span> <span class='ocrx_word' id='word_1_187' title='bbox 3518 1281 3606 1336; x_wconf 88' lang='lat' dir='ltr'><strong>sed</strong></span> <span class='ocrx_word' id='word_1_188' title='bbox 3657 1284 3863 1350; x_wconf 76' lang='lat' dir='ltr'><strong>nefanda</strong></span> 
     </span>
    </p>
   </div>
   <div class='ocr_carea' id='block_1_29' title="bbox 2323 1352 3865 1423">
    <p class='ocr_par' dir='ltr' id='par_1_29' title="bbox 2323 1352 3865 1423">
     <span class='ocr_line' id='line_1_29' title="bbox 2323 1352 3865 1423; baseline 0.003 -15"><span class='ocrx_word' id='word_1_189' title='bbox 2323 1355 2489 1409; x_wconf 89' lang='lat' dir='ltr'><strong>etiam</strong></span> <span class='ocrx_word' id='word_1_190' title='bbox 2530 1353 2860 1407; x_wconf 72' lang='lat' dir='ltr'><strong>Christianis</strong></span> <span class='ocrx_word' id='word_1_191' title='bbox 2893 1353 3137 1422; x_wconf 83' lang='lat' dir='ltr'><strong>inferunt</strong></span> <span class='ocrx_word' id='word_1_192' title='bbox 3181 1352 3420 1423; x_wconf 85' lang='lat' dir='ltr'><strong>crimina</strong></span> <span class='ocrx_word' id='word_1_193' title='bbox 3465 1367 3588 1423; x_wconf 70' lang='lat' dir='ltr'><strong>quae</strong></span> <span class='ocrx_word' id='word_1_194' title='bbox 3615 1371 3646 1406; x_wconf 88' lang='lat' dir='ltr'><strong>a</strong></span> <span class='ocrx_word' id='word_1_195' title='bbox 3681 1359 3865 1412; x_wconf 84' lang='lat' dir='ltr'><strong>nemine</strong></span> 
     </span>
    </p>
   </div>
   <div class='ocr_carea' id='block_1_30' title="bbox 2320 1422 3866 1497">
    <p class='ocr_par' dir='ltr' id='par_1_30' title="bbox 2320 1422 3866 1497">
     <span class='ocr_line' id='line_1_30' title="bbox 2320 1422 3866 1497; baseline 0.002 -18"><span class='ocrx_word' id='word_1_196' title='bbox 2320 1426 2547 1497; x_wconf 87' lang='lat' dir='ltr'><strong>probari</strong></span> <span class='ocrx_word' id='word_1_197' title='bbox 2578 1425 3192 1497; x_wconf 79' lang='lat' dir='ltr'><strong>hactenuspotuerunt.</strong></span> <span class='ocrx_word' id='word_1_198' title='bbox 3225 1422 3317 1478; x_wconf 91' lang='lat' dir='ltr'><strong>Sic</strong></span> <span class='ocrx_word' id='word_1_199' title='bbox 3360 1427 3441 1497; x_wconf 82' lang='lat' dir='ltr'><strong>est</strong></span> <span class='ocrx_word' id='word_1_200' title='bbox 3476 1422 3746 1495; x_wconf 78' lang='lat' dir='ltr'><strong>negotium</strong></span> <span class='ocrx_word' id='word_1_201' title='bbox 3777 1426 3866 1482; x_wconf 65' lang='lat' dir='ltr'><strong>dco</strong></span> 
     </span>
    </p>
   </div>
   <div class='ocr_carea' id='block_1_31' title="bbox 2322 1495 3867 1566">
    <p class='ocr_par' dir='ltr' id='par_1_31' title="bbox 2322 1495 3867 1566">
     <span class='ocr_line' id='line_1_31' title="bbox 2322 1495 3867 1566; baseline 0.002 -16"><span class='ocrx_word' id='word_1_202' title='bbox 2322 1495 2568 1551; x_wconf 79' lang='lat' dir='ltr'><strong>menum.</strong></span> <span class='ocrx_word' id='word_1_203' title='bbox 2625 1495 2700 1549; x_wconf 85' lang='lat' dir='ltr'><strong>Ab</strong></span> <span class='ocrx_word' id='word_1_204' title='bbox 2751 1496 2889 1566; x_wconf 90' lang='lat' dir='ltr'><strong>ipsis</strong></span> <span class='ocrx_word' id='word_1_205' title='bbox 2936 1497 3086 1549; x_wconf 86' lang='lat' dir='ltr'><strong>enim</strong></span> <span class='ocrx_word' id='word_1_206' title='bbox 3118 1510 3310 1566; x_wconf 78' lang='lat' dir='ltr'><strong>rumor</strong></span> <span class='ocrx_word' id='word_1_207' title='bbox 3337 1495 3514 1564; x_wconf 81' lang='lat' dir='ltr'><strong>falsus</strong></span> <span class='ocrx_word' id='word_1_208' title='bbox 3545 1506 3595 1550; x_wconf 87' lang='lat' dir='ltr'><strong>et</strong></span> <span class='ocrx_word' id='word_1_209' title='bbox 3618 1498 3801 1552; x_wconf 86' lang='lat' dir='ltr'><strong>seritur</strong></span> <span class='ocrx_word' id='word_1_210' title='bbox 3824 1503 3867 1553; x_wconf 90' lang='lat' dir='ltr'><strong>et</strong></span> 
     </span>
    </p>
   </div>
   <div class='ocr_carea' id='block_1_32' title="bbox 2323 1565 3869 1638">
    <p class='ocr_par' dir='ltr' id='par_1_32' title="bbox 2323 1565 3869 1638">
     <span class='ocr_line' id='line_1_32' title="bbox 2323 1565 3869 1638; baseline 0.002 -17"><span class='ocrx_word' id='word_1_211' title='bbox 2323 1569 2554 1638; x_wconf 81' lang='lat' dir='ltr'><strong>fovetur.</strong></span> <span class='ocrx_word' id='word_1_212' title='bbox 2617 1565 2977 1622; x_wconf 81' lang='lat' dir='ltr'><strong>Invictissime</strong></span> <span class='ocrx_word' id='word_1_213' title='bbox 3029 1568 3214 1621; x_wconf 87' lang='lat' dir='ltr'><strong>autem</strong></span> <span class='ocrx_word' id='word_1_214' title='bbox 3269 1565 3601 1622; x_wconf 77' lang='lat' dir='ltr'><strong>demonstrat</strong></span> <span class='ocrx_word' id='word_1_215' title='bbox 3653 1570 3869 1625; x_wconf 81' lang='lat' dir='ltr'><strong>Octavius</strong></span> 
     </span>
    </p>
   </div>
   <div class='ocr_carea' id='block_1_33' title="bbox 2329 1638 3871 1710">
    <p class='ocr_par' dir='ltr' id='par_1_33' title="bbox 2329 1638 3871 1710">
     <span class='ocr_line' id='line_1_33' title="bbox 2329 1638 3871 1710; baseline 0.002 -16"><span class='ocrx_word' id='word_1_216' title='bbox 2329 1639 2672 1695; x_wconf 77' lang='lat' dir='ltr'><strong>Christianos</strong></span> <span class='ocrx_word' id='word_1_217' title='bbox 2699 1638 3001 1709; x_wconf 83' lang='lat' dir='ltr'><strong>sacrilegii,</strong></span> <span class='ocrx_word' id='word_1_218' title='bbox 3049 1639 3307 1703; x_wconf 84' lang='lat' dir='ltr'><strong>incestus,</strong></span> <span class='ocrx_word' id='word_1_219' title='bbox 3367 1639 3570 1709; x_wconf 79' lang='lat' dir='ltr'><strong>stupri,</strong></span> <span class='ocrx_word' id='word_1_220' title='bbox 3614 1640 3871 1710; x_wconf 81' lang='lat' dir='ltr'><strong>parricidii</strong></span> 
     </span>
    </p>
   </div>
   <div class='ocr_carea' id='block_1_34' title="bbox 2326 1711 3853 1782">
    <p class='ocr_par' dir='ltr' id='par_1_34' title="bbox 2326 1711 3853 1782">
     <span class='ocr_line' id='line_1_34' title="bbox 2326 1711 3853 1782; baseline 0.002 -18"><span class='ocrx_word' id='word_1_221' title='bbox 2326 1717 2451 1765; x_wconf 87' lang='lat' dir='ltr'><strong>tam</strong></span> <span class='ocrx_word' id='word_1_222' title='bbox 2479 1711 2623 1782; x_wconf 83' lang='lat' dir='ltr'><strong>false</strong></span> <span class='ocrx_word' id='word_1_223' title='bbox 2652 1711 2996 1776; x_wconf 67' lang='lat' dir='ltr'><strong>insimulari,</strong></span> <span class='ocrx_word' id='word_1_224' title='bbox 3029 1725 3193 1780; x_wconf 89' lang='lat' dir='ltr'><strong>quam</strong></span> <span class='ocrx_word' id='word_1_225' title='bbox 3213 1712 3441 1782; x_wconf 71' lang='lat' dir='ltr'><strong>eertum</strong></span> <span class='ocrx_word' id='word_1_226' title='bbox 3473 1725 3749 1782; x_wconf 88' lang='lat' dir='ltr'><strong>verumque</strong></span> <span class='ocrx_word' id='word_1_227' title='bbox 3773 1727 3853 1767; x_wconf 85' lang='lat' dir='ltr'><strong>era</strong></span> 
     </span>
    </p>
   </div>
   <div class='ocr_carea' id='block_1_35' title="bbox 487 1761 2138 1850">
    <p class='ocr_par' dir='ltr' id='par_1_35' title="bbox 487 1761 2137 1835">
     <span class='ocr_line' id='line_1_35' title="bbox 487 1761 2137 1835; baseline 0 -15"><span class='ocrx_word' id='word_1_228' title='bbox 487 1765 559 1820; x_wconf 92' lang='lat' dir='ltr'><strong>de</strong></span> <span class='ocrx_word' id='word_1_229' title='bbox 589 1778 650 1818; x_wconf 89' lang='lat' dir='ltr'><strong>se</strong></span> <span class='ocrx_word' id='word_1_230' title='bbox 680 1777 880 1818; x_wconf 88' lang='lat' dir='ltr'><strong>verum</strong></span> <span class='ocrx_word' id='word_1_231' title='bbox 917 1761 1332 1817; x_wconf 81' lang='lat' dir='ltr'><strong>conﬁtentibus</strong></span> <span class='ocrx_word' id='word_1_232' title='bbox 1390 1763 1627 1819; x_wconf 90' lang='lat' dir='ltr'><strong>credite.</strong></span> <span class='ocrx_word' id='word_1_233' title='bbox 1674 1764 1942 1835; x_wconf 77' lang='lat' dir='ltr'><strong>Adjurati</strong></span> <span class='ocrx_word' id='word_1_234' title='bbox 1983 1764 2137 1821; x_wconf 88' lang='lat' dir='ltr'><strong>enim</strong></span> 
     </span>
    </p>
   </div>
   <div class='ocr_carea' id='block_1_36' title="bbox 2263 1761 3870 1850">
    <p class='ocr_par' dir='ltr' id='par_1_36' title="bbox 2321 1761 3870 1850">
     <span class='ocr_line' id='line_1_36' title="bbox 2321 1761 3870 1850; baseline 0 -12"><span class='ocrx_word' id='word_1_235' title='bbox 2321 1761 2508 1838; x_wconf 70' lang='lat' dir='ltr'><strong>eadem</strong></span> <span class='ocrx_word' id='word_1_236' title='bbox 2533 1798 2757 1850; x_wconf 76' lang='lat' dir='ltr'><strong>prorsus</strong></span> <span class='ocrx_word' id='word_1_237' title='bbox 2785 1761 3051 1846; x_wconf 65' lang='lat' dir='ltr'><strong>crimina:</strong></span> <span class='ocrx_word' id='word_1_238' title='bbox 3080 1783 3177 1836; x_wconf 90' lang='lat' dir='ltr'><strong>aut</strong></span> <span class='ocrx_word' id='word_1_239' title='bbox 3204 1780 3296 1834; x_wconf 85' lang='lat' dir='ltr'><strong>his</strong></span> <span class='ocrx_word' id='word_1_240' title='bbox 3327 1782 3550 1835; x_wconf 81' lang='lat' dir='ltr'><strong>omnino</strong></span> <span class='ocrx_word' id='word_1_241' title='bbox 3581 1761 3780 1838; x_wconf 63' lang='lat' dir='ltr'><strong>siniitia</strong></span> <span class='ocrx_word' id='word_1_242' title='bbox 3803 1788 3870 1838; x_wconf 86' lang='lat' dir='ltr'><strong>at-</strong></span> 
     </span>
    </p>
   </div>
   <div class='ocr_carea' id='block_1_37' title="bbox 488 1849 2133 1926">
    <p class='ocr_par' dir='ltr' id='par_1_37' title="bbox 488 1849 2133 1926">
     <span class='ocr_line' id='line_1_37' title="bbox 488 1849 2133 1926; baseline 0 -18"><span class='ocrx_word' id='word_1_243' title='bbox 488 1869 593 1926; x_wconf 88' lang='lat' dir='ltr'><strong>per</strong></span> <span class='ocrx_word' id='word_1_244' title='bbox 613 1852 795 1907; x_wconf 88' lang='lat' dir='ltr'><strong>Deum</strong></span> <span class='ocrx_word' id='word_1_245' title='bbox 826 1866 1029 1906; x_wconf 90' lang='lat' dir='ltr'><strong>verum</strong></span> <span class='ocrx_word' id='word_1_246' title='bbox 1061 1854 1118 1906; x_wconf 91' lang='lat' dir='ltr'><strong>et</strong></span> <span class='ocrx_word' id='word_1_247' title='bbox 1145 1849 1363 1918; x_wconf 89' lang='lat' dir='ltr'><strong>solum,</strong></span> <span class='ocrx_word' id='word_1_248' title='bbox 1396 1851 1560 1907; x_wconf 91' lang='lat' dir='ltr'><strong>inviti</strong></span> <span class='ocrx_word' id='word_1_249' title='bbox 1611 1852 1844 1909; x_wconf 89' lang='lat' dir='ltr'><strong>miseris</strong></span> <span class='ocrx_word' id='word_1_250' title='bbox 1875 1854 2133 1924; x_wconf 90' lang='lat' dir='ltr'><strong>corpori-</strong></span> 
     </span>
    </p>
   </div>
   <div class='ocr_carea' id='block_1_38' title="bbox 488 1939 2134 2014">
    <p class='ocr_par' dir='ltr' id='par_1_38' title="bbox 488 1939 2134 2014">
     <span class='ocr_line' id='line_1_38' title="bbox 488 1939 2134 2014; baseline -0.001 -16"><span class='ocrx_word' id='word_1_251' title='bbox 488 1943 601 1998; x_wconf 90' lang='lat' dir='ltr'><strong>bus</strong></span> <span class='ocrx_word' id='word_1_252' title='bbox 644 1940 1054 1996; x_wconf 88' lang='lat' dir='ltr'><strong>inhorrescunt</strong></span> <span class='ocrx_word' id='word_1_253' title='bbox 1093 1939 1204 2012; x_wconf 86' lang='grc'>(24)</span> <span class='ocrx_word' id='word_1_254' title='bbox 1232 1956 1245 1995; x_wconf 86' lang='lat'><strong>:</strong></span> <span class='ocrx_word' id='word_1_255' title='bbox 1271 1945 1329 1996; x_wconf 90' lang='lat' dir='ltr'><strong>et</strong></span> <span class='ocrx_word' id='word_1_256' title='bbox 1354 1939 1441 1997; x_wconf 89' lang='lat' dir='ltr'><strong>vel</strong></span> <span class='ocrx_word' id='word_1_257' title='bbox 1490 1941 1765 1997; x_wconf 86' lang='lat' dir='ltr'><strong>exsiliunt</strong></span> <span class='ocrx_word' id='word_1_258' title='bbox 1794 1943 2018 2014; x_wconf 88' lang='lat' dir='ltr'><strong>statim,</strong></span> <span class='ocrx_word' id='word_1_259' title='bbox 2051 1942 2134 1998; x_wconf 90' lang='lat' dir='ltr'><strong>vel</strong></span> 
     </span>
    </p>
   </div>
   <div class='ocr_carea' id='block_1_39' title="bbox 488 2029 2137 2104">
    <p class='ocr_par' dir='ltr' id='par_1_39' title="bbox 488 2029 2137 2104">
     <span class='ocr_line' id='line_1_39' title="bbox 488 2029 2137 2104; baseline -0.001 -16"><span class='ocrx_word' id='word_1_260' title='bbox 488 2034 842 2088; x_wconf 87' lang='lat' dir='ltr'><strong>evanescunt</strong></span> <span class='ocrx_word' id='word_1_261' title='bbox 869 2029 1181 2102; x_wconf 84' lang='lat' dir='ltr'><strong>gradatim,</strong></span> <span class='ocrx_word' id='word_1_262' title='bbox 1203 2033 1379 2102; x_wconf 90' lang='lat' dir='ltr'><strong>prout</strong></span> <span class='ocrx_word' id='word_1_263' title='bbox 1409 2031 1552 2087; x_wconf 83' lang='lat' dir='ltr'><strong>ﬁdes</strong></span> <span class='ocrx_word' id='word_1_264' title='bbox 1573 2031 1848 2104; x_wconf 87' lang='lat' dir='ltr'><strong>patientis</strong></span> <span class='ocrx_word' id='word_1_265' title='bbox 1879 2033 2137 2103; x_wconf 85' lang='lat' dir='ltr'><strong>adjuvat,</strong></span> 
     </span>
    </p>
   </div>
   <div class='ocr_carea' id='block_1_40' title="bbox 2321 1851 3870 1926">
    <p class='ocr_par' dir='ltr' id='par_1_40' title="bbox 2321 1851 3870 1926">
     <span class='ocr_line' id='line_1_40' title="bbox 2321 1851 3870 1926; baseline 0.001 -17"><span class='ocrx_word' id='word_1_266' title='bbox 2321 1870 2422 1926; x_wconf 88' lang='lat' dir='ltr'><strong>que</strong></span> <span class='ocrx_word' id='word_1_267' title='bbox 2451 1855 2690 1920; x_wconf 81' lang='lat' dir='ltr'><strong>maiora,</strong></span> <span class='ocrx_word' id='word_1_268' title='bbox 2723 1853 2789 1908; x_wconf 91' lang='lat' dir='ltr'><strong>ab</strong></span> <span class='ocrx_word' id='word_1_269' title='bbox 2823 1854 3069 1924; x_wconf 89' lang='lat' dir='ltr'><strong>ipsismet</strong></span> <span class='ocrx_word' id='word_1_270' title='bbox 3117 1851 3356 1908; x_wconf 78' lang='lat' dir='ltr'><strong>ethnicis</strong></span> <span class='ocrx_word' id='word_1_271' title='bbox 3404 1867 3591 1923; x_wconf 85' lang='lat' dir='ltr'><strong>reapse</strong></span> <span class='ocrx_word' id='word_1_272' title='bbox 3615 1857 3870 1911; x_wconf 75' lang='lat' dir='ltr'><strong>committi.</strong></span> 
     </span>
    </p>
   </div>
   <div class='ocr_carea' id='block_1_41' title="bbox 2317 1939 3874 2013">
    <p class='ocr_par' dir='ltr' id='par_1_41' title="bbox 2317 1939 3874 2013">
     <span class='ocr_line' id='line_1_41' title="bbox 2317 1939 3874 2013; baseline 0.001 -17"><span class='ocrx_word' id='word_1_273' title='bbox 2317 1943 2501 2008; x_wconf 87' lang='lat' dir='ltr'><strong>Quam</strong></span> <span class='ocrx_word' id='word_1_274' title='bbox 2534 1947 2730 1998; x_wconf 91' lang='lat' dir='ltr'><strong>autem</strong></span> <span class='ocrx_word' id='word_1_275' title='bbox 2761 1940 3030 2013; x_wconf 89' lang='lat' dir='ltr'><strong>iniquum</strong></span> <span class='ocrx_word' id='word_1_276' title='bbox 3063 1939 3140 1996; x_wconf 92' lang='lat' dir='ltr'>sit</span> <span class='ocrx_word' id='word_1_277' title='bbox 3162 1939 3297 2012; x_wconf 88' lang='lat'>(26),</span> <span class='ocrx_word' id='word_1_278' title='bbox 3327 1939 3641 2012; x_wconf 81' lang='lat' dir='ltr'><strong>incognitis</strong></span> <span class='ocrx_word' id='word_1_279' title='bbox 3672 1948 3724 1998; x_wconf 83' lang='lat' dir='ltr'><strong>ct</strong></span> <span class='ocrx_word' id='word_1_280' title='bbox 3749 1943 3874 1998; x_wconf 84' lang='lat' dir='ltr'><strong>inex-</strong></span> 
     </span>
    </p>
   </div>
   <div class='ocr_carea' id='block_1_42' title="bbox 2251 2027 3875 2104">
    <p class='ocr_par' dir='ltr' id='par_1_42' title="bbox 2251 2027 3875 2104">
     <span class='ocr_line' id='line_1_42' title="bbox 2251 2027 3875 2104; baseline 0 -18"><span class='ocrx_word' id='word_1_281' title='bbox 2251 2031 2491 2104; x_wconf 90' lang='lat' dir='ltr'><strong>ploratis</strong></span> <span class='ocrx_word' id='word_1_282' title='bbox 2522 2031 2657 2102; x_wconf 90' lang='lat'>(27),</span> <span class='ocrx_word' id='word_1_283' title='bbox 2711 2029 3000 2100; x_wconf 89' lang='lat' dir='ltr'><strong>judicare,</strong></span> <span class='ocrx_word' id='word_1_284' title='bbox 3059 2029 3214 2100; x_wconf 90' lang='lat' dir='ltr'><strong>quod</strong></span> <span class='ocrx_word' id='word_1_285' title='bbox 3276 2027 3510 2097; x_wconf 81' lang='lat' dir='ltr'><strong>facitis;</strong></span> <span class='ocrx_word' id='word_1_286' title='bbox 3544 2031 3705 2087; x_wconf 91' lang='lat' dir='ltr'><strong>nobis</strong></span> <span class='ocrx_word' id='word_1_287' title='bbox 3756 2031 3875 2102; x_wconf 87' lang='lat' dir='ltr'><strong>ipsis</strong></span> 
     </span>
    </p>
   </div>
   <div class='ocr_carea' id='block_1_43' title="bbox 1927 2131 2500 2194">
    <p class='ocr_par' dir='ltr' id='par_1_43' title="bbox 1927 2131 2500 2194">
     <span class='ocr_line' id='line_1_43' title="bbox 1927 2131 2500 2194; baseline -0.007 0"><span class='ocrx_word' id='word_1_288' title='bbox 1927 2131 2257 2194; x_wconf 84' lang='lat' dir='ltr'><strong>Variorum</strong></span> <span class='ocrx_word' id='word_1_289' title='bbox 2310 2135 2500 2191; x_wconf 82' lang='lat' dir='ltr'><strong>notae.</strong></span> 
     </span>
    </p>
   </div>
   <div class='ocr_carea' id='block_1_44' title="bbox 489 2225 2140 2300">
    <p class='ocr_par' dir='ltr' id='par_1_44' title="bbox 489 2225 2140 2300">
     <span class='ocr_line' id='line_1_44' title="bbox 489 2225 2140 2300; baseline 0.001 -17"><span class='ocrx_word' id='word_1_290' title='bbox 489 2225 647 2283; x_wconf 89' lang='lat' dir='ltr'><strong>idem</strong></span> <span class='ocrx_word' id='word_1_291' title='bbox 680 2226 924 2300; x_wconf 76' lang='lat' dir='ltr'><strong>rotando</strong></span> <span class='ocrx_word' id='word_1_292' title='bbox 953 2227 1011 2280; x_wconf 90' lang='lat' dir='ltr'><strong>et</strong></span> <span class='ocrx_word' id='word_1_293' title='bbox 1031 2225 1311 2300; x_wconf 82' lang='lat' dir='ltr'><strong>jactando</strong></span> <span class='ocrx_word' id='word_1_294' title='bbox 1361 2226 1728 2300; x_wconf 83' lang='lat' dir='ltr'><strong>faciant,pro</strong></span> <span class='ocrx_word' id='word_1_295' title='bbox 1768 2227 1890 2300; x_wconf 90' lang='lat' dir='ltr'><strong>diis</strong></span> <span class='ocrx_word' id='word_1_296' title='bbox 1937 2228 2140 2284; x_wconf 89' lang='lat' dir='ltr'><strong>haberi</strong></span> 
     </span>
    </p>
   </div>
   <div class='ocr_carea' id='block_1_45' title="bbox 490 2297 2142 2379">
    <p class='ocr_par' dir='ltr' id='par_1_45' title="bbox 490 2297 2142 2379">
     <span class='ocr_line' id='line_1_45' title="bbox 490 2297 2142 2379; baseline 0.002 -26"><span class='ocrx_word' id='word_1_297' title='bbox 490 2312 684 2379; x_wconf 73' lang='lat' dir='ltr'><strong>posse.</strong></span> <span class='ocrx_word' id='word_1_298' title='bbox 719 2297 1037 2379; x_wconf 73' lang='lat' dir='ltr'><strong>Heraldus:</strong></span> <span class='ocrx_word' id='word_1_299' title='bbox 1081 2298 1408 2379; x_wconf 72' lang='lat' dir='ltr'><strong>Legendum</strong></span> <span class='ocrx_word' id='word_1_300' title='bbox 1459 2297 1865 2379; x_wconf 71' lang='lat' dir='ltr'><strong>existimarim.</strong></span> <span class='ocrx_word' id='word_1_301' title='bbox 1904 2301 2068 2379; x_wconf 54' lang='lat' dir='ltr'><strong>j’ates</strong></span> <span class='ocrx_word' id='word_1_302' title='bbox 2090 2309 2142 2379; x_wconf 84' lang='lat' dir='ltr'><strong>et</strong></span> 
     </span>
    </p>
   </div>
   <div class='ocr_carea' id='block_1_46' title="bbox 491 2367 2142 2444">
    <p class='ocr_par' dir='ltr' id='par_1_46' title="bbox 491 2367 2142 2444">
     <span class='ocr_line' id='line_1_46' title="bbox 491 2367 2142 2444; baseline 0.001 -17"><span class='ocrx_word' id='word_1_303' title='bbox 491 2367 601 2444; x_wconf 74' lang='lat' dir='ltr'><strong>ipsi</strong></span> <span class='ocrx_word' id='word_1_304' title='bbox 630 2370 693 2444; x_wconf 83' lang='lat' dir='ltr'><strong>in</strong></span> <span class='ocrx_word' id='word_1_305' title='bbox 719 2367 1086 2444; x_wconf 80' lang='lat' dir='ltr'><strong>templo.Nam</strong></span> <span class='ocrx_word' id='word_1_306' title='bbox 1112 2367 1408 2444; x_wconf 78' lang='lat' dir='ltr'><strong>ejusmodi</strong></span> <span class='ocrx_word' id='word_1_307' title='bbox 1437 2371 1717 2444; x_wconf 11' lang='lat' dir='ltr'><strong>[atumqin</strong></span> <span class='ocrx_word' id='word_1_308' title='bbox 1739 2371 1974 2444; x_wconf 88' lang='lat' dir='ltr'><strong>templis</strong></span> <span class='ocrx_word' id='word_1_309' title='bbox 1995 2373 2142 2444; x_wconf 90' lang='lat' dir='ltr'><strong>ipsis</strong></span> 
     </span>
    </p>
   </div>
   <div class='ocr_carea' id='block_1_47' title="bbox 491 2440 2144 2514">
    <p class='ocr_par' dir='ltr' id='par_1_47' title="bbox 491 2440 2144 2514">
     <span class='ocr_line' id='line_1_47' title="bbox 491 2440 2144 2514; baseline 0.002 -18"><span class='ocrx_word' id='word_1_310' title='bbox 491 2440 844 2514; x_wconf 74' lang='lat' dir='ltr'><strong>agitationes</strong></span> <span class='ocrx_word' id='word_1_311' title='bbox 858 2441 1321 2514; x_wconf 12' lang='lat' dir='ltr'><strong>qobsergvabamus</strong></span> <span class='ocrx_word' id='word_1_312' title='bbox 1345 2442 1411 2514; x_wconf 87' lang='lat' dir='ltr'><strong>ad</strong></span> <span class='ocrx_word' id='word_1_313' title='bbox 1441 2441 1782 2514; x_wconf 83' lang='lat' dir='ltr'><strong>Tertulliani</strong></span> <span class='ocrx_word' id='word_1_314' title='bbox 1821 2440 2040 2514; x_wconf 61' lang='lat' dir='ltr'><strong>Apolog&#39;.</strong></span> <span class='ocrx_word' id='word_1_315' title='bbox 2077 2461 2144 2499; x_wconf 80' lang='lat' dir='ltr'><strong>ex</strong></span> 
     </span>
    </p>
   </div>
   <div class='ocr_carea' id='block_1_48' title="bbox 491 2511 2141 2586">
    <p class='ocr_par' dir='ltr' id='par_1_48' title="bbox 491 2511 2141 2586">
     <span class='ocr_line' id='line_1_48' title="bbox 491 2511 2141 2586; baseline 0.001 -18"><span class='ocrx_word' id='word_1_316' title='bbox 491 2511 648 2569; x_wconf 74' lang='lat' dir='ltr'><strong>Julia</strong></span> <span class='ocrx_word' id='word_1_317' title='bbox 695 2511 962 2586; x_wconf 61' lang='lat' dir='ltr'><strong>Firmino.</strong></span> <span class='ocrx_word' id='word_1_318' title='bbox 1012 2511 1349 2586; x_wconf 82' lang='lat' dir='ltr'><strong>Grunerus:</strong></span> <span class='ocrx_word' id='word_1_319' title='bbox 1385 2511 1918 2586; x_wconf 72' lang='lat' dir='ltr'><strong>Interpunctionein</strong></span> <span class='ocrx_word' id='word_1_320' title='bbox 1955 2511 2141 2570; x_wconf 84' lang='lat' dir='ltr'><strong>solam</strong></span> 
     </span>
    </p>
   </div>
   <div class='ocr_carea' id='block_1_49' title="bbox 494 2582 2143 2658">
    <p class='ocr_par' dir='ltr' id='par_1_49' title="bbox 494 2582 2143 2658">
     <span class='ocr_line' id='line_1_49' title="bbox 494 2582 2143 2658; baseline 0 -18"><span class='ocrx_word' id='word_1_321' title='bbox 494 2589 682 2658; x_wconf 74' lang='lat' dir='ltr'><strong>muto,</strong></span> <span class='ocrx_word' id='word_1_322' title='bbox 714 2582 1233 2658; x_wconf 74' lang='lat' dir='ltr'><strong>huncinmodum</strong></span> <span class='ocrx_word' id='word_1_323' title='bbox 1260 2600 1273 2638; x_wconf 92' lang='lat'>:</span> <span class='ocrx_word' id='word_1_324' title='bbox 1309 2587 1389 2640; x_wconf 82' lang='lat' dir='ltr'><strong>Ili</strong></span> <span class='ocrx_word' id='word_1_325' title='bbox 1414 2582 1627 2641; x_wconf 60' lang='lat' dir='ltr'><strong>sunt&#39;et</strong></span> <span class='ocrx_word' id='word_1_326' title='bbox 1652 2588 2058 2658; x_wconf 79' lang='lat' dir='ltr'><strong>furentes.quos</strong></span> <span class='ocrx_word' id='word_1_327' title='bbox 2084 2589 2143 2642; x_wconf 89' lang='lat' dir='ltr'><strong>in</strong></span> 
     </span>
    </p>
   </div>
   <div class='ocr_carea' id='block_1_50' title="bbox 488 2655 2142 2730">
    <p class='ocr_par' dir='ltr' id='par_1_50' title="bbox 488 2655 2142 2730">
     <span class='ocr_line' id='line_1_50' title="bbox 488 2655 2142 2730; baseline 0.001 -20"><span class='ocrx_word' id='word_1_328' title='bbox 488 2655 779 2730; x_wconf 75' lang='lat' dir='ltr'><strong>publicum</strong></span> <span class='ocrx_word' id='word_1_329' title='bbox 808 2655 1002 2730; x_wconf 78' lang='lat' dir='ltr'><strong>videtis</strong></span> <span class='ocrx_word' id='word_1_330' title='bbox 1030 2671 1324 2730; x_wconf 66' lang='lat' dir='ltr'><strong>excurrere</strong></span> <span class='ocrx_word' id='word_1_331' title='bbox 1341 2672 1362 2719; x_wconf 88' lang='lat'><strong><em>;</em></strong></span> <span class='ocrx_word' id='word_1_332' title='bbox 1393 2665 1540 2711; x_wconf 77' lang='lat' dir='ltr'><strong>uates</strong></span> <span class='ocrx_word' id='word_1_333' title='bbox 1576 2666 1627 2713; x_wconf 92' lang='lat' dir='ltr'><strong>et</strong></span> <span class='ocrx_word' id='word_1_334' title='bbox 1653 2655 1767 2730; x_wconf 82' lang='lat' dir='ltr'><strong>ipsi</strong></span> <span class='ocrx_word' id='word_1_335' title='bbox 1782 2655 1986 2730; x_wconf 77' lang='lat' dir='ltr'><strong>absque</strong></span> <span class='ocrx_word' id='word_1_336' title='bbox 2008 2669 2142 2714; x_wconf 89' lang='lat' dir='ltr'><strong>tem-</strong></span> 
     </span>
    </p>
   </div>
   <div class='ocr_carea' id='block_1_51' title="bbox 493 2726 1526 2800">
    <p class='ocr_par' dir='ltr' id='par_1_51' title="bbox 493 2726 1526 2800">
     <span class='ocr_line' id='line_1_51' title="bbox 493 2726 1526 2800; baseline 0 -18"><span class='ocrx_word' id='word_1_337' title='bbox 493 2726 626 2800; x_wconf 72' lang='lat' dir='ltr'><strong>plo:</strong></span> <span class='ocrx_word' id='word_1_338' title='bbox 652 2726 733 2800; x_wconf 85' lang='lat' dir='ltr'><strong>sic</strong></span> <span class='ocrx_word' id='word_1_339' title='bbox 758 2727 1074 2800; x_wconf 82' lang='lat' dir='ltr'><strong>insaniunt,</strong></span> <span class='ocrx_word' id='word_1_340' title='bbox 1106 2730 1215 2782; x_wconf 89' lang='lat' dir='ltr'><strong>etc.</strong></span> <span class='ocrx_word' id='word_1_341' title='bbox 1252 2727 1526 2800; x_wconf 72' lang='lat' dir='ltr'><strong>Lmnusa.</strong></span> 
     </span>
    </p>
   </div>
   <div class='ocr_carea' id='block_1_52' title="bbox 577 2797 2146 2872">
    <p class='ocr_par' dir='ltr' id='par_1_52' title="bbox 577 2797 2146 2872">
     <span class='ocr_line' id='line_1_52' title="bbox 577 2797 2146 2872; baseline 0.001 -20"><span class='ocrx_word' id='word_1_342' title='bbox 577 2799 692 2872; x_wconf 89' lang='grc'>(21)</span> <span class='ocrx_word' id='word_1_343' title='bbox 721 2797 988 2872; x_wconf 80' lang='lat' dir='ltr'><strong>Plerique</strong></span> <span class='ocrx_word' id='word_1_344' title='bbox 1015 2814 1146 2872; x_wconf 86' lang='lat' dir='ltr'><strong>pars</strong></span> <span class='ocrx_word' id='word_1_345' title='bbox 1168 2802 1422 2872; x_wconf 86' lang='lat' dir='ltr'><strong>vestrum.</strong></span> <span class='ocrx_word' id='word_1_346' title='bbox 1447 2797 1684 2872; x_wconf 84' lang='lat' dir='ltr'><strong>Minime</strong></span> <span class='ocrx_word' id='word_1_347' title='bbox 1706 2799 1892 2870; x_wconf 88' lang='lat' dir='ltr'><strong>placet</strong></span> <span class='ocrx_word' id='word_1_348' title='bbox 1911 2799 2146 2872; x_wconf 82' lang='lat' dir='ltr'><strong>Rigaltii</strong></span> 
     </span>
    </p>
   </div>
   <div class='ocr_carea' id='block_1_53' title="bbox 503 2870 2143 2944">
    <p class='ocr_par' dir='ltr' id='par_1_53' title="bbox 503 2870 2143 2944">
     <span class='ocr_line' id='line_1_53' title="bbox 503 2870 2143 2944; baseline 0.001 -20"><span class='ocrx_word' id='word_1_349' title='bbox 503 2871 857 2939; x_wconf 87' lang='lat' dir='ltr'><strong>conjectura,</strong></span> <span class='ocrx_word' id='word_1_350' title='bbox 902 2870 1187 2944; x_wconf 83' lang='lat' dir='ltr'><strong>legentis:</strong></span> <span class='ocrx_word' id='word_1_351' title='bbox 1238 2871 1369 2944; x_wconf 62' lang='lat' dir='ltr'><strong>fimo</strong></span> <span class='ocrx_word' id='word_1_352' title='bbox 1423 2871 1612 2926; x_wconf 85' lang='lat' dir='ltr'><strong>omnia</strong></span> <span class='ocrx_word' id='word_1_353' title='bbox 1656 2874 1834 2944; x_wconf 78' lang='lat' dir='ltr'><strong>sciant</strong></span> <span class='ocrx_word' id='word_1_354' title='bbox 1877 2870 2143 2944; x_wconf 74' lang='lat' dir='ltr'><strong>plerique,</strong></span> 
     </span>
    </p>
   </div>
   <div class='ocr_carea' id='block_1_54' title="bbox 496 2941 2144 3013">
    <p class='ocr_par' dir='ltr' id='par_1_54' title="bbox 496 2941 2144 3013">
     <span class='ocr_line' id='line_1_54' title="bbox 496 2941 2144 3013; baseline 0.002 -18"><span class='ocrx_word' id='word_1_355' title='bbox 496 2957 626 3013; x_wconf 79' lang='lat' dir='ltr'><strong>pars</strong></span> <span class='ocrx_word' id='word_1_356' title='bbox 655 2949 889 2997; x_wconf 81' lang='lat' dir='ltr'><strong>vestrum</strong></span> <span class='ocrx_word' id='word_1_357' title='bbox 917 2943 1183 3013; x_wconf 85' lang='lat' dir='ltr'><strong>ipsorum,</strong></span> <span class='ocrx_word' id='word_1_358' title='bbox 1215 2941 1516 3011; x_wconf 65' lang='lat' dir='ltr'><strong>dwmonas,</strong></span> <span class='ocrx_word' id='word_1_359' title='bbox 1548 2949 1656 2997; x_wconf 91' lang='lat' dir='ltr'><strong>etc.</strong></span> <span class='ocrx_word' id='word_1_360' title='bbox 1709 2941 2002 3011; x_wconf 85' lang='lat' dir='ltr'><strong>Gelenius,</strong></span> <span class='ocrx_word' id='word_1_361' title='bbox 2030 2941 2144 2998; x_wconf 76' lang='lat' dir='ltr'><strong>lie-</strong></span> 
     </span>
    </p>
   </div>
   <div class='ocr_carea' id='block_1_55' title="bbox 502 3012 2145 3086">
    <p class='ocr_par' dir='ltr' id='par_1_55' title="bbox 502 3012 2145 3086">
     <span class='ocr_line' id='line_1_55' title="bbox 502 3012 2145 3086; baseline 0.002 -19"><span class='ocrx_word' id='word_1_362' title='bbox 502 3012 706 3080; x_wconf 82' lang='lat' dir='ltr'><strong>raldus</strong></span> <span class='ocrx_word' id='word_1_363' title='bbox 752 3019 810 3068; x_wconf 92' lang='lat' dir='ltr'><strong>et</strong></span> <span class='ocrx_word' id='word_1_364' title='bbox 855 3012 1136 3086; x_wconf 79' lang='lat' dir='ltr'><strong>Cellarius</strong></span> <span class='ocrx_word' id='word_1_365' title='bbox 1185 3013 1536 3068; x_wconf 88' lang='lat' dir='ltr'><strong>ediderunt:</strong></span> <span class='ocrx_word' id='word_1_366' title='bbox 1573 3016 1950 3070; x_wconf 87' lang='lat' dir='ltr'><strong>omniasciunt</strong></span> <span class='ocrx_word' id='word_1_367' title='bbox 1978 3015 2145 3086; x_wconf 81' lang='lat' dir='ltr'><strong>pleri-</strong></span> 
     </span>
    </p>
   </div>
   <div class='ocr_carea' id='block_1_56' title="bbox 496 3084 2221 3164">
    <p class='ocr_par' dir='ltr' id='par_1_56' title="bbox 496 3084 2221 3164">
     <span class='ocr_line' id='line_1_56' title="bbox 496 3084 2221 3164; baseline 0.002 -26"><span class='ocrx_word' id='word_1_368' title='bbox 496 3088 888 3164; x_wconf 23' lang='lat' dir='ltr'><strong>que‘vestrunm.</strong></span> <span class='ocrx_word' id='word_1_369' title='bbox 920 3084 1099 3164; x_wconf 63' lang='lat' dir='ltr'><strong>Male:</strong></span> <span class='ocrx_word' id='word_1_370' title='bbox 1127 3102 1268 3164; x_wconf 74' lang='lat' dir='ltr'><strong>nam</strong></span> <span class='ocrx_word' id='word_1_371' title='bbox 1285 3102 1481 3164; x_wconf 76' lang='lat' dir='ltr'><strong>vocem</strong></span> <span class='ocrx_word' id='word_1_372' title='bbox 1515 3084 2146 3164; x_wconf 26' lang='lat' dir='ltr'><strong>commodam‘prreterf</strong></span> <span class='ocrx_word' id='word_1_373' title='bbox 2180 3097 2221 3164; x_wconf 72' lang='grc' dir='ltr'><strong>ρ</strong></span> 
     </span>
    </p>
   </div>
   <div class='ocr_carea' id='block_1_57' title="bbox 489 3156 2144 3214">
    <p class='ocr_par' dir='ltr' id='par_1_57' title="bbox 489 3156 2144 3214">
     <span class='ocr_line' id='line_1_57' title="bbox 489 3156 2144 3214; baseline 0.001 -4"><span class='ocrx_word' id='word_1_374' title='bbox 489 3156 753 3210; x_wconf 88' lang='lat' dir='ltr'><strong>mittunt.</strong></span> <span class='ocrx_word' id='word_1_375' title='bbox 787 3156 1039 3211; x_wconf 89' lang='lat' dir='ltr'><strong>Omnino</strong></span> <span class='ocrx_word' id='word_1_376' title='bbox 1072 3157 1511 3212; x_wconf 89' lang='lat' dir='ltr'><strong>rescribendum</strong></span> <span class='ocrx_word' id='word_1_377' title='bbox 1544 3174 1556 3212; x_wconf 91' lang='lat'><strong>:</strong></span> <span class='ocrx_word' id='word_1_378' title='bbox 1590 3159 1718 3214; x_wconf 74' lang='lat' dir='ltr'><strong>Haec</strong></span> <span class='ocrx_word' id='word_1_379' title='bbox 1747 3156 1942 3214; x_wconf 78' lang='lat' dir='ltr'><strong>omnia</strong></span> <span class='ocrx_word' id='word_1_380' title='bbox 1968 3160 2144 3214; x_wconf 88' lang='lat' dir='ltr'><strong>sciunt</strong></span> 
     </span>
    </p>
   </div>
   <div class='ocr_carea' id='block_1_58' title="bbox 484 3227 2140 3301">
    <p class='ocr_par' dir='ltr' id='par_1_58' title="bbox 484 3227 2140 3301">
     <span class='ocr_line' id='line_1_58' title="bbox 484 3227 2140 3301; baseline 0.002 -20"><span class='ocrx_word' id='word_1_381' title='bbox 484 3227 745 3301; x_wconf 78' lang='lat' dir='ltr'><strong>pleraque</strong></span> <span class='ocrx_word' id='word_1_382' title='bbox 774 3245 906 3297; x_wconf 90' lang='lat' dir='ltr'><strong>pars</strong></span> <span class='ocrx_word' id='word_1_383' title='bbox 935 3237 1199 3282; x_wconf 86' lang='lat' dir='ltr'><strong>vestrum.</strong></span> <span class='ocrx_word' id='word_1_384' title='bbox 1227 3227 1542 3283; x_wconf 87' lang='lat' dir='ltr'><strong>Sallustius</strong></span> <span class='ocrx_word' id='word_1_385' title='bbox 1584 3229 1843 3296; x_wconf 85' lang='lat' dir='ltr'><strong>Jugurth,</strong></span> <span class='ocrx_word' id='word_1_386' title='bbox 1875 3245 2002 3301; x_wconf 89' lang='lat' dir='ltr'><strong>cap.</strong></span> <span class='ocrx_word' id='word_1_387' title='bbox 2037 3231 2140 3285; x_wconf 81' lang='lat' dir='ltr'><strong>i8:</strong></span> 
     </span>
    </p>
   </div>
   <div class='ocr_carea' id='block_1_59' title="bbox 485 3298 2141 3379">
    <p class='ocr_par' dir='ltr' id='par_1_59' title="bbox 485 3298 2141 3379">
     <span class='ocr_line' id='line_1_59' title="bbox 485 3298 2141 3379; baseline 0.002 -27"><span class='ocrx_word' id='word_1_388' title='bbox 485 3298 856 3379; x_wconf 46' lang='lat' dir='ltr'><strong>{fricsepars</strong></span> <span class='ocrx_word' id='word_1_389' title='bbox 886 3301 1408 3379; x_wconf 67' lang='lat' dir='ltr'><strong>inferiorpleraque</strong></span> <span class='ocrx_word' id='word_1_390' title='bbox 1431 3301 1755 3379; x_wconf 81' lang='lat' dir='ltr'><strong>_a__Numidis</strong></span> <span class='ocrx_word' id='word_1_391' title='bbox 1780 3298 2025 3379; x_wconf 66' lang='lat' dir='ltr'><strong>possessa</strong></span> <span class='ocrx_word' id='word_1_392' title='bbox 2046 3309 2141 3358; x_wconf 91' lang='lat' dir='ltr'><strong>est.</strong></span> 
     </span>
    </p>
   </div>
   <div class='ocr_carea' id='block_1_60' title="bbox 488 3369 1874 3445">
    <p class='ocr_par' dir='ltr' id='par_1_60' title="bbox 488 3369 1874 3445">
     <span class='ocr_line' id='line_1_60' title="bbox 488 3369 1874 3445; baseline 0.001 -19"><span class='ocrx_word' id='word_1_393' title='bbox 488 3369 585 3426; x_wconf 90' lang='lat' dir='ltr'><strong>Sic</strong></span> <span class='ocrx_word' id='word_1_394' title='bbox 618 3375 674 3426; x_wconf 89' lang='lat' dir='ltr'><strong>et</strong></span> <span class='ocrx_word' id='word_1_395' title='bbox 701 3369 1000 3426; x_wconf 87' lang='lat' dir='ltr'><strong>Juvencus</strong></span> <span class='ocrx_word' id='word_1_396' title='bbox 1025 3369 1166 3426; x_wconf 70' lang='lat' dir='ltr'><strong>Hist.</strong></span> <span class='ocrx_word' id='word_1_397' title='bbox 1193 3369 1398 3442; x_wconf 79' lang='lat' dir='ltr'><strong>Evang.</strong></span> <span class='ocrx_word' id='word_1_398' title='bbox 1431 3371 1532 3426; x_wconf 91' lang='lat' dir='ltr'><strong>lib.</strong></span> <span class='ocrx_word' id='word_1_399' title='bbox 1566 3389 1606 3440; x_wconf 85' lang='lat'><strong>1,</strong></span> <span class='ocrx_word' id='word_1_400' title='bbox 1640 3369 1874 3445; x_wconf 43' lang='lat' dir='ltr'><strong>pag._9:</strong></span> 
     </span>
    </p>
   </div>
   <div class='ocr_carea' id='block_1_61' title="bbox 617 3458 1911 3532">
    <p class='ocr_par' dir='ltr' id='par_1_61' title="bbox 617 3458 1911 3532">
     <span class='ocr_line' id='line_1_61' title="bbox 617 3458 1911 3532; baseline 0.002 -25"><span class='ocrx_word' id='word_1_401' title='bbox 617 3459 776 3532; x_wconf 62' lang='lat' dir='ltr'><strong>Istius</strong></span> <span class='ocrx_word' id='word_1_402' title='bbox 805 3458 893 3508; x_wconf 90' lang='lat' dir='ltr'><strong>hic</strong></span> <span class='ocrx_word' id='word_1_403' title='bbox 923 3459 1119 3532; x_wconf 71' lang='lat' dir='ltr'><strong>populi</strong></span> <span class='ocrx_word' id='word_1_404' title='bbox 1139 3463 1343 3532; x_wconf 75' lang='lat' dir='ltr'><strong>partem</strong></span> <span class='ocrx_word' id='word_1_405' title='bbox 1376 3459 1685 3525; x_wconf 83' lang='lat' dir='ltr'><strong>pleramque</strong></span> <span class='ocrx_word' id='word_1_406' title='bbox 1715 3462 1911 3511; x_wconf 79' lang='lat' dir='ltr'><strong>reverti</strong></span> 
     </span>
    </p>
   </div>
   <div class='ocr_carea' id='block_1_62' title="bbox 611 3522 1331 3572">
    <p class='ocr_par' dir='ltr' id='par_1_62' title="bbox 611 3522 1331 3572">
     <span class='ocr_line' id='line_1_62' title="bbox 611 3522 1331 3572; baseline 0.001 -2"><span class='ocrx_word' id='word_1_407' title='bbox 611 3522 692 3570; x_wconf 80' lang='lat' dir='ltr'><strong>Ad</strong></span> <span class='ocrx_word' id='word_1_408' title='bbox 715 3535 902 3571; x_wconf 89' lang='lat' dir='ltr'><strong>verum</strong></span> <span class='ocrx_word' id='word_1_409' title='bbox 933 3522 1184 3572; x_wconf 89' lang='lat' dir='ltr'><strong>suadebit</strong></span> <span class='ocrx_word' id='word_1_410' title='bbox 1212 3523 1331 3572; x_wconf 87' lang='lat' dir='ltr'><strong>iter.</strong></span> 
     </span>
    </p>
   </div>
   <div class='ocr_carea' id='block_1_63' title="bbox 488 3608 2143 3682">
    <p class='ocr_par' dir='ltr' id='par_1_63' title="bbox 488 3608 2143 3682">
     <span class='ocr_line' id='line_1_63' title="bbox 488 3608 2143 3682; baseline 0.002 -17"><span class='ocrx_word' id='word_1_411' title='bbox 488 3608 606 3665; x_wconf 81' lang='lat' dir='ltr'><strong>Nec</strong></span> <span class='ocrx_word' id='word_1_412' title='bbox 680 3610 994 3682; x_wconf 87' lang='lat' dir='ltr'><strong>quisquam</strong></span> <span class='ocrx_word' id='word_1_413' title='bbox 1073 3609 1569 3682; x_wconf 87' lang='lat' dir='ltr'><strong>constructionem</strong></span> <span class='ocrx_word' id='word_1_414' title='bbox 1648 3610 1931 3668; x_wconf 88' lang='lat' dir='ltr'><strong>miretur:</strong></span> <span class='ocrx_word' id='word_1_415' title='bbox 2007 3629 2143 3668; x_wconf 89' lang='lat' dir='ltr'><strong>nam</strong></span> 
     </span>
    </p>
   </div>
   <div class='ocr_carea' id='block_1_64' title="bbox 482 3681 2140 3756">
    <p class='ocr_par' dir='ltr' id='par_1_64' title="bbox 482 3681 2140 3756">
     <span class='ocr_line' id='line_1_64' title="bbox 482 3681 2140 3756; baseline 0.005 -23"><span class='ocrx_word' id='word_1_416' title='bbox 482 3696 618 3756; x_wconf 74' lang='lat' dir='ltr'><strong>pars</strong></span> <span class='ocrx_word' id='word_1_417' title='bbox 678 3681 890 3737; x_wconf 85' lang='lat' dir='ltr'><strong>nomen</strong></span> <span class='ocrx_word' id='word_1_418' title='bbox 947 3686 1037 3737; x_wconf 91' lang='lat' dir='ltr'><strong>est</strong></span> <span class='ocrx_word' id='word_1_419' title='bbox 1094 3681 1514 3738; x_wconf 88' lang='lat' dir='ltr'><strong>multitudinis.</strong></span> <span class='ocrx_word' id='word_1_420' title='bbox 1572 3683 1854 3756; x_wconf 86' lang='lat' dir='ltr'><strong>Virgilius</strong></span> <span class='ocrx_word' id='word_1_421' title='bbox 1914 3687 2038 3740; x_wconf 72' lang='grc' dir='ltr'><strong>Αῖη.</strong></span> <span class='ocrx_word' id='word_1_422' title='bbox 2100 3702 2140 3750; x_wconf 83' lang='grc' dir='ltr'>ι,</span> 
     </span>
    </p>
   </div>
   <div class='ocr_carea' id='block_1_65' title="bbox 487 3752 1370 3874">
    <p class='ocr_par' dir='ltr' id='par_1_65' title="bbox 487 3752 1370 3874">
     <span class='ocr_line' id='line_1_65' title="bbox 487 3752 1370 3874; baseline 0 -2"><span class='ocrx_word' id='word_1_423' title='bbox 487 3752 596 3807; x_wconf 65' lang='grc'>212</span> <span class='ocrx_word' id='word_1_424' title='bbox 621 3794 633 3806; x_wconf 53' lang='grc'><em>’</em></span> <span class='ocrx_word' id='word_1_425' title='bbox 738 3823 866 3872; x_wconf 87' lang='lat' dir='ltr'><strong>Pars</strong></span> <span class='ocrx_word' id='word_1_426' title='bbox 885 3822 940 3871; x_wconf 90' lang='lat' dir='ltr'><strong>in</strong></span> <span class='ocrx_word' id='word_1_427' title='bbox 971 3823 1139 3872; x_wconf 86' lang='lat' dir='ltr'><strong>frusta</strong></span> <span class='ocrx_word' id='word_1_428' title='bbox 1169 3828 1370 3874; x_wconf 83' lang='lat' dir='ltr'><strong>secant.</strong></span> 
     </span>
    </p>
   </div>
   <div class='ocr_carea' id='block_1_66' title="bbox 490 3901 1226 3974">
    <p class='ocr_par' dir='ltr' id='par_1_66' title="bbox 490 3901 1226 3974">
     <span class='ocr_line' id='line_1_66' title="bbox 490 3901 1226 3974; baseline -0.003 -12"><span class='ocrx_word' id='word_1_429' title='bbox 490 3902 730 3962; x_wconf 88' lang='lat' dir='ltr'><strong>Ovidius</strong></span> <span class='ocrx_word' id='word_1_430' title='bbox 757 3901 977 3959; x_wconf 80' lang='lat' dir='ltr'><strong>Metam.</strong></span> <span class='ocrx_word' id='word_1_431' title='bbox 1010 3906 1056 3972; x_wconf 92' lang='grc' dir='ltr'>Ι,</span> <span class='ocrx_word' id='word_1_432' title='bbox 1086 3903 1226 3974; x_wconf 66' lang='grc' dir='ltr'><strong>244ε</strong></span> 
     </span>
    </p>
   </div>
   <div class='ocr_carea' id='block_1_67' title="bbox 738 3991 1661 4058">
    <p class='ocr_par' dir='ltr' id='par_1_67' title="bbox 738 3991 1661 4058">
     <span class='ocr_line' id='line_1_67' title="bbox 738 3991 1661 4058; baseline 0.002 -17"><span class='ocrx_word' id='word_1_433' title='bbox 738 3991 891 4042; x_wconf 88' lang='lat' dir='ltr'><strong>Dicta</strong></span> <span class='ocrx_word' id='word_1_434' title='bbox 919 3992 1066 4042; x_wconf 87' lang='lat' dir='ltr'><strong>Jovis</strong></span> <span class='ocrx_word' id='word_1_435' title='bbox 1094 4006 1222 4056; x_wconf 83' lang='lat' dir='ltr'><strong>pars</strong></span> <span class='ocrx_word' id='word_1_436' title='bbox 1251 4006 1383 4044; x_wconf 87' lang='lat' dir='ltr'><strong>voce</strong></span> <span class='ocrx_word' id='word_1_437' title='bbox 1410 3993 1661 4058; x_wconf 89' lang='lat' dir='ltr'><strong>probant.</strong></span> 
     </span>
    </p>
   </div>
   <div class='ocr_carea' id='block_1_68' title="bbox 488 4080 2142 4150">
    <p class='ocr_par' dir='ltr' id='par_1_68' title="bbox 488 4080 2142 4150">
     <span class='ocr_line' id='line_1_68' title="bbox 488 4080 2142 4150; baseline 0.002 -15"><span class='ocrx_word' id='word_1_438' title='bbox 488 4080 718 4138; x_wconf 90' lang='lat' dir='ltr'><strong>Videsis</strong></span> <span class='ocrx_word' id='word_1_439' title='bbox 773 4081 1098 4138; x_wconf 85' lang='lat' dir='ltr'><strong>Ausonium</strong></span> <span class='ocrx_word' id='word_1_440' title='bbox 1151 4082 1212 4137; x_wconf 91' lang='lat' dir='ltr'><strong>in</strong></span> <span class='ocrx_word' id='word_1_441' title='bbox 1270 4083 1484 4139; x_wconf 78' lang='lat' dir='ltr'><strong>Thalete</strong></span> <span class='ocrx_word' id='word_1_442' title='bbox 1540 4100 1625 4150; x_wconf 82' lang='lat' dir='ltr'><strong>v1,</strong></span> <span class='ocrx_word' id='word_1_443' title='bbox 1675 4084 1764 4138; x_wconf 84' lang='lat'><strong>27.</strong></span> <span class='ocrx_word' id='word_1_444' title='bbox 1825 4088 2014 4139; x_wconf 67' lang='lat' dir='ltr'><strong>Dsws.</strong></span> <span class='ocrx_word' id='word_1_445' title='bbox 2073 4115 2142 4124; x_wconf 79' lang='lat'><em>-</em></span> 
     </span>
    </p>
   </div>
   <div class='ocr_carea' id='block_1_69' title="bbox 488 4153 2137 4211">
    <p class='ocr_par' dir='ltr' id='par_1_69' title="bbox 488 4153 2137 4211">
     <span class='ocr_line' id='line_1_69' title="bbox 488 4153 2137 4211; baseline 0.001 -2"><span class='ocrx_word' id='word_1_446' title='bbox 488 4153 799 4209; x_wconf 90' lang='lat' dir='ltr'><strong>Ordinaria</strong></span> <span class='ocrx_word' id='word_1_447' title='bbox 837 4154 1147 4209; x_wconf 86' lang='lat' dir='ltr'><strong>verborum</strong></span> <span class='ocrx_word' id='word_1_448' title='bbox 1198 4153 1407 4210; x_wconf 81' lang='lat' dir='ltr'><strong>horum</strong></span> <span class='ocrx_word' id='word_1_449' title='bbox 1457 4155 1813 4210; x_wconf 90' lang='lat' dir='ltr'><strong>constructio</strong></span> <span class='ocrx_word' id='word_1_450' title='bbox 1861 4154 1982 4209; x_wconf 65' lang='lat' dir='ltr'><strong>hac</strong></span> <span class='ocrx_word' id='word_1_451' title='bbox 2013 4159 2137 4211; x_wconf 88' lang='lat' dir='ltr'><strong>est:</strong></span> 
     </span>
    </p>
   </div>
   <div class='ocr_carea' id='block_1_70' title="bbox 485 4225 2139 4298">
    <p class='ocr_par' dir='ltr' id='par_1_70' title="bbox 485 4225 2139 4298">
     <span class='ocr_line' id='line_1_70' title="bbox 485 4225 2139 4298; baseline -0.001 -16"><span class='ocrx_word' id='word_1_452' title='bbox 485 4227 747 4298; x_wconf 83' lang='lat' dir='ltr'><strong>Plerique</strong></span> <span class='ocrx_word' id='word_1_453' title='bbox 801 4233 1042 4282; x_wconf 84' lang='lat' dir='ltr'><strong>vestrum</strong></span> <span class='ocrx_word' id='word_1_454' title='bbox 1095 4226 1276 4280; x_wconf 87' lang='lat' dir='ltr'><strong>sciunt</strong></span> <span class='ocrx_word' id='word_1_455' title='bbox 1333 4227 1476 4298; x_wconf 86' lang='lat' dir='ltr'><strong>ipsos</strong></span> <span class='ocrx_word' id='word_1_456' title='bbox 1532 4225 1806 4282; x_wconf 64' lang='lat' dir='ltr'><strong>dw-monas</strong></span> <span class='ocrx_word' id='word_1_457' title='bbox 1864 4227 1980 4284; x_wconf 71' lang='lat' dir='ltr'><strong>haec</strong></span> <span class='ocrx_word' id='word_1_458' title='bbox 2025 4243 2139 4282; x_wconf 92' lang='lat' dir='ltr'><strong>om-</strong></span> 
     </span>
    </p>
   </div>
   <div class='ocr_carea' id='block_1_71' title="bbox 485 4296 2140 4371">
    <p class='ocr_par' dir='ltr' id='par_1_71' title="bbox 485 4296 2140 4371">
     <span class='ocr_line' id='line_1_71' title="bbox 485 4296 2140 4371; baseline 0 -19"><span class='ocrx_word' id='word_1_459' title='bbox 485 4297 584 4352; x_wconf 86' lang='lat' dir='ltr'><strong>nia</strong></span> <span class='ocrx_word' id='word_1_460' title='bbox 613 4296 676 4352; x_wconf 87' lang='lat' dir='ltr'><strong>de</strong></span> <span class='ocrx_word' id='word_1_461' title='bbox 705 4299 1012 4371; x_wconf 79' lang='lat' dir='ltr'><strong>semetipsis</strong></span> <span class='ocrx_word' id='word_1_462' title='bbox 1034 4298 1330 4371; x_wconf 81' lang='lat' dir='ltr'><strong>_conﬁteri.</strong></span> <span class='ocrx_word' id='word_1_463' title='bbox 1353 4296 1479 4354; x_wconf 37' lang='lat' dir='ltr'><strong>‘Nec</strong></span> <span class='ocrx_word' id='word_1_464' title='bbox 1512 4315 1642 4353; x_wconf 90' lang='lat' dir='ltr'><strong>rara</strong></span> <span class='ocrx_word' id='word_1_465' title='bbox 1688 4303 1777 4354; x_wconf 91' lang='lat' dir='ltr'><strong>est</strong></span> <span class='ocrx_word' id='word_1_466' title='bbox 1800 4299 1958 4371; x_wconf 75' lang='lat' dir='ltr'><strong>apud</strong></span> <span class='ocrx_word' id='word_1_467' title='bbox 1993 4299 2140 4368; x_wconf 87' lang='lat' dir='ltr'><strong>opti-</strong></span> 
     </span>
    </p>
   </div>
   <div class='ocr_carea' id='block_1_72' title="bbox 487 4368 2136 4442">
    <p class='ocr_par' dir='ltr' id='par_1_72' title="bbox 487 4368 2136 4442">
     <span class='ocr_line' id='line_1_72' title="bbox 487 4368 2136 4442; baseline 0 -18"><span class='ocrx_word' id='word_1_468' title='bbox 487 4385 616 4424; x_wconf 92' lang='lat' dir='ltr'><strong>mos</strong></span> <span class='ocrx_word' id='word_1_469' title='bbox 638 4368 954 4440; x_wconf 83' lang='lat' dir='ltr'><strong>scriptores</strong></span> <span class='ocrx_word' id='word_1_470' title='bbox 973 4368 1108 4442; x_wconf 84' lang='lat' dir='ltr'><strong>talis</strong></span> <span class='ocrx_word' id='word_1_471' title='bbox 1130 4369 1380 4442; x_wconf 90' lang='lat' dir='ltr'><strong>duorum</strong></span> <span class='ocrx_word' id='word_1_472' title='bbox 1405 4375 1761 4442; x_wconf 74' lang='lat' dir='ltr'><strong>commntum</strong></span> <span class='ocrx_word' id='word_1_473' title='bbox 1795 4368 2136 4442; x_wconf 84' lang='lat' dir='ltr'><strong>implicatio.</strong></span> 
     </span>
    </p>
   </div>
   <div class='ocr_carea' id='block_1_73' title="bbox 485 4441 2216 4538">
    <p class='ocr_par' dir='ltr' id='par_1_73' title="bbox 485 4441 2216 4538">
     <span class='ocr_line' id='line_1_73' title="bbox 485 4441 2216 4538; baseline 0.001 -43"><span class='ocrx_word' id='word_1_474' title='bbox 485 4443 790 4538; x_wconf 43' lang='lat' dir='ltr'><strong>pateﬁunt,</strong></span> <span class='ocrx_word' id='word_1_475' title='bbox 815 4456 947 4497; x_wconf 88' lang='lat' dir='ltr'><strong>cum</strong></span> <span class='ocrx_word' id='word_1_476' title='bbox 980 4441 1038 4495; x_wconf 91' lang='lat' dir='ltr'><strong>in</strong></span> <span class='ocrx_word' id='word_1_477' title='bbox 1071 4457 1182 4538; x_wconf 77' lang='lat' dir='ltr'><strong>ms.</strong></span> <span class='ocrx_word' id='word_1_478' title='bbox 1216 4441 1413 4538; x_wconf 58' lang='lat' dir='ltr'><strong>codlice</strong></span> <span class='ocrx_word' id='word_1_479' title='bbox 1444 4441 1525 4538; x_wconf 59' lang='lat' dir='ltr'><strong>ita</strong></span> <span class='ocrx_word' id='word_1_480' title='bbox 1555 4446 1854 4538; x_wconf 45' lang='lat' dir='ltr'><strong>egeratum</strong></span> <span class='ocrx_word' id='word_1_481' title='bbox 1888 4442 2138 4538; x_wconf 50' lang='lat' dir='ltr'><strong>rsp‘eria&#39;:</strong></span> <span class='ocrx_word' id='word_1_482' title='bbox 2170 4473 2216 4538; x_wconf 83' lang='lat' dir='ltr'><strong>D</strong></span> 
     </span>
    </p>
   </div>
   <div class='ocr_carea' id='block_1_74' title="bbox 2322 2224 3876 2300">
    <p class='ocr_par' dir='ltr' id='par_1_74' title="bbox 2322 2224 3876 2300">
     <span class='ocr_line' id='line_1_74' title="bbox 2322 2224 3876 2300; baseline -0.001 -18"><span class='ocrx_word' id='word_1_483' title='bbox 2322 2228 2435 2296; x_wconf 88' lang='grc'>(23)</span> <span class='ocrx_word' id='word_1_484' title='bbox 2465 2227 2874 2300; x_wconf 83' lang='lat' dir='ltr'><strong>Ipsistestibus.</strong></span> <span class='ocrx_word' id='word_1_485' title='bbox 2937 2226 3111 2281; x_wconf 88' lang='lat' dir='ltr'><strong>Teste</strong></span> <span class='ocrx_word' id='word_1_486' title='bbox 3154 2224 3281 2300; x_wconf 78' lang='lat' dir='ltr'><strong>viro</strong></span> <span class='ocrx_word' id='word_1_487' title='bbox 3343 2226 3514 2300; x_wconf 83' lang='lat' dir='ltr'><strong>docto</strong></span> <span class='ocrx_word' id='word_1_488' title='bbox 3573 2227 3628 2281; x_wconf 91' lang='lat' dir='ltr'><strong>in</strong></span> <span class='ocrx_word' id='word_1_489' title='bbox 3669 2227 3876 2282; x_wconf 83' lang='lat' dir='ltr'><strong>Misoellt</strong></span> 
     </span>
    </p>
   </div>
   <div class='ocr_carea' id='block_1_75' title="bbox 2253 2297 3877 2369">
    <p class='ocr_par' dir='ltr' id='par_1_75' title="bbox 2253 2297 3877 2369">
     <span class='ocr_line' id='line_1_75' title="bbox 2253 2297 3877 2369; baseline -0.001 -15"><span class='ocrx_word' id='word_1_490' title='bbox 2253 2297 2497 2355; x_wconf 44' lang='lat' dir='ltr'><strong>Observﬁ</strong></span> <span class='ocrx_word' id='word_1_491' title='bbox 2535 2299 2694 2366; x_wconf 84' lang='grc'>1734,</span> <span class='ocrx_word' id='word_1_492' title='bbox 2744 2298 2858 2353; x_wconf 92' lang='lat' dir='ltr'><strong>vol.</strong></span> <span class='ocrx_word' id='word_1_493' title='bbox 2915 2313 3108 2369; x_wconf 10' lang='lat' dir='ltr'><strong>1v,7p.</strong></span> <span class='ocrx_word' id='word_1_494' title='bbox 3172 2297 3316 2369; x_wconf 24' lang='lat' dir='ltr'>A423,</span> <span class='ocrx_word' id='word_1_495' title='bbox 3394 2297 3456 2352; x_wconf 92' lang='lat' dir='ltr'><strong>in</strong></span> <span class='ocrx_word' id='word_1_496' title='bbox 3535 2314 3642 2353; x_wconf 90' lang='lat' dir='ltr'><strong>ms.</strong></span> <span class='ocrx_word' id='word_1_497' title='bbox 3722 2303 3877 2354; x_wconf 87' lang='lat' dir='ltr'><strong>exstat</strong></span> 
     </span>
    </p>
   </div>
   <div class='ocr_carea' id='block_1_76' title="bbox 2252 2366 3877 2442">
    <p class='ocr_par' dir='ltr' id='par_1_76' title="bbox 2252 2366 3877 2442">
     <span class='ocr_line' id='line_1_76' title="bbox 2252 2366 3877 2442; baseline -0.002 -16"><span class='ocrx_word' id='word_1_498' title='bbox 2252 2371 2456 2426; x_wconf 77' lang='lat' dir='ltr'><strong>credite</strong></span> <span class='ocrx_word' id='word_1_499' title='bbox 2549 2371 2710 2440; x_wconf 80' lang='lat' dir='ltr'><strong>ﬁssis,</strong></span> <span class='ocrx_word' id='word_1_500' title='bbox 2798 2366 3098 2442; x_wconf 49' lang='lat' dir='ltr'><strong>quamvis</strong></span> <span class='ocrx_word' id='word_1_501' title='bbox 3135 2366 3522 2442; x_wconf 82' lang='lat' dir='ltr'><strong>aliquatenus</strong></span> <span class='ocrx_word' id='word_1_502' title='bbox 3606 2369 3707 2424; x_wconf 90' lang='lat' dir='ltr'><strong>hoc</strong></span> <span class='ocrx_word' id='word_1_503' title='bbox 3763 2370 3877 2442; x_wconf 75' lang='lat' dir='ltr'><strong>ﬁssis</strong></span> 
     </span>
    </p>
   </div>
   <div class='ocr_carea' id='block_1_77' title="bbox 2253 2440 3877 2512">
    <p class='ocr_par' dir='ltr' id='par_1_77' title="bbox 2253 2440 3877 2512">
     <span class='ocr_line' id='line_1_77' title="bbox 2253 2440 3877 2512; baseline -0.001 -15"><span class='ocrx_word' id='word_1_504' title='bbox 2253 2441 2511 2498; x_wconf 84' lang='lat' dir='ltr'><strong>deletum</strong></span> <span class='ocrx_word' id='word_1_505' title='bbox 2546 2442 2659 2497; x_wconf 88' lang='lat' dir='ltr'><strong>sit:</strong></span> <span class='ocrx_word' id='word_1_506' title='bbox 2694 2445 2750 2496; x_wconf 91' lang='lat' dir='ltr'><strong>et</strong></span> <span class='ocrx_word' id='word_1_507' title='bbox 2806 2444 2928 2496; x_wconf 65' lang='lat' dir='ltr'><strong>hinc</strong></span> <span class='ocrx_word' id='word_1_508' title='bbox 2983 2440 3198 2497; x_wconf 83' lang='lat' dir='ltr'><strong>verba:</strong></span> <span class='ocrx_word' id='word_1_509' title='bbox 3228 2440 3298 2496; x_wconf 90' lang='lat' dir='ltr'><strong>de</strong></span> <span class='ocrx_word' id='word_1_510' title='bbox 3318 2456 3375 2496; x_wconf 90' lang='lat' dir='ltr'><strong>se</strong></span> <span class='ocrx_word' id='word_1_511' title='bbox 3431 2458 3620 2496; x_wconf 77' lang='lat' dir='ltr'><strong>verum</strong></span> <span class='ocrx_word' id='word_1_512' title='bbox 3657 2440 3877 2512; x_wconf 80' lang='lat' dir='ltr'><strong>conﬁten-</strong></span> 
     </span>
    </p>
   </div>
   <div class='ocr_carea' id='block_1_78' title="bbox 2253 2512 3876 2584">
    <p class='ocr_par' dir='ltr' id='par_1_78' title="bbox 2253 2512 3876 2584">
     <span class='ocr_line' id='line_1_78' title="bbox 2253 2512 3876 2584; baseline -0.002 -16"><span class='ocrx_word' id='word_1_513' title='bbox 2253 2516 2401 2569; x_wconf 87' lang='lat' dir='ltr'><strong>tibus</strong></span> <span class='ocrx_word' id='word_1_514' title='bbox 2432 2513 2802 2568; x_wconf 89' lang='lat' dir='ltr'><strong>solummodo</strong></span> <span class='ocrx_word' id='word_1_515' title='bbox 2861 2512 3012 2584; x_wconf 71' lang='lat' dir='ltr'><strong>inter</strong></span> <span class='ocrx_word' id='word_1_516' title='bbox 3050 2528 3280 2584; x_wconf 6' lang='lat' dir='ltr'><strong>(versus</strong></span> <span class='ocrx_word' id='word_1_517' title='bbox 3338 2517 3482 2584; x_wconf 88' lang='lat' dir='ltr'><strong>sunt</strong></span> <span class='ocrx_word' id='word_1_518' title='bbox 3520 2513 3750 2584; x_wconf 85' lang='lat' dir='ltr'><strong>(utique,</strong></span> <span class='ocrx_word' id='word_1_519' title='bbox 3794 2513 3876 2567; x_wconf 85' lang='lat' dir='ltr'><strong>sed</strong></span> 
     </span>
    </p>
   </div>
   <div class='ocr_carea' id='block_1_79' title="bbox 2255 2583 3878 2654">
    <p class='ocr_par' dir='ltr' id='par_1_79' title="bbox 2255 2583 3878 2654">
     <span class='ocr_line' id='line_1_79' title="bbox 2255 2583 3878 2654; baseline -0.002 -14"><span class='ocrx_word' id='word_1_520' title='bbox 2255 2586 2459 2640; x_wconf 88' lang='lat' dir='ltr'><strong>eadem</strong></span> <span class='ocrx_word' id='word_1_521' title='bbox 2492 2601 2692 2639; x_wconf 88' lang='lat' dir='ltr'><strong>manu.</strong></span> <span class='ocrx_word' id='word_1_522' title='bbox 2719 2584 2906 2654; x_wconf 67' lang='lat' dir='ltr'><strong>Enn).</strong></span> <span class='ocrx_word' id='word_1_523' title='bbox 2939 2583 3101 2638; x_wconf 89' lang='lat' dir='ltr'><strong>Unde</strong></span> <span class='ocrx_word' id='word_1_524' title='bbox 3145 2583 3391 2654; x_wconf 88' lang='lat' dir='ltr'><strong>quidem</strong></span> <span class='ocrx_word' id='word_1_525' title='bbox 3427 2583 3525 2639; x_wconf 91' lang='lat' dir='ltr'><strong>ille</strong></span> <span class='ocrx_word' id='word_1_526' title='bbox 3556 2583 3878 2652; x_wconf 87' lang='lat' dir='ltr'><strong>coniectabat</strong></span> 
     </span>
    </p>
   </div>
   <div class='ocr_carea' id='block_1_80' title="bbox 2253 2655 3878 2782">
    <p class='ocr_par' dir='ltr' id='par_1_80' title="bbox 2253 2655 3878 2782">
     <span class='ocr_line' id='line_1_80' title="bbox 2253 2655 3878 2782; baseline -0.003 -69"><span class='ocrx_word' id='word_1_527' title='bbox 2253 2659 2390 2728; x_wconf 86' lang='lat' dir='ltr'><strong>Ipsis</strong></span> <span class='ocrx_word' id='word_1_528' title='bbox 2423 2658 2647 2711; x_wconf 83' lang='lat' dir='ltr'><strong>testibus</strong></span> <span class='ocrx_word' id='word_1_529' title='bbox 2678 2672 2791 2711; x_wconf 85' lang='lat' dir='ltr'><strong>esse</strong></span> <span class='ocrx_word' id='word_1_530' title='bbox 2818 2672 2906 2710; x_wconf 82' lang='lat' dir='ltr'><strong>eos</strong></span> <span class='ocrx_word' id='word_1_531' title='bbox 2934 2657 3212 2710; x_wconf 64' lang='lat' dir='ltr'><strong>dwmonas</strong></span> <span class='ocrx_word' id='word_1_532' title='bbox 3241 2656 3461 2712; x_wconf 84' lang='lat' dir='ltr'><strong>credite</strong></span> <span class='ocrx_word' id='word_1_533' title='bbox 3481 2657 3673 2782; x_wconf 58' lang='lat' dir='ltr'><strong>(assis.</strong></span> <span class='ocrx_word' id='word_1_534' title='bbox 3703 2655 3798 2710; x_wconf 89' lang='lat' dir='ltr'><strong>Sed</strong></span> <span class='ocrx_word' id='word_1_535' title='bbox 3831 2655 3878 2708; x_wconf 91' lang='lat' dir='ltr'><strong>in</strong></span> 
     </span>
     <span class='ocr_line' id='line_1_81' title="bbox 2254 2725 3875 2782; baseline -0.003 0"><span class='ocrx_word' id='word_1_536' title='bbox 2254 2727 2355 2782; x_wconf 89' lang='lat' dir='ltr'><strong>tali</strong></span> <span class='ocrx_word' id='word_1_537' title='bbox 2390 2727 2634 2782; x_wconf 86' lang='lat' dir='ltr'><strong>lectione</strong></span> <span class='ocrx_word' id='word_1_538' title='bbox 2673 2727 2817 2781; x_wconf 86' lang='lat' dir='ltr'><strong>illud</strong></span> <span class='ocrx_word' id='word_1_539' title='bbox 2869 2727 3088 2782; x_wconf 85' lang='lat' dir='ltr'><strong>testibus</strong></span> <span class='ocrx_word' id='word_1_540' title='bbox 3145 2725 3322 2782; x_wconf 68' lang='lat' dir='ltr'><strong>longe</strong></span> <span class='ocrx_word' id='word_1_541' title='bbox 3381 2744 3475 2782; x_wconf 89' lang='lat' dir='ltr'><strong>me</strong></span> <span class='ocrx_word' id='word_1_542' title='bbox 3503 2727 3594 2782; x_wconf 91' lang='lat' dir='ltr'><strong>ius</strong></span> <span class='ocrx_word' id='word_1_543' title='bbox 3647 2727 3875 2782; x_wconf 88' lang='lat' dir='ltr'><strong>abesset:</strong></span> 
     </span>
    </p>
   </div>
   <div class='ocr_carea' id='block_1_81' title="bbox 2254 2725 3875 2808">
    <p class='ocr_par' dir='ltr' id='par_1_81' title="bbox 2254 2725 3875 2808">
     <span class='ocr_line' id='line_1_82' title="bbox 2254 2725 3875 2808; baseline -0.002 -26"><span class='ocrx_word' id='word_1_544' title='bbox 2254 2725 2634 2808; x_wconf 32' lang='lat' dir='ltr'><strong>tali‘lectione</strong></span> <span class='ocrx_word' id='word_1_545' title='bbox 2673 2727 2817 2808; x_wconf 80' lang='lat' dir='ltr'><strong>illud</strong></span> <span class='ocrx_word' id='word_1_546' title='bbox 2869 2727 3088 2808; x_wconf 76' lang='lat' dir='ltr'><strong>testibus</strong></span> <span class='ocrx_word' id='word_1_547' title='bbox 3145 2725 3322 2808; x_wconf 79' lang='lat' dir='ltr'><strong>longe</strong></span> <span class='ocrx_word' id='word_1_548' title='bbox 3381 2725 3594 2808; x_wconf 75' lang='lat' dir='ltr'><strong>melius</strong></span> <span class='ocrx_word' id='word_1_549' title='bbox 3647 2727 3875 2808; x_wconf 77' lang='lat' dir='ltr'><strong>abesset:</strong></span> 
     </span>
    </p>
   </div>
   <div class='ocr_carea' id='block_1_82' title="bbox 2256 2797 3875 2870">
    <p class='ocr_par' dir='ltr' id='par_1_82' title="bbox 2256 2797 3875 2870">
     <span class='ocr_line' id='line_1_83' title="bbox 2256 2797 3875 2870; baseline -0.002 -16"><span class='ocrx_word' id='word_1_550' title='bbox 2256 2799 2671 2870; x_wconf 72' lang='lat' dir='ltr'><strong>tautologicum</strong></span> <span class='ocrx_word' id='word_1_551' title='bbox 2704 2799 2858 2854; x_wconf 88' lang='lat' dir='ltr'><strong>enim</strong></span> <span class='ocrx_word' id='word_1_552' title='bbox 2892 2797 3088 2863; x_wconf 90' lang='lat' dir='ltr'><strong>nimis,</strong></span> <span class='ocrx_word' id='word_1_553' title='bbox 3124 2797 3430 2869; x_wconf 87' lang='lat' dir='ltr'><strong>nimisque</strong></span> <span class='ocrx_word' id='word_1_554' title='bbox 3460 2800 3669 2854; x_wconf 90' lang='lat' dir='ltr'><strong>durum</strong></span> <span class='ocrx_word' id='word_1_555' title='bbox 3701 2797 3875 2853; x_wconf 89' lang='lat' dir='ltr'><strong>hocvi-</strong></span> 
     </span>
    </p>
   </div>
   <div class='ocr_carea' id='block_1_83' title="bbox 2255 2870 3878 2940">
    <p class='ocr_par' dir='ltr' id='par_1_83' title="bbox 2255 2870 3878 2940">
     <span class='ocr_line' id='line_1_84' title="bbox 2255 2870 3878 2940; baseline -0.002 -15"><span class='ocrx_word' id='word_1_556' title='bbox 2255 2871 2446 2926; x_wconf 88' lang='lat' dir='ltr'><strong>detur.</strong></span> <span class='ocrx_word' id='word_1_557' title='bbox 2479 2871 2675 2925; x_wconf 87' lang='lat' dir='ltr'><strong>Malim</strong></span> <span class='ocrx_word' id='word_1_558' title='bbox 2710 2871 2906 2940; x_wconf 87' lang='lat' dir='ltr'><strong>itaque</strong></span> <span class='ocrx_word' id='word_1_559' title='bbox 2933 2886 2944 2924; x_wconf 93' lang='lat'>:</span> <span class='ocrx_word' id='word_1_560' title='bbox 2978 2871 3112 2939; x_wconf 87' lang='lat' dir='ltr'><strong>ipsis</strong></span> <span class='ocrx_word' id='word_1_561' title='bbox 3136 2870 3370 2926; x_wconf 85' lang='lat' dir='ltr'><strong>testibus</strong></span> <span class='ocrx_word' id='word_1_562' title='bbox 3391 2887 3512 2926; x_wconf 88' lang='lat' dir='ltr'><strong>esse</strong></span> <span class='ocrx_word' id='word_1_563' title='bbox 3531 2888 3619 2927; x_wconf 87' lang='lat' dir='ltr'><strong>eos</strong></span> <span class='ocrx_word' id='word_1_564' title='bbox 3645 2870 3878 2925; x_wconf 66' lang='lat' dir='ltr'><strong>dwmonas</strong></span> 
     </span>
    </p>
   </div>
   <div class='ocr_carea' id='block_1_84' title="bbox 2255 2941 3876 3010">
    <p class='ocr_par' dir='ltr' id='par_1_84' title="bbox 2255 2941 3876 3010">
     <span class='ocr_line' id='line_1_85' title="bbox 2255 2941 3876 3010; baseline -0.002 -12"><span class='ocrx_word' id='word_1_565' title='bbox 2255 2942 2455 2998; x_wconf 83' lang='lat' dir='ltr'><strong>credite</strong></span> <span class='ocrx_word' id='word_1_566' title='bbox 2483 2942 2551 2997; x_wconf 89' lang='lat' dir='ltr'><strong>de</strong></span> <span class='ocrx_word' id='word_1_567' title='bbox 2578 2959 2633 2998; x_wconf 90' lang='lat' dir='ltr'><strong>se</strong></span> <span class='ocrx_word' id='word_1_568' title='bbox 2660 2958 2847 2997; x_wconf 80' lang='lat' dir='ltr'><strong>verum</strong></span> <span class='ocrx_word' id='word_1_569' title='bbox 2875 2942 3062 3010; x_wconf 74' lang='lat' dir='ltr'><strong>fassis.</strong></span> <span class='ocrx_word' id='word_1_570' title='bbox 3093 2941 3301 2996; x_wconf 76' lang='lat' dir='ltr'><strong>Worx.</strong></span> <span class='ocrx_word' id='word_1_571' title='bbox 3340 2974 3412 2983; x_wconf 93' lang='lat'>—</span> <span class='ocrx_word' id='word_1_572' title='bbox 3440 2945 3570 2998; x_wconf 86' lang='lat' dir='ltr'><strong>Esse</strong></span> <span class='ocrx_word' id='word_1_573' title='bbox 3597 2959 3678 3000; x_wconf 87' lang='lat' dir='ltr'><strong>eos</strong></span> <span class='ocrx_word' id='word_1_574' title='bbox 3712 2944 3876 2998; x_wconf 60' lang='lat' dir='ltr'><strong>damo-</strong></span> 
     </span>
    </p>
   </div>
   <div class='ocr_carea' id='block_1_85' title="bbox 2254 3012 3337 3084">
    <p class='ocr_par' dir='ltr' id='par_1_85' title="bbox 2254 3012 3337 3084">
     <span class='ocr_line' id='line_1_86' title="bbox 2254 3012 3337 3084; baseline -0.002 -15"><span class='ocrx_word' id='word_1_575' title='bbox 2254 3030 2354 3069; x_wconf 89' lang='lat' dir='ltr'><strong>nas</strong></span> <span class='ocrx_word' id='word_1_576' title='bbox 2383 3015 2756 3068; x_wconf 82' lang='lat' dir='ltr'><strong>manifestum</strong></span> <span class='ocrx_word' id='word_1_577' title='bbox 2789 3012 3095 3084; x_wconf 89' lang='lat' dir='ltr'><strong>glossema.</strong></span> <span class='ocrx_word' id='word_1_578' title='bbox 3136 3012 3337 3067; x_wconf 80' lang='lat' dir='ltr'><strong>HEUM.</strong></span> 
     </span>
    </p>
   </div>
   <div class='ocr_carea' id='block_1_86' title="bbox 2333 3085 3876 3156">
    <p class='ocr_par' dir='ltr' id='par_1_86' title="bbox 2333 3085 3876 3156">
     <span class='ocr_line' id='line_1_87' title="bbox 2333 3085 3876 3156; baseline -0.003 -17"><span class='ocrx_word' id='word_1_579' title='bbox 2333 3086 2444 3156; x_wconf 81' lang='grc'>(24)</span> <span class='ocrx_word' id='word_1_580' title='bbox 2476 3087 2647 3141; x_wconf 84' lang='lat' dir='ltr'><strong>Inviti</strong></span> <span class='ocrx_word' id='word_1_581' title='bbox 2672 3087 2865 3140; x_wconf 81' lang='lat' dir='ltr'><strong>miseri</strong></span> <span class='ocrx_word' id='word_1_582' title='bbox 2897 3085 3216 3155; x_wconf 85' lang='lat' dir='ltr'><strong>corporibus</strong></span> <span class='ocrx_word' id='word_1_583' title='bbox 3241 3085 3656 3141; x_wconf 86' lang='lat' dir='ltr'><strong>inhorrescunt.</strong></span> <span class='ocrx_word' id='word_1_584' title='bbox 3689 3085 3764 3139; x_wconf 87' lang='lat' dir='ltr'><strong>Ita</strong></span> <span class='ocrx_word' id='word_1_585' title='bbox 3789 3099 3876 3137; x_wconf 88' lang='lat' dir='ltr'><strong>ms.</strong></span> 
     </span>
    </p>
   </div>
   <div class='ocr_carea' id='block_1_87' title="bbox 2259 3156 3876 3226">
    <p class='ocr_par' dir='ltr' id='par_1_87' title="bbox 2259 3156 3876 3226">
     <span class='ocr_line' id='line_1_88' title="bbox 2259 3156 3876 3226; baseline -0.002 -16"><span class='ocrx_word' id='word_1_586' title='bbox 2259 3157 2554 3213; x_wconf 75' lang='lat' dir='ltr'><strong>daemones</strong></span> <span class='ocrx_word' id='word_1_587' title='bbox 2631 3156 2883 3226; x_wconf 85' lang='lat' dir='ltr'><strong>adjurati</strong></span> <span class='ocrx_word' id='word_1_588' title='bbox 2941 3157 2999 3210; x_wconf 91' lang='lat' dir='ltr'><strong>in</strong></span> <span class='ocrx_word' id='word_1_589' title='bbox 3074 3156 3428 3226; x_wconf 89' lang='lat' dir='ltr'><strong>corporibus</strong></span> <span class='ocrx_word' id='word_1_590' title='bbox 3487 3158 3876 3218; x_wconf 87' lang='lat' dir='ltr'><strong>inhorrescunt,</strong></span> 
     </span>
    </p>
   </div>
   <div class='ocr_carea' id='block_1_88' title="bbox 2253 3226 3878 3302">
    <p class='ocr_par' dir='ltr' id='par_1_88' title="bbox 2253 3226 3878 3302">
     <span class='ocr_line' id='line_1_89' title="bbox 2253 3226 3878 3302; baseline -0.003 -21"><span class='ocrx_word' id='word_1_591' title='bbox 2253 3228 2406 3302; x_wconf 58' lang='lat' dir='ltr'><strong>idem</strong></span> <span class='ocrx_word' id='word_1_592' title='bbox 2434 3230 2716 3302; x_wconf 65' lang='lat' dir='ltr'><strong>estquod</strong></span> <span class='ocrx_word' id='word_1_593' title='bbox 2764 3228 3021 3302; x_wconf 84' lang='lat' dir='ltr'><strong>Jacobus</strong></span> <span class='ocrx_word' id='word_1_594' title='bbox 3064 3245 3126 3293; x_wconf 78' lang='grc' dir='ltr'><strong>ιι,</strong></span> <span class='ocrx_word' id='word_1_595' title='bbox 3162 3228 3228 3281; x_wconf 92' lang='grc'>19</span> <span class='ocrx_word' id='word_1_596' title='bbox 3258 3229 3408 3302; x_wconf 83' lang='lat' dir='ltr'><strong>dicit</strong></span> <span class='ocrx_word' id='word_1_597' title='bbox 3437 3247 3449 3283; x_wconf 88' lang='lat'><strong>:</strong></span> <span class='ocrx_word' id='word_1_598' title='bbox 3483 3227 3583 3302; x_wconf 73' lang='lat' dir='ltr'><strong>Kal</strong></span> <span class='ocrx_word' id='word_1_599' title='bbox 3615 3226 3878 3302; x_wconf 75' lang='grc' dir='ltr'><strong>φρίσσουσι.</strong></span> 
     </span>
    </p>
   </div>
   <div class='ocr_carea' id='block_1_89' title="bbox 2253 3299 3881 3383">
    <p class='ocr_par' dir='ltr' id='par_1_89' title="bbox 2253 3299 3881 3383">
     <span class='ocr_line' id='line_1_90' title="bbox 2253 3299 3881 3383; baseline -0.004 -27"><span class='ocrx_word' id='word_1_600' title='bbox 2253 3300 2323 3356; x_wconf 89' lang='lat' dir='ltr'><strong>Et</strong></span> <span class='ocrx_word' id='word_1_601' title='bbox 2353 3305 2440 3383; x_wconf 65' lang='lat' dir='ltr'><strong>est</strong></span> <span class='ocrx_word' id='word_1_602' title='bbox 2497 3299 2594 3383; x_wconf 83' lang='lat' dir='ltr'><strong>hic</strong></span> <span class='ocrx_word' id='word_1_603' title='bbox 2623 3299 3134 3383; x_wconf 54' lang='lat' dir='ltr'><strong>primusfructus</strong></span> <span class='ocrx_word' id='word_1_604' title='bbox 3186 3300 3528 3383; x_wconf 64' lang='lat' dir='ltr'><strong>exorcismi.</strong></span> <span class='ocrx_word' id='word_1_605' title='bbox 3589 3299 3729 3383; x_wconf 35' lang='lat' dir='ltr'><strong>Tuam</strong></span> <span class='ocrx_word' id='word_1_606' title='bbox 3777 3313 3881 3383; x_wconf 59' lang='grc' dir='ltr'><strong>νει-(ξ</strong></span> 
     </span>
    </p>
   </div>
   <div class='ocr_carea' id='block_1_90' title="bbox 2254 3366 3879 3440">
    <p class='ocr_par' dir='ltr' id='par_1_90' title="bbox 2254 3366 3879 3440">
     <span class='ocr_line' id='line_1_91' title="bbox 2254 3366 3879 3440; baseline -0.004 -15"><span class='ocrx_word' id='word_1_607' title='bbox 2254 3371 2550 3440; x_wconf 85' lang='lat' dir='ltr'><strong>exsiliunt,</strong></span> <span class='ocrx_word' id='word_1_608' title='bbox 2620 3366 2797 3440; x_wconf 85' lang='lat' dir='ltr'><strong>idque</strong></span> <span class='ocrx_word' id='word_1_609' title='bbox 2873 3370 3058 3438; x_wconf 90' lang='lat' dir='ltr'><strong>inviti,</strong></span> <span class='ocrx_word' id='word_1_610' title='bbox 3139 3373 3205 3424; x_wconf 92' lang='lat' dir='ltr'><strong>ut</strong></span> <span class='ocrx_word' id='word_1_611' title='bbox 3285 3372 3423 3428; x_wconf 87' lang='lat' dir='ltr'><strong>Luc.</strong></span> <span class='ocrx_word' id='word_1_612' title='bbox 3505 3390 3581 3434; x_wconf 83' lang='lat' dir='ltr'><strong>1x,</strong></span> <span class='ocrx_word' id='word_1_613' title='bbox 3655 3372 3752 3427; x_wconf 79' lang='lat'><strong>39:</strong></span> <span class='ocrx_word' id='word_1_614' title='bbox 3802 3366 3879 3440; x_wconf 70' lang='lat' dir='ltr'><strong>Kal</strong></span> 
     </span>
    </p>
   </div>
   <div class='ocr_carea' id='block_1_91' title="bbox 2255 3439 3884 3514">
    <p class='ocr_par' dir='ltr' id='par_1_91' title="bbox 2255 3439 3884 3514">
     <span class='ocr_line' id='line_1_92' title="bbox 2255 3439 3884 3514; baseline -0.002 -20"><span class='ocrx_word' id='word_1_615' title='bbox 2255 3439 2508 3514; x_wconf 62' lang='grc' dir='ltr'><strong>ξξαίωνης</strong></span> <span class='ocrx_word' id='word_1_616' title='bbox 2560 3439 2790 3514; x_wconf 22' lang='grc' dir='ltr'>*κράζει</span> <span class='ocrx_word' id='word_1_617' title='bbox 2909 3440 2998 3514; x_wconf 50' lang='grc' dir='ltr'>καὶ</span> <span class='ocrx_word' id='word_1_618' title='bbox 3101 3443 3407 3514; x_wconf 64' lang='grc' dir='ltr'>σπαρᾲσσει</span> <span class='ocrx_word' id='word_1_619' title='bbox 3526 3442 3681 3498; x_wconf 72' lang='grc' dir='ltr'>αὐτὸν</span> <span class='ocrx_word' id='word_1_620' title='bbox 3777 3439 3884 3511; x_wconf 74' lang='grc' dir='ltr'>μετὰ</span> 
     </span>
    </p>
   </div>
   <div class='ocr_carea' id='block_1_92' title="bbox 2253 3511 3880 3590">
    <p class='ocr_par' dir='ltr' id='par_1_92' title="bbox 2253 3511 3880 3590">
     <span class='ocr_line' id='line_1_93' title="bbox 2253 3511 3880 3590; baseline -0.002 -23"><span class='ocrx_word' id='word_1_621' title='bbox 2253 3511 2428 3590; x_wconf 71' lang='grc' dir='ltr'>ᾆέρρρῦ</span> <span class='ocrx_word' id='word_1_622' title='bbox 2464 3511 2576 3567; x_wconf 52' lang='grc' dir='ltr'><strong>καὶ</strong></span> <span class='ocrx_word' id='word_1_623' title='bbox 2615 3511 2850 3590; x_wconf 21' lang='grc' dir='ltr'><strong>ΛΜΟΓΙΣ</strong></span> <span class='ocrx_word' id='word_1_624' title='bbox 2885 3511 3223 3590; x_wconf 24' lang='grc' dir='ltr'><strong>*ἀποχω-ριῖζ</strong></span> <span class='ocrx_word' id='word_1_625' title='bbox 3257 3513 3334 3569; x_wconf 81' lang='lat' dir='ltr'><strong>Et</strong></span> <span class='ocrx_word' id='word_1_626' title='bbox 3393 3515 3605 3572; x_wconf 80' lang='lat' dir='ltr'><strong>Noster</strong></span> <span class='ocrx_word' id='word_1_627' title='bbox 3658 3530 3772 3590; x_wconf 79' lang='lat' dir='ltr'><strong>cup.</strong></span> <span class='ocrx_word' id='word_1_628' title='bbox 3809 3514 3880 3590; x_wconf 71' lang='lat'><strong>22,</strong></span> 
     </span>
    </p>
   </div>
   <div class='ocr_carea' id='block_1_93' title="bbox 2255 3585 3883 3655">
    <p class='ocr_par' dir='ltr' id='par_1_93' title="bbox 2255 3585 3883 3655">
     <span class='ocr_line' id='line_1_94' title="bbox 2255 3585 3883 3655; baseline -0.001 -15"><span class='ocrx_word' id='word_1_629' title='bbox 2255 3585 2482 3653; x_wconf 73' lang='lat' dir='ltr'><strong>inuitus,</strong></span> <span class='ocrx_word' id='word_1_630' title='bbox 2544 3588 2731 3650; x_wconf 83' lang='lat' dir='ltr'><strong>miser,</strong></span> <span class='ocrx_word' id='word_1_631' title='bbox 2801 3585 3150 3655; x_wconf 82' lang='lat' dir='ltr'><strong>inﬁrmitatis</strong></span> <span class='ocrx_word' id='word_1_632' title='bbox 3207 3590 3492 3654; x_wconf 85' lang='lat' dir='ltr'><strong>argueris,</strong></span> <span class='ocrx_word' id='word_1_633' title='bbox 3553 3604 3650 3644; x_wconf 83' lang='lat' dir='ltr'><strong>nec</strong></span> <span class='ocrx_word' id='word_1_634' title='bbox 3703 3585 3883 3654; x_wconf 77' lang='lat' dir='ltr'><strong>faleris,</strong></span> 
     </span>
    </p>
   </div>
   <div class='ocr_carea' id='block_1_94' title="bbox 2257 3657 3887 3726">
    <p class='ocr_par' dir='ltr' id='par_1_94' title="bbox 2257 3657 3887 3726">
     <span class='ocr_line' id='line_1_95' title="bbox 2257 3657 3887 3726; baseline -0.002 -13"><span class='ocrx_word' id='word_1_635' title='bbox 2257 3657 2464 3714; x_wconf 82' lang='lat' dir='ltr'><strong>LINDN.</strong></span> <span class='ocrx_word' id='word_1_636' title='bbox 2499 3688 2565 3697; x_wconf 94' lang='lat'><strong>—</strong></span> <span class='ocrx_word' id='word_1_637' title='bbox 2596 3657 2790 3712; x_wconf 88' lang='lat' dir='ltr'><strong>Malim</strong></span> <span class='ocrx_word' id='word_1_638' title='bbox 2824 3659 2987 3712; x_wconf 88' lang='lat' dir='ltr'><strong>inviti</strong></span> <span class='ocrx_word' id='word_1_639' title='bbox 3017 3658 3236 3711; x_wconf 82' lang='lat' dir='ltr'><strong>miseris</strong></span> <span class='ocrx_word' id='word_1_640' title='bbox 3296 3660 3630 3726; x_wconf 86' lang='lat' dir='ltr'><strong>corporibus</strong></span> <span class='ocrx_word' id='word_1_641' title='bbox 3676 3658 3887 3712; x_wconf 84' lang='lat' dir='ltr'><strong>inhorre-</strong></span> 
     </span>
    </p>
   </div>
   <div class='ocr_carea' id='block_1_95' title="bbox 2253 3727 3883 3800">
    <p class='ocr_par' dir='ltr' id='par_1_95' title="bbox 2253 3727 3883 3800">
     <span class='ocr_line' id='line_1_96' title="bbox 2253 3727 3883 3800; baseline -0.002 -17"><span class='ocrx_word' id='word_1_642' title='bbox 2253 3733 2427 3783; x_wconf 83' lang='lat' dir='ltr'><strong>scunt.</strong></span> <span class='ocrx_word' id='word_1_643' title='bbox 2480 3728 2732 3784; x_wconf 83' lang='lat' dir='ltr'><strong>Obsessa</strong></span> <span class='ocrx_word' id='word_1_644' title='bbox 2787 3745 3030 3800; x_wconf 89' lang='lat' dir='ltr'><strong>corpora</strong></span> <span class='ocrx_word' id='word_1_645' title='bbox 3085 3727 3421 3800; x_wconf 77' lang='lat' dir='ltr'><strong>Cyprianus</strong></span> <span class='ocrx_word' id='word_1_646' title='bbox 3483 3731 3647 3786; x_wconf 84' lang='lat' dir='ltr'><strong>dixit.</strong></span> <span class='ocrx_word' id='word_1_647' title='bbox 3704 3729 3883 3800; x_wconf 72' lang='lat' dir='ltr'><strong>Mirum</strong></span> 
     </span>
    </p>
   </div>
   <div class='ocr_carea' id='block_1_96' title="bbox 2254 3797 3883 3872">
    <p class='ocr_par' dir='ltr' id='par_1_96' title="bbox 2254 3797 3883 3872">
     <span class='ocr_line' id='line_1_97' title="bbox 2254 3797 3883 3872; baseline -0.002 -17"><span class='ocrx_word' id='word_1_648' title='bbox 2254 3817 2427 3872; x_wconf 90' lang='lat' dir='ltr'><strong>porro</strong></span> <span class='ocrx_word' id='word_1_649' title='bbox 2455 3800 2769 3870; x_wconf 85' lang='lat' dir='ltr'><strong>legendum</strong></span> <span class='ocrx_word' id='word_1_650' title='bbox 2803 3797 2992 3855; x_wconf 80' lang='lat' dir='ltr'><strong>visum</strong></span> <span class='ocrx_word' id='word_1_651' title='bbox 3016 3797 3199 3854; x_wconf 80' lang='lat' dir='ltr'><strong>fuisse</strong></span> <span class='ocrx_word' id='word_1_652' title='bbox 3233 3801 3364 3857; x_wconf 89' lang='lat' dir='ltr'><strong>viro</strong></span> <span class='ocrx_word' id='word_1_653' title='bbox 3415 3803 3586 3858; x_wconf 87' lang='lat' dir='ltr'><strong>docto</strong></span> <span class='ocrx_word' id='word_1_654' title='bbox 3614 3804 3671 3858; x_wconf 88' lang='lat' dir='ltr'><strong>in</strong></span> <span class='ocrx_word' id='word_1_655' title='bbox 3695 3797 3883 3872; x_wconf 65' lang='lat' dir='ltr'><strong>Murali,</strong></span> 
     </span>
    </p>
   </div>
   <div class='ocr_carea' id='block_1_97' title="bbox 2257 3870 3882 3944">
    <p class='ocr_par' dir='ltr' id='par_1_97' title="bbox 2257 3870 3882 3944">
     <span class='ocr_line' id='line_1_98' title="bbox 2257 3870 3882 3944; baseline 0 -18"><span class='ocrx_word' id='word_1_656' title='bbox 2257 3870 2378 3944; x_wconf 73' lang='grc' dir='ltr'><strong>Οὐδ.</strong></span> <span class='ocrx_word' id='word_1_657' title='bbox 2413 3872 2450 3926; x_wconf 83' lang='grc' dir='ltr'><strong>ι.</strong></span> <span class='ocrx_word' id='word_1_658' title='bbox 2479 3871 2533 3926; x_wconf 88' lang='lat' dir='ltr'><strong>d.</strong></span> <span class='ocrx_word' id='word_1_659' title='bbox 2562 3873 2757 3944; x_wconf 82' lang='lat' dir='ltr'><strong>miseri</strong></span> <span class='ocrx_word' id='word_1_660' title='bbox 2774 3872 3186 3944; x_wconf 77' lang='lat' dir='ltr'><strong>inhorrescunt,</strong></span> <span class='ocrx_word' id='word_1_661' title='bbox 3218 3887 3248 3925; x_wconf 91' lang='lat' dir='ltr'><strong>e</strong></span> <span class='ocrx_word' id='word_1_662' title='bbox 3297 3875 3626 3944; x_wconf 84' lang='lat' dir='ltr'><strong>corporibus</strong></span> <span class='ocrx_word' id='word_1_663' title='bbox 3659 3873 3737 3929; x_wconf 81' lang='lat' dir='ltr'><strong>vel</strong></span> 
     </span>
    </p>
   </div>
   <div class='ocr_carea' id='block_1_98' title="bbox 2255 3939 3884 4014">
    <p class='ocr_par' dir='ltr' id='par_1_98' title="bbox 2255 3939 3884 4014">
     <span class='ocr_line' id='line_1_99' title="bbox 2255 3939 3884 4014; baseline -0.002 -16"><span class='ocrx_word' id='word_1_664' title='bbox 2255 3943 2418 4008; x_wconf 85' lang='lat' dir='ltr'><strong>liunt,</strong></span> <span class='ocrx_word' id='word_1_665' title='bbox 2451 3947 2559 3998; x_wconf 91' lang='lat' dir='ltr'><strong>etc.</strong></span> <span class='ocrx_word' id='word_1_666' title='bbox 2593 3943 2664 3998; x_wconf 91' lang='lat' dir='ltr'>Ut</span> <span class='ocrx_word' id='word_1_667' title='bbox 2693 3943 2848 3998; x_wconf 90' lang='lat' dir='ltr'><strong>enim</strong></span> <span class='ocrx_word' id='word_1_668' title='bbox 2881 3960 3057 3998; x_wconf 90' lang='lat' dir='ltr'><strong>sensu</strong></span> <span class='ocrx_word' id='word_1_669' title='bbox 3089 3941 3265 4014; x_wconf 91' lang='lat' dir='ltr'><strong>plano</strong></span> <span class='ocrx_word' id='word_1_670' title='bbox 3314 3939 3578 4002; x_wconf 36' lang='lat' dir='ltr'><strong>ac‘facili</strong></span> <span class='ocrx_word' id='word_1_671' title='bbox 3611 3945 3701 4000; x_wconf 88' lang='lat' dir='ltr'><strong>hic</strong></span> <span class='ocrx_word' id='word_1_672' title='bbox 3745 3939 3884 4014; x_wconf 81' lang='lat' dir='ltr'><strong>adbi-</strong></span> 
     </span>
    </p>
   </div>
   <div class='ocr_carea' id='block_1_99' title="bbox 2251 4011 3886 4086">
    <p class='ocr_par' dir='ltr' id='par_1_99' title="bbox 2251 4011 3886 4086">
     <span class='ocr_line' id='line_1_100' title="bbox 2251 4011 3886 4086; baseline -0.003 -17"><span class='ocrx_word' id='word_1_673' title='bbox 2251 4014 2423 4069; x_wconf 91' lang='lat' dir='ltr'><strong>betur</strong></span> <span class='ocrx_word' id='word_1_674' title='bbox 2478 4014 2729 4086; x_wconf 89' lang='lat' dir='ltr'><strong>phrasis,</strong></span> <span class='ocrx_word' id='word_1_675' title='bbox 2783 4011 3107 4084; x_wconf 69' lang='lat' dir='ltr'><strong>corporibus</strong></span> <span class='ocrx_word' id='word_1_676' title='bbox 3149 4014 3555 4084; x_wconf 84' lang='lat' dir='ltr'><strong>inhorrescere,</strong></span> <span class='ocrx_word' id='word_1_677' title='bbox 3593 4019 3673 4074; x_wconf 90' lang='lat' dir='ltr'><strong>sic</strong></span> <span class='ocrx_word' id='word_1_678' title='bbox 3725 4011 3886 4086; x_wconf 79' lang='lat' dir='ltr'><strong>iubis</strong></span> 
     </span>
    </p>
   </div>
   <div class='ocr_carea' id='block_1_100' title="bbox 2250 4084 3886 4149">
    <p class='ocr_par' dir='ltr' id='par_1_100' title="bbox 2250 4084 3886 4149">
     <span class='ocr_line' id='line_1_101' title="bbox 2250 4084 3886 4149; baseline -0.004 -8"><span class='ocrx_word' id='word_1_679' title='bbox 2250 4098 2302 4142; x_wconf 83' lang='lat' dir='ltr'><strong>et</strong></span> <span class='ocrx_word' id='word_1_680' title='bbox 2357 4085 2438 4141; x_wconf 80' lang='lat' dir='ltr'><strong>rel</strong></span> <span class='ocrx_word' id='word_1_681' title='bbox 2480 4084 2791 4149; x_wconf 63' lang='lat' dir='ltr'><strong>exsiliunt,</strong></span> <span class='ocrx_word' id='word_1_682' title='bbox 2835 4093 2942 4142; x_wconf 90' lang='lat' dir='ltr'><strong>etc.</strong></span> <span class='ocrx_word' id='word_1_683' title='bbox 3011 4088 3505 4145; x_wconf 89' lang='lat' dir='ltr'><strong>commodissime</strong></span> <span class='ocrx_word' id='word_1_684' title='bbox 3573 4084 3886 4144; x_wconf 82' lang='lat' dir='ltr'><strong>subauditur</strong></span> 
     </span>
    </p>
   </div>
   <div class='ocr_carea' id='block_1_101' title="bbox 2251 4156 3884 4234">
    <p class='ocr_par' dir='ltr' id='par_1_101' title="bbox 2251 4156 3884 4234">
     <span class='ocr_line' id='line_1_102' title="bbox 2251 4156 3884 4234; baseline -0.002 -22"><span class='ocrx_word' id='word_1_685' title='bbox 2251 4158 2382 4212; x_wconf 87' lang='lat' dir='ltr'><strong>inde</strong></span> <span class='ocrx_word' id='word_1_686' title='bbox 2411 4156 2692 4234; x_wconf 30' lang='lat' dir='ltr'><strong>velAexniis</strong></span> <span class='ocrx_word' id='word_1_687' title='bbox 2723 4176 2792 4224; x_wconf 87' lang='lat' dir='ltr'><strong>c.,</strong></span> <span class='ocrx_word' id='word_1_688' title='bbox 2826 4175 2939 4234; x_wconf 73' lang='lat' dir='ltr'><strong>nec</strong></span> <span class='ocrx_word' id='word_1_689' title='bbox 2960 4157 3076 4212; x_wconf 87' lang='lat' dir='ltr'><strong>tale</strong></span> <span class='ocrx_word' id='word_1_690' title='bbox 3115 4158 3256 4234; x_wconf 88' lang='lat' dir='ltr'><strong>quid</strong></span> <span class='ocrx_word' id='word_1_691' title='bbox 3284 4231 3296 4234; x_wconf 89' lang='lat'>_</span> <span class='ocrx_word' id='word_1_692' title='bbox 3313 4162 3658 4234; x_wconf 68' lang='lat' dir='ltr'><strong>praiﬁgebat</strong></span> <span class='ocrx_word' id='word_1_693' title='bbox 3685 4156 3884 4234; x_wconf 47' lang='lat' dir='ltr'><strong>Cypria-</strong></span> 
     </span>
    </p>
   </div>
   <div class='ocr_carea' id='block_1_102' title="bbox 2252 4227 3888 4302">
    <p class='ocr_par' dir='ltr' id='par_1_102' title="bbox 2252 4227 3888 4302">
     <span class='ocr_line' id='line_1_103' title="bbox 2252 4227 3888 4302; baseline 0.003 -19"><span class='ocrx_word' id='word_1_694' title='bbox 2252 4245 2364 4283; x_wconf 90' lang='lat' dir='ltr'><strong>nus</strong></span> <span class='ocrx_word' id='word_1_695' title='bbox 2388 4246 2462 4294; x_wconf 84' lang='lat' dir='ltr'><strong>Iv,</strong></span> <span class='ocrx_word' id='word_1_696' title='bbox 2495 4229 2548 4282; x_wconf 85' lang='grc'><strong>7.</strong></span> <span class='ocrx_word' id='word_1_697' title='bbox 2583 4229 2784 4284; x_wconf 70' lang='lat' dir='ltr'><strong>Worx.</strong></span> <span class='ocrx_word' id='word_1_698' title='bbox 2817 4261 2884 4269; x_wconf 91' lang='lat'><strong>—-</strong></span> <span class='ocrx_word' id='word_1_699' title='bbox 2918 4227 3250 4302; x_wconf 87' lang='lat' dir='ltr'><strong>Legendum</strong></span> <span class='ocrx_word' id='word_1_700' title='bbox 3283 4227 3397 4287; x_wconf 61' lang='lat' dir='ltr'><strong>h&#39;oc</strong></span> <span class='ocrx_word' id='word_1_701' title='bbox 3451 4227 3627 4290; x_wconf 64' lang='lat' dir='ltr'><strong>modo</strong></span> <span class='ocrx_word' id='word_1_702' title='bbox 3655 4250 3667 4289; x_wconf 74' lang='grc' dir='ltr'>ε</span> <span class='ocrx_word' id='word_1_703' title='bbox 3698 4227 3818 4284; x_wconf 73' lang='lat' dir='ltr'><strong>Victi</strong></span> <span class='ocrx_word' id='word_1_704' title='bbox 3841 4227 3888 4279; x_wconf 72' lang='grc' dir='ltr'><strong>ξπ</strong></span> 
     </span>
    </p>
   </div>
   <div class='ocr_carea' id='block_1_103' title="bbox 2248 4301 3885 4372">
    <p class='ocr_par' dir='ltr' id='par_1_103' title="bbox 2248 4301 3885 4372">
     <span class='ocr_line' id='line_1_104' title="bbox 2248 4301 3885 4372; baseline 0.004 -18"><span class='ocrx_word' id='word_1_705' title='bbox 2248 4301 2471 4355; x_wconf 85' lang='lat' dir='ltr'><strong>miseris</strong></span> <span class='ocrx_word' id='word_1_706' title='bbox 2499 4302 2814 4370; x_wconf 86' lang='lat' dir='ltr'><strong>corporibus</strong></span> <span class='ocrx_word' id='word_1_707' title='bbox 2845 4301 3247 4357; x_wconf 80' lang='lat' dir='ltr'><strong>inhorrescunt.</strong></span> <span class='ocrx_word' id='word_1_708' title='bbox 3284 4301 3495 4362; x_wconf 75' lang='lat' dir='ltr'><strong>HEUM.</strong></span> <span class='ocrx_word' id='word_1_709' title='bbox 3534 4305 3646 4360; x_wconf 82' lang='lat' dir='ltr'><strong>Alii</strong></span> <span class='ocrx_word' id='word_1_710' title='bbox 3695 4301 3885 4372; x_wconf 62' lang='lat' dir='ltr'><strong>legunt.</strong></span> 
     </span>
    </p>
   </div>
   <div class='ocr_carea' id='block_1_104' title="bbox 2252 4372 2943 4427">
    <p class='ocr_par' dir='ltr' id='par_1_104' title="bbox 2252 4372 2943 4427">
     <span class='ocr_line' id='line_1_105' title="bbox 2252 4372 2943 4427; baseline 0 0"><span class='ocrx_word' id='word_1_711' title='bbox 2252 4372 2637 4427; x_wconf 68' lang='lat' dir='ltr'><strong>inhaerescunt.</strong></span> <span class='ocrx_word' id='word_1_712' title='bbox 2669 4373 2943 4427; x_wconf 81' lang='lat' dir='ltr'><strong>LINnNsn.</strong></span> 
     </span>
    </p>
   </div>
   <div class='ocr_carea' id='block_1_105' title="bbox 2321 4443 3887 4516">
    <p class='ocr_par' dir='ltr' id='par_1_105' title="bbox 2321 4443 3887 4516">
     <span class='ocr_line' id='line_1_106' title="bbox 2321 4443 3887 4516; baseline -0.003 -20"><span class='ocrx_word' id='word_1_713' title='bbox 2321 4444 2432 4514; x_wconf 84' lang='grc'>(25)</span> <span class='ocrx_word' id='word_1_714' title='bbox 2459 4443 2522 4497; x_wconf 83' lang='lat' dir='ltr'><strong>Et</strong></span> <span class='ocrx_word' id='word_1_715' title='bbox 2564 4459 2718 4516; x_wconf 88' lang='lat' dir='ltr'><strong>quem</strong></span> <span class='ocrx_word' id='word_1_716' title='bbox 2769 4445 3045 4516; x_wconf 82' lang='lat' dir='ltr'><strong>metueris,</strong></span> <span class='ocrx_word' id='word_1_717' title='bbox 3106 4445 3399 4514; x_wconf 77' lang='lat' dir='ltr'><strong>infestare.</strong></span> <span class='ocrx_word' id='word_1_718' title='bbox 3461 4450 3624 4504; x_wconf 78' lang='lat' dir='ltr'><strong>Iacet</strong></span> <span class='ocrx_word' id='word_1_719' title='bbox 3681 4455 3887 4516; x_wconf 76' lang='lat' dir='ltr'><strong>prorsus</strong></span> 
     </span>
    </p>
   </div>
   <div class='ocr_carea' id='block_1_106' title="bbox 484 4510 3885 4588">
    <p class='ocr_par' dir='ltr' id='par_1_106' title="bbox 484 4510 3885 4588">
     <span class='ocr_line' id='line_1_107' title="bbox 484 4510 3885 4588; baseline 0 -22"><span class='ocrx_word' id='word_1_720' title='bbox 484 4515 583 4567; x_wconf 92' lang='lat' dir='ltr'><strong>tur</strong></span> <span class='ocrx_word' id='word_1_721' title='bbox 607 4513 858 4588; x_wconf 75' lang='lat' dir='ltr'><strong>plerique</strong></span> <span class='ocrx_word' id='word_1_722' title='bbox 885 4529 1014 4582; x_wconf 89' lang='lat' dir='ltr'><strong>pars</strong></span> <span class='ocrx_word' id='word_1_723' title='bbox 1044 4522 1282 4588; x_wconf 80' lang='lat' dir='ltr'><strong>vestrum</strong></span> <span class='ocrx_word' id='word_1_724' title='bbox 1312 4510 2141 4588; x_wconf 78' lang='lat' dir='ltr'><strong>(quoda_Gronovio_defen_di</strong></span> <span class='ocrx_word' id='word_1_725' title='bbox 2170 4510 2216 4538; x_wconf 75' lang='grc' dir='ltr'><em>υ</em></span> <span class='ocrx_word' id='word_1_726' title='bbox 2250 4517 2306 4588; x_wconf 84' lang='lat' dir='ltr'><strong>et</strong></span> <span class='ocrx_word' id='word_1_727' title='bbox 2330 4510 2623 4588; x_wconf 48' lang='lat' dir='ltr'><strong>&#39;ﬂaccese&#39;it</strong></span> <span class='ocrx_word' id='word_1_728' title='bbox 2670 4514 2875 4577; x_wconf 90' lang='lat' dir='ltr'><strong>oratio,</strong></span> <span class='ocrx_word' id='word_1_729' title='bbox 2909 4515 3021 4570; x_wconf 91' lang='lat' dir='ltr'><strong>nisi</strong></span> <span class='ocrx_word' id='word_1_730' title='bbox 3064 4510 3433 4588; x_wconf 75' lang='lat' dir='ltr'><strong>rescribatur</strong></span> <span class='ocrx_word' id='word_1_731' title='bbox 3458 4538 3471 4574; x_wconf 91' lang='lat'><strong>:</strong></span> <span class='ocrx_word' id='word_1_732' title='bbox 3503 4528 3563 4574; x_wconf 88' lang='lat' dir='ltr'><strong>et</strong></span> <span class='ocrx_word' id='word_1_733' title='bbox 3606 4510 3760 4588; x_wconf 51' lang='lat' dir='ltr'><strong>quin:</strong></span> <span class='ocrx_word' id='word_1_734' title='bbox 3785 4510 3885 4588; x_wconf 70' lang='lat' dir='ltr'><strong>ode-</strong></span> 
     </span>
    </p>
   </div>
   <div class='ocr_carea' id='block_1_107' title="bbox 485 4583 2133 4656">
    <p class='ocr_par' dir='ltr' id='par_1_107' title="bbox 485 4583 2133 4656">
     <span class='ocr_line' id='line_1_108' title="bbox 485 4583 2133 4656; baseline 0.001 -18"><span class='ocrx_word' id='word_1_735' title='bbox 485 4583 973 4656; x_wconf 10' lang='lat' dir='ltr'><strong>nonqmirabitu’r,</strong></span> <span class='ocrx_word' id='word_1_736' title='bbox 999 4584 1101 4656; x_wconf 92' lang='lat' dir='ltr'><strong>qui</strong></span> <span class='ocrx_word' id='word_1_737' title='bbox 1149 4601 1283 4640; x_wconf 91' lang='lat' dir='ltr'><strong>eum</strong></span> <span class='ocrx_word' id='word_1_738' title='bbox 1320 4583 1536 4656; x_wconf 78' lang='lat' dir='ltr'><strong>novit),</strong></span> <span class='ocrx_word' id='word_1_739' title='bbox 1567 4585 1838 4642; x_wconf 86' lang='lat' dir='ltr'><strong>Davisius</strong></span> <span class='ocrx_word' id='word_1_740' title='bbox 1885 4584 2041 4640; x_wconf 88' lang='lat' dir='ltr'><strong>hunc</strong></span> <span class='ocrx_word' id='word_1_741' title='bbox 2075 4585 2133 4640; x_wconf 92' lang='lat' dir='ltr'><strong>in</strong></span> 
     </span>
    </p>
   </div>
   <div class='ocr_carea' id='block_1_108' title="bbox 485 4653 2132 4728">
    <p class='ocr_par' dir='ltr' id='par_1_108' title="bbox 485 4653 2132 4728">
     <span class='ocr_line' id='line_1_109' title="bbox 485 4653 2132 4728; baseline 0.001 -19"><span class='ocrx_word' id='word_1_742' title='bbox 485 4654 730 4728; x_wconf 77' lang='lat' dir='ltr'><strong>modum</strong></span> <span class='ocrx_word' id='word_1_743' title='bbox 762 4653 871 4726; x_wconf 86' lang='lat' dir='ltr'><strong>legi</strong></span> <span class='ocrx_word' id='word_1_744' title='bbox 888 4653 1094 4728; x_wconf 69' lang='lat' dir='ltr'><strong>jubet:</strong></span> <span class='ocrx_word' id='word_1_745' title='bbox 1124 4657 1392 4727; x_wconf 87' lang='lat' dir='ltr'><strong>pleraque</strong></span> <span class='ocrx_word' id='word_1_746' title='bbox 1440 4653 1570 4728; x_wconf 83' lang='lat' dir='ltr'><strong>pars</strong></span> <span class='ocrx_word' id='word_1_747' title='bbox 1625 4661 2132 4728; x_wconf 77' lang='lat' dir='ltr'><strong>vestrum.Verum</strong></span> 
     </span>
    </p>
   </div>
   <div class='ocr_carea' id='block_1_109' title="bbox 486 4725 2136 4801">
    <p class='ocr_par' dir='ltr' id='par_1_109' title="bbox 486 4725 2136 4801">
     <span class='ocr_line' id='line_1_110' title="bbox 486 4725 2136 4801; baseline 0.002 -22"><span class='ocrx_word' id='word_1_748' title='bbox 486 4725 666 4801; x_wconf 84' lang='lat' dir='ltr'><strong>nimis</strong></span> <span class='ocrx_word' id='word_1_749' title='bbox 697 4725 906 4797; x_wconf 78' lang='lat' dir='ltr'><strong>aspera</strong></span> <span class='ocrx_word' id='word_1_750' title='bbox 935 4725 1068 4782; x_wconf 90' lang='lat' dir='ltr'><strong>hinc</strong></span> <span class='ocrx_word' id='word_1_751' title='bbox 1099 4725 1546 4801; x_wconf 75' lang='lat' dir='ltr'><strong>exsistitoratio</strong></span> <span class='ocrx_word' id='word_1_752' title='bbox 1573 4745 1585 4783; x_wconf 93' lang='lat'>:</span> <span class='ocrx_word' id='word_1_753' title='bbox 1614 4729 1804 4801; x_wconf 89' lang='lat' dir='ltr'><strong>qualis</strong></span> <span class='ocrx_word' id='word_1_754' title='bbox 1835 4727 2014 4801; x_wconf 86' lang='lat' dir='ltr'><strong>tribui</strong></span> <span class='ocrx_word' id='word_1_755' title='bbox 2039 4729 2136 4801; x_wconf 88' lang='lat' dir='ltr'><strong>Mi-</strong></span> 
     </span>
    </p>
   </div>
   <div class='ocr_carea' id='block_1_110' title="bbox 485 4797 2134 4856">
    <p class='ocr_par' dir='ltr' id='par_1_110' title="bbox 485 4797 2134 4856">
     <span class='ocr_line' id='line_1_111' title="bbox 485 4797 2134 4856; baseline 0.002 -5"><span class='ocrx_word' id='word_1_756' title='bbox 485 4797 661 4852; x_wconf 89' lang='lat' dir='ltr'><strong>nucio</strong></span> <span class='ocrx_word' id='word_1_757' title='bbox 693 4802 892 4852; x_wconf 90' lang='lat' dir='ltr'><strong>nostro</strong></span> <span class='ocrx_word' id='word_1_758' title='bbox 953 4815 1069 4854; x_wconf 87' lang='lat' dir='ltr'><strong>non</strong></span> <span class='ocrx_word' id='word_1_759' title='bbox 1119 4799 1308 4855; x_wconf 90' lang='lat' dir='ltr'><strong>debet.</strong></span> <span class='ocrx_word' id='word_1_760' title='bbox 1341 4800 1407 4854; x_wconf 89' lang='lat' dir='ltr'><strong>Et</strong></span> <span class='ocrx_word' id='word_1_761' title='bbox 1465 4797 1715 4856; x_wconf 78' lang='lat' dir='ltr'><strong>fortasse</strong></span> <span class='ocrx_word' id='word_1_762' title='bbox 1769 4800 1980 4855; x_wconf 84' lang='lat' dir='ltr'><strong>erravit</strong></span> <span class='ocrx_word' id='word_1_763' title='bbox 2036 4800 2134 4856; x_wconf 79' lang='lat' dir='ltr'><strong>Ri-</strong></span> 
     </span>
    </p>
   </div>
   <div class='ocr_carea' id='block_1_111' title="bbox 484 4867 2136 4942">
    <p class='ocr_par' dir='ltr' id='par_1_111' title="bbox 484 4867 2136 4942">
     <span class='ocr_line' id='line_1_112' title="bbox 484 4867 2136 4942; baseline 0.002 -18"><span class='ocrx_word' id='word_1_764' title='bbox 484 4867 725 4942; x_wconf 83' lang='lat' dir='ltr'><strong>galtius,</strong></span> <span class='ocrx_word' id='word_1_765' title='bbox 751 4868 810 4925; x_wconf 92' lang='lat' dir='ltr'><strong>in</strong></span> <span class='ocrx_word' id='word_1_766' title='bbox 843 4885 953 4942; x_wconf 88' lang='lat' dir='ltr'><strong>ms.</strong></span> <span class='ocrx_word' id='word_1_767' title='bbox 988 4870 1070 4926; x_wconf 92' lang='lat' dir='ltr'><strong>ita</strong></span> <span class='ocrx_word' id='word_1_768' title='bbox 1100 4887 1229 4926; x_wconf 87' lang='lat' dir='ltr'><strong>esse</strong></span> <span class='ocrx_word' id='word_1_769' title='bbox 1259 4872 1492 4927; x_wconf 91' lang='lat' dir='ltr'><strong>docens.</strong></span> <span class='ocrx_word' id='word_1_770' title='bbox 1526 4873 1689 4928; x_wconf 89' lang='lat' dir='ltr'><strong>Certe</strong></span> <span class='ocrx_word' id='word_1_771' title='bbox 1723 4871 2136 4941; x_wconf 86' lang='lat' dir='ltr'><strong>lleraldus,qui</strong></span> 
     </span>
    </p>
   </div>
   <div class='ocr_carea' id='block_1_112' title="bbox 485 4940 2136 5016">
    <p class='ocr_par' dir='ltr' id='par_1_112' title="bbox 485 4940 2136 5016">
     <span class='ocr_line' id='line_1_113' title="bbox 485 4940 2136 5016; baseline 0.001 -20"><span class='ocrx_word' id='word_1_772' title='bbox 485 4940 756 5016; x_wconf 78' lang='lat' dir='ltr'><strong>eumdem</strong></span> <span class='ocrx_word' id='word_1_773' title='bbox 783 4941 1041 5016; x_wconf 72' lang='lat' dir='ltr'><strong>codicem</strong></span> <span class='ocrx_word' id='word_1_774' title='bbox 1081 4942 1223 5016; x_wconf 80' lang='lat' dir='ltr'><strong>suis</strong></span> <span class='ocrx_word' id='word_1_775' title='bbox 1258 4942 1797 5016; x_wconf 75' lang='lat' dir='ltr'><strong>usurpavitoculis,</strong></span> <span class='ocrx_word' id='word_1_776' title='bbox 1826 4940 2136 5016; x_wconf 88' lang='lat' dir='ltr'><strong>verbulum</strong></span> 
     </span>
    </p>
   </div>
   <div class='ocr_carea' id='block_1_113' title="bbox 482 5012 2135 5082">
    <p class='ocr_par' dir='ltr' id='par_1_113' title="bbox 482 5012 2135 5082">
     <span class='ocr_line' id='line_1_114' title="bbox 482 5012 2135 5082; baseline 0.001 -14"><span class='ocrx_word' id='word_1_777' title='bbox 482 5030 613 5082; x_wconf 86' lang='lat' dir='ltr'><strong>pars</strong></span> <span class='ocrx_word' id='word_1_778' title='bbox 643 5012 722 5069; x_wconf 91' lang='lat' dir='ltr'><strong>ibi</strong></span> <span class='ocrx_word' id='word_1_779' title='bbox 754 5030 870 5070; x_wconf 91' lang='lat' dir='ltr'><strong>non</strong></span> <span class='ocrx_word' id='word_1_780' title='bbox 900 5014 1081 5069; x_wconf 89' lang='lat' dir='ltr'><strong>vidit:</strong></span> <span class='ocrx_word' id='word_1_781' title='bbox 1113 5014 1228 5070; x_wconf 90' lang='lat' dir='ltr'><strong>nisi</strong></span> <span class='ocrx_word' id='word_1_782' title='bbox 1258 5012 1810 5071; x_wconf 51' lang='lat' dir='ltr'><strong>forte&#39;manifestum</strong></span> <span class='ocrx_word' id='word_1_783' title='bbox 1856 5015 2135 5069; x_wconf 83' lang='lat' dir='ltr'><strong>mendum</strong></span> 
     </span>
    </p>
   </div>
   <div class='ocr_carea' id='block_1_114' title="bbox 483 5083 1201 5142">
    <p class='ocr_par' dir='ltr' id='par_1_114' title="bbox 483 5083 1201 5142">
     <span class='ocr_line' id='line_1_115' title="bbox 483 5083 1201 5142; baseline 0 -2"><span class='ocrx_word' id='word_1_784' title='bbox 483 5083 742 5141; x_wconf 91' lang='lat' dir='ltr'><strong>indicare</strong></span> <span class='ocrx_word' id='word_1_785' title='bbox 767 5085 973 5142; x_wconf 87' lang='lat' dir='ltr'><strong>noluit.</strong></span> <span class='ocrx_word' id='word_1_786' title='bbox 1012 5087 1201 5141; x_wconf 68' lang='lat' dir='ltr'><strong>“sum.</strong></span> 
     </span>
    </p>
   </div>
   <div class='ocr_carea' id='block_1_115' title="bbox 555 5157 2137 5229">
    <p class='ocr_par' dir='ltr' id='par_1_115' title="bbox 555 5157 2137 5229">
     <span class='ocr_line' id='line_1_116' title="bbox 555 5157 2137 5229; baseline -0.001 -17"><span class='ocrx_word' id='word_1_787' title='bbox 555 5158 666 5226; x_wconf 84' lang='lat'>(22)</span> <span class='ocrx_word' id='word_1_788' title='bbox 725 5157 1024 5214; x_wconf 84' lang='lat' dir='ltr'><strong>Tormentis</strong></span> <span class='ocrx_word' id='word_1_789' title='bbox 1079 5159 1416 5229; x_wconf 85' lang='lat' dir='ltr'><strong>verborum._</strong></span> <span class='ocrx_word' id='word_1_790' title='bbox 1453 5157 1774 5229; x_wconf 79' lang='lat' dir='ltr'><strong>Legebatur</strong></span> <span class='ocrx_word' id='word_1_791' title='bbox 1805 5227 1812 5229; x_wconf 18' lang='grc' dir='ltr'><em>Α</em></span> <span class='ocrx_word' id='word_1_792' title='bbox 1841 5160 2030 5229; x_wconf 87' lang='lat' dir='ltr'><strong>antea,</strong></span> <span class='ocrx_word' id='word_1_793' title='bbox 2053 5228 2056 5229; x_wconf 16' lang='grc' dir='ltr'><em>ν</em></span> <span class='ocrx_word' id='word_1_794' title='bbox 2082 5162 2137 5212; x_wconf 84' lang='lat' dir='ltr'><strong>et</strong></span> 
     </span>
    </p>
   </div>
   <div class='ocr_carea' id='block_1_116' title="bbox 479 5226 2133 5300">
    <p class='ocr_par' dir='ltr' id='par_1_116' title="bbox 479 5226 2133 5300">
     <span class='ocr_line' id='line_1_117' title="bbox 479 5226 2133 5300; baseline -0.001 -16"><span class='ocrx_word' id='word_1_795' title='bbox 479 5230 688 5284; x_wconf 85' lang='lat' dir='ltr'><strong>meritis</strong></span> <span class='ocrx_word' id='word_1_796' title='bbox 740 5230 1048 5296; x_wconf 82' lang='lat' dir='ltr'><strong>verborum,</strong></span> <span class='ocrx_word' id='word_1_797' title='bbox 1108 5227 1464 5300; x_wconf 19' lang='lat' dir='ltr'><strong>quaadlectio</strong></span> <span class='ocrx_word' id='word_1_798' title='bbox 1518 5226 1664 5282; x_wconf 75' lang='lat' dir='ltr'><strong>nihil</strong></span> <span class='ocrx_word' id='word_1_799' title='bbox 1723 5226 1976 5283; x_wconf 87' lang='lat' dir='ltr'><strong>habebat</strong></span> <span class='ocrx_word' id='word_1_800' title='bbox 2046 5228 2133 5283; x_wconf 91' lang='lat' dir='ltr'><strong>in—</strong></span> 
     </span>
    </p>
   </div>
   <div class='ocr_carea' id='block_1_117' title="bbox 481 5298 2133 5372">
    <p class='ocr_par' dir='ltr' id='par_1_117' title="bbox 481 5298 2133 5372">
     <span class='ocr_line' id='line_1_118' title="bbox 481 5298 2133 5372; baseline 0.001 -18"><span class='ocrx_word' id='word_1_801' title='bbox 481 5300 794 5372; x_wconf 88' lang='lat' dir='ltr'><strong>commodi.</strong></span> <span class='ocrx_word' id='word_1_802' title='bbox 828 5301 941 5357; x_wconf 89' lang='lat' dir='ltr'><strong>Sed</strong></span> <span class='ocrx_word' id='word_1_803' title='bbox 989 5317 1096 5372; x_wconf 81' lang='lat' dir='ltr'><strong>ms.</strong></span> <span class='ocrx_word' id='word_1_804' title='bbox 1125 5298 1290 5372; x_wconf 45' lang='lat' dir='ltr'><strong>regii</strong></span> <span class='ocrx_word' id='word_1_805' title='bbox 1324 5298 1525 5372; x_wconf 81' lang='lat' dir='ltr'><strong>lectio,</strong></span> <span class='ocrx_word' id='word_1_806' title='bbox 1560 5303 1945 5372; x_wconf 75' lang='lat' dir='ltr'><strong>praeterquam</strong></span> <span class='ocrx_word' id='word_1_807' title='bbox 1963 5300 2133 5372; x_wconf 83' lang='lat' dir='ltr'><strong>quod</strong></span> 
     </span>
    </p>
   </div>
   <div class='ocr_carea' id='block_1_118' title="bbox 475 5369 2136 5442">
    <p class='ocr_par' dir='ltr' id='par_1_118' title="bbox 475 5369 2136 5442">
     <span class='ocr_line' id='line_1_119' title="bbox 475 5369 2136 5442; baseline 0.001 -17"><span class='ocrx_word' id='word_1_808' title='bbox 475 5371 708 5426; x_wconf 90' lang='lat' dir='ltr'><strong>videtur</strong></span> <span class='ocrx_word' id='word_1_809' title='bbox 763 5371 1142 5442; x_wconf 88' lang='lat' dir='ltr'><strong>commodior,</strong></span> <span class='ocrx_word' id='word_1_810' title='bbox 1186 5369 1670 5442; x_wconf 76' lang='lat' dir='ltr'><strong>adstipulatorem</strong></span> <span class='ocrx_word' id='word_1_811' title='bbox 1725 5371 1900 5426; x_wconf 88' lang='lat' dir='ltr'><strong>etiam</strong></span> <span class='ocrx_word' id='word_1_812' title='bbox 1963 5369 2136 5427; x_wconf 79' lang='lat' dir='ltr'><strong>habet</strong></span> 
     </span>
    </p>
   </div>
   <div class='ocr_carea' id='block_1_119' title="bbox 478 5441 2134 5513">
    <p class='ocr_par' dir='ltr' id='par_1_119' title="bbox 478 5441 2134 5513">
     <span class='ocr_line' id='line_1_120' title="bbox 478 5441 2134 5513; baseline 0 -15"><span class='ocrx_word' id='word_1_813' title='bbox 478 5442 857 5513; x_wconf 85' lang='lat' dir='ltr'><strong>Cyprianum,</strong></span> <span class='ocrx_word' id='word_1_814' title='bbox 889 5442 998 5498; x_wconf 90' lang='lat' dir='ltr'><strong>hac</strong></span> <span class='ocrx_word' id='word_1_815' title='bbox 1031 5441 1092 5497; x_wconf 91' lang='lat' dir='ltr'><strong>in</strong></span> <span class='ocrx_word' id='word_1_816' title='bbox 1125 5457 1185 5497; x_wconf 91' lang='lat' dir='ltr'><strong>re</strong></span> <span class='ocrx_word' id='word_1_817' title='bbox 1215 5441 1454 5497; x_wconf 89' lang='lat' dir='ltr'><strong>Minucii</strong></span> <span class='ocrx_word' id='word_1_818' title='bbox 1493 5441 1867 5497; x_wconf 88' lang='lat' dir='ltr'><strong>imitatorem.</strong></span> <span class='ocrx_word' id='word_1_819' title='bbox 1901 5443 1982 5496; x_wconf 80' lang='lat' dir='ltr'><strong>Ad</strong></span> <span class='ocrx_word' id='word_1_820' title='bbox 2020 5443 2134 5498; x_wconf 92' lang='lat' dir='ltr'><strong>De-</strong></span> 
     </span>
    </p>
   </div>
   <div class='ocr_carea' id='block_1_120' title="bbox 479 5513 2133 5586">
    <p class='ocr_par' dir='ltr' id='par_1_120' title="bbox 479 5513 2133 5586">
     <span class='ocr_line' id='line_1_121' title="bbox 479 5513 2133 5586; baseline 0.001 -18"><span class='ocrx_word' id='word_1_821' title='bbox 479 5513 869 5586; x_wconf 77' lang='lat' dir='ltr'><strong>metrianum;</strong></span> <span class='ocrx_word' id='word_1_822' title='bbox 893 5513 1137 5586; x_wconf 76' lang='lat' dir='ltr'><strong>Quando</strong></span> <span class='ocrx_word' id='word_1_823' title='bbox 1163 5530 1198 5569; x_wconf 93' lang='lat' dir='ltr'><strong>a</strong></span> <span class='ocrx_word' id='word_1_824' title='bbox 1224 5513 1384 5568; x_wconf 88' lang='lat' dir='ltr'><strong>nobis</strong></span> <span class='ocrx_word' id='word_1_825' title='bbox 1426 5513 1758 5585; x_wconf 87' lang='lat' dir='ltr'><strong>adjurantur</strong></span> <span class='ocrx_word' id='word_1_826' title='bbox 1797 5522 1847 5570; x_wconf 90' lang='lat' dir='ltr'><strong>et</strong></span> <span class='ocrx_word' id='word_1_827' title='bbox 1876 5518 2133 5586; x_wconf 83' lang='lat' dir='ltr'><strong>torquen-</strong></span> 
     </span>
    </p>
   </div>
   <div class='ocr_carea' id='block_1_121' title="bbox 478 5584 2135 5657">
    <p class='ocr_par' dir='ltr' id='par_1_121' title="bbox 478 5584 2135 5657">
     <span class='ocr_line' id='line_1_122' title="bbox 478 5584 2135 5657; baseline 0.002 -20"><span class='ocrx_word' id='word_1_828' title='bbox 478 5589 573 5657; x_wconf 82' lang='lat' dir='ltr'><strong>tur</strong></span> <span class='ocrx_word' id='word_1_829' title='bbox 595 5584 982 5657; x_wconf 77' lang='lat' dir='ltr'><strong>spiritualibus</strong></span> <span class='ocrx_word' id='word_1_830' title='bbox 1028 5586 1239 5657; x_wconf 84' lang='lat' dir='ltr'><strong>ﬂagris,</strong></span> <span class='ocrx_word' id='word_1_831' title='bbox 1287 5591 1341 5642; x_wconf 90' lang='lat' dir='ltr'><strong>et</strong></span> <span class='ocrx_word' id='word_1_832' title='bbox 1397 5584 1686 5642; x_wconf 86' lang='lat' dir='ltr'><strong>verborum</strong></span> <span class='ocrx_word' id='word_1_833' title='bbox 1734 5584 2036 5652; x_wconf 81' lang='lat' dir='ltr'><strong>tormentis,</strong></span> <span class='ocrx_word' id='word_1_834' title='bbox 2069 5587 2135 5642; x_wconf 89' lang='lat' dir='ltr'><strong>de</strong></span> 
     </span>
    </p>
   </div>
   <div class='ocr_carea' id='block_1_122' title="bbox 473 5654 2128 5730">
    <p class='ocr_par' dir='ltr' id='par_1_122' title="bbox 473 5654 2128 5730">
     <span class='ocr_line' id='line_1_123' title="bbox 473 5654 2128 5730; baseline 0.002 -20"><span class='ocrx_word' id='word_1_835' title='bbox 473 5654 706 5730; x_wconf 70' lang='lat' dir='ltr'><strong>qbsessis</strong></span> <span class='ocrx_word' id='word_1_836' title='bbox 735 5654 1058 5730; x_wconf 75' lang='lat' dir='ltr'><strong>corporibus</strong></span> <span class='ocrx_word' id='word_1_837' title='bbox 1109 5654 1445 5730; x_wconf 73' lang='lat' dir='ltr'><strong>ejiciuntur.</strong></span> <span class='ocrx_word' id='word_1_838' title='bbox 1501 5659 1850 5722; x_wconf 87' lang='lat' dir='ltr'><strong>Lactantius,</strong></span> <span class='ocrx_word' id='word_1_839' title='bbox 1915 5676 1969 5726; x_wconf 95' lang='lat' dir='ltr'><strong>v,</strong></span> <span class='ocrx_word' id='word_1_840' title='bbox 2021 5660 2128 5714; x_wconf 88' lang='lat'>22:</span> 
     </span>
    </p>
   </div>
   <div class='ocr_carea' id='block_1_123' title="bbox 472 5725 2129 5794">
    <p class='ocr_par' dir='ltr' id='par_1_123' title="bbox 472 5725 2129 5794">
     <span class='ocr_line' id='line_1_124' title="bbox 472 5725 2129 5794; baseline 0.004 -13"><span class='ocrx_word' id='word_1_841' title='bbox 472 5725 565 5781; x_wconf 84' lang='lat' dir='ltr'><strong>Sic</strong></span> <span class='ocrx_word' id='word_1_842' title='bbox 589 5727 802 5785; x_wconf 69' lang='lat' dir='ltr'><strong>extorti</strong></span> <span class='ocrx_word' id='word_1_843' title='bbox 824 5725 878 5782; x_wconf 90' lang='lat' dir='ltr'><strong>et</strong></span> <span class='ocrx_word' id='word_1_844' title='bbox 903 5725 1148 5794; x_wconf 67' lang='lat' dir='ltr'><strong>cruciati</strong></span> <span class='ocrx_word' id='word_1_845' title='bbox 1172 5733 1373 5789; x_wconf 86' lang='lat' dir='ltr'><strong>virtute</strong></span> <span class='ocrx_word' id='word_1_846' title='bbox 1413 5729 1601 5788; x_wconf 85' lang='lat' dir='ltr'><strong>divini</strong></span> <span class='ocrx_word' id='word_1_847' title='bbox 1643 5731 1892 5789; x_wconf 81' lang='lat' dir='ltr'><strong>numinis</strong></span> <span class='ocrx_word' id='word_1_848' title='bbox 1935 5725 2129 5788; x_wconf 72' lang='lat' dir='ltr'><strong>exutu-</strong></span> 
     </span>
    </p>
   </div>
   <div class='ocr_carea' id='block_1_124' title="bbox 469 5797 890 5862">
    <p class='ocr_par' dir='ltr' id='par_1_124' title="bbox 469 5797 890 5862">
     <span class='ocr_line' id='line_1_125' title="bbox 469 5797 890 5862; baseline 0.014 -6"><span class='ocrx_word' id='word_1_849' title='bbox 469 5797 606 5857; x_wconf 84' lang='lat' dir='ltr'><strong>lant.</strong></span> <span class='ocrx_word' id='word_1_850' title='bbox 639 5797 890 5862; x_wconf 77' lang='grc' dir='ltr'><strong>ΗειιΑι-ο.</strong></span> 
     </span>
    </p>
   </div>
   <div class='ocr_carea' id='block_1_125' title="bbox 2245 4583 3890 4656">
    <p class='ocr_par' dir='ltr' id='par_1_125' title="bbox 2245 4583 3890 4656">
     <span class='ocr_line' id='line_1_126' title="bbox 2245 4583 3890 4656; baseline -0.003 -16"><span class='ocrx_word' id='word_1_851' title='bbox 2245 4586 2344 4651; x_wconf 87' lang='lat' dir='ltr'><strong>ris,</strong></span> <span class='ocrx_word' id='word_1_852' title='bbox 2379 4587 2680 4656; x_wconf 78' lang='lat' dir='ltr'><strong>infestare;</strong></span> <span class='ocrx_word' id='word_1_853' title='bbox 2732 4591 2903 4656; x_wconf 90' lang='lat' dir='ltr'><strong>prout</strong></span> <span class='ocrx_word' id='word_1_854' title='bbox 2957 4586 3207 4656; x_wconf 84' lang='lat' dir='ltr'><strong>conjecit</strong></span> <span class='ocrx_word' id='word_1_855' title='bbox 3255 4588 3434 4644; x_wconf 68' lang='lat' dir='ltr'><strong>Joan.</strong></span> <span class='ocrx_word' id='word_1_856' title='bbox 3485 4583 3890 4656; x_wconf 83' lang='lat' dir='ltr'><strong>Freinshemius</strong></span> 
     </span>
    </p>
   </div>
   <div class='ocr_carea' id='block_1_126' title="bbox 2245 4653 3888 4731">
    <p class='ocr_par' dir='ltr' id='par_1_126' title="bbox 2245 4653 3888 4731">
     <span class='ocr_line' id='line_1_127' title="bbox 2245 4653 3888 4731; baseline -0.004 -20"><span class='ocrx_word' id='word_1_857' title='bbox 2245 4657 2315 4731; x_wconf 72' lang='lat' dir='ltr'><strong>ad</strong></span> <span class='ocrx_word' id='word_1_858' title='bbox 2341 4653 2524 4731; x_wconf 59' lang='lat' dir='ltr'><strong>Curtii</strong></span> <span class='ocrx_word' id='word_1_859' title='bbox 2576 4655 2676 4731; x_wconf 86' lang='lat' dir='ltr'><strong>lib.</strong></span> <span class='ocrx_word' id='word_1_860' title='bbox 2727 4653 2784 4722; x_wconf 64' lang='lat' dir='ltr'><strong>is,</strong></span> <span class='ocrx_word' id='word_1_861' title='bbox 2818 4674 2944 4731; x_wconf 83' lang='lat' dir='ltr'><strong>cap.</strong></span> <span class='ocrx_word' id='word_1_862' title='bbox 2993 4653 3224 4731; x_wconf 54' lang='lat' dir='ltr'><strong>8.&#39;_Quaa</strong></span> <span class='ocrx_word' id='word_1_863' title='bbox 3285 4661 3536 4731; x_wconf 85' lang='lat' dir='ltr'><strong>quidem</strong></span> <span class='ocrx_word' id='word_1_864' title='bbox 3592 4653 3888 4716; x_wconf 73' lang='lat' dir='ltr'><strong>emendatio</strong></span> 
     </span>
    </p>
   </div>
   <div class='ocr_carea' id='block_1_127' title="bbox 2243 4727 3888 4802">
    <p class='ocr_par' dir='ltr' id='par_1_127' title="bbox 2243 4727 3888 4802">
     <span class='ocr_line' id='line_1_128' title="bbox 2243 4727 3888 4802; baseline -0.001 -18"><span class='ocrx_word' id='word_1_865' title='bbox 2243 4727 2366 4802; x_wconf 80' lang='lat' dir='ltr'><strong>Jac.</strong></span> <span class='ocrx_word' id='word_1_866' title='bbox 2399 4728 2684 4802; x_wconf 84' lang='lat' dir='ltr'><strong>Gronovio</strong></span> <span class='ocrx_word' id='word_1_867' title='bbox 2719 4727 2923 4802; x_wconf 73' lang='lat' dir='ltr'><strong>merito</strong></span> <span class='ocrx_word' id='word_1_868' title='bbox 2944 4729 3265 4802; x_wconf 69' lang='lat' dir='ltr'><strong>probatur.</strong></span> <span class='ocrx_word' id='word_1_869' title='bbox 3301 4727 3442 4787; x_wconf 57' lang='lat' dir='ltr'><strong>&#39;Adi</strong></span> <span class='ocrx_word' id='word_1_870' title='bbox 3496 4733 3888 4802; x_wconf 65' lang='lat' dir='ltr'><strong>Hieronymum</strong></span> 
     </span>
    </p>
   </div>
   <div class='ocr_carea' id='block_1_128' title="bbox 2243 4799 3886 4873">
    <p class='ocr_par' dir='ltr' id='par_1_128' title="bbox 2243 4799 3886 4873">
     <span class='ocr_line' id='line_1_129' title="bbox 2243 4799 3886 4873; baseline -0.001 -18"><span class='ocrx_word' id='word_1_871' title='bbox 2243 4799 2685 4873; x_wconf 84' lang='lat' dir='ltr'><strong>Columnam.ad</strong></span> <span class='ocrx_word' id='word_1_872' title='bbox 2722 4800 3171 4873; x_wconf 77' lang='lat' dir='ltr'><strong>Ennii_Fragm.</strong></span> <span class='ocrx_word' id='word_1_873' title='bbox 3224 4819 3362 4873; x_wconf 83' lang='lat' dir='ltr'><strong>pag.</strong></span> <span class='ocrx_word' id='word_1_874' title='bbox 3422 4805 3554 4873; x_wconf 84' lang='lat'>298,</span> <span class='ocrx_word' id='word_1_875' title='bbox 3588 4808 3647 4859; x_wconf 84' lang='lat' dir='ltr'><strong>et</strong></span> <span class='ocrx_word' id='word_1_876' title='bbox 3703 4799 3886 4873; x_wconf 68' lang='lat' dir='ltr'><strong>Ianum</strong></span> 
     </span>
    </p>
   </div>
   <div class='ocr_carea' id='block_1_129' title="bbox 2244 4819 3884 4954">
    <p class='ocr_par' dir='ltr' id='par_1_129' title="bbox 2244 4819 3884 4954">
     <span class='ocr_line' id='line_1_130' title="bbox 2244 4819 3884 4873; baseline -0.004 -18"><span class='ocrx_word' id='word_1_877' title='bbox 2244 4819 2685 4855; x_wconf 66' lang='lat' dir='ltr'><strong>uniumnamaa</strong></span> <span class='ocrx_word' id='word_1_878' title='bbox 2724 4819 2891 4855; x_wconf 72' lang='lat' dir='ltr'><strong>nnnn</strong></span> <span class='ocrx_word' id='word_1_879' title='bbox 2942 4819 3171 4872; x_wconf 74' lang='lat' dir='ltr'><strong>r&#39;ragm.</strong></span> <span class='ocrx_word' id='word_1_880' title='bbox 3224 4819 3297 4872; x_wconf 89' lang='lat' dir='ltr'><strong>pa</strong></span> <span class='ocrx_word' id='word_1_881' title='bbox 3351 4846 3362 4858; x_wconf 95' lang='lat'><strong>.</strong></span> <span class='ocrx_word' id='word_1_882' title='bbox 3422 4819 3554 4873; x_wconf 64' lang='grc' dir='ltr'><strong>ενδ,</strong></span> <span class='ocrx_word' id='word_1_883' title='bbox 3588 4819 3647 4859; x_wconf 84' lang='lat' dir='ltr'><strong>et</strong></span> <span class='ocrx_word' id='word_1_884' title='bbox 3703 4819 3884 4857; x_wconf 74' lang='lat' dir='ltr'><strong>Januw</strong></span> 
     </span>
     <span class='ocr_line' id='line_1_131' title="bbox 2244 4819 3884 4954; baseline -0.003 -29"><span class='ocrx_word' id='word_1_885' title='bbox 2244 4873 2555 4954; x_wconf 64' lang='lat' dir='ltr'><strong>gruterum</strong></span> <span class='ocrx_word' id='word_1_886' title='bbox 2579 4872 2650 4926; x_wconf 89' lang='lat' dir='ltr'><strong>ad</strong></span> <span class='ocrx_word' id='word_1_887' title='bbox 2683 4871 3032 4954; x_wconf 59' lang='lat' dir='ltr'><strong>PubtiiSyri</strong></span> <span class='ocrx_word' id='word_1_888' title='bbox 3058 4889 3155 4954; x_wconf 18' lang='lat' dir='ltr'><strong>vsa</strong></span> <span class='ocrx_word' id='word_1_889' title='bbox 3174 4873 3264 4928; x_wconf 89' lang='lat'><strong>37.</strong></span> <span class='ocrx_word' id='word_1_890' title='bbox 3294 4819 3884 4954; x_wconf 56' lang='lat' dir='ltr'><strong>gav1_s._—A_ssentior.</strong></span> 
     </span>
    </p>
   </div>
   <div class='ocr_carea' id='block_1_130' title="bbox 2243 4942 3891 5018">
    <p class='ocr_par' dir='ltr' id='par_1_130' title="bbox 2243 4942 3891 5018">
     <span class='ocr_line' id='line_1_132' title="bbox 2243 4942 3891 5018; baseline -0.002 -18"><span class='ocrx_word' id='word_1_891' title='bbox 2243 4942 2414 5018; x_wconf 77' lang='lat' dir='ltr'><strong>Origo</strong></span> <span class='ocrx_word' id='word_1_892' title='bbox 2452 4959 2714 5018; x_wconf 67' lang='lat' dir='ltr'><strong>namque</strong></span> <span class='ocrx_word' id='word_1_893' title='bbox 2755 4942 2953 4998; x_wconf 83' lang='lat' dir='ltr'><strong>mendi</strong></span> <span class='ocrx_word' id='word_1_894' title='bbox 2994 4949 3084 5018; x_wconf 84' lang='lat' dir='ltr'><strong>est</strong></span> <span class='ocrx_word' id='word_1_895' title='bbox 3142 4945 3199 4998; x_wconf 91' lang='lat' dir='ltr'><strong>in</strong></span> <span class='ocrx_word' id='word_1_896' title='bbox 3252 4947 3595 5018; x_wconf 82' lang='lat' dir='ltr'><strong>prOpatulo.</strong></span> <span class='ocrx_word' id='word_1_897' title='bbox 3626 4947 3705 5002; x_wconf 88' lang='lat' dir='ltr'><strong>En</strong></span> <span class='ocrx_word' id='word_1_898' title='bbox 3739 4952 3891 5018; x_wconf 77' lang='lat' dir='ltr'><strong>prope</strong></span> 
     </span>
    </p>
   </div>
   <div class='ocr_carea' id='block_1_131' title="bbox 2244 5013 3886 5091">
    <p class='ocr_par' dir='ltr' id='par_1_131' title="bbox 2244 5013 3886 5091">
     <span class='ocr_line' id='line_1_133' title="bbox 2244 5013 3886 5091; baseline 0 -23"><span class='ocrx_word' id='word_1_899' title='bbox 2244 5013 2498 5091; x_wconf 76' lang='lat' dir='ltr'><strong>similem</strong></span> <span class='ocrx_word' id='word_1_900' title='bbox 2533 5013 2718 5091; x_wconf 76' lang='lat' dir='ltr'><strong>Taciti</strong></span> <span class='ocrx_word' id='word_1_901' title='bbox 2750 5031 3003 5091; x_wconf 80' lang='lat' dir='ltr'><strong>gnomon</strong></span> <span class='ocrx_word' id='word_1_902' title='bbox 3034 5016 3095 5072; x_wconf 87' lang='lat' dir='ltr'><strong>in</strong></span> <span class='ocrx_word' id='word_1_903' title='bbox 3160 5013 3276 5071; x_wconf 80' lang='lat' dir='ltr'><strong>Vita</strong></span> <span class='ocrx_word' id='word_1_904' title='bbox 3306 5013 3620 5091; x_wconf 59' lang='lat' dir='ltr'><strong>Aéricolae,</strong></span> <span class='ocrx_word' id='word_1_905' title='bbox 3655 5013 3774 5091; x_wconf 75' lang='lat' dir='ltr'><strong>cap.</strong></span> <span class='ocrx_word' id='word_1_906' title='bbox 3798 5013 3886 5091; x_wconf 65' lang='lat'><strong>42:</strong></span> 
     </span>
    </p>
   </div>
   <div class='ocr_carea' id='block_1_132' title="bbox 2243 5087 3885 5162">
    <p class='ocr_par' dir='ltr' id='par_1_132' title="bbox 2243 5087 3885 5162">
     <span class='ocr_line' id='line_1_134' title="bbox 2243 5087 3885 5162; baseline 0 -23"><span class='ocrx_word' id='word_1_907' title='bbox 2243 5087 2542 5162; x_wconf 63' lang='lat' dir='ltr'><strong>froprium</strong></span> <span class='ocrx_word' id='word_1_908' title='bbox 2590 5087 3073 5162; x_wconf 64' lang='lat' dir='ltr'><strong>humaniingenii</strong></span> <span class='ocrx_word' id='word_1_909' title='bbox 3123 5097 3201 5162; x_wconf 75' lang='lat' dir='ltr'><strong>est</strong></span> <span class='ocrx_word' id='word_1_910' title='bbox 3247 5087 3434 5162; x_wconf 83' lang='lat' dir='ltr'><strong>odisse</strong></span> <span class='ocrx_word' id='word_1_911' title='bbox 3493 5106 3655 5161; x_wconf 88' lang='lat' dir='ltr'><strong>quem</strong></span> <span class='ocrx_word' id='word_1_912' title='bbox 3685 5087 3885 5162; x_wconf 58' lang='lat' dir='ltr'><strong>lassat}.</strong></span> 
     </span>
    </p>
   </div>
   <div class='ocr_carea' id='block_1_133' title="bbox 2243 5156 3886 5239">
    <p class='ocr_par' dir='ltr' id='par_1_133' title="bbox 2243 5156 3886 5239">
     <span class='ocr_line' id='line_1_135' title="bbox 2243 5156 3886 5239; baseline 0.001 -28"><span class='ocrx_word' id='word_1_913' title='bbox 2243 5156 2652 5239; x_wconf 59' lang='lat' dir='ltr'><strong>Prorsusyero</strong></span> <span class='ocrx_word' id='word_1_914' title='bbox 2686 5156 3079 5239; x_wconf 48' lang='lat' dir='ltr'><strong>similite&#39;r,_ut</strong></span> <span class='ocrx_word' id='word_1_915' title='bbox 3126 5159 3428 5239; x_wconf 58' lang='lat' dir='ltr'><strong>Minucius</strong></span> <span class='ocrx_word' id='word_1_916' title='bbox 3479 5156 3886 5239; x_wconf 46' lang='lat' dir='ltr'><strong>nostenloqui-</strong></span> 
     </span>
    </p>
   </div>
   <div class='ocr_carea' id='block_1_134' title="bbox 2244 5229 3886 5304">
    <p class='ocr_par' dir='ltr' id='par_1_134' title="bbox 2244 5229 3886 5304">
     <span class='ocr_line' id='line_1_136' title="bbox 2244 5229 3886 5304; baseline -0.004 -20"><span class='ocrx_word' id='word_1_917' title='bbox 2244 5231 2344 5304; x_wconf 85' lang='lat' dir='ltr'><strong>t_ur</strong></span> <span class='ocrx_word' id='word_1_918' title='bbox 2372 5229 2913 5304; x_wconf 81' lang='lat' dir='ltr'><strong>apudCiceronem,</strong></span> <span class='ocrx_word' id='word_1_919' title='bbox 2945 5231 3047 5287; x_wconf 90' lang='lat' dir='ltr'><strong>lib.</strong></span> <span class='ocrx_word' id='word_1_920' title='bbox 3082 5248 3124 5286; x_wconf 82' lang='grc' dir='ltr'><strong>ιι</strong></span> <span class='ocrx_word' id='word_1_921' title='bbox 3149 5231 3215 5286; x_wconf 92' lang='lat' dir='ltr'><strong>de</strong></span> <span class='ocrx_word' id='word_1_922' title='bbox 3241 5232 3434 5302; x_wconf 79' lang='lat' dir='ltr'><strong>0fﬁc.,</strong></span> <span class='ocrx_word' id='word_1_923' title='bbox 3468 5229 3886 5304; x_wconf 83' lang='lat' dir='ltr'><strong>cap.7.Enni_us:</strong></span> 
     </span>
    </p>
   </div>
   <div class='ocr_carea' id='block_1_135' title="bbox 2244 5299 3888 5376">
    <p class='ocr_par' dir='ltr' id='par_1_135' title="bbox 2244 5299 3888 5376">
     <span class='ocr_line' id='line_1_137' title="bbox 2244 5299 3888 5376; baseline -0.004 -21"><span class='ocrx_word' id='word_1_924' title='bbox 2244 5299 2714 5376; x_wconf 26' lang='lat' dir='ltr'><strong>Quemfmetuunt,</strong></span> <span class='ocrx_word' id='word_1_925' title='bbox 2747 5302 2978 5360; x_wconf 85' lang='lat' dir='ltr'><strong>oderunt</strong></span> <span class='ocrx_word' id='word_1_926' title='bbox 3003 5321 3022 5357; x_wconf 88' lang='lat'><strong><em>:</em></strong></span> <span class='ocrx_word' id='word_1_927' title='bbox 3049 5319 3210 5376; x_wconf 88' lang='lat' dir='ltr'><strong>quem</strong></span> <span class='ocrx_word' id='word_1_928' title='bbox 3240 5299 3482 5376; x_wconf 80' lang='lat' dir='ltr'><strong>quisque</strong></span> <span class='ocrx_word' id='word_1_929' title='bbox 3543 5299 3679 5368; x_wconf 78' lang='lat' dir='ltr'><strong>odit,</strong></span> <span class='ocrx_word' id='word_1_930' title='bbox 3711 5299 3888 5374; x_wconf 82' lang='lat' dir='ltr'><strong>perisse</strong></span> 
     </span>
    </p>
   </div>
   <div class='ocr_carea' id='block_1_136' title="bbox 2241 5375 2694 5443">
    <p class='ocr_par' dir='ltr' id='par_1_136' title="bbox 2241 5375 2694 5443">
     <span class='ocr_line' id='line_1_138' title="bbox 2241 5375 2694 5443; baseline 0 -15"><span class='ocrx_word' id='word_1_931' title='bbox 2241 5375 2466 5443; x_wconf 74' lang='lat' dir='ltr'><strong>expetit.</strong></span> <span class='ocrx_word' id='word_1_932' title='bbox 2503 5377 2694 5428; x_wconf 82' lang='lat' dir='ltr'><strong>HEUM.</strong></span> 
     </span>
    </p>
   </div>
   <div class='ocr_carea' id='block_1_137' title="bbox 2313 5444 3883 5519">
    <p class='ocr_par' dir='ltr' id='par_1_137' title="bbox 2313 5444 3883 5519">
     <span class='ocr_line' id='line_1_139' title="bbox 2313 5444 3883 5519; baseline -0.01 -15"><span class='ocrx_word' id='word_1_933' title='bbox 2313 5445 2425 5519; x_wconf 69' lang='lat'>(26)</span> <span class='ocrx_word' id='word_1_934' title='bbox 2457 5445 2631 5513; x_wconf 80' lang='lat' dir='ltr'><strong>Quam</strong></span> <span class='ocrx_word' id='word_1_935' title='bbox 2660 5452 2845 5519; x_wconf 84' lang='lat' dir='ltr'><strong>autem</strong></span> <span class='ocrx_word' id='word_1_936' title='bbox 2874 5447 3131 5518; x_wconf 86' lang='lat' dir='ltr'><strong>iniquum</strong></span> <span class='ocrx_word' id='word_1_937' title='bbox 3171 5447 3269 5501; x_wconf 87' lang='lat' dir='ltr'><strong>sit.</strong></span> <span class='ocrx_word' id='word_1_938' title='bbox 3325 5449 3417 5501; x_wconf 87' lang='lat' dir='ltr'><strong>Ita</strong></span> <span class='ocrx_word' id='word_1_939' title='bbox 3448 5444 3758 5519; x_wconf 79' lang='lat' dir='ltr'><strong>optimein</strong></span> <span class='ocrx_word' id='word_1_940' title='bbox 3786 5453 3883 5519; x_wconf 70' lang='lat' dir='ltr'><strong>ms.</strong></span> 
     </span>
    </p>
   </div>
   <div class='ocr_carea' id='block_1_138' title="bbox 2240 5511 3886 5645">
    <p class='ocr_par' dir='ltr' id='par_1_138' title="bbox 2240 5511 3886 5645">
     <span class='ocr_line' id='line_1_140' title="bbox 2241 5511 3882 5588; baseline -0.004 -18"><span class='ocrx_word' id='word_1_941' title='bbox 2241 5511 2421 5587; x_wconf 55' lang='lat' dir='ltr'><strong>regio;</strong></span> <span class='ocrx_word' id='word_1_942' title='bbox 2455 5511 2642 5572; x_wconf 72' lang='lat' dir='ltr'><strong>Antea</strong></span> <span class='ocrx_word' id='word_1_943' title='bbox 2671 5511 3006 5588; x_wconf 69' lang='lat' dir='ltr'><strong>legebatur:</strong></span> <span class='ocrx_word' id='word_1_944' title='bbox 3041 5519 3319 5586; x_wconf 84' lang='lat' dir='ltr'><strong>Quantum</strong></span> <span class='ocrx_word' id='word_1_945' title='bbox 3351 5511 3549 5574; x_wconf 73' lang='lat' dir='ltr'><strong>autem</strong></span> <span class='ocrx_word' id='word_1_946' title='bbox 3587 5516 3784 5573; x_wconf 87' lang='lat' dir='ltr'><strong>vitium</strong></span> <span class='ocrx_word' id='word_1_947' title='bbox 3804 5511 3882 5566; x_wconf 84' lang='lat' dir='ltr'><strong>sit.</strong></span> 
     </span>
     <span class='ocr_line' id='line_1_141' title="bbox 2240 5583 3886 5645; baseline -0.005 -3"><span class='ocrx_word' id='word_1_948' title='bbox 2240 5586 2450 5645; x_wconf 66' lang='lat' dir='ltr'><strong>Tangit</strong></span> <span class='ocrx_word' id='word_1_949' title='bbox 2477 5604 2603 5643; x_wconf 90' lang='lat' dir='ltr'><strong>eam</strong></span> <span class='ocrx_word' id='word_1_950' title='bbox 2660 5587 3028 5645; x_wconf 78' lang='lat' dir='ltr'><strong>iniquitatem</strong></span> <span class='ocrx_word' id='word_1_951' title='bbox 3063 5589 3381 5645; x_wconf 88' lang='lat' dir='ltr'><strong>Minucius.</strong></span> <span class='ocrx_word' id='word_1_952' title='bbox 3419 5605 3604 5645; x_wconf 78' lang='lat' dir='ltr'><strong>quam</strong></span> <span class='ocrx_word' id='word_1_953' title='bbox 3640 5583 3886 5645; x_wconf 84' lang='lat' dir='ltr'><strong>pluribus</strong></span> 
     </span>
    </p>
   </div>
   <div class='ocr_carea' id='block_1_139' title="bbox 2241 5604 3674 5743">
    <p class='ocr_par' dir='ltr' id='par_1_139' title="bbox 2241 5604 3674 5743">
     <span class='ocr_line' id='line_1_142' title="bbox 2241 5604 3674 5715; baseline 0.001 -73"><span class='ocrx_word' id='word_1_954' title='bbox 2241 5604 2450 5658; x_wconf 74' lang='lat' dir='ltr'><strong>&#39;i&#39;angit</strong></span> <span class='ocrx_word' id='word_1_955' title='bbox 2477 5604 2603 5643; x_wconf 90' lang='lat' dir='ltr'><strong>eam</strong></span> <span class='ocrx_word' id='word_1_956' title='bbox 2660 5604 3028 5715; x_wconf 75' lang='lat' dir='ltr'><strong>iniquitatem</strong></span> <span class='ocrx_word' id='word_1_957' title='bbox 3063 5604 3381 5652; x_wconf 79' lang='lat' dir='ltr'><strong>ManCIUS,</strong></span> <span class='ocrx_word' id='word_1_958' title='bbox 3419 5605 3604 5662; x_wconf 88' lang='lat' dir='ltr'><strong>quam</strong></span> <span class='ocrx_word' id='word_1_959' title='bbox 3638 5605 3674 5661; x_wconf 92' lang='lat' dir='ltr'><strong>p</strong></span> 
     </span>
     <span class='ocr_line' id='line_1_143' title="bbox 2241 5659 3641 5743; baseline 0.002 -30"><span class='ocrx_word' id='word_1_960' title='bbox 2241 5659 2529 5743; x_wconf 61' lang='lat' dir='ltr'><strong>excpgitat</strong></span> <span class='ocrx_word' id='word_1_961' title='bbox 2556 5660 2753 5743; x_wconf 75' lang='lat' dir='ltr'><strong>Tertul</strong></span> <span class='ocrx_word' id='word_1_962' title='bbox 2783 5660 2955 5743; x_wconf 78' lang='lat' dir='ltr'><strong>ianus</strong></span> <span class='ocrx_word' id='word_1_963' title='bbox 2981 5660 3043 5743; x_wconf 88' lang='lat' dir='ltr'><strong>_in</strong></span> <span class='ocrx_word' id='word_1_964' title='bbox 3076 5660 3593 5743; x_wconf 34' lang='lat' dir='ltr'><strong>Apotog_..Hi-:ns.1‘.p.</strong></span> <span class='ocrx_word' id='word_1_965' title='bbox 3630 5734 3641 5743; x_wconf 85' lang='lat'><strong>_</strong></span> 
     </span>
    </p>
   </div>
   <div class='ocr_carea' id='block_1_140' title="bbox 2310 5724 3882 5806">
    <p class='ocr_par' dir='ltr' id='par_1_140' title="bbox 2310 5724 3882 5806">
     <span class='ocr_line' id='line_1_144' title="bbox 2310 5724 3882 5806; baseline -0.013 -6"><span class='ocrx_word' id='word_1_966' title='bbox 2310 5724 2424 5803; x_wconf 76' lang='grc'>(27)</span> <span class='ocrx_word' id='word_1_967' title='bbox 2472 5733 2773 5802; x_wconf 76' lang='lat' dir='ltr'><strong>Incognitis</strong></span> <span class='ocrx_word' id='word_1_968' title='bbox 2843 5737 2899 5806; x_wconf 74' lang='lat' dir='ltr'><strong>et</strong></span> <span class='ocrx_word' id='word_1_969' title='bbox 2973 5724 3374 5806; x_wconf 58' lang='lat' dir='ltr'><strong>inexplordtis.</strong></span> <span class='ocrx_word' id='word_1_970' title='bbox 3420 5731 3668 5806; x_wconf 64' lang='lat' dir='ltr'><strong>scilicet</strong></span> <span class='ocrx_word' id='word_1_971' title='bbox 3719 5724 3882 5806; x_wconf 64' lang='lat' dir='ltr'><strong>rebus.</strong></span> 
     </span>
    </p>
   </div>
   <div class='ocr_carea' id='block_1_141' title="bbox 2242 5797 3882 5881">
    <p class='ocr_par' dir='ltr' id='par_1_141' title="bbox 2242 5797 3882 5881">
     <span class='ocr_line' id='line_1_145' title="bbox 2242 5797 3882 5881; baseline -0.002 -23"><span class='ocrx_word' id='word_1_972' title='bbox 2242 5797 2416 5862; x_wconf 80' lang='lat' dir='ltr'><strong>Plene</strong></span> <span class='ocrx_word' id='word_1_973' title='bbox 2462 5807 2551 5863; x_wconf 84' lang='lat' dir='ltr'><strong>est</strong></span> <span class='ocrx_word' id='word_1_974' title='bbox 2597 5797 2751 5877; x_wconf 77' lang='lat' dir='ltr'><strong>apud</strong></span> <span class='ocrx_word' id='word_1_975' title='bbox 2800 5797 3132 5866; x_wconf 75' lang='lat' dir='ltr'><strong>Ciceronem</strong></span> <span class='ocrx_word' id='word_1_976' title='bbox 3183 5821 3281 5881; x_wconf 85' lang='lat' dir='ltr'><strong>pro</strong></span> <span class='ocrx_word' id='word_1_977' title='bbox 3338 5797 3557 5869; x_wconf 74' lang='lat' dir='ltr'><strong>Caecin.</strong></span> <span class='ocrx_word' id='word_1_978' title='bbox 3603 5801 3706 5861; x_wconf 85' lang='lat'>29;</span> <span class='ocrx_word' id='word_1_979' title='bbox 3759 5797 3882 5855; x_wconf 86' lang='lat' dir='ltr'><strong>Dum</strong></span> 
     </span>
    </p>
   </div>
  </div>
