3962 6176
173 268 266 326 345

175 411 289 470 quos
313 395 418 447 tota
443 387 802 461 impudicitia
831 392 1071 445 vocatur
1122 391 1424 448 urbanitas
1457 392 1569 464 (51)
1602 392 1740 464 ;qui
1773 394 1828 460 Α

171 489 441 541 scortorum
469 477 709 534 licentiae
741 478 1126 550 invident,qui
1162 481 1383 536 modios
1419 482 1571 537 viros
1603 481 1750 538 lam-

170 576 296 630 bunt.
328 567 646 624 libidinioso
675 583 770 622 ore
802 567 1147 640 inguinibus
1181 568 1608 627 inhaerescunt.
1646 571 1750 626 ho-

168 663 317 716 mines
346 656 500 711 mulae
533 655 762 727 linguae,
795 657 1024 712 etiamsi
1059 662 1315 714 tacerent
1349 677 1362 726 ;
1395 676 1543 731 quos
1588 660 1752 733 prius

167 746 374 806 tedescit
417 745 791 818 impudicitiae
838 753 984 810 suae,
1041 763 1218 818 quam
1266 749 1551 820 pudescit.
1602 750 1751 804 Proh

166 836 316 894 nefas!
347 836 397 889 id
429 835 484 889 in
520 851 582 890 se
609 834 742 889 mali
774 835 1047 891 facinoris
1078 837 1189 907 (52)
1240 838 1564 894 admittunt
1593 839 1749 911 quod

164 943 238 983 nec
264 931 388 980 atas
418 928 606 995 potest
631 925 750 996 pati
783 924 1032 991 mollior,
1069 941 1173 980 nec
1207 926 1334 999 cogi
1369 928 1618 984 servitus
1651 929 1752 984 du-

166 1017 252 1071 rior
279 1013 394 1085 (53).

705 1101 936 1160 CAPUT
969 1102 1164 1159 XXIX.

163 1198 535 1250 Aacuusxrum.
571 1221 638 1230 —
668 1193 782 1246 Nec
820 1194 994 1263 magis
1047 1209 1234 1248 verum
1279 1193 1556 1248 hominem
1603 1195 1756 1250 cruci

212 1267 401 1335 prapter
442 1280 543 1317 sua
581 1263 820 1318 crimina
846 1266 1095 1335 afﬁxam
1139 1266 1286 1326 coli;
1317 1283 1448 1320 nam
1496 1282 1617 1321 eum
1650 1282 1757 1320 non

213 1334 340 1391 modo
369 1336 728 1399 innocentem,
759 1334 852 1389 sed
872 1337 1045 1391 Deum
1075 1339 1244 1391 etiam
1271 1353 1386 1393 esse
1415 1340 1609 1394 merito
1637 1355 1753 1394 cre-

219 1408 344 1463 dunt.
378 1406 575 1461 Contra
627 1422 768 1475 vero,
807 1406 1016 1462 ethnici
1071 1424 1264 1478 regum
1293 1411 1353 1464 in
1381 1409 1508 1465 deos
1527 1427 1562 1464 a
1590 1426 1648 1464 se
1675 1426 1759 1465 as-

213 1483 485 1550 criptorum
507 1482 764 1533 invocant
782 1479 1113 1553 numina,ad
1127 1482 1394 1551 imagines
1408 1482 1754 1553 supplicant,

211 1549 469 1622 eorumque
493 1554 688 1621 genios
718 1549 1043 1622 implorant.

215 1640 336 1710 [xxv]
367 1643 492 1694 Haec
507 1646 564 1695 et
593 1638 937 1711 hujusmodi
961 1641 1247 1713 propudia
1282 1641 1452 1698 nobis
1490 1659 1604 1698 non
1625 1640 1762 1698 licet

165 1745 240 1784 nec
266 1727 463 1795 audire,
497 1728 681 1784 etiam
716 1728 981 1798 pluribus
1013 1734 1183 1801 turpe
1215 1731 1521 1786 defendere
1550 1736 1657 1787 est.
1681 1731 1762 1787 Ea

165 1819 283 1872 enim
311 1819 373 1873 de
402 1819 582 1873 castis
616 1817 838 1889 ﬁngitis
869 1822 927 1873 et
956 1818 1183 1890 pudicis
1205 1836 1332 1891 quas
1353 1819 1473 1875 fieri
1499 1836 1612 1874 non
1635 1836 1758 1875 cre-

166 1909 406 1973 deremus,
437 1906 551 1962 nisi
586 1906 660 1962 de
691 1906 852 1962 vobis
883 1907 1227 1979 probaretis.
1263 1908 1408 1964 Nam
1440 1909 1594 1980 quod
1630 1909 1761 1964 reli-

169 1996 518 2065 giouinostrm
577 1995 882 2050 hominem
943 1995 1204 2065 noxium,
1237 2002 1293 2052 et
1348 2013 1579 2052 crucem
1638 1999 1764 2067 ejus

167 2085 421 2150 ascribitis,
470 2084 650 2156 longe
699 2085 768 2139 de
816 2085 1030 2140 vicinia
1073 2086 1336 2142 veritatis
1387 2085 1616 2154 erratis,
1663 2087 1761 2158 qui

166 2174 335 2244 putatis
362 2173 531 2228 deum
565 2173 727 2227 credi
759 2175 895 2244 (54),
927 2179 1029 2228 aut
1062 2174 1348 2229 meruisse
1380 2174 1641 2242 noxium,
1662 2179 1764 2231 aut

164 2263 369 2332 potuisse
393 2267 718 2317 terrenum.
755 2262 870 2318 Nec
911 2263 1101 2332 [impr.
1139 2264 1247 2335 nea]
1281 2263 1376 2319 ille
1408 2264 1763 2321 miserabilis

162 2354 289 2422 cujus
315 2354 366 2406 in
398 2353 644 2408 homine
675 2351 906 2408 mortali
939 2369 1076 2426 spes
1106 2353 1299 2410 omnis
1330 2353 1641 2420 innititur;
1675 2359 1762 2410 to-

161 2447 250 2494 tum
278 2442 417 2496 enim
447 2443 585 2513 ejus
627 2441 909 2498 auxilium
953 2459 1088 2498 cum
1139 2441 1421 2498 exstincto
1472 2444 1626 2499 832
1658 2443 1761 2498 ho-

160 2530 274 2585 mine
299 2529 777 2605 linitur,.‘Egyptii
803 2547 942 2587 sane
973 2532 1086 2604 (55)
1109 2531 1408 2588 hominem
1439 2532 1550 2588 sibi
1585 2548 1760 2604 quem

1617 259 2027 324 OCTAVIUS.

3390 261 3510 321 346

1857 393 2050 447 colant
2082 391 2502 464 eligunt,illum
2528 408 2714 448 unum
2737 391 3250 465 propitiant,illum
3283 393 3354 448 de
3385 409 3511 449 om-

1863 481 2039 537 nibus
2071 479 2409 544 consulunt,
2444 480 2527 536 illi
2578 481 2845 537 victimas
2895 483 3128 538 credunt
3153 508 3167 548 ς
3197 486 3254 537 et
3284 481 3379 538 ille
3410 483 3511 555 qui

1862 570 2086 626 caeteris
2119 571 2286 638 deus,
2319 570 2433 625 sibi
2466 576 2619 626 certe
2651 571 2826 627 homo
2858 576 2965 642 est,
3015 570 3154 627 velit
3185 571 3330 626 nolit
3361 588 3372 627 :
3410 589 3514 627 nec

1861 661 2015 716 enim
2049 659 2472 715 conscientiam
2505 676 2673 715 suam
2706 660 2942 732 decipit,
2977 659 3027 716 si
3060 659 3208 716 fallit
3237 659 3510 716 alienam.

1863 749 2046 805 Etiam
2095 748 2458 821 principibus
2503 753 2563 804 et
2611 751 2868 821 regibus,
2917 767 3031 804 non
3078 753 3144 804 ut
3193 749 3424 822 magnis
3455 753 3513 805 et

1863 838 2061 894 electis
2109 837 2272 906 viris,
2325 837 2479 892 sicut
2524 838 2611 892 fas
2655 843 2764 905 est,
2816 839 2918 893 sed
2970 841 3032 892 ut
3079 839 3150 894 de
3189 839 3273 894 eis
3321 839 3512 910 [impr.

1863 928 2031 998 deis],
2063 927 2315 998 turpiter
2344 927 2601 982 adulatio
2635 925 2778 981 falsa
2799 926 3118 995 blanditur,
3153 927 3266 1000 [44]
3299 945 3431 982 cum
3458 931 3514 984 et

1864 1017 2140 1090 praeclaro
2161 1017 2284 1072 viro
2314 1016 2833 1087 honorverius(56)
2867 1022 2922 1071 et
2942 1017 3160 1088 optimo
3193 1033 3359 1072 amor
3387 1015 3515 1072 dul-

1864 1106 1989 1161 cius
2022 1105 2370 1178 praebeatur.
2405 1105 2500 1160 Sic
2532 1122 2732 1161 eorum
2767 1122 2984 1160 numen
3019 1111 3244 1171 vocant,
3278 1107 3347 1161 ad
3373 1107 3514 1162 ima-

1865 1194 2030 1267 gines
2061 1193 2415 1266 supplicant,
2449 1195 2710 1266 genium,
2759 1194 2816 1249 id
2849 1201 2939 1250 est
2985 1195 3334 1261 daemonem,
3387 1197 3515 1266 ejus

1864 1283 2183 1354 implorant
2213 1299 2230 1338 :
2261 1287 2318 1338 et
2345 1288 2435 1337 est
2465 1283 2549 1338 eis
2580 1283 2766 1338 tutius
2812 1283 3098 1356 perJovis
3146 1283 3383 1356 genium
3417 1300 3514 1356 pe-

1857 1373 2072 1444 jerare,
2105 1389 2283 1443 quam
2325 1372 2498 1444 regis.

1938 1462 2149 1518 Cruces
2179 1461 2356 1517 etiam
2390 1477 2494 1516 nec
2526 1461 2794 1529 colimus,
2824 1477 2931 1519 nec
2955 1466 3229 1534 optamus
3260 1461 3516 1534 (57).Nos

1869 1551 2039 1623 plane
2071 1549 2171 1622 qui
2203 1550 2429 1623 ligneos
2459 1553 2595 1606 deos
2627 1552 3002 1618 consecratis,
3036 1568 3238 1607 cruces
3268 1550 3517 1624 ligneas,

1871 1644 1935 1695 ut
1963 1640 2205 1694 deorum
2231 1645 2554 1695 vestrorum
2576 1640 3045 1711 partes,forsitan
3081 1639 3517 1698 adoratis.Nam

1871 1732 1926 1785 et
1954 1728 2123 1801 signa
2150 1728 2279 1800 ipsa
2309 1733 2366 1783 et
2397 1729 2674 1784 cantabra
2703 1729 2815 1800 (58)
2848 1733 2904 1784 et
2934 1727 3137 1784 vexilla
3166 1733 3515 1796 castrorum,

1872 1818 2012 1890 quid
2045 1818 2204 1873 aliud
2237 1834 2415 1890 quam
2447 1817 2726 1874 inauratae
2759 1833 2960 1874 cruces
2993 1822 3132 1874 sunt
3169 1823 3226 1873 et
3254 1821 3470 1873 ornatas
3491 1815 3519 1872 ?

1870 1907 2109 1979 Tropaea
2129 1913 2317 1963 vestra
2345 1906 2748 1973 victricia,non
2773 1912 3002 1962 tantum
3018 1907 3306 1979 simplicis
3327 1907 3518 1962 crucis

1871 1996 2099 2064 faciem,
2134 2013 2333 2052 verum
2364 2002 2420 2051 et
2449 1995 2606 2050 afﬁxi
2640 1995 2894 2051 hominis
2925 1996 3252 2050 imitantur.
3272 1996 3517 2067 Signum

1873 2102 2012 2141 sane
2043 2085 2233 2140 crucis
2265 2085 2609 2140 naturaliter
2643 2086 2891 2140 visimus
2923 2085 2980 2139 in
3029 2086 3180 2151 navi,
3213 2101 3345 2140 cum
3378 2085 3520 2141 velis

1872 2175 2238 2229 tumentibus
2256 2173 2646 2242 vehitur,cum
2673 2173 2945 2246 expansis
2968 2173 3243 2246 palmulis
3265 2173 3516 2243 labitur;

1880 2273 1933 2319 et
1965 2280 2098 2319 cum
2131 2263 2631 2336 erigiturjugum,
2664 2264 2857 2318 crucis
2895 2263 3129 2334 signum
3163 2267 3267 2334 est,
3301 2268 3356 2318 et
3385 2279 3519 2318 cum

1881 2352 2079 2419 homo,
2114 2353 2396 2424 porrectis
2441 2353 2740 2418 manibus,
2771 2353 2954 2408 Deum
2997 2369 3142 2424 pura
3187 2357 3380 2408 mente
3409 2351 3522 2424 (59)

1870 2443 2292 2497 veneratur.lta
2321 2442 2488 2514 signo
2518 2441 2710 2497 crucis
2743 2451 2843 2496 aut
2873 2443 3020 2497 ratio
3054 2442 3342 2498 naturalis
3373 2441 3521 2495 inni-

1871 2530 2040 2599 titur,
2078 2536 2180 2586 aut
2209 2535 2400 2586 vestra
2431 2530 2632 2602 religio
2667 2533 2968 2589 formatur.

1551 2675 1886 2738 Variorum
1929 2681 2118 2736 notae.

161 2799 428 2854 libidinibus
446 2800 762 2873 eﬁ‘raenatis
786 2815 1001 2855 omnem
1023 2808 1294 2870 sexum,“
1307 2815 1493 2856 omnes
1517 2802 1763 2873 corporis

157 2881 294 2941 partes
319 2872 843 2926 contaminantibus.
881 2873 1158 2927 Lmnusa.

209 2944 298 3013 (51)
325 2943 678 3014 lmpudicitia
707 2948 933 2999 vocatur
962 2946 1271 2999 urbanitas.
1306 2942 1590 2999 Similiter
1613 2945 1760 3000 Cur-

156 3013 241 3067 tius
266 3031 312 3082 v,
343 3013 491 3078 1,738
525 3032 540 3070 :
579 3017 737 3086 Apud
763 3024 1050 3070 matronas
1086 3019 1138 3071 et
1185 3017 1433 3086 virgines
1465 3021 1762 3070 Persarum

158 3090 334 3169 caninas
347 3087 606 3169 _habetw_'
633 3089 890 3169 vulgaris
913 3089 1160 3169 corporis
1188 3087 1624 3169 tilitas._lisu1_n.

209 3160 298 3226 (52)
338 3160 646 3214 Facznoris.
683 3130 968 3230 Rigaltius
1001 3130 1062 3214 in
1108 3158 1422 3230 exemplari
1469 3159 1606 3214 mali
1633 3173 1761 3214 esse
1791 3130 1834 3197 Ο

158 3231 371 3284 testatur.
406 3230 701 3285 Heraldus
731 3236 928 3285 tamen
963 3230 1112 3285 nihil
1146 3236 1363 3285 monet.
1413 3235 1757 3286 Heumanno

158 3307 376 3356 neutrum
411 3303 722 3373 probatur,
755 3308 813 3357 et
843 3303 1045 3358 scribit
1092 3302 1149 3357 id
1180 3305 1240 3358 in
1269 3319 1331 3358 se
1358 3301 1627 3373 facinoris
1657 3302 1758 3357 ad-

159 3375 348 3426 mittunt.
380 3374 665 3429 LINDNER.

209 3443 294 3513 (53)
322 3445 417 3499 Nec
444 3448 583 3514 cogi
631 3446 874 3516 servitus
920 3443 1130 3516 durior.
1152 3515 1155 3516 ν
1180 3444 1486 3516 Ulpianus.
1527 3444 1675 3515 Lege
1702 3445 1758 3499 2.

163 3513 325 3587 Pigest.
356 3517 432 3572 De
462 3513 568 3572 his
601 3516 698 3587 qui
732 3515 824 3570 sui
855 3515 941 3570 vel
990 3515 1162 3571 alieni
1206 3513 1358 3587 juris
1407 3523 1562 3585 sunt,
1596 3513 1704 3569 etc.
1741 3532 1756 3572 :

160 3582 442 3659 Sillaminus
470 3591 536 3643 in
575 3582 756 3642 servos
802 3590 1059 3656 smvierit,
1109 3582 1306 3642 υθὶάίί
1348 3582 1760 3659 impudicitiam

159 3658 425 3730 turpemque
471 3661 841 3716 violationem
892 3661 1225 3730 compellat:
1256 3674 1384 3730 quae
1426 3658 1536 3715 sint
1579 3663 1762 3728 partes

161 3733 387 3800 mendis,
425 3749 496 3787 er
559 3735 825 3802 rescripto
867 3730 985 3786 divi
1027 3733 1112 3802 pii
1140 3730 1211 3785 ad
1266 3733 1475 3785 XElium
1524 3731 1761 3784 Marcia-

161 3814 277 3866 num,
325 3805 705 3873 proconsulem
767 3804 1005 3866 Baeticis,
1047 3803 1519 3872 manifeslabitur,
1599 3803 1758 3872 cujus

161 3877 360 3937 rescripti
386 3877 558 3930 verba
575 3874 695 3930 haec
721 3882 851 3929 sunt
878 3893 896 3928 :
933 3895 960 3923 «
981 3876 1356 3928 Dominorum
1385 3873 1622 3945 quidem
1651 3889 1757 3944 po-

159 3945 373 4000 testatem
437 3947 494 4002 in
554 3962 696 4001 suos
744 3961 940 4001 servos
999 3945 1281 4000 illibatam
1333 3961 1461 4000 esse
1507 3949 1757 4016 oportet,

161 4028 235 4089 nec
267 4019 533 4089 cuiquam
592 4019 900 4072 hominum
951 4034 1125 4089 suum
1171 4019 1274 4086 jus
1341 4015 1606 4089 detrahi,
1648 4017 1758 4089 sed

160 4085 474 4144 dominorum
514 4091 762 4144 interest
797 4104 866 4143 ne
896 4085 1179 4142 auxilium
1231 4093 1433 4144 contra
1481 4088 1760 4144 saevitiam

159 4156 219 4231 rel
259 4160 443 4216 famem
491 4161 584 4215 vel
638 4159 1062 4216 intolerabilem
1115 4159 1389 4229 injuriam
1444 4159 1763 4231 denegetur

160 4225 225 4283 bis
261 4233 346 4302 qui
386 4234 557 4303 juste
601 4233 1039 4303 deprecantur.“
1070 4225 1319 4303 Ideoque
1361 4225 1644 4303 cognosce
1689 4232 1761 4286 de

161 4301 360 4367 querelis
386 4301 596 4358 eorum
631 4301 728 4370 qui
761 4319 828 4358 ex
860 4301 1082 4357 tamilia
1110 4301 1249 4357 Julii
1298 4301 1499 4358 Sabini
1531 4303 1602 4357 ad
1636 4309 1758 4358 sta-

163 4373 286 4426 tuam
316 4380 708 4447 contugerunt
742 4391 755 4428 :
787 4374 921 4447 etsi
955 4374 1041 4428 vel
1067 4374 1279 4447 durius
1319 4373 1550 4430 habitos
1581 4390 1758 4446 quam

161 4456 342 4512 aequum
399 4444 519 4510 est:
550 4444 640 4500 vel
671 4446 874 4502 infami
903 4444 1114 4514 injuria
1147 4446 1383 4501 affectos
1399 4444 1757 4517 cognoveris,

161 4506 294 4588 veniri
320 4506 566 4584 jube.ita
599 4522 663 4570 ut
706 4517 763 4571 in
799 4506 1148 4588 potestatem
1183 4517 1403 4572 domini
1433 4506 1546 4572 non
1577 4506 1759 4572 rever;
1789 4506 1836 4570 D

161 4587 330 4661 tantur.
363 4612 389 4636 υ
417 4590 566 4644 Vide
598 4589 734 4661 Leg.
771 4590 837 4644 14
867 4588 1003 4661 Cod.
1037 4588 1191 4644 Just.
1236 4589 1303 4644 de
1331 4590 1630 4660 episcopali
1655 4605 1756 4644 au-

159 4654 362 4735 (tientia,
387 4654 803 4735 Senecam‘lib.
841 4660 997 4735 inde
1027 4654 1430 4735 Beneﬁc.,_cap.
1461 4654 1569 4728 20;
1603 4661 1750 4715 Pho-

160 4732 291 4803 tingi.
320 4732 702 4798 Nomocanon.,
736 4733 823 4786 tit.
859 4734 944 4796 13,
979 4748 1104 4803 cap.
1139 4733 1232 4798 22,
1267 4733 1520 4786 Esmun.

210 4800 301 4872 (54)
331 4807 499 4860 Deum
533 4805 995 4861 credi.Construe
1019 4800 1168 4860 {aut
1197 4803 1434 4858 noxium
1467 4803 1755 4857 meruisse

161 4873 278 4993 {redi
318 4879 516 4944 Deum,
571 4881 676 4932 aut
724 4881 1020 4931 terrenum
1068 4875 1328 4946 potuisse
1360 4876 1511 4931 credi
1547 4875 1750 4930 Deum.

195 4958 391 4993 INDXRR-

195 4958 391 5001 INDNER.

211 5015 301 5090 (55)
345 5021 591 5090 Egyplii
618 5033 772 5072 sane.
822 5021 932 5090 Pro
982 5032 1131 5090 sane
1154 5016 1409 5090 rescribi
1438 5019 1602 5074 scitae
1631 5014 1756 5072 vult

155 5079 248 5159 Jac.
273 5079 604 5144 CronbVius.
640 5089 1007 5143 Assentiatur
1035 5088 1137 5159 qui
1167 5088 1338 5143 volet.
1373 5089 1578 5144 Hsuw'

210 5157 305 5220 {56}
339 5161 516 5217 Honor
545 5163 750 5216 verius.
802 5159 948 5214 Cave
996 5157 1128 5214 cum
1178 5160 1518 5216 Heumanno
1565 5161 1754 5216 verius

158 5203 334 5304 deleas,
362 5232 453 5288 hic
479 5231 1148 5304 pernecessariumﬂuaa
1182 5232 1607 5304 propositiones
1637 5247 1753 5287 uno

158 5299 428 5375 eodemque
455 5299 634 5360 verbo
665 5304 958 5358 cohaerent
991 5320 1003 5358 :

412 5463 424 5533 ί
449 5443 720 5517 praeclaro
742 5443 1096 5533 virobonor‘
1122 5443 1314 5499 verius

412 5463 424 5533 ί
449 5447 720 5517 praeclaro
742 5447 1066 5500 virobonor
1122 5447 1314 5499 verius

163 5509 310 5573 Quum
342 5522 417 5572 et.
555 5589 565 5600 .
1073 5455 1096 5654 ἔ
1255 5586 1267 5598 .
1360 5447 1752 5653 }praebeatur.

413 5587 429 5649 l,
453 5595 666 5654 optimo
683 5603 848 5642 amor
1118 5584 1347 5642 dulcius

413 5587 429 5649 l,
453 5589 666 5660 optimo
683 5603 848 5642 amor
1075 5584 1347 5654 (dulcius

1179 5675 1435 5731 Lmnnsa

1945 2799 2059 2871 (57)
2091 2798 2283 2871 Cruces
2311 2799 2478 2852 etiam
2510 2814 2606 2854 nec
2632 2799 2888 2864 colimus,
2937 2815 3039 2871 nec
3083 2803 3354 2869 Optamus,
3389 2799 3514 2855 Non

1872 2869 1961 2925 est
1991 2887 2094 2924 cur
2123 2870 2378 2925 codicem
2415 2885 2525 2925 ms.
2556 2871 2918 2934 deseramus,
2941 2869 3038 2941 qui
3070 2873 3244 2924 refert
3272 2879 3520 2941 optamus

1874 2941 1946 2997 Ut
2007 2942 2161 2996 enim
2225 2941 2503 2995 crucibus
2563 2941 2723 3012 affigi
2791 2958 2902 2995 non
2968 2942 3231 3012 aptabant
3293 2946 3515 2998 veteres

1869 3012 2205 3077 Christiani,
2237 3013 2319 3067 sic
2351 3028 2454 3066 nec
2486 3028 2612 3067 eam
2657 3029 2883 3083 poenam
2916 3013 3116 3067 subire
3146 3015 3514 3079 recusabant,

1873 3085 2068 3157 potius
2099 3099 2275 3157 quam
2309 3083 2591 3157 religioni
2642 3101 2761 3139 suae
2815 3085 3085 3138 nuntium
3136 3085 3515 3140 remitterent.

1872 3155 2163 3212 Ausonius
2199 3156 2254 3209 in
2290 3155 2453 3211 Orat.
2476 3155 2688 3223 Μαιιιι..
2723 3172 2777 3211 v.
2808 3157 2878 3210 73
2913 3173 2924 3211 :

1959 3255 2065 3304 Nec
2094 3254 2279 3304 timeat
2307 3258 2529 3303 mortem
2560 3254 2695 3302 bene
2731 3254 2946 3303 conscia
2971 3253 3094 3314 vita,
3129 3267 3226 3304 nec
3255 3257 3418 3317 optet.

1868 3345 2030 3400 Idem
2061 3343 2384 3409 Periandro,
2421 3360 2474 3397 v.
2505 3344 2560 3409 3,
2592 3359 2725 3415 pag.
2756 3342 2862 3397 290
2895 3360 2908 3398 :

1962 3444 2180 3491 Mortem
2210 3446 2396 3504 optare
2426 3439 2646 3496 malum,
2677 3441 2869 3490 timere
2898 3443 3052 3503 pejus

1869 3530 2061 3586 DAVIS.
2103 3561 2162 3570 —
2195 3530 2344 3601 Lege
2389 3544 2669 3584 ornamus.
2719 3532 2929 3601 Contra
2971 3535 3176 3601 gentes
3223 3530 3510 3601 disputat,

1869 3603 2086 3674 quibus
2131 3618 2263 3657 mox
2291 3600 2532 3656 ornatas
2581 3617 2765 3655 cruces
2811 3600 3030 3671 objicit.
3082 3600 3339 3674 Gauusa.
3392 3601 3428 3657 l.
3461 3618 3511 3674 c.

1867 3673 2001 3746 pag.
2035 3674 2160 3741 246,
2195 3704 2259 3712 -
2288 3676 2488 3746 Cruces
2535 3687 2634 3746 nec
2679 3673 2928 3727 colimus.
2981 3673 3328 3746 Christianis
3379 3673 3515 3728 vitio

1867 3742 2127 3800 vertebat
2157 3742 2420 3798 Czecilius
2453 3743 2602 3814 quod
2646 3759 2876 3798 crucem
2929 3743 3202 3800 colerent.
3236 3745 3379 3799 Hinc
3409 3762 3516 3800 su-

1869 3833 1992 3883 pra,
2045 3832 2170 3887 cap.
2227 3817 2281 3870 9.
2331 3817 2510 3870 crucis
2569 3815 2728 3887 ligna
2784 3816 2986 3885 feralia
3051 3816 3515 3872 Christianorum

1867 3890 2218 3944 caerimonias
2249 3887 2506 3941 vocabat.
2548 3887 2616 3940 Et
2649 3903 2774 3944 cap.
2803 3888 2869 3941 12
2915 3888 3131 3944 clarius
3162 3888 3353 3942 adhuc
3384 3905 3512 3942 cru-

1869 3959 1953 4014 cis
1993 3959 2216 4014 cultum
2277 3958 2621 4030 Christianis
2669 3957 2964 4030 ,objiciens
3022 3975 3035 4014 :
3089 3963 3245 4024 Ecce,
3299 3960 3510 4028 inquit,

1869 4033 2019 4086 vobis
2087 4031 2202 4100 iam
2263 4045 2373 4084 non
2433 4029 2767 4097 adorandae,
2813 4030 2904 4085 sed
2965 4031 3260 4085 subeundae
3305 4047 3510 4084 cruces.

1869 4103 2110 4169 Quando
2181 4101 2366 4174 igitur
2433 4101 2669 4174 Caecilio
2729 4099 2851 4156 hac
2894 4103 3168 4174 objicenti
3221 4101 3513 4158 Minucius

1869 4173 2556 4247 respondet,cruccs__non
2589 4173 2943 4247 colimus,dc
2974 4173 3132 4228 Cultu
3169 4189 3309 4247 sane
3340 4175 3510 4247 abso-

1867 4243 1990 4302 luto
2048 4262 2219 4317 quem
2289 4243 2598 4317 Ceciliana
2657 4245 2902 4317 obiectio
2971 4263 3083 4316 prae
3142 4261 3204 4298 se
3267 4243 3508 4317 ferebat.

1869 4314 2156 4387 ejusmodi
2192 4316 2364 4388 verba
2393 4333 2520 4388 esse
2551 4316 2890 4388 accipienda
2930 4314 3271 4371 noscuntur.
3308 4314 3504 4388 Perin-

1868 4386 1939 4444 de
1971 4404 2038 4444 ac
2068 4389 2117 4444 si
2149 4386 2697 4443 dixissetMinucius
2728 4403 2741 4442 :
2777 4391 2986 4442 Cruces
3014 4405 3127 4442 non
3159 4388 3241 4442 ita
3260 4386 3509 4443 colimus

1867 4460 2204 4528 Christiani,
2237 4465 2302 4513 ut
2329 4458 2604 4514 crucibus
2623 4459 2901 4531 ipsismet
2939 4459 3219 4514 honorem
3252 4458 3507 4515 cultum-

1867 4549 1980 4604 que
2009 4530 2879 4604 tribuamuszquemadmodum
2898 4531 3133 4604 quidem
3160 4547 3261 4584 vos
3292 4531 3510 4587 ethnici

1864 4601 2055 4658 vestra
2085 4603 2276 4656 colitis
2327 4601 2661 4656 simulacra.
2694 4601 2929 4673 ,Atque’
2955 4603 3105 4657 hanc
3147 4619 3276 4659 esse
3305 4609 3507 4658 aucto-

1865 4675 1942 4729 ris
1975 4674 2155 4728 nostri
2188 4673 2637 4746 sententiam,ex
2667 4672 2738 4746 iis
2773 4672 2955 4745 liquet
2979 4692 3106 4746 quas
3138 4675 3336 4732 statim
3369 4676 3507 4732 sub-

1862 4747 1966 4814 dil,
2019 4761 2144 4801 eam
2195 4744 2384 4818 ipsam
2437 4744 2869 4818 accusationem
2919 4744 3276 4818 ingentiles
3322 4753 3510 4804 retor-

1862 4833 2050 4890 quens
2085 4833 2097 4872 :
2137 4818 2232 4871 Vos
2263 4816 2553 4890 planequi
2583 4817 2788 4886 ligneos
2836 4817 2960 4873 deos
3007 4816 3352 4890 consecratis,
3377 4836 3506 4875 cru-

1859 4887 1944 4944 ces
1997 4889 2255 4962 ligneas.__
2284 4891 2349 4962 ut
2376 4887 2627 4962 deorum
2685 4892 2991 4944 vestrorum
3039 4894 3239 4961 partes,
3271 4887 3506 4962 forsitan

1860 4962 2132 5017 adoratis.
2191 4959 2423 5014 Videsis
2483 4961 2632 5015 Diar.
2709 4962 2857 5016 Erud
2913 4959 3046 5017 Ital.
3093 4968 3233 5016 tom.
3271 4959 3504 5024 'XXVll,

1903 5048 1994 5105 ag.
2027 5033 2131 5105 391
2162 5048 2304 5103 seq;
2335 5036 2392 5085 et
2427 5031 2534 5105 indi
2757 5033 2869 5088 Cll.
2923 5033 3073 5105 Orsi.
3127 5035 3328 5105 Hister.
3362 5033 3503 5105 Eccl.

1858 5050 1994 5159 pag.
2027 5050 2123 5086 JUI
2162 5050 2392 5103 seq;et
2440 5050 2534 5086 aui
2595 5050 2703 5087 vv.
2757 5050 2869 5088 uu.
2923 5050 3073 5088 ursi.
3127 5050 3328 5087 mstor.
3362 5050 3503 5085 cca.

1883 5105 1962 5160 ib.
1998 5103 2138 5177 vi,_§
2169 5121 2247 5159 vu
2275 5121 2288 5171 ;
2325 5119 2391 5177 ac
2417 5102 2845 5177 Trombellium
2873 5106 2944 5160 De
2977 5104 3127 5159 cultu
3158 5103 3251 5159 SS.
3283 5101 3504 5168 tom.ll,

1860 5179 2012 5249 part.
2040 5174 2133 5246 lll,
2166 5191 2282 5249 pag
2333 5175 2456 5230 373.
2496 5175 2781 5249 (incursi).

1932 5248 2048 5320 (58)
2081 5243 2373 5320 Lantaln'a,
2400 5246 2611 5320 vexilla
2660 5246 2936 5301 militum.
2980 5243 3405 5320 Vide_fl_‘e_rtull._
3438 5245 3509 5299 ad

1862 5315 1984 5376 Nat.
2020 5315 2058 5373 ι.
2093 5325 2149 5374 et
2177 5336 2301 5391 quae
2325 5318 2411 5391 ibi
2465 5323 2777 5391 notantur,_
2814 5322 2896 5391 et_
2923 5332 3048 5387 quas
3096 5315 3257 5388 alibi,
3305 5317 3509 5372 eodem

1859 5396 2040 5455 toruo,
2075 5391 2141 5446 D.
2178 5388 2251 5446 Le
2288 5388 2826 5455 Nourrydisseruit.
2864 5389 3000 5442 Enn.

1932 5464 2044 5531 (59)
2078 5464 2226 5517 Pura
2254 5463 2449 5516 mente.
2482 5457 2615 5532 Haec
2661 5461 2834 5532 verba
2878 5457 3021 5532 nihil
3074 5457 3247 5532 plane
3277 5459 3346 5515 ad
3382 5477 3505 5517 rem

1861 5530 2102 5590 faciunt.
2135 5534 2381 5605 Signum
2415 5530 2609 5587 crucis
2663 5530 2835 5586 homo
2885 5530 3112 5605 format,
3152 5532 3275 5604 qui,
3308 5549 3504 5605 porre-

1861 5609 1970 5679 ctis
2000 5603 2290 5673 manibus,
2324 5603 2519 5679 Qeum_
2549 5607 2876 5674 veneratur,
2931 5603 3053 5659 sive
3095 5603 3151 5660 id
3176 5603 3354 5679 pura,
3386 5604 3505 5661 sive

1859 5677 2091 5751 impura
2121 5680 2314 5733 mente
2341 5675 2459 5730 fiat.
2498 5674 2777 5731 LINDNER.
