4102 6162
420 253 535 317 351

1737 255 1822 318 M.
1869 257 2176 322 MINUCII
2219 211 2530 321 FELIGIS.

3677 263 3774 328 352

431 385 1339 454 admittitur;etiamnescientes
1381 385 1581 444 miseri
1609 388 1850 460 potestis
1873 389 1931 444 in
1956 389 2070 444 illi-
2102 392 2156 458 Α
2187 389 2341 462 poris
2388 387 2720 461 virginitate
2762 388 3044 459 perpetua
3095 385 3373 442 fruuntur
3419 388 3595 460 potius
3631 409 3781 465 quam

430 477 547 532 cita
591 491 885 548 proruere,
931 477 1072 532 dum
1127 477 1405 532 Venerem
1459 477 1748 549 promisce
1795 479 2070 552 spargitis
2178 479 2541 552 gloriantur:
2578 482 2813 534 tantum
2837 475 3092 548 denique
3113 475 3782 551 abestincesticupido,ut

424 565 557 637 (8i),
590 565 731 620 dum
764 565 984 635 passim
1025 566 1240 622 liberos
1274 567 1487 637 seritis,
1531 568 1673 623 dum
1703 566 1877 623 etiam
1910 569 2070 624 domi

423 660 595 709 natos
627 652 826 708 aliena:
860 654 1267 710 misericordiae
1287 658 2068 729 t'requenterexponitis(85),

424 759 662 800 necesse
683 746 772 798 est
800 742 858 797 in
893 745 1040 799 837
1088 750 1309 799 vestros
1343 761 1640 800 recurrere
1663 745 1793 818 (86),
1827 745 1886 801 in
1921 746 2072 803 filios

423 831 681 888 inerrare
703 832 938 901 (87).Sic
972 833 1176 890 incesti
1209 833 1467 889 fabulam
1492 835 1724 890 nectitis
1755 835 2070 908 (88),etiam

425 937 560 977 cum
581 921 997 977 conscientiam
1021 938 1137 976 non
1157 921 1482 978 habetis.At
1514 939 1618 978 nos
1650 922 1930 992 pudorem
1955 942 2072 981 non

427 1009 572 1066 facie
594 1011 695 1064 sed
720 1014 916 1066 mente
939 1015 1308 1082 praestamus.
1339 1010 1522 1067 Unius
1555 1013 1910 1068 matrimonii
1943 1014 2072 1068 vin-

427 1098 559 1155 culo
584 1098 828 1156 libenter
848 1099 1224 1168 inhaeremus,
1245 1101 1566 1172 cupiditate
1590 1087 1930 1174 procreandi
1961 1102 2074 1174 (89)

430 1192 531 1244 aut
563 1205 738 1243 unam
788 1189 1030 1257 scimus,
1083 1194 1186 1246 aut
1216 1189 1463 1245 nullam.
1496 1191 1767 1247 Convivia
1796 1209 1912 1248 non
1943 1197 2078 1248 tan-

431 1281 559 1332 tum
609 1277 822 1348 pudica
866 1276 1136 1346 colimus,
1170 1279 1272 1334 sed
1321 1288 1375 1333 et
1405 1279 1633 1336 sobria:
1670 1297 1774 1336 nec
1799 1280 1955 1336 enim
1986 1281 2079 1336 in-

432 1364 743 1437 dulgemus
774 1366 983 1438 epulis,
1037 1372 1140 1424 aut
1185 1366 1513 1424 convivium
1563 1385 1720 1425 mero
1767 1369 2078 1440 ducimus;

433 1453 535 1510 sed
566 1455 846 1526 gravitate
895 1455 1251 1512 hilaritatem
1303 1459 1720 1530 temperamus,
1753 1464 1911 1516 casto
1959 1477 2080 1516 ser-

434 1559 628 1612 mone,
683 1559 922 1616 corpore
979 1545 1263 1612 castiore;
1320 1543 1580 1618 plerique
1637 1547 1898 1604 inviolati
1954 1565 2080 1604 cor-

2181 568 2481 624 nonnullis
2515 567 2713 624 rubori
2746 566 2824 622 sit
2853 565 3025 622 etiam
3064 564 3276 637 pudica
3313 567 3644 636 conjunctio.
3688 571 3786 630 Nec

2181 657 2251 713 de
2285 657 2491 713 ultima
2521 657 2723 712 statim
2758 655 2926 728 plebe
2956 653 3358 723 consistimus,
3389 654 3436 710 si
3467 655 3691 715 honores
3709 677 3787 717 ve-

2181 751 2334 802 stros
2380 753 2436 800 et
2483 763 2775 818 purpuras
2826 759 3215 800 recusamus:
3267 758 3371 797 nec
3399 743 3667 802 i‘astidiosi
3691 751 3785 822 (90)

2183 838 2372 908 (impr.
2411 834 2659 906 factiosi]
2692 833 3050 904 sumus,[47]
3083 833 3133 888 si
3167 848 3369 888 omnes
3399 849 3572 888 unum
3597 835 3785 894 bonum

2183 925 2448 998 sapimus
2481 924 2819 996 (91),eadem
2851 922 3190 995 congregati
3225 920 3415 994 quiete
3443 937 3554 992 qua
3581 924 3790 997 singuli:

2185 1030 2290 1071 nec
2340 1015 2397 1068 in
2450 1012 2682 1086 angulis
2731 1012 2972 1084 garruli,
3023 1016 3069 1067 si
3103 1013 3304 1068 audire
3336 1030 3437 1069 nos
3467 1014 3679 1085 publice
3708 1021 3793 1071 aut

2185 1103 2548 1172 erubescitis,
2603 1107 2704 1157 aut
2752 1101 2993 1158 timetis.
3029 1102 3099 1157 Et
3126 1102 3277 1171 quod
3309 1102 3458 1158 838
3487 1103 3544 1158 in
3569 1105 3684 1160 dies
3710 1123 3795 1162 uo-

2187 1193 2295 1250 stri
2325 1208 2603 1248 numerus
2632 1191 2742 1263 (92)
2776 1196 3043 1262 augetur,
3080 1208 3196 1246 non
3226 1196 3316 1247 est
3343 1190 3556 1246 crimen
3589 1193 3797 1262 erroris,

2188 1282 2289 1338 sed
2339 1280 2741 1336 testimonium
2791 1279 3002 1335 laudis.
3054 1280 3201 1335 Nam
3250 1279 3308 1334 in
3356 1279 3588 1352 pulchro
3617 1297 3800 1354 genere

2188 1370 2415 1427 vivendi
2447 1375 2503 1426 et
2532 1373 2771 1442 praestat
2803 1373 2859 1424 et
2887 1373 3216 1442 perseverat
3255 1386 3401 1426 suus
3450 1369 3578 1440 (93),
3629 1374 3681 1426 et
3721 1389 3802 1426 ac-

2191 1461 2399 1515 crescit
2427 1459 2673 1515 alienus.
2707 1458 2801 1514 Sic
2832 1475 2940 1514 nos
2971 1459 3243 1531 denique,
3276 1475 3392 1514 non
3425 1458 3680 1515 notaculo
3698 1477 3804 1515 cor-

2191 1549 2350 1620 poris
2379 1549 2514 1620 (94),
2541 1553 2604 1604 ut
2635 1547 2876 1620 putatis,
2910 1549 3012 1604 sed
3063 1547 3412 1604 innocentiae
3443 1563 3508 1604 ac
3539 1549 3804 1604 modestiae

1874 1707 2205 1771 Variorum
2248 1715 2439 1772 notae.

509 1840 620 1908 (84)
662 1841 936 1915 Promisce
983 1845 1264 1910 spargitis.
1312 1844 1404 1899 Sic
1452 1860 1562 1900 ms.
1597 1843 1698 1898 lib.
1730 1848 1787 1898 et
1817 1845 1927 1900 hoc
1956 1844 2080 1900 loco
2111 1851 2159 1915 Β

437 1917 495 1967 et
525 1928 704 1987 supra
731 1929 860 1987 cap.
894 1913 928 1965 9
934 1929 964 1987 ξ
1000 1930 1135 1987 nam
1168 1922 1388 1987 veteres
1415 1917 1716 1987 promiscas
1746 1923 1803 1971 et
1848 1918 2081 1987 promis-

438 1999 573 2039 cuus
604 1983 890 2060 dicebant.
923 1983 1143 2040 Gellius
1173 1985 1273 2041 lib.
1305 2004 1384 2058 xi,
1415 1983 1541 2060 cap.
1580 1989 1684 2042 16:
1709 1983 1954 2044 Deterret
1984 2003 2082 2042 nos

439 2057 658 2131 nivaria
700 2057 1505 2131 promiscaque,cogitatiOnef
1532 2059 1689 2114 Idem
1709 2060 1818 2131 lib.
1854 2077 1917 2125 ιι,
1950 2075 2078 2131 cap.

438 2127 541 2204 24:
574 2129 848 2204 Promisce
876 2127 1263 2204 indeﬁniteque
1294 2129 1544 2204 largiri.
1597 2131 1662 2185 Et
1705 2130 1807 2186 lib.
1848 2148 1922 2200 vn,
1954 2127 2081 2204 cap.

443 2199 533 2264 14,
566 2202 625 2252 ut
654 2201 922 2268 promisce
951 2199 1069 2254 dici
1095 2201 1248 2256 solet.
1282 2201 1521 2257 CBLLAR.

513 2270 624 2339 (85)
657 2270 802 2342 Dum,
833 2272 1000 2325 etiam
1047 2271 1194 2327 domi
1242 2276 1462 2329 natos...
1514 2273 1812 2342 exponitis.
1863 2271 2084 2328 Consu-

439 2340 599 2416 tatur
640 2341 884 2416 omnino
928 2343 1328 2416 eruditissimi
1374 2340 1788 2416 jurisconsulti
1844 2343 2084 2400 Gerardi

444 2411 675 2489 Νοράῐῇ
703 2413 890 2468 Julius
917 2415 1170 2489 Paullus,
1225 2432 1323 2489 seu
1358 2411 1915 2489 commentariusad
1949 2417 2082 2489 Leg.

443 2501 501 2538 ix
533 2483 596 2541 D.
630 2484 702 2538 de
749 2487 1134 2556 agnoscendis
1182 2491 1238 2542 et
1274 2487 1500 2543 alendis
1547 2487 1768 2543 liberis.
1820 2487 1990 2543 GALL.
2019 2483 2087 2528 Σ-

373 2581 376 2584 ’
444 2556 602 2611 Domi
621 2558 794 2610 natos.
827 2556 1112 2612 Heraldus
1146 2557 1316 2627 male,
1349 2559 1675 2615 dominatos.
1713 2560 1995 2614 LINDNER.

516 2627 630 2697 (86)
661 2628 972 2702 ln__vestros
1020 2645 1322 2686 recurrere.
1369 2633 1455 2687 Jo.
1490 2631 1743 2686 Pricaeus
1774 2630 1848 2685 ad
1878 2628 2086 2702 Apulei

443 2700 700 2767 Metam,
733 2697 834 2754 lib.
870 2716 970 2774 vix,
1003 2717 1134 2774 pag.
1167 2703 1291 2772 379,
1319 2703 1548 2774 reponit
1571 2704 1874 2774 incurrere,
1909 2697 2086 2774 quem

445 2721 700 2767 Μειατη.,
733 2721 834 2754 un.
870 2721 970 2766 vn,
1003 2721 1134 2773 pag.
1167 2721 1291 2772 eis,
1319 2721 1379 2758 re
1423 2721 1548 2759 onn.
1571 2721 1874 2771 incurrere,
1909 2721 2086 2774 quem

445 2775 681 2826 secutus
730 2775 820 2826 est
863 2771 984 2827 Jac.
1040 2773 1330 2830 Ouzelius.
1381 2721 1492 2832 ged
1541 2773 1687 2830 nihil
1732 2789 1967 2829 necesse
1998 2776 2088 2828 est

446 2845 511 2897 ut
541 2857 638 2897 eos
675 2842 988 2898 audiamus
1021 2848 1212 2901 DAVIS.

517 2913 631 2985 (87)
661 2913 723 2968 In
746 2912 896 2984 ﬁlios
928 2916 1194 2972 inerrare.
1229 2917 1364 2971 Viro
1402 2916 1744 2973 doctissimo
1771 2915 1896 2972 Jac.
1928 2913 2086 2970 Peri-

445 2983 621 3060 zonio'
669 2983 859 3056 placet
888 2989 977 3060 _inr
1009 2989 1156 3058 ﬁlias
1203 2988 1487 3050 inerrare;
1536 2989 1629 3060 cui
1667 2988 1940 3060 equidem
1974 3003 2086 3041 non

447 3057 678 3131 accedo,
701 3074 835 3112 cum
865 3057 981 3128 ﬁlii
1010 3057 1316 3131 utriusque
1345 3077 1519 3116 sexus
1545 3057 1761 3116 libero—3
1789 3060 2084 3115 denotent.

437 3126 834 3202 Tertullianus
865 3126 1049 3202 quem
1101 3126 1309 3187 Noster
1355 3132 1652 3198 describit,
1700 3133 1918 3202 Apolog.
1958 3147 2084 3201 cap.

443 3215 541 3254 1x:
598 3201 662 3254 In
713 3202 911 3271 primis
959 3201 1110 3274 ﬁlios
1172 3205 1513 3274 exponitis...
1565 3201 1811 3258 Alienati
1865 3201 2082 3274 generis

441 3286 655 3346 necesse
681 3281 762 3327 est
791 3273 1125 3346 quandoque
1151 3273 1471 3331 memoriam
1510 3275 1790 3344 dissipari.
1823 3276 1886 3328 Et
1913 3273 2084 3329 semet

442 3358 600 3397 error
627 3344 912 3428 impegerit
941 3344 1144 3402 exinde
1162 3348 1293 3428 jam
1320 3347 1538 3428 tradam
1570 3347 1820 3428 proﬁciet
1866 3345 2083 3413 incesti,

440 3424 690 3490 serpente
717 3431 915 3486 genere
959 3434 1083 3473 cum
1104 3417 1336 3490 scelere.
1365 3417 1658 3490 Arnobius
1690 3417 1788 3490 lib.
1839 3431 1916 3490 1v,
1950 3433 2082 3488 pag.

442 3485 566 3560 t37,
619 3485 929 3558 postquam
980 3489 1050 3544 de
1100 3489 1354 3545 Minerva
1401 3507 1469 3544 ex
1517 3487 1706 3560 Capite
1746 3489 1910 3545 Jovis
1949 3485 2089 3543 nata

441 3555 674 3631 locutus
703 3555 983 3622 est,addit
1007 3577 1019 3615 :
1044 3563 1128 3617 Ea:
1146 3563 1325 3630 capite
1350 3555 1627 3631 conceptos
1642 3561 1792 3630 ﬁlios
1811 3563 2083 3631 procreat.

442 3627 763 3703 Javolenus
795 3632 950 3701 Digg.
984 3632 1083 3687 lib.
1121 3627 1391 3697 1,tit.xv1.
1420 3627 1525 3688 83E
1561 3627 1696 3687 Filii
1722 3627 2090 3703 appellatione

443 3715 641 3784 Muci
660 3701 858 3757 liberos
916 3704 1302 3784 irttelligimus.
1355 3701 1770 3784 Adi_et.Legg.
1808 3705 1928 3784 116‘,
1964 3705 2085 3784 121,

441 3771 794 3846 201._Dav13.
837 3805 905 3814 -—
935 3775 996 3829 In
1025 3776 1168 3846 ﬁlios
1194 3779 1463 3831 inerrare.
1479 3771 1770 3830 Perizonio
1802 3779 2086 3830 tentante.

444 3841 503 3897 in
532 3843 679 3912 ﬁlias
727 3847 1002 3915 inerrare,
1025 3841 1299 3902 'alterum
1351 3848 1484 3902 inde
1513 3847 1774 3902 defendit
1807 3847 2088 3911 Davisius,

445 3915 600 3990 quod
630 3915 877 3990 filiorum
910 3919 1146 3974 nomine
1176 3920 1351 3975 etiam
1381 3920 1520 3990 filiae
1558 3918 1972 3990 comprehendi
1999 3935 2092 3990 so:

444 3983 736 4061 [eautilfl
764 3993 956 4044 autem
1012 3990 1205 4060 ipsum
1247 3983 1742 4061 jam'Perizoniu's
1774 3990 1994 4044 notavit
2020 3989 2091 4044 ad

446 4055 630 4112 Sanct.
666 4057 795 4113 Min.
830 4077 902 4126 ιν,
938 4062 1005 4115 10
1032 4055 1086 4128 5,
1135 4068 1192 4117 et
1241 4055 1338 4117 alii
1373 4061 1564 4117 multi.
1596 4063 1804 4126 Quare,
1836 4077 1968 4115 cum
2000 4076 2095 4115 res

447 4130 590 4184 adeo
642 4131 918 4203 tralatitia
966 4132 1085 4187 haec
1135 4136 1229 4203 sit,
1276 4133 1506 4188 videtur
1549 4132 1658 4188 hac
1687 4131 2098 4188 emendatione

449 4215 594 4273 usus
646 4201 730 4255 vir
780 4202 1076 4273 laudatus,
1131 4201 1520 4260 ut'orationis
1563 4205 1899 4259 concinnior
1941 4207 2097 4260 esset

447 4271 716 4342 varietas,
743 4274 886 4329 dum
916 4271 1197 4331 recurrere
1228 4277 1299 4330 ad
1323 4275 1588 4341 feminas,
1613 4278 1861 4331 inerrare
1885 4275 1956 4330 ad
1973 4293 2095 4330 ma-

445 4360 543 4398 res
571 4344 780 4418 referat
828 4346 1141 4403 Minucius.
1189 4348 1372 4410 Quem
1421 4353 1613 4402 tamen
1656 4347 1728 4402 ab
1757 4346 2098 4418 hujusmodi

449 4411 806 4501 ταυτρῇκογίας
836 4420 1046 4501 specie,
1094 4435 1220 4501 quae
1255 4418 1498 4501 forsitan
1534 4411 2097 4501 Perii..‘oti‘é.n_d.ebat,

465 4489 806 4562 neutiquam
855 4489 1234 4546 abhorruisse
1278 4507 1408 4562 cap.
1440 4491 1489 4557 1,
1540 4496 1598 4545 et
1645 4489 1782 4544 alibi
1818 4489 2088 4562 vidimus.

453 4560 660 4612 Wopx.
693 4590 759 4631 -έ
786 4562 1286 4618 Autvehementer
1316 4560 1501 4627 fallor,
1537 4565 1640 4617 aut
1668 4562 1752 4616 ita
1781 4560 2097 4631 scripserat

455 4633 653 4683 noster
679 4630 1004 4688 Minucius:
1065 4635 1282 4689 Necesse
1324 4638 1402 4688 est
1444 4649 1534 4688 vos
1588 4642 1794 4688 vestras
1822 4630 2103 4688 incurrere

454 4701 518 4755 in
547 4700 715 4770 ﬁlias,
750 4704 809 4756 in
836 4720 1062 4760 sorores.
1103 4710 1234 4760 Jam
1284 4704 1533 4760 Priczeus
1581 4705 1960 4776 rescripserat
2015 4707 2102 4759 in-

463 4787 710 4853 currere,
759 4782 1302 4853 secutusque‘cuin
1362 4776 1656 4843 Ouzelius,
1687 4776 1825 4853 _qu_i,
1877 4781 1933 4831 et
1961 4776 2106 4853 alios

453 4847 770 4916 scriptores
791 4847 1115 4916 producens
1136 4848 1218 4904 ita
1244 4847 1964 4915 locutos,elnendationem
1986 4849 2105 4902 Pri-

453 4915 556 4970 ca’i
587 4915 730 4971 satis
763 4915 974 4974 firmat.
1001 4920 1192 4975 HEUM.
1213 4951 1277 4960 —
1313 4921 1436 4975 Non
1464 4920 1668 4974 debuit
1699 4919 1950 4974 Pricaeus
1980 4935 2104 4974 ver-

457 4987 597 5041 bum
629 4989 934 5061 incurrere,
978 4991 1047 5046 de
1079 4993 1272 5047 furore
1299 4991 1563 5046 libidinis
1594 4991 1666 5045 ab
1697 4989 1827 5045 aliis
1859 5007 2105 5061 usurpa-

455 5062 609 5131 tum,
659 5059 752 5116 hic
800 5068 921 5118 tam
968 5063 1253 5119 violenter
1302 5063 1538 5130 inferre,
1584 5061 1721 5131 quia
1767 5067 1823 5117 et
1855 5059 2105 5116 Minucio

455 5129 686 5200 placent
733 5133 1029 5190 interdum
1076 5135 1250 5190 verba
1295 5134 1380 5189 sic
1407 5129 1752 5202 composita,
1788 5137 1854 5187 ut
1883 5131 1990 5186 hoc
2016 5148 2106 5187 re-

452 5217 698 5269 currere,
731 5206 840 5277 etsi
874 5207 1078 5276 prima:
1108 5204 1342 5277 syllabae
1374 5203 1726 5276 significatio
1757 5204 1835 5259 sit
1863 5202 2024 5258 nulla
2050 5219 2108 5277 et

457 5289 698 5343 prorsus
747 5274 1016 5344 intereat,
1070 5274 1360 5346 ut'supra
1406 5274 1803 5344 recognoscere,
1845 5279 1902 5328 et
1932 5274 2105 5345 paulo

458 5350 590 5418 post
620 5362 745 5400 vera
803 5350 1005 5418 religio
1053 5351 1376 5403 reservetur.
1433 5346 1608 5418 Alibi,
1650 5347 1969 5415 reﬁdamus,
2006 5346 2105 5402 ubi

459 5416 634 5471 etiam
680 5421 839 5487 angit
885 5416 939 5473 et
989 5419 1258 5474 remordet
1297 5421 1498 5472 oratio.
1551 5417 1835 5474 Caeterum
1867 5420 2105 5475 omnino

458 5504 616 5572 n‘unc
644 5487 994 5572 signiticatio
1026 5492 1156 5572 ejus
1185 5489 1522 5572 requiritur,
1554 5506 1611 5572 q.
1646 5490 1701 5545 d.
1735 5495 1800 5572 ut
1830 5491 1972 5572 dum
2012 5494 2107 5572 ‘sic

455 5557 637 5638 alios"
659 5557 831 5614 vestri
886 5557 1194 5638 sanguinis
1226 5557 1482 5638 abigitis,
1516 5557 1662 5617 alios
1695 5561 1979 5638 retinetis,
2012 5562 2107 5618 his

453 5633 638 5703 nescii
671 5633 1219 5703 consanguinitatis,
1251 5633 1560 5689 concilient
1588 5651 1820 5690 amores
1843 5634 1994 5689 inter
2021 5651 2106 5700 se,

445 5702 512 5755 et
544 5698 767 5778 Venus.
791 5703 881 5758 ita
900 5698 1215 5764 'recurrat'
1237 5706 1298 5762 in
1348 5711 1571 5763 vestros
1617 5707 2018 5778 redundetque
2049 5698 2107 5763 et

430 5776 689 5843 regyret.
724 5771 983 5843 Gnonov.

2265 1847 2378 1916 (88)
2409 1845 2496 1901 Sic
2525 1846 2717 1900 incesti
2742 1843 2999 1915 fabulam
3020 1845 3256 1916 nectitis.
3285 1842 3568 1916 Intelligit
3587 1843 3817 1899 fabulam

2191 1917 2526 1987 OEdipodis,
2559 1917 2630 1971 de
2661 1933 2775 1988 quo
2809 1915 3139 1988 Lactantius
3162 1933 3236 1985 Vl,
3266 1917 3364 1984 20,
3390 1916 3480 1970 23.
3507 1915 3635 1981 Quae
3661 1925 3818 1988 autem

2188 1989 2407 2061 possint
2437 1989 2519 2044 vel
2566 1987 2776 2044 soleant
2820 1987 3073 2044 accidere
3119 1989 3180 2043 in
3208 1991 3448 2061 utroque
3477 1987 3719 2061 separet
3738 2003 3820 2061 per

2188 2059 2449 2126 errorem,
2510 2062 2632 2132 quis
2679 2076 2792 2115 non
2837 2061 3121 2132 intelligit,
3188 2061 3322 2130 quis
3348 2059 3359 2132 ξ
3387 2059 3654 2132 ignorat?)
3693 2059 3821 2132 Quod

2191 2132 2282 2188 vel
2312 2134 2484 2188 unius
2519 2130 2820 2202 VOEdipodis
2863 2131 3104 2187 declarat
3133 2131 3474 2201 exemptum,
3507 2130 3704 2200 duplici
3727 2146 3818 2184 see-

2195 2205 2309 2259 lere
2336 2207 2643 2274 confusura.
2695 2208 2928 2258 Poterat
2973 2205 3184 2268 dicere,
3234 2203 3490 2274 fabulam
3524 2203 3699 2274 agitis,
3735 2202 3818 2256 sed

2195 2275 2400 2331 maluit
2419 2272 2648 2343 nectere,
2681 2275 2818 2346 quia
2850 2291 3185 2346 supracap.
3217 2272 3253 2326 9
3286 2272 3557 2346 Cauzilius
3585 2273 3819 2327 dixerat:

2191 2349 2377 2404 Nemus
2402 2347 2652 2417 infandae
2680 2344 3003 2416 cupiditatis
3031 2345 3344 2417 involvunt.
3397 2344 3652 2417 Nimium
3671 2361 3710 2417 _a
3735 2359 3823 2417 Ave-

2195 2420 2364 2474 ritate
2420 2415 2649 2474 abludit
2713 2415 3052 2488 cenjectura
3120 2415 3220 2472 illa
3278 2415 3566 2483 Woweri,
3622 2415 3820 2488 ﬁbulam

2193 2491 2620 2562 nectitis,quam
2648 2494 2719 2562 ut
2742 2487 3051 2545 assensum
3075 2489 3339 2562 praebere
3359 2487 3826 2562 po_ssimus.l_.‘m_n-

2195 2579 2326 2618 una.
2359 2557 2430 2602 -ἑ
2459 2557 2712 2616 Ἀὺιυάὶι
2752 2566 2812 2616 et
2861 2557 3133 2633 Lugdun.
3177 2557 3379 2616 editor
3410 2560 3550 2615 dum
3583 2557 3825 2629 conjicit:

2193 2635 2391 2690 Labem
2419 2635 2570 2688 nacti
2599 2634 2748 2688 estis.
2782 2633 2924 2688 Eon.

2263 2705 2376 2777 (89)
2422 2703 2729 2776 Cupiditate
2773 2702 3120 2777 procreandi.
3174 2703 3260 2758 Ita
3317 2717 3526 2777 omnes
3573 2700 3827 2777 editiones

2195 2780 2252 2831 et
2271 2772 2392 2830 'ms.
2423 2772 2542 2847 reg.
2604 2772 2900 2847 Sententia
2931 2780 3143 2847 tamen
3183 2773 3456 2844 postulat
3479 2772 3824 2847 cupiditatem.

2199 2849 2445 2903 lienam.
2478 2843 2546 2888 ἐ-
2577 2847 2749 2903 Recte
2779 2845 3011 2902 Heraldi
3043 2843 3480 2901 correctionem
3514 2843 3825 2915 rejecitJac.

2195 2919 2538 2975 Gronovius.
2597 2918 2683 2974 Jo.
2741 2917 3005 2973 Davisius
3042 2917 3102 2972 in
3135 2921 3431 2988 contextu,
3453 2915 3728 2988 expressit
3756 2930 3828 2968 cu-

2193 2990 2522 3060 piditatem;
2574 2991 2631 3045 in
2683 2990 2838 3044 notis
2887 2996 3083 3045 autem
3132 3004 3241 3043 ms.
3302 2987 3613 3045 lectionem
3646 3000 3826 3042 sanam

2194 3079 2322 3118 esse
2353 3063 2566 3118 rectius
2594 3061 2843 3116 censuit.
2877 3061 3148 3116 Feminea
3177 3077 3384 3130 unam,
3425 3061 3663 3123 nullam,
3710 3073 3830 3130 pen-

2196 3135 2336 3189 dent
2380 3135 2452 3189 ab
2500 3149 2655 3204 voce
2687 3131 3184 3204 subintelligeuda
3227 3128 3470 3201 mulier,
3518 3131 3603 3187 vel
3633 3128 3829 3195 simili;

2121 3219 2164 3288 ρ
2204 3222 2366 3278 mque
2395 3222 2461 3260 ac
2491 3205 2549 3259 in
2579 3203 2696 3260 illis
2723 3203 2912 3260 Ovidii
2942 3203 3055 3259 Art.
3090 3205 3272 3259 Amat.
3315 3205 3389 3270 ll,
3424 3204 3531 3260 390
3557 3220 3571 3258 :

2410 3320 2545 3368 Dum
2577 3319 2676 3368 fuit
2708 3319 2918 3369 Atrides
2947 3331 3056 3369 una
3085 3321 3410 3382 contentus,
3443 3323 3500 3369 et
3530 3317 3616 3368 illa

2417 3383 2572 3433 Casta
2602 3383 2719 3432 fuit.

2196 3489 2427 3548 Plenius
2455 3489 2686 3545 locutus
2717 3492 2807 3544 est
2837 3488 3081 3544 Plautus
3112 3488 3280 3546 Merc.
3319 3505 3399 3561 ιν,
3431 3489 3490 3558 5,
3512 3491 3587 3546 8:

2319 3604 2448 3652 Nam
2477 3614 2614 3650 uxor
2648 3605 2897 3651 contenta
2928 3605 3022 3660 est,
3056 3615 3175 3664 quae
3206 3601 3355 3651 boca
3384 3604 3486 3660 est,
3525 3614 3634 3650 uno
3662 3599 3795 3656 viro;

2320 3665 2418 3723 Qui
2451 3665 2628 3713 minus
2662 3666 2742 3713 vir
2773 3678 2880 3713 una
2911 3678 3077 3713 uxore
3109 3668 3414 3714 contentus
3437 3666 3542 3714 siet
3564 3667 3590 3712 ‘t
3651 3664 3850 3711 GBUIIR.

2269 3771 2726 3855 (90)‘Fastidiosi_
2741 3771 2856 3826 fere
2888 3787 3092 3855 omnes
3122 3769 3270 3855 editi
3307 3774 3367 3826 et
3399 3786 3674 3855 mszreg.
3702 3766 3848 3855 Afﬁr-

2202 3842 2371 3900 mare'
2392 3849 2587 3899 tamen
2617 3842 3251 3916 audemuslegendum
3281 3859 3386 3916 nec
3413 3842 3643 3916 factiosi
3667 3854 3854 3895 sumus.

2203 3917 2348 3974 Nam
2401 3916 2830 3970 accusabantur
2869 3913 3182 3969 Christiani
3216 3914 3314 3969 vel
3346 3913 3421 3970 eo
3452 3913 3738 3986 precipue
3768 3925 3853 3964 no-

2203 3987 2380 4055 mine,
2409 3986 2563 4058 quod
2598 3986 2878 4041 coitiones
2908 3991 2966 4040 et
2997 3986 3286 4058 factiones
3322 3984 3735 4058 inirent,quod
3768 3995 3855 4036 uec

2204 4057 2482 4114 omiserat
2511 4058 2771 4113 Caecilius
2802 4057 3181 4128 cap.8.Diluit
3211 4073 3381 4114 nunc
3405 4057 3856 4128 criminationem

2205 4131 2364 4187 illam
2415 4129 2687 4185 Octavius
2739 4123 2940 4185 eodem
2994 4129 3166 4186 modo
3219 4146 3344 4200 quo
3390 4123 3856 4185 Tertullianusin

2205 4203 2422 4272 Apolog.
2458 4201 2613 4256 unde
2661 4202 2772 4257 ista
2816 4207 3053 4273 sumpta
3101 4205 3265 4266 sunt,
3313 4217 3448 4273 cap.
3484 4201 3594 4257 39:
3651 4201 3752 4256 Hoc
3782 4212 3860 4273 ηις

2206 4290 2326 4330 mus
2353 4264 2708 4345 congregati,
2740 4264 3408 4345 quod"etidispersi.jifloé
3434 4273 3710 4345 universi,
3742 4264 3862 4339 quod

2205 4355 2256 4403 et
2320 4343 2567 4413 singuli,
2619 4343 3019 4400 ethVidesis
3061 4343 3188 4415 quae
3239 4343 3329 4400 ibi
3391 4343 3861 4403 observabamus,

2207 4418 2368 4473 ΗΒΕΑ
2382 4433 2470 4471 LD.

2279 4489 2390 4559 (91)
2427 4488 2606 4562 Unum
2635 4485 2836 4541 bonum
2863 4487 3148 4562 sapim_us._
3166 4484 3340 4542 Fulv.
3391 4486 3663 4562 Ursinus
3681 4484 3867 4562 tonum

2206 4555 2490 4630 tanquam
2535 4557 2819 4630 glossam,
2862 4555 3082 4630 respuit
3111 4557 3366 4613 CELLAB.
3400 4590 3475 4599 —-
3511 4555 3867 4630 repetiit_sci-

2210 4627 2346 4686 licet
2375 4627 2669 4700 Minucius
2703 4629 2876 4684 verba
2908 4627 3070 4684 Pauli
3104 4630 3256 4684 Rom.
3297 4646 3396 4700 xv,
3449 4632 3510 4698 5,
3554 4627 3614 4685 εἰ
3643 4627 3787 4700 Phil.
3818 4639 3870 4686 ιι.

2211 4704 2283 4757 2:
2315 4701 2384 4776 1‘9
2408 4699 2538 4776 αὐτρ
2571 4701 3021 4776 φρονεῖτε,ῳξρά
3066 4700 3149 4755 ita
3180 4697 3501 4756 redditum
3533 4701 3596 4756 in
3628 4697 3872 4755 versione

2214 4774 2388 4830 veteri
2415 4791 2427 4828 :
2461 4772 2620 4828 Idem
2641 4773 2890 4844 sapiatis,
2919 4772 3115 4828 HEUM.

2285 4847 2399 4914 (92)
2454 4845 2642 4900 Nostri
2696 4841 2985 4899 numerus.
3047 4841 3248 4899 Scribo
3328 4851 3532 4899 noster
3610 4852 3872 4914 numerat-

2215 4909 2410 4972 Hsum'.
2443 4946 2511 4957 —-
2541 4915 2694 4972 Nihil
2727 4932 2897 4986 opus.
2939 4914 3031 4970 Sic
3075 4931 3204 4986 cap.
3236 4914 3340 4980 33,
3377 4917 3604 4971 Hostias
3636 4919 3688 4971 et
3739 4909 3877 4986 victi:

2214 5005 2332 5042 mas
2378 4989 2627 5060 Domino
2655 4982 2908 5060 ,oﬂ‘eram,
2959 5003 3094 5058 quas
3142 4982 3201 5060 in
3249 5001 3433 5060 usum
3477 4989 3601 5044 mei
3624 4982 3881 5060 protulit?

2215 5060 2352 5130 Cap.
2413 5059 2503 5129 34,
2568 5058 2720 5115 Vide
2749 5059 2879 5115 adeo
2927 5074 3092 5129 quam
3137 5058 3200 5112 in
3249 5058 3532 5113 solatium
3583 5058 3763 5114 nostri
3811 5067 3879 5106 re-

2213 5129 2614 5187 surrectionem
2639 5133 2896 5203 futuram
2924 5131 3101 5186 omnis
3130 5133 3352 5186 natura
3375 5131 3703 5188 meditetur.
3738 5129 3882 5185 [ωο-

2220 5218 2352 5258 NER.

2285 5274 2398 5344 (93)
2435 5272 2662 5329 Vivendi
2689 5281 2741 5328 et
2785 5276 3014 5344 praestat
3053 5282 3102 5327 et
3133 5280 3475 5344 perseverat
3500 5289 3659 5329 suus.
3694 5271 3886 5344 Emen-

2216 5336 2301 5428 do'
2323 5336 2443 5401 sic:
2476 5336 2795 5428 viventibus
2809 5349 2860 5428 et
2889 5348 3096 5428 perstat
3123 5336 3280 5428 suus.
3316 5342 3397 5398 Τὸ
3433 5350 3660 5416 perstat
3691 5336 3891 5428 aliquis

2217 5417 2274 5472 in
2332 5418 2593 5489 margine
2646 5419 2833 5472 fuerat
2889 5413 3320 5489 interpretatus
3400 5413 3886 5489 peraperseverat.

2217 5485 2487 5556 Alienus;
2513 5490 2568 5544 id
2615 5493 2726 5558 est,
2775 5489 2827 5560 is
2880 5488 2980 5560 qui
3026 5485 3298 5543 nondum
3327 5485 3473 5560 erat
3504 5485 3889 5546 Christianus.

2216 5560 2382 5616 Nunc
2414 5565 2472 5615 et
2500 5559 2685 5632 liquet
2713 5558 2843 5630 quis
2872 5558 3101 5615 dicatur
3127 5573 3286 5632 suus.
3323 5558 3538 5632 Hense.

2288 5632 2402 5702 (74)
2433 5633 2546 5704 Non
2564 5627 2829 5688 'notac'ulo
2875 5633 3134 5703 corporis.
3180 5628 3281 5684 Sic
3326 5628 3497 5697 libri,
3533 5631 3712 5686 verbo
3742 5627 3893 5704 inso-

2214 5702 2377 5759 lenti.
2412 5703 2631 5761 Glossae
2662 5709 2858 5759 tamen
2888 5702 3146 5760 veteres:
3187 5717 3586 5773 NOTACULUM,
3632 5712 3797 5773 nota,
3821 5702 3893 5752 si-

2215 5791 2408 5846 gnum.
2441 5775 2605 5839 Rom.
2636 5773 2879 5835 lib.nota
2897 5774 3202 5845 occulta,ut
3232 5789 3440 5849 supra
3468 5772 3889 5845 Caecilium“).
