4102 6162
293 136 391 199 353

1770 136 2177 201 OCTAVIUS.

3556 142 3675 203 354

292 270 438 342 signo
462 267 634 324 facile
662 266 1098 340 dignoscimus:
1133 265 1218 324 sic
1241 271 1468 336 mutuo,
1493 269 1650 340 quod
1682 268 1912 339 doletis,
1944 273 1999 339 Α
2027 269 2206 327 latius
2229 286 2495 327 maneam
2520 271 2654 343 (98),
2680 268 2834 326 intra
2866 270 2977 344 (99)
3010 286 3187 327 unam
3217 271 3523 328 aediculam
3555 273 3672 328 vim

292 374 471 413 amore
495 356 608 428 (95)
633 355 1242 429 diligimus,quoniam
1259 356 1472 412 odiisse
1486 373 1601 413 non
1617 358 1914 416 novimus:

290 447 361 502 sic
382 462 508 513 nos,
533 446 690 516 quod
713 445 1006 510 invidetis,
1046 445 1253 501 fratres
1294 462 1593 514 vocamus,
1639 451 1703 503 ut
1742 448 1918 504 unius

288 535 375 591 Dei
406 534 666 605 parentis
698 533 967 590 homines
999 534 1133 606 (96),
1174 538 1242 590 ut
1289 539 1590 591 consortes
1639 535 1794 606 tidei,
1854 541 1920 592 ut

288 623 399 694 spei
428 623 779 679 cohaeredes.
812 621 930 679 Vos
960 623 1114 678 enim
1148 640 1254 678 nec
1279 623 1530 680 invicem
1579 626 1917 697 agnoscitis,

285 717 334 768 et
360 713 418 767 iu
453 717 664 768 mutua
695 713 829 768 odia
859 712 1112 768 saevitis:
1148 729 1254 768 nec
1277 712 1618 782 fratresvos,
1645 715 1756 770 nisi
1779 731 1922 770 sane

285 802 347 857 ad
381 801 757 874 prrricidium
788 802 903 874 (97)
933 800 1370 875 recognoscitis.

857 907 1090 964 CAPUT
1129 907 1341 965 XXXII.

287 1000 719 1054 Anoumsurum.
752 1028 820 1038 —-
851 997 1032 1069 Neque
1069 997 1183 1053 dici
1225 1001 1398 1069 potest
1448 997 1790 1056 Christianos
1841 1014 1924 1054 oc-

349 1069 554 1125 cultare
583 1069 723 1141 quod
751 1069 956 1139 colunt,
987 1072 1246 1140 quoniam
1289 1069 1454 1125 nulla
1491 1070 1743 1135 delubra,
1793 1071 1921 1126 nul-

352 1144 539 1213 lasque
567 1157 695 1196 aras
725 1141 943 1216 nubent.
979 1141 1311 1216 Persuasum
1351 1143 1622 1216 siquidem
1672 1145 1806 1216 ipsis
1849 1149 1928 1198 est

351 1212 461 1268 non
501 1228 660 1283 posse
717 1213 890 1267 Deum
941 1212 1056 1268 ullo
1112 1214 1314 1283 templo
1369 1212 1770 1282 circumscribi,
1831 1221 1928 1270 aut

350 1285 484 1355 ﬁngi
515 1283 1078 1357 illiussimulacrum.
1131 1285 1283 1340 839
1320 1285 1524 1357 Ubique
1555 1289 1741 1341 autem
1779 1302 1923 1356 prae-

352 1373 498 1421 sens,
531 1356 720 1411 omnia
747 1357 914 1420 videt,
938 1357 1108 1411 etiam
1127 1356 1444 1411 secretiores
1486 1359 1687 1413 mentis
1726 1365 1928 1414 nostra:

351 1429 746 1513 cogitationes;
781 1443 846 1482 ac
863 1443 1033 1500 prope
1051 1443 1177 1483 cum
1208 1428 1305 1483 illo
1353 1435 1404 1483 et
1435 1430 1495 1483 in
1522 1429 1638 1500 ejus
1686 1431 1926 1484 vivimus

353 1516 495 1554 sinu.

352 1605 528 1677 [xxvu]
552 1605 780 1660 Putatis
804 1608 995 1660 autem
1022 1621 1128 1660 nos
1150 1605 1444 1661 occultare
1467 1607 1617 1678 quod
1656 1605 1925 1676 colimus,

285 1695 331 1750 si
359 1694 610 1750 delubra
639 1697 696 1750 et
725 1711 856 1750 aras
889 1710 1004 1749 non
1027 1694 1312 1750 habemus
1332 1695 1360 1750 ‘l
1381 1695 1542 1759 Quod
1573 1694 1726 1751 enim
1747 1697 1931 1751 simu-

284 1783 502 1839 lacrum
535 1783 653 1839 Deo
685 1782 928 1856 ﬁngam,
961 1799 1168 1855 quum,
1203 1783 1254 1839 si
1282 1789 1438 1840 recte
1482 1785 1803 1851 existimes,
1857 1785 1935 1840 sit

284 1874 378 1929 Dei
439 1873 620 1929 homo
671 1871 799 1945 ipse
845 1871 1278 1928 simulacrum?
1323 1872 1631 1946 Templum
1677 1873 1833 1945 quod
1880 1872 1933 1928 ei

285 1968 605 2032 exstruam,
639 1978 824 2034 quum
854 1965 1015 2016 totus
1045 1961 1140 2016 hic
1173 1961 1452 2028 mundus,
1485 1962 1612 2032 ejus
1643 1977 1814 2034 opere
1852 1961 1931 2017 fa-

285 2050 570 2121 bricatus,
601 2067 736 2106 eum
769 2066 975 2122 capere
998 2067 1112 2105 non
1145 2050 1378 2121 possit?
1408 2055 1484 2120 et,
1527 2067 1710 2122 quum
1759 2050 1933 2106 homo

2027 364 2200 416 tanta!
2225 361 2549 432 majestatis
2571 358 2868 415 includam
2894 363 3138 416 PNonne
3162 360 3371 416 melius
3393 361 3452 416 in
3477 366 3677 418 nostra

2029 448 2388 504 dedicandus
2409 453 2497 503 est
2519 454 2732 514 mente,
2751 448 2810 503 in
2838 453 3037 504 nostro
3069 449 3186 504 imo
3227 450 3305 521 (1)
3337 465 3678 506 consecran-

2031 537 2141 592 dus
2172 542 2260 594 est
2289 539 2560 610 pectore?
2597 535 2828 592 Hostias
2875 538 2952 609 (2)
3014 542 3071 593 et
3119 537 3387 593 victimas
3432 539 3679 594 Domino

2031 627 2290 693 oil'eram,
2326 643 2473 698 quas
2499 627 2556 680 in
2590 642 2764 680 usum
2796 626 2910 680 mei
2942 625 3205 698 protulit,
3239 632 3304 682 ut
3330 627 3590 697 rejiciam
3624 633 3681 683 et

2031 731 2204 770 suum
2229 714 2490 771 munus?
2514 715 2810 786 ingratum
2841 720 2965 770 est:
3002 732 3180 787 quum
3217 716 3292 772 sit
3318 715 3557 771 litabilis
3575 717 3680 771 ho-

2031 805 2233 875 stia(3)
2256 805 2443 860 bonus
2467 803 2721 869 animus,
2755 807 2811 858 et
2832 820 2978 874 pura
3012 819 3198 876 mens,
3223 809 3280 860 et
3307 805 3535 860 sincera
3555 822 3685 861 sen-

2031 893 2544 966 tentia(!i).lgitur,
2569 893 2667 964 qui
2693 893 3084 949 innocentiam
3121 893 3274 962 colit,
3291 893 3535 950 Domino
3569 895 3679 965 [48]

2033 982 2362 1054 supplicat;
2396 981 2495 1054 qui
2519 982 2812 1053 justitiam
2845 981 2946 1054 (5),
2979 983 3094 1038 Deo
3126 982 3308 1051 libat;
3369 984 3470 1055 qui
3521 984 3675 1040 frau-

2034 1073 2207 1127 dibus
2225 1073 2380 1128 340
2401 1071 2672 1138 abslinet,
2701 1071 2979 1142 propitiat
2999 1072 3212 1139 Deum;
3242 1072 3343 1144 qui
3383 1072 3681 1128 hominem

2035 1161 2291 1234 periculo
2317 1159 2871 1232 surripit,optimam
2892 1159 3191 1215 victimam
3217 1161 3291 1232 (6)
3340 1160 3525 1216 caedit.
3552 1161 3682 1217 Haec

2035 1255 2238 1305 nostra
2259 1249 2566 1318 sacriﬁcia,
2597 1248 2717 1304 haec
2737 1248 2838 1304 Dei
2861 1265 3029 1304 sacra
3053 1253 3223 1317 sunt;
3275 1249 3357 1305 sic
3389 1253 3544 1322 apud
3575 1266 3681 1306 nos

2033 1337 2362 1410 religiosior
2393 1344 2482 1393 est
2509 1338 2606 1392 ille
2634 1338 2731 1408 qui
2755 1339 2992 1408 justior.
3028 1341 3095 1393 At
3125 1339 3300 1404 enim,
3335 1355 3509 1410 quem
3542 1338 3685 1394 coli-

2036 1443 2167 1484 mus
2197 1428 2402 1497 Deum,
2437 1443 2541 1482 nec
2571 1426 2937 1483 ostendimus
2972 1442 3077 1481 nec
3107 1427 3412 1495 videmus;
3470 1428 3588 1484 imo
3621 1443 3690 1483 ex

2035 1516 2146 1570 hoc
2180 1517 2358 1572 Deum
2391 1516 2705 1582 credimus,
2740 1516 2892 1586 quod
2927 1531 3059 1570 eum
3095 1517 3311 1571 sentire
3345 1533 3682 1586 possumus,

2035 1604 2230 1667 videre
2265 1622 2376 1661 non
2411 1621 2747 1676 possumus.
2785 1606 2841 1658 In
2877 1604 3152 1674 operibus
3184 1604 3339 1659 enim
3382 1606 3508 1676 ejus
3541 1611 3598 1662 et
3626 1606 3684 1660 in

2043 1694 2246 1749 mundi
2264 1694 2536 1749 omnibus
2557 1693 2814 1748 motibus
2836 1693 3114 1748 virtutem
3136 1694 3264 1764 ejus
3286 1709 3518 1766 semper
3540 1711 3686 1766 prte-

2042 1789 2272 1840 sentem
2305 1782 2648 1854 aspicimus,
2669 1798 2851 1853 quum
2884 1787 3068 1849 tonat,
3094 1781 3370 1854 fulgurat,
3398 1782 3690 1852 fulminat,

2043 1889 2226 1945 quum
2253 1876 2502 1929 serenat.
2533 1872 2645 1926 Nec
2678 1872 2906 1927 mireris
2947 1871 2996 1927 si
3049 1872 3232 1926 Deum
3278 1889 3389 1926 non
3449 1871 3688 1927 videas:

2040 1966 2212 2017 vento
2245 1968 2301 2017 et
2348 1960 2584 2016 ﬂatibus
2641 1961 2839 2016 omnia
2897 1958 3301 2033 impelluntur,
3361 1959 3687 2031 vibrantur,

2044 2052 2378 2122 agitantur;
2403 2053 2462 2105 et
2491 2049 2599 2104 sub
2627 2048 2828 2105 oculos
2858 2049 2938 2120 (7)
2965 2055 3163 2105 tamen
3195 2065 3313 2104 non
3361 2049 3519 2104 venit
3559 2065 3695 2104 ven-

1712 2219 2043 2282 Variorum
2075 2225 2267 2281 notae.

295 2371 344 2433 9,
377 2369 624 2426 dixerat.
657 2367 896 2441 Occultis
936 2386 996 2426 se
1050 2368 1196 2426 notis
1240 2377 1290 2426 et
1319 2368 1632 2441 insignibus
1687 2377 1935 2426 noscunt.

298 2441 536 2497 Wowsn
566 2446 623 2496 et
652 2440 895 2496 Canum.

363 2514 471 2586 (95)
535 2512 738 2586 Mutuo,
795 2511 944 2585 quod
979 2510 1186 2586 doletis
1241 2527 1454 2586 amere.
1490 2510 1642 2586 _Nou
1671 2584 1677 2586 _
1704 2512 1942 2586 (videtur

303 2583 480 2641 amore
507 2583 834 2640 tollendum
868 2600 1020 2640 esse.
1054 2583 1328 2640 Horatius
1348 2584 1516 2655 Epod.
1540 2600 1632 2651 xv,
1661 2584 1758 2641 10:

514 2690 645 2739 Fore
673 2689 819 2740 hunc
844 2703 1082 2740 amorem
1112 2693 1378 2740 mutuum.

306 2798 622 2853 Terentius:
653 2798 912 2854 Meretrix
929 2798 1347 2864 adolescentem,
1369 2797 1526 2868 cujus
1566 2807 1749 2853 mutuo
1783 2813 1939 2853 amo-

307 2885 358 2924 re
378 2870 680 2938 tenebatur,
706 2873 959 2925 exclusit.
987 2870 1266 2924 Lmnrvsn.
1292 2901 1356 2910 —
1379 2871 1513 2936 Quae
1538 2872 1710 2925 modo
1727 2870 1943 2925 excitat

310 2956 368 2995 eo
396 2941 499 2996 loci
533 2941 859 2996 Lindnerus
889 2943 1061 3013 verba
1079 2941 1332 2996 Terentii
1361 2943 1640 2997 mendose
1663 2941 1943 3013 colligun-

314 3017 398 3084 tur
427 3013 740 3083 equodam
775 3015 950 3068 veteri
1009 3012 1438 3084 lexicographo,
1487 3030 1592 3069 nec
1642 3012 1755 3068 nisi
1806 3012 1940 3068 cum

317 3083 462 3157 dubii
494 3085 688 3157 signo
747 3085 963 3140 dantur
1010 3084 1165 3156 apud
1212 3083 1370 3140 Rob.
1410 3084 1609 3157 Steph.
1674 3084 1934 3140 Thesaur.

318 3155 459 3210 verb.
492 3155 760 3210 Murcus.
795 3157 932 3210 Eon.

377 3225 480 3297 (96)
518 3227 580 3283 Ut
606 3229 776 3282 unius
806 3229 906 3283 Dei
929 3228 1180 3298 parentis
1209 3225 1476 3283 homines.
1517 3226 1710 3298 Rejioe
1741 3227 1838 3282 Dei
1880 3227 1941 3282 in

320 3299 648 3370 marginem,
681 3316 710 3354 e
741 3315 856 3369 quo
887 3298 1236 3353 translatum
1263 3298 1450 3353 fuitin
1473 3304 1722 3354 textum.
1747 3299 1940 3356 HEUM.

322 3399 380 3494 ῐ-
399 3369 668 3426 Cellarius
686 3371 1087 3438 ediditomnes,
1108 3370 1262 3442 quod
1289 3370 1443 3426 unde
1468 3369 1704 3439 habeat,
1727 3372 1940 3427 nescio.

364 3457 584 3494 INDNER.

364 3457 584 3497 INDNBB.

375 3513 480 3580 (97)
510 3513 586 3568 Ad
634 3511 1024 3585 parricidium,
1077 3510 1366 3582 Rigaltius
1415 3512 1830 3584 interpretatur
1877 3529 1946 3568 ex

313 3582 877 3656 Petroniana—Critone
914 3585 986 3639 de
1017 3585 1340 3656 perditione
1380 3582 1656 3656 hominis,
1708 3585 1815 3656 qui
1857 3589 1947 3640 est

317 3653 368 3725 in
397 3655 612 3710 semine
639 3674 651 3722 ;
689 3653 1071 3710 Heumannus
1096 3655 1168 3710 de
1190 3655 1438 3711 Romulo
1460 3661 1518 3711 et
1551 3653 1750 3725 Remo,
1780 3655 1945 3713 Eteo-

308 3724 384 3780 cle
408 3731 462 3798 et
489 3726 780 3798 Polynice.
827 3728 1030 3782 Probo.
1061 3727 1340 3782 mevsa.

372 3797 479 3869 (98)
511 3796 697 3854 Latius
727 3815 1000 3854 maneam.
1036 3802 1421 3853 Heumanuus
1459 3796 1584 3852 vult
1627 3797 1814 3852 laxius
1845 3799 1944 3854 ha-

311 3866 478 3952 beam,
490 3888 680 3952 quam
701 3869 1050 3952 sententiam
1076 3870 1324 3952 protulit
1345 3869 1405 3952 in
1426 3870 1686 3952 Darergis
1712 3870 1946 3952 criticis,

307 3942 367 3992 Α.
394 3941 740 4005 i'il‘Zeditis,
792 3960 846 4013 p.
894 3943 959 3996 47
992 3947 1050 3996 et
1089 3941 1146 3995 in
1188 3941 1406 3997 Miscell.
1447 3941 1586 4011 Lips.
1618 3943 1799 4011 novis,
1831 3941 1944 3997 vol.

305 4027 422 4080 vm,
446 4031 498 4086 p.
524 4030 564 4080 ι,
591 4031 648 4086 ρ.
685 4014 806 4068 127.
849 4013 958 4086 Sed
991 4017 1229 4086 tuentpr
1265 4013 1573 4086 lectionem
1613 4029 1726 4086 ms.
1769 4029 1947 4086 quam

306 4084 736 4155 exprimendam
769 4084 1102 4140 curavimus
1146 4084 1415 4140 Davisius
1463 4089 1522 4140 et
1563 4084 1946 4155 Wopkenius.

310 4154 484 4227 Latius
515 4157 673 4212 enim
707 4156 1022 4212 adhibetur
1051 4156 1121 4211 de
1169 4157 1344 4211 rebus
1403 4154 1947 4227 amplis,extensis,

308 4225 422 4298 sive
443 4227 584 4283 tales
617 4228 734 4283 sint
762 4228 1070 4282 latitudine
1120 4228 1349 4298 proprie
1395 4225 1570 4294 dicta,
1623 4226 1741 4282 sive
1770 4229 1947 4283 etiam

309 4295 686 4369 longitudine,
713 4301 865 4370 quod
893 4301 1099 4370 probat
1117 4295 1384 4355 Davisius
1397 4300 1469 4353 ad
1491 4299 1766 4370 (Lactant.
1801 4301 1947 4369 Epit.

314 4368 432 4442 cap;
452 4373 536 4436 58,
563 4376 620 4426 et
659 4368 919 4426 Ciceroni
959 4372 1028 4426 de
1060 4371 1184 4439 Leg.
1236 4387 1302 4435 ιι,
1354 4371 1404 4442 1.
1456 4368 1679 4442 Manere,
1704 4387 1807 4442 pro
1844 4368 1950 4426 ha-

324 4439 480 4497 bitare
512 4442 1130 4513 probathopkenius,
1162 4445 1219 4496 et
1249 4441 1501 4513 probant
1524 4439 1722 4496 omnia
1745 4441 1948 4507 lexica,

319 4515 372 4564 et
397 4512 639 4584 graecum
676 4512 844 4584 μένω,

315 4596 354 4657 ι’,
386 4584 486 4657 38;
516 4585 720 4642 Matth.
757 4603 811 4653 x,
846 4584 931 4640 if.
967 4584 1512 4657 sedfirmissimum
1535 4589 1952 4657 argumentum

315 4652 540 4729 ducitur
567 4674 635 4711 ex
671 4652 978 4729 Cypriano,
1009 4655 1249 4729 Minucii
1279 4652 1681 4729 epitomatore,
1732 4657 1831 4728 qui
1881 4657 1957 4712 De

314 4723 449 4848 Ilclol.
488 4727 683 4797 Vanit.,
717 4723 846 4802 cap.
879 4729 947 4784 5:
996 4728 1056 4782 Et
1088 4744 1212 4782 cum
1270 4723 1425 4784 homo
1483 4723 1675 4783 latius'
1705 4723 1952 4784 maneat.

362 4812 583 4848 INDNER-

362 4812 584 4855 INDNER.

389 4867 491 4938 (89)
513 4873 689 4926 Intra.
725 4869 1009 4926 Cellarius
1042 4870 1265 4935 vitiose,
1302 4871 1462 4925 inter.
1498 4869 1774 4925 Lmnnsa.

392 4939 460 5010 (1)
504 4944 695 4998 Nostro
745 4947 838 4998 tuo
897 4948 1298 5007 Heumannus,
1362 4941 1461 5012 qui
1511 4943 1676 4997 immo
1733 4941 1958 5012 accepit

321 5025 421 5089 pro
439 5013 822 5089 intimo,‘delet
841 5018 1044 5089 nostra.
1070 5015 1189 5086 Ego
1211 5029 1343 5068 vero
1361 5012 1584 5089 accipio
1609 5030 1710 5085 pro
1751 5013 1956 5089 adver-

317 5080 500 5146 hio,et
519 5080 835 5142 confirmor
856 5087 915 5141 in
939 5087 1047 5141 hac
1072 5080 1198 5141 mba
1243 5080 1578 5153 conjectura
1609 5080 1959 5141 auctoritate

317 5153 598 5230 ed._Rom.
630 5175 778 5228 quae.
815 5175 941 5230 qua:
964 5158 1197 5212 exhibet
1228 5157 1413 5230 immo.
1469 5155 1750 5230 Dinnxsa.

396 5227 465 5297 (2)
497 5225 786 5285 Hostias...
831 5225 1050 5286 sincera
1079 5229 1436 5284 conscientia.
1496 5225 1616 5282 Non
1676 5227 1961 5282 intellexit

321 5292 790 5370 Jachronovius
824 5307 1077 5356 mentem
1112 5299 1367 5363 Minucii,
1399 5298 1599 5370 quiad
1635 5298 1754 5354 haec
1811 5297 1959 5354 scri-

321 5368 432 5491 psit
461 5375 795 5444 sequentia:
833 5372 1029 5428 Palam
1062 5371 1272 5426 alludit
1302 5371 1373 5426 ad
1403 5368 1577 5425 verba
1607 5370 1770 5426 Pauli
1819 5387 1888 5425 ex
1917 5369 1957 5426 I.

358 5440 445 5491 im.
480 5461 553 5491 iv-
587 5444 660 5491 41
697 5441 847 5491 οὐδὲν
892 5437 1206 5491 ἆπόϐλτιτον
1259 5447 1370 5491 μετ’
1419 5439 1765 5491 adamatam-iac
1815 5439 1957 5491 λαιι-

358 5440 446 5516 ὑηἶ
480 5437 559 5509 IV;
587 5444 660 5499 4:
697 5441 847 5498 οὐδὲν
892 5437 1206 5516 ἀπόϐλητον
1257 5447 1370 5513 μετ’
1419 5439 1765 5516 εὐχαριστίας
1815 5439 1958 5516 λαμτ

324 5502 634 5590 Caldus-{om
697 5517 929 5590 Rejicere
975 5517 1033 5572 h.
1089 5502 1143 5590 I._
1179 5502 1446 5590 nonest,
1475 5502 1807 5590 reprobare,
1856 5502 1960 5590 sed

322 5587 545 5658 propria
577 5585 1000 5660 significatione
1027 5585 1234 5718 accigi,
1286 5585 1457 5641 debet
1511 5585 1658 5641 Nam
1697 5589 1806 5642 Deo
1856 5586 1963 5642 ho-

323 5657 458 5717 stias
478 5664 536 5718 et
565 5659 835 5718 victimas
864 5661 1090 5718 offerre.
1124 5659 1142 5716 i
1188 5673 1281 5716 em
1311 5661 1403 5717 est
1431 5673 1498 5716 ac
1555 5659 1808 5718 reficere.
1832 5658 1875 5717 i.
1907 5675 1960 5718 θ.

323 5658 458 5717 stias
478 5664 536 5719 et
565 5658 835 5723 victimas
864 5661 1090 5731 offerre,
1124 5658 1281 5718 idem
1311 5661 1403 5717 est
1431 5673 1498 5716 ac
1555 5659 1808 5732 rejicere,
1832 5658 1875 5717 i.
1907 5675 1960 5718 θ.

880 4495 1491 4586 qﬁuodveicidemrsensu
1534 4495 1725 4568 exstat
1750 4495 1948 4569 joann:
1982 4495 2028 4560 Ι)

2048 2369 2289 2425 reddere
2318 2367 2405 2423 illi
2443 2368 2871 2424 inconsiderate
2925 2367 3092 2433 velle,
3125 2367 3300 2440 quod
3354 2366 3525 2440 nobis
3567 2365 3694 2440 ipse

2046 2441 2226 2496 dedit.
2251 2441 2369 2496 Hoc
2390 2444 2583 2495 autem
2609 2444 2884 2512 ingratum
2916 2446 3014 2506 est,
3038 2437 3180 2512 quia
3214 2439 3367 2495 Deus
3415 2437 3694 2512 animalia

2048 2513 2217 2568 nobis
2249 2512 2412 2567 dedit
2444 2517 2506 2566 ut
2535 2512 2606 2566 iis
2640 2510 2878 2567 utamur
2908 2513 2966 2566 in
2997 2510 3238 2583 gloriam
3274 2510 3532 2566 nominis
3573 2510 3689 2583 sui,

2048 2601 2164 2640 non
2198 2600 2330 2638 vero
2355 2589 2420 2639 ut
2439 2585 2509 2638 iis
2535 2584 2605 2638 ad
2631 2583 2720 2639 sui
2746 2582 3130 2655 ignominiam
3155 2585 3499 2646 abutamur;
3529 2582 3690 2655 quod

2049 2656 2269 2711 faciunt
2289 2656 2526 2710 omnino
2548 2656 2648 2726 qui
2702 2653 2877 2710 Deum
2917 2655 3164 2709 victimis
3200 2655 3479 2726 indigere,
3504 2653 3693 2723 iisque

2051 2727 2214 2783 caesis
2251 2727 2462 2798 placari
2495 2743 2685 2797 posse,
2718 2728 3097 2781 arbitrantur.
3130 2726 3394 2798 Gaunsa.
3439 2757 3502 2766 —
3536 2728 3691 2798 Heu-

2050 2795 2307 2853 mannus
2336 2795 2620 2867 ingratum
2647 2795 2745 2862 est,
2777 2803 3057 2870 tanquam
3106 2796 3487 2852 manifestum
3535 2795 3692 2866 glos-

2051 2887 2233 2940 sema,
2261 2871 2466 2938 rejicit.
2501 2871 2780 2924 LINDNER.

2123 2937 2227 3013 (3)’
2260 2937 2391 2996 Cum
2423 2942 2510 3013 sit
2567 2941 2808 3013 litabilis
2857 2941 3054 3008 hostia,
3111 2937 3407 2994 Lactantio
3463 2953 3694 3013 quoque

2049 3007 2275 3069 victima
2309 3012 2538 3068 litabilis
2571 3013 2724 3067 dicta
2755 3012 2855 3066 lib.
2885 3029 2903 3068 ι
2933 3007 3052 3067 Div.
3094 3013 3271 3067 Instit.
3321 3026 3447 3080 cap.
3481 3007 3690 3074 itx1,id

2053 3090 2142 3140 est
2173 3087 2280 3140 Deo
2315 3093 2490 3156 grata
2515 3088 2571 3139 et
2617 3082 3031 3155 acceptabilis:
3066 3089 3124 3156 et
3169 3083 3422 3156 Epitome
3463 3097 3589 3151 cap.
3635 3080 3690 3156 5,

2051 3158 2279 3211 victima
2299 3153 2596 3211 litabilior.
2619 3153 2861 3212 CELnAa.
2912 3186 2980 3196 —-
3018 3155 3102 3210 Ad
3145 3153 3489 3209 sententiam
3542 3155 3695 3206 recte

2053 3227 2354 3293 Cellarius,
2382 3226 2652 3282 nonitem
2678 3228 2749 3282 ad
2769 3228 2882 3282 vim
2905 3227 3084 3281 vocis.
3128 3226 3231 3281 Est
3265 3225 3502 3280 litabilis
3521 3224 3699 3278 hostia

2055 3309 2171 3371 qua
2203 3305 2352 3355 Deus
2384 3298 2600 3371 placari
2653 3303 2859 3370 potest.
2895 3300 3088 3371 ,Litare
3114 3297 3294 3371 enim,
3349 3293 3698 3371 pontificalis

2053 3369 2180 3444 vox.
2217 3369 2508 3444 significat
2536 3369 2812 3444 sacri/Licio
2866 3369 3314 3444 factohplacasse
3330 3383 3583 3444 _numen,
3636 3369 3701 3444 ut

2056 3435 2662 3518 Macroliiusloquitur
2681 3435 2904 3518 §atur_n.
2930 3458 3016 3508 In,
3038 3435 3093 3495 5'.
3117 3440 3296 3518 Adde
3315 3438 3593 3518 _$ervi_um
3628 3435 3701 3518 ad

2053 3513 2212 3586 Virg.
2244 3515 2366 3570 [Εη.
2399 3510 2618 3578 ιι,”118.
2682 3514 2988 3586 Respicere
3029 3517 3229 3567 autem
3282 3510 3568 3565 Minucius
3608 3510 3703 3562 vi-

2055 3585 2226 3642 detur
2255 3586 2324 3639 ad
2357 3586 2564 3641 Psalm.
2602 3603 2649 3655 L,
2686 3588 2773 3656 18,
2807 3586 2892 3640 19.
2927 3585 3193 3640 GRUNER.

2127 3657 2203 3728 (4)
2233 3659 2467 3712 Sincera
2494 3651 2785 3712 sententia.
2819 3657 2986 3712 Rom.
3018 3655 3377 3728 conscientia.
3399 3651 3596 3728 Wovy.

2128 3722 2207 3799 (5)
2234 3731 2534 3785 Justitiam.
2572 3729 2852 3785 Heraldns
2881 3728 3084 3784 vitiose
3135 3726 3491 3799 injustitiam.
3545 3722 3708 3778 LIND-

2057 3816 2188 3854 NER.

2127 3872 2211 3996 (δὲ
2239 3870 2511 3942 Optimam
2566 3870 2869 3926 victimam.
2926 3871 3001 3926 Is.
3058 3867 3302 3925 Vossius
3358 3865 3429 3920 ad
3488 3865 3708 3944 Metam,

2132 3986 2144 3996 .
2242 3941 2592 3996 emendabat
2646 3942 2907 3996 ovtimam
2951 3942 3232 3996 victimam
3284 3939 3480 3996 (prout
3530 3941 3706 3988 etiam

2059 3959 2144 4009 ιιι,
2176 3939 2211 3996 2
2242 3939 2592 4014 emendabat
2646 3942 2907 4014 Optimam.
2951 3942 3232 4014 victimam
3284 3939 3480 4014 (prout
3530 3939 3706 4014 etiam

2057 4015 2334 4086 Heralcius
2377 4013 2609 4086 edidit._
2658 4012 2959 4084 LINDNER).
3019 4012 3413 4086 SedAprtestat
3445 4012 3708 4086 _omnino

2059 4085 2224 4141 alteri
2255 4085 2488 4140 lectioni
2522 4083 2836 4140 adhaerere.
2871 4077 3100 4140 Etenim
3142 4077 3202 4136 in
3243 4077 3709 4152 praecedentibus

2059 4156 2394 4228 supplicare,
2431 4155 2604 4211 libare
2633 4158 2690 4210 et
2707 4159 3019 4228 propitiare
3062 4159 3149 4209 est
3186 4149 3342 4228 idem
3377 4149 3544 4228 plene
3576 4164 3708 4228 per-

2060 4221 2319 4299 fectoque
2345 4221 2548 4294 facere,
2573 4221 2723 4299 quod
2752 4221 3011 4299 propriis,
3041 4221 3550 4299 supplicationibus,
3576 4224 3710 4299 e_tc.,

2061 4290 2398 4376 imperfecte
2420 4290 2626 4376 figebat:
2658 4290 3554 4376 sici'etiam_plane'accipiendum
3597 4290 3711 4376 huc

2059 4366 2297 4443 Opimam
2328 4371 2613 4443 victimam
2642 4368 2870 4443 caedere.
2922 4366 2991 4425 Et
3018 4370 3247 4443 ‘opimas
3296 4366 3575 4443 victimas-
3600 4366 3713 4443 Deo

2061 4435 2428 4516 gratissimas
2467 4439 2639 4516 vulgo
2672 4439 2902 4516 habitas
2934 4435 3077 4512 quis
3116 4435 3392 4516 ignorat?
3441 4437 3713 4516 Lactant.

2061 4506 2138 4582 vi,
2171 4515 2242 4568 2:
2277 4506 2720 4584 Mactantiqitur
2741 4506 2970 4584 optimas
2993 4529 3056 4567 ac
3081 4506 3319 4582 pingues
3359 4507 3577 4584 hostias
3612 4506 3715 4584 Deo

2063 4579 2222 4658 quasi
2231 4585 2496 4639 esurienti
2504 4579 2616 4658 )Yo
2626 4600 2659 4658 ι»
2673 4603 2731 4658 ιι..
2756 4579 2824 4624 ὲ-
2841 4583 3034 4658 Simili
3057 4579 3249 4658 errore
3269 4579 3419 4658 apud
3447 4579 3712 4658 Lactant.

2064 4649 2308 4728 Epilome
2339 4672 2465 4726 cap.
2496 4655 2588 4730 25,
2617 4657 2671 4724 7,
2709 4655 3046 4726 legebatur:
3090 4656 3237 4730 _N__um
3285 4649 3460 4730 igitur
3517 4649 3716 4730 mentis

2063 4722 2182 4785 suae
2209 4722 2634 4802 compos_vider_i
2658 4722 2857 4802 pote—st,
2889 4731 2986 4799 qui
3023 4727 3228 4802 talibus
3273 4722 3518 4802 optimas.
3556 4722 3715 4802 Ψη-

2063 4817 2180 4856 mas
2207 4793 2346 4854 cedit
2367 4801 2392 4851 γ
2423 4798 2535 4853 Sed
2568 4793 2868 4855 vindicant
2896 4793 3122 4868 bpimas
3161 4799 3227 4853 eo
3277 4793 3401 4852 loco
3451 4793 3714 4856 Pfali‘ius,

2065 4871 2337 4944 Davisius
2368 4874 2424 4925 et
2455 4870 2896 4944 Biiinemannus.
2934 4872 3211 4944 Lmonaa.
3441 4933 3476 4944 υ

2137 4943 2209 5014 (7)
2241 4941 2350 4997 Sub
2381 4943 2572 4996 oculis.
2613 4945 2754 5015 Lege
2782 4944 2880 4998 sub
2911 4945 3108 5000 oculos.
3154 4941 3406 5015 Seneca,_
3441 4933 3542 5015 lib.
3578 4949 3596 4986 ι
3649 4929 3719 4984 de

2065 5005 2275 5084 Bene/2,
2303 5030 2429 5086 cap.
2465 5030 2528 5068 v:
2565 5005 2774 5070 Νοηὶςι
2804 5017 3127 5086 beneﬁcium
3173 5011 3230 5065 id
3261 5007 3407 5086 quod
3445 5005 3542 5060 sub
3585 5019 3720 5086 φρα-

2067 5087 2145 5142 los
2178 5074 2342 5140 venit.
2374 5074 2716 5161 iactantius
2739 5103 2818 5153 III,
2850 5087 2904 5152 9,
2937 5074 3008 5140 ’12
3034 5104 3058 5161 :_
3079 5084 3187 5161 Nec
3215 5074 3398 5161 vident
3448 5074 3717 5161 amplius,

2067 5174 2233 5229 quam
2263 5155 2404 5229 quod
2442 5157 2542 5212 sub
2599 5159 2777 5214 oculos
2806 5145 2992 5212 'venzt.
3038 5156 3218 5220 Idem,
3254 5149 3355 5229 lib.
3401 5148 3603 5229 “1,19,
3663 5145 3722 5229 2,

2068 5218 2299 5297 eodem,
2329 5245 2443 5300 quo
2471 5229 2756 5285 Minucius
2781 5233 2995 5295 noster,
3031 5244 3095 5281 ar
3139 5218 3377 5278 umento
3424 5218 3631 5281 utitur,
3654 5221 3721 5298 _et

2071 5301 2268 5352 simul.
2305 5300 2462 5352 quod
2495 5301 2638 5352 forte
2669 5299 2964 5352 accedisse
2995 5243 3190 5352 crego.
3222 5293 3424 5348 eadem
3461 5289 3560 5344 illa
3609 5289 3721 5343 dis-

2071 5289 2480 5374 simul,'quod_
2495 5301 2638 5356 forte
2669 5299 2967 5374 accedisse
2983 5289 3190 5374 credo,
3222 5293 3424 5374 eadem
3461 5289 3560 5344 illa
3609 5289 3724 5374 dis-

2068 5365 2386 5428 tinctione:
2449 5372 2606 5436 Deus,
2670 5370 2881 5441 inquit,
2941 5372 3078 5441 facit
3135 5365 3313 5422 multa
3357 5365 3724 5441 quarumvis

2069 5444 2292 5517 quidem
2321 5451 2568 5517 apparet,
2599 5436 3117 5517 substantiola/neu
3155 5454 3264 5494 non
3310 5436 3548 5493 videtur.
3585 5439 3729 5517 Sicut

2069 5510 2143 5573 cst
2174 5532 2299 5582 vaec,
2334 5510 2491 5579 odor,
2525 5517 2749 5569 ventus:
2801 5518 2860 5569 ut
2907 5514 3108 5570 harum
3157 5526 3348 5585 rerum
3400 5510 3728 5585 argumento

2069 5594 2123 5644 et
2153 5580 2402 5656 exemplo
2433 5585 2599 5640 etiam
2622 5586 2812 5655 Deum,
2851 5587 2972 5642 licet
2993 5586 3092 5642 sub
3116 5584 3300 5642 oculos
3332 5595 3439 5634 non
3495 5580 3729 5639 veniret.

2068 5660 2135 5716 de
2161 5675 2262 5717 sua
2320 5661 2503 5716 tamen
2548 5659 2606 5716 vi
2657 5666 2710 5717 et
2765 5659 2962 5736 effectu
3013 5667 3067 5717 et
3096 5657 3353 5731 operibus
3384 5658 3739 5707 cerneremus
