4102 6162
428 196 546 257 355

1750 187 1831 248 M.
1881 185 2189 250 MlNUCII
2233 147 2530 248 FELlClS
3687 195 3784 257 356

429 335 530 386 tus
555 331 614 384 et
643 328 840 383 ﬂatus.
869 326 934 379 In
966 322 1086 380 sole
1119 324 1195 392 (8)
1225 323 1391 390 adeo,
1420 321 1523 393 qui
1544 319 1775 377 videndi
1803 319 2079 376 omnibus
2108 327 2164 394 Α
2191 318 2313 374 sole
2345 319 2488 374 adeo
2516 332 2724 373 rursus
2753 316 3025 372 intende:
3063 312 3204 371 ccelo
3233 315 3461 383 afﬁxus,
3507 322 3600 376 sed
3643 327 3794 382 terris

431 433 610 472 causa
637 419 748 478 est,
780 413 973 468 videre
1003 411 1082 482 (9)
1132 428 1247 466 non
1297 425 1646 480 possumus;
1702 408 1884 464 radiis
1933 407 2088 464 acies

429 506 832 570 submovetur,
885 502 1127 557 obtutus
1177 500 1461 555 intuentis
1512 498 1859 554 hebetatur:
1908 501 1986 566 et,
2038 495 2088 553 si

430 594 653 651 diutius
685 589 984 661 inspicias,
1018 589 1210 645 omnis
1239 589 1402 644 visus
1426 587 1833 660 exstinguitur.
1891 586 2040 655 Quid
2062 585 2090 642 ?

427 682 622 754 ipsum
655 681 768 752 (10)
817 679 956 735 solis
1001 679 1307 746 artiﬁcem,
1359 677 1526 733 illum
1575 677 1819 733 luminis
1868 677 2089 732 fontem

429 771 623 845 possis
654 769 968 833 sustinere,
1002 784 1186 839 quum
1217 771 1274 823 te
1304 767 1375 822 ab
1411 767 1540 837 ejus
1599 766 1924 838 fulgoribus
1972 767 2088 836 (11)

434 870 679 929 averlas,
699 856 1098 914 afulminibus
1120 857 1484 912 abscondas?
1507 855 1692 910 Deum
1723 855 1908 912 oculis
1932 855 2082 911 841

433 948 770 1006 carnalibus
801 947 888 1003 vis
919 945 1135 1014 videre,
1170 962 1351 1017 quum
1383 945 1572 1017 ipsam
1609 944 1867 1000 animam
1900 949 2087 1012 tuam,

434 1055 552 1110 qua
573 1035 885 1092 vivificaris
906 1040 962 1090 et
984 1033 1258 1106 loqueris,
1284 1050 1389 1090 nec
1433 1033 1693 1106 aspicere
1735 1033 1948 1105 possis,
1984 1050 2088 1090 nec

433 1125 803 1198 tenere(12)?
846 1125 1040 1197 [xxvu]
1072 1125 1179 1179 Sed
1208 1124 1361 1179 enim
1397 1124 1551 1179 Deus
1593 1130 1790 1179 actum
1831 1123 2088 1179 hominis

434 1217 686 1288 ignorat,
721 1218 797 1280 et,
831 1214 889 1268 in
949 1212 1090 1268 cmlo
1139 1213 1516 1278 constitutus,
1569 1229 1683 1268 non
1729 1217 1938 1284 potest,
1987 1217 2088 1268 aut

443 1318 649 1359 omnes
680 1300 863 1367 obire,
896 1305 996 1355 aut
1045 1299 1312 1372 singulos
1362 1315 1554 1356 nosse.
1608 1301 1798 1364 Erras,
1846 1317 1879 1356 o
1911 1300 2086 1358 homo

437 1395 496 1448 et
524 1389 767 1446 falleris.
809 1389 975 1444 Unde
1005 1388 1163 1444 enim
1189 1394 1338 1444 Deus
1361 1388 1530 1460 longe
1557 1393 1663 1457 est,
1689 1405 1870 1460 quum
1889 1388 2088 1446 omnia

437 1479 695 1536 caelestia
715 1483 1082 1550 terrenaque,
1107 1483 1164 1534 et
1181 1495 1307 1550 quas
1348 1483 1508 1533 extra
1548 1479 1723 1534 istam
1762 1479 1920 1534 orbis
1961 1495 2088 1550 pro-

431 1570 680 1624 vinciam
713 1572 872 1634 sunt,
902 1573 1013 1624 Deo
1044 1566 1294 1638 cognita,
1330 1566 1501 1638 plena
1522 1567 1814 1639 sint(13)?
1857 1567 2085 1639 Ubique

432 1675 548 1714 non
577 1661 808 1713 tantum
841 1657 1010 1713 nobis
1051 1656 1374 1728 proximus,
1428 1657 1530 1712 sed
1581 1657 1812 1714 infusus
1861 1662 1969 1713 est.
2019 1657 2082 1714 In

2197 408 2474 466 omnibus
2505 424 2747 481 sparsus
2778 411 2906 475 est;
2941 405 3056 480 [-19]
3088 405 3304 478 pariter
3327 423 3567 478 presens
3608 412 3795 486 ubique

2197 495 2444 554 interest
2464 501 2521 554 et
2540 496 2821 554 miscetur
2842 495 3137 562 omnibus,
3169 511 3457 566 nusquam
3477 497 3621 555 enim
3655 501 3797 558 clari-

2196 588 2338 643 tudo
2368 587 2483 660 (14)
2511 587 2780 643 violatur.
2804 588 3033 654 Quanto
3066 584 3254 657 magis
3275 584 3447 650 Deus,
3480 593 3666 645 auctor
3690 608 3798 648 om-

2197 676 2362 732 nium
2394 692 2462 733 ac
2492 676 2826 749 speculator
2857 675 3148 744 omnium,
3181 691 3216 730 a
3245 691 3359 746 quo
3393 674 3606 732 nullum
3637 685 3799 750 potest

2196 782 2326 822 esse
2356 770 2646 822 secretum
2678 764 2812 838 (15),
2843 763 3102 822 tenebris
3153 763 3409 829 interest,
3459 765 3680 823 interest
3723 786 3802 826 co-

2197 855 2582 929 gitationibus
2613 855 2830 911 nostris
2860 855 3028 926 quasi
3046 851 3248 910 alteris
3268 853 3536 910 tenebris.
3560 855 3675 912 Non
3695 861 3802 913 tan-

2195 949 2322 1000 tum
2356 945 2466 1000 sub
2497 944 2596 1001 illo
2627 944 2881 1018 agimus,
2912 944 3014 1002 sed
3046 949 3103 1001 et
3133 959 3269 1000 cum
3302 941 3548 1015 illo(16),
3571 949 3632 998 ut
3651 962 3805 1019 prope

2195 1034 2444 1090 dixerim
2477 1034 2612 1107 (17),
2644 1033 2916 1090 vivimus.

2669 1150 2822 1205 342
2854 1148 3080 1204 CAPUT
3117 1145 3360 1204 XXXIII.

2194 1239 2630 1294 ARGUMENTUM.
2663 1269 2731 1278 —
2761 1237 2910 1306 Quod
2933 1239 2983 1293 si
3023 1241 3206 1292 tamen
3250 1237 3392 1291 Deus
3433 1236 3643 1292 Iudaeis
3685 1239 3810 1295 nihil

2261 1311 2534 1382 profuisse
2555 1311 2792 1382 dicatur,
2822 1313 2981 1382 certe,
2993 1309 3356 1382 iudaicorum
3377 1309 3659 1363 annalium
3676 1312 3814 1382 Ascri-

2260 1379 2439 1453 plores
2468 1389 2622 1436 testes
2652 1381 3065 1453 locupletissimi
3097 1383 3246 1448 sunt,
3291 1379 3417 1453 illos
3464 1381 3616 1451 prius
3665 1380 3814 1437 Deum

2262 1451 2582 1523 deseruisse,
2615 1451 2782 1525 quam
2825 1452 2897 1507 ab
2930 1454 3048 1522 ipso
3075 1453 3250 1522 fuisse
3277 1451 3535 1508 desertos.

2265 1569 2378 1624 Nec
2411 1567 2579 1623 nobis
2609 1569 2679 1623 de
2709 1571 2908 1624 nostra
2930 1567 3260 1639 frequentia
3296 1565 3666 1622 blandiamur
3694 1567 3815 1641 (18):

2194 1656 2363 1713 multi
2396 1657 2562 1712 nobis
2593 1657 2876 1724 videmur,
2911 1655 3011 1712 sed
3040 1655 3156 1711 Deo
3187 1655 3512 1711 admodum
3543 1656 3704 1727 pauci
3735 1673 3818 1713 su-

1854 1756 2188 1816 Variorum
2229 1764 2416 1817 notae.

435 1853 618 1909 HEUM.
653 1883 720 1893 -—
750 1853 910 1908 Adde
941 1853 1212 1908 eumdem
1243 1851 1343 1908 lib.
1378 1853 1477 1924 vri,
1512 1853 1562 1922 1,
1593 1853 1648 1923 9,
1691 1867 1818 1924 cap.
1868 1853 1922 1922 9,
1970 1854 2078 1922 27;
2112 1855 2160 1920 Β
2192 1857 2338 1919 erat,
2401 1856 2604 1924 postea
2655 1850 2758 1924 uni
2805 1850 3028 1924 videndi
3073 1849 3247 1924 verbo
3294 1848 3630 1924 involvitur,
3685 1852 3819 1922 quod

434 1941 561 1996 cap.
598 1925 682 1992 11,
715 1925 770 1981 9.
796 1925 1077 1979 LINDNER.

504 1993 579 2064 (8)
608 1998 669 2051 In
693 1997 834 2051 sole.
859 1998 942 2050 ita
972 2013 1080 2051 ms.
1105 1995 1490 2050 Heumannus
1515 1993 1766 2049 deletam
1789 1994 1912 2049 vult
1934 2012 2084 2066 prm-

432 2068 808 2139 positionem,
843 2072 898 2122 et
938 2067 1141 2138 recipit
1171 2067 1634 2139 emendationem
1675 2066 1928 2139 ,Gelenii,
1980 2066 2081 2139 qui

437 2137 1128 2195 rescribebatsolem.Sed
1150 2139 1450 2193 annotavit
1496 2138 1761 2193 Gifanius
1811 2137 1870 2192 in
1903 2137 2085 2194 Indice

432 2211 650 2266 Lucret.
682 2211 832 2266 hanc
865 2227 1040 2282 praep.
1076 2208 1688 2282 sinegdiscriminevel
1722 2225 1854 2264 cum
1913 2225 2082 2282 accu-

436 2283 604 2337 sandi
636 2282 724 2336 vel
755 2279 888 2337 cum
922 2279 1223 2337 auferendi
1256 2298 1398 2337 casu
1422 2280 1614 2353 jungi.
1645 2280 1844 2338 Horat.
1905 2280 2080 2338 Serm.

435 2353 540 2410 lib.
573 2371 613 2416 1,
649 2353 763 2408 Sat.
796 2355 848 2424 3,
880 2355 989 2408 26:

499 2460 605 2508 Cur
634 2459 688 2508 in
721 2458 1016 2508 amicorum
1045 2457 1188 2508 vitiis
1215 2462 1326 2508 tam
1348 2459 1521 2508 cernis
1542 2460 1779 2508 acutum.
1845 2459 2084 2508 Lumen.

511 2566 588 2638 (9)
626 2565 832 2622 Videre.
876 2566 973 2622 Sic
1031 2567 1123 2622 ed.
1171 2569 1336 2621 Rom.
1383 2569 1439 2621 et
1484 2583 1620 2637 ms.,
1671 2569 1729 2622 et
1773 2565 1855 2621 ita
1902 2563 2088 2621 edidit

438 2638 841 2781 Ηεῗῖἓῗῖὶῗλίἀῗ
879 2710 1079 2778 ipsum.
1139 2707 1330 2781 Editio
1372 2711 1636 2781 Romana
1689 2707 1884 2781 habet,
1943 2706 2087 2781 Quid

442 2779 643 2852 ipsum,
677 2797 791 2835 non
841 2781 1144 2850 interjecto
1188 2779 1662 2852 interrogationis
1716 2779 1904 2852 signo.
1938 2779 2085 2852 dam

440 2850 522 2908 sic
556 2852 808 2907 rescribo
843 2852 948 2919 Qui
977 2853 1038 2922 (1.
1068 2867 1118 2906 e.
1176 2851 1492 2922 quomodo)
1543 2852 1742 2921 ipsum.
1792 2851 1885 2905 Sic
1934 2850 2084 2906 infra

442 2940 566 2994 cap.
601 2925 708 2979 36:
741 2923 844 2991 Qui
868 2923 1001 2994 (ms.
1035 2922 1179 2994 quis)
1203 2930 1380 2994 potest
1421 2938 1635 2994 pauper
1671 2938 1800 2994 esse,
1850 2923 1947 2994 qui
1975 2939 2086 2978 non

442 2999 592 3049 eaet?
622 2995 808 3049 HEUM.

441 3004 808 3065 egetPHEUM.

509 3067 620 3136 (11)
679 3064 1021 3136 Fulgoribus.
1073 3064 1270 3120 Scribe
1313 3063 1656 3135 fulguribus.
1719 3063 2086 3136 Conjungere

445 3137 595 3192 solet
616 3138 843 3207 fulgura
873 3140 930 3191 et
948 3137 1211 3206 fulmina.
1241 3141 1322 3191 Ita
1348 3153 1556 3208 supra:
1575 3136 1820 3191 Rutilare
1839 3137 2082 3207 fulgura,

447 3210 681 3244 ιηιηηευη
716 3210 1039 3244 ..νωνηίρηνο
1090 3209 1154 3244 ῐὲι
1191 3214 1420 3244 ηηοιοο.
1457 3208 1588 3244 mm.
1638 3209 1832 3244 ml...”
1879 3217 1929 3244 ,ι
1977 3206 2086 3244 νηι-
2117 3176 2160 3244 C

439 3210 685 3280 fulmina
709 3206 1056 3279 praemicare.
1090 3209 1158 3262 Et
1191 3214 1388 3279 postea
1409 3206 1436 3262 ε’
1457 3208 1592 3262 Cum
1637 3206 1844 3262 cretum
1878 3206 1934 3263 et
1970 3206 2064 3276 ful

447 3283 630 3344 mina,
654 3285 704 3334 et
725 3280 951 3352 fulgura
970 3282 1126 3352 longe
1167 3285 1292 3334 ante
1331 3281 1543 3352 fuerint
1572 3296 1740 3352 quam
1780 3281 1992 3349 Jupiter
2030 3281 2091 3334 in

440 3355 602 3406 Creta
622 3350 948 3407 nasceretur.
977 3350 1206 3406 Meua'r.
1236 3382 1301 3390 —
1329 3350 1476 3405 Cave
1515 3350 1842 3422 quidquam
1875 3354 2087 3406 mutes.

443 3423 642 3479 Cicero
667 3424 733 3478 de
755 3423 934 3478 Divin.
962 3421 1062 3477 lib.
1087 3439 1147 3486 ιι,
1176 3439 1303 3492 cap.
1334 3423 1419 3476 19.
1445 3423 1572 3478 Tum
1593 3426 1643 3477 et
1659 3421 1901 3492 fulgores
1916 3427 1966 3476 et
2004 3430 2088 3476 to-

438 3497 631 3551 nitrua
653 3497 932 3551 exsistere.
958 3494 1050 3548 Sic
1073 3494 1229 3548 enim
1247 3492 1558 3564 legendum
1576 3511 1644 3548 ex
1666 3509 1777 3548 ms.
1811 3492 2086 3548 Cantabr.

437 3571 494 3622 et
537 3567 773 3629 Victor.,
806 3583 920 3620 nou
948 3566 1196 3636 fulgura,
1239 3565 1393 3637 quod
1427 3564 1486 3619 in
1536 3564 1826 3637 vulgatis._
1863 3566 2088 3637 lterum

437 3654 564 3708 cap.
586 3638 675 3703 39,
700 3637 798 3691 ubi
839 3634 1071 3709 versum
1114 3634 1533 3709 interpretatur
1569 3634 1848 3693 ex'lliad.
1883 3635 1924 3691 Ι.
1958 3636 2085 3691 236.

435 3707 755 3774 Lucretius,
788 3725 870 3776 v1,
899 3707 1026 3764 755.

561 3796 646 3859 Sic
675 3796 934 3859 fulgorem
957 3809 1172 3859 quoque
1202 3795 1478 3846 cernimus
1497 3799 1620 3846 ante

559 3858 727 3916 Quam
760 3858 1025 3908 tonitrum
1057 3858 1367 3922 accipimus.

433 3946 698 4014 Ovidius,
728 3949 949 4002 Metam.
975 3965 1074 4014 v11,
1111 3948 1236 4003 619.

557 4043 650 4094 Ille
681 4049 859 4094 notam
891 4044 1098 4108 fulgore
1129 4043 1296 4104 dedit,
1330 4044 1642 4107 tonitruque
1673 4042 1931 4104 secundo,

428 4132 660 4189 Videsis
692 4131 995 4189 Aurelium
1027 4133 1339 4202 Victorem,
1374 4149 1540 4203 capp.
1577 4132 1663 4200 14,
1695 4132 1784 4186 23.
1819 4131 2014 4203 DAVIs.

503 4205 615 4276 (12)
645 4207 750 4260 Nec
777 4209 980 4260 tenere.
1016 4207 1202 4271 Quod,
1232 4204 1279 4261 si
1303 4202 1536 4276 quidad
1563 4219 1684 4258 rem
1710 4205 1922 4258 iaceret
1942 4202 2085 4276 illud

429 4273 631 4338 (eriere.
656 4294 773 4332 non
790 4277 1024 4331 videbat
1048 4273 1338 4342 Davisius,
1369 4275 1597 4347 legebat
1617 4289 1857 4347 cernere,
1907 4273 2085 4330 alius-

431 4364 543 4418 que
578 4347 664 4404 vir
693 4349 901 4404 doctus
936 4348 995 4402 in
1037 4351 1190 4403 Actis
1237 4349 1408 4419 Lips.,
1435 4346 1654 4419 ioctob.
1707 4346 1864 4419 1733,
1918 4347 2083 4402 tueri.

427 4417 551 4475 Tali
583 4419 820 4490 quidem
853 4419 1090 4475 Tacitus
1114 4420 1174 4475 in
1209 4417 1397 4487 Agric.
1425 4435 1553 4489 cap.
1588 4417 1695 4473 4οε
1755 4418 1872 4490 Viso
1925 4433 2084 4487 aspe-

427 4487 618 4562 ctoque
639 4491 912 4562 Agricola.
940 4492 1007 4546 Et
1047 4508 1170 4563 cap.
1200 4491 1268 4545 45
1291 4508 1309 4563 εί
1338 4487 1656 4563 ΑΡνωέτῗριιαν
1678 4487 2084 4563 s_ub___Domitia-

437 4577 508 4616 no
537 4564 893 4617 miseriarum
913 4578 1057 4643 pars
1084 4561 1224 4631 erat,
1257 4561 1433 4617 videri
1459 4565 1509 4616 et
1536 4577 1633 4680 (ιδὲ

437 4634 676 4680 f'nrmam
702 4633 992 4680 immerito
1015 4635 1256 4680 vexabat
1294 4632 1553 4680 Cnlerns-
1596 4666 1611 4680 ι

431 4634 677 4688 formam
702 4632 992 4689 immerito
1015 4635 1256 4688 vexabat
1294 4632 1554 4690 Colerus.
1596 4632 1945 4704 Sedtenere,
1976 4648 2081 4704 pro

428 4704 882 4774 comprehendere
914 4721 1028 4759 non
1053 4704 1487 4760 sollicitandum
1511 4704 1606 4758 hic
1647 4703 1919 4759 arbitror.
1945 4703 2083 4760 Am-

430 4774 664 4830 brosius
697 4775 850 4845 Ofﬁc.
888 4793 931 4844 1,
982 4775 1088 4832 29:
1140 4779 1203 4832 Et
1253 4777 1504 4832 viderunt
1549 4776 1872 4840 Helisazum,
1921 4791 2085 4846 quem

433 4847 711 4918 corripere
731 4848 1058 4917 gestiebant,
1090 4852 1142 4904 et
1185 4847 1426 4904 videntes
1457 4855 1640 4902 tenere
1669 4862 1781 4902 non
1807 4850 2080 4917 poterant.

430 4922 500 4972 Et
532 4917 683 4974 solet
714 4920 796 4974 ita
820 4919 927 4974 hoc
950 4935 1083 4973 cum
1110 4919 1279 4974 verbo
1327 4920 1533 4982 videre,
1569 4927 1751 4973 tenere
1781 4918 2080 4990 conjungi,

433 4990 716 5046 Paulinus
771 4991 898 5046 Nol.
943 4993 1115 5062 Epist.
1170 5008 1327 5058 xvm,
1366 4992 1436 5046 1:
1490 4990 1622 5048 Ut...
1677 4989 1915 5058 quadam
1971 4989 2085 5047 tuae

433 5067 641 5131 gratiae
671 5065 919 5132 portione
937 5065 1278 5134 fruerentur,
1307 5063 1558 5134 videntes
1575 5064 1633 5134 et
1664 5064 1904 5134 tenentes
1935 5077 2084 5134 eum,

435 5130 594 5202 quem
625 5130 757 5205 ﬁdes
811 5130 1058 5190 veritatis
1103 5134 1370 5205 probavit.
1426 5130 1704 5187 Paulinus
1752 5130 1975 5186 Petroc.
2029 5133 2082 5188 V.

428 5206 660 5262 Martini
691 5223 764 5276 v1,
807 5206 866 5260 4:
914 5206 1192 5278 Carnique
1244 5214 1354 5278 tua:
1406 5205 1522 5258 sive
1575 5216 1738 5257 carne
1789 5211 2084 5278 superstes,

428 5280 690 5343 cerneris,
725 5273 1016 5347 expeteris,
1047 5273 1374 5346 contingeris
1413 5283 1586 5347 atque
1634 5275 1856 5347 teneris.
1908 5273 2086 5347 Nova-

425 5348 624 5404 tianus
655 5349 720 5404 de
754 5345 973 5417 Trinit.,
1008 5365 1134 5420 cap.
1196 5345 1304 5402 11:
1355 5345 1449 5420 sed
1496 5346 1643 5400 enim
1701 5346 1925 5420 veritati
1980 5361 2087 5403 c.2-

426 5422 565 5475 citas
591 5421 976 5475 haereticorum
1004 5417 1163 5473 nulla
1191 5417 1516 5488 prwscribet
1541 5431 1552 5470 :
1584 5432 1680 5472 nec
1716 5418 1976 5486 quoniam
2023 5419 2086 5473 in

428 5491 642 5546 Christo
692 5491 912 5560 aliquid
968 5493 1171 5556 tenent,
1230 5488 1442 5560 aliquid
1499 5502 1607 5544 non
1669 5491 1874 5559 tenent,
1947 5489 2084 5546 alte-

425 5579 552 5616 rum
607 5559 812 5628 vident,
876 5562 1116 5617 alterum
1170 5577 1280 5618 non
1320 5559 1538 5630 vident,
1595 5561 1863 5630 eripietur
1926 5562 2085 5617 nobis

420 5631 574 5706 Illud
603 5630 746 5706 quod
784 5648 911 5706 non
947 5635 1155 5703 vident,
1199 5651 1300 5706 per
1345 5631 1491 5706 illud
1537 5631 1675 5706 quod
1720 5631 1922 5706 vident.
1975 5631 2084 5688 Ubi

411 5703 572 5773 quad
593 5699 770 5779 prius
812 5703 1045 5767 videndi
1093 5699 1149 5761 et
1197 5699 1422 5766 tenendi
1465 5699 1639 5764 verbo
1686 5702 2083 5780 signiﬁcatum

1639 4561 1730 4615 ici.
1769 4558 1878 4616 Ubi
1929 4560 2080 4617 hanc
2113 4547 2161 4612 D

2193 1921 2822 1995 nempe—nonmultum
2841 1921 2952 1995 ista
2974 1921 3089 1977 duo
3113 1921 3640 1995 distarent.rTenere
3666 1921 3821 1979 etiam

2192 1993 2483 2052 huic—loco
2513 1994 2766 2050 vindicat
2796 1996 2884 2048 vir
2913 1994 3120 2048 doctus
3159 1993 3216 2048 in
3251 1994 3486 2050 Miscell.
3542 1994 3660 2050 0bs.
3702 1995 3821 2049 1732

2189 2067 2302 2124 vol.
2340 2068 2380 2134 Ι,
2417 2084 2547 2139 pag.
2580 2068 2766 2139 32sec
2799 2065 3170 2139 quod_tenere
3197 2066 3356 2139 apud
3388 2064 3821 2139 Nostrumidem

2191 2136 2692 2209 videaturfquod
2743 2138 2896 2208 apud
2958 2136 3318 2192 Lactantium
3381 2138 3454 2192 de
3492 2136 3622 2192 Vita
3677 2137 3823 2192 beata

2194 2215 2418 2281 tangere
2448 2211 2508 2265 in
2539 2209 2671 2264 his:
2703 2209 3143 2281 Animaridcirco
3186 2210 3525 2264 immortalis
3567 2213 3660 2280 est,
3707 2211 3824 2280 quia

2192 2279 2466 2350 nec‘tangi
2494 2284 2684 2350 potest,
2707 2297 2808 2336 nec
2829 2280 3023 2336 videri.
3049 2279 3257 2336 Woex.

2257 2353 2369 2424 (13)
2402 2351 2626 2423 Cognita
2649 2352 2816 2422 plena
2834 2354 2970 2406 sint.
3000 2351 3108 2415 Qui
3142 2351 3236 2406 hic
3265 2351 3713 2424 emendabuntr
3732 2355 3825 2424 Deo

2194 2422 2392 2479 cuncta
2433 2422 2594 2495 plena
2642 2425 2774 2487 sint.
2823 2425 2930 2478 Deo
2975 2423 3196 2493 cognita
3235 2423 3410 2495 plene
3457 2427 3592 2494 sint,
3641 2422 3826 2478 oil‘ensi

2195 2511 2261 2551 eo
2294 2496 2584 2560 videntur,
2619 2495 2771 2566 quod
2812 2511 2920 2549 vox
2982 2496 3185 2549 eadem
3233 2495 3378 2561 Deo,
3441 2499 3562 2550 tam
3621 2495 3826 2549 diverso

2195 2567 2391 2633 modo,
2414 2585 2447 2622 a
2469 2565 2809 2622 nominibus
2826 2567 3072 2634 cognita.
3097 2565 3824 2636 plenadependeat,hujus-

2196 2655 2308 2710 que
2341 2643 2606 2710 respectu
2637 2637 2695 2710 in
2730 2637 3000 2702 ablativo,
3035 2636 3192 2710 illius
3239 2637 3298 2710 in
3336 2635 3535 2692 dativo
3566 2635 3721 2693 casu
3750 2635 3828 2710 in-

2196 2707 2510 2780 telligenda
2541 2711 2636 2776 sit,
2670 2708 2781 2763 Sed
2817 2710 3002 2763 forma
3029 2709 3143 2764 ista
3170 2708 3318 2762 satis
3355 2709 3577 2764 usitata
3605 2713 3708 2763 est.
3745 2707 3826 2763 Sic

2195 2797 2319 2852 cap.
2352 2783 2422 2835 26
2449 2798 2462 2835 :
2511 2780 2713 2835 Onusti
2731 2788 2784 2835 et
2802 2781 3047 2834 immersi
3069 2781 3222 2834 vitiis
3239 2795 3260 2852 ,ἡ
3286 2796 3422 2851 cap.
3459 2781 3567 2847 36;
3597 2780 3699 2848 Qui
3728 2795 3827 2852 non

2194 2851 2329 2924 eget,
2356 2855 2451 2924 qui
2483 2869 2593 2907 non
2619 2852 2800 2907 inhiat
2821 2853 3022 2908 alieno.
3049 2851 3348 2906 Arnobius
3382 2852 3486 2907 lib.
3512 2870 3554 2924 1,
3585 2866 3710 2924 pag.
3734 2851 3828 2906 25:

2198 2923 2652 2986 Consentaneum,
2712 2925 2942 2994 dignum
2995 2924 3100 2978 Deo
3174 2926 3386 2993 fuerat.
3475 2923 3698 2977 Plinius
3745 2937 3826 2988 vn,

2193 2997 2386 3066 Epist..
2415 2997 2486 3050 25
2517 3013 2530 3051 :
2565 2997 2638 3050 Ac
2657 3011 2727 3049 ne
2772 2997 3117 3050 sermonibus
3147 2994 3378 3063 quidem
3438 2996 3701 3063 malignis
3747 2999 3830 3046 aut

2193 3066 2423 3123 attendit
2439 3075 2535 3122 aut
2555 3067 2744 3122 alitur.
2770 3066 3027 3123 Lactart.
3047 3066 3113 3120 de
3130 3066 3220 3120 Ira
3245 3067 3368 3134 Dei,
3399 3082 3449 3120 c.
3485 3067 3550 3120 4:
3577 3066 3717 3133 Quid
3733 3073 3832 3117 tam

2196 3140 2427 3208 dignum
2463 3142 2575 3194 tam
2605 3141 2891 3209 proprium
2939 3139 3076 3209 Deo,
3110 3152 3276 3209 quam
3321 3137 3670 3208 providentia
3687 3139 3830 3209 ?_Pa-

2201 3207 2398 3296 negyr,
2433 3207 2639 3265 incerti
2668 3207 2788 3296 viii,
2814 3210 2890 3296 ‘22
2915 3225 2944 3296 εΔ
2965 3210 3026 3265 Ut
3045 3207 3424 3296 desidetibus
3453 3217 3505 3296 et
3531 3209 3660 3296 calo
3688 3207 3837 3296 digna

2199 3291 2249 3338 et
2277 3278 2460 3339 vicina
2506 3283 2847 3352 promittant.
2915 3279 3210 3336 Ausonius
3264 3285 3434 3334 Grat.
3466 3286 3580 3335 Act.
3615 3295 3734 3351 cap.
3764 3278 3833 3352 3:

2197 3354 2315 3409 Non
2372 3349 2624 3424 ingratus
2659 3353 2956 3422 beneﬁciis,
2990 3351 3106 3424 sed
3133 3367 3457 3421 oppressus.
3518 3349 3838 3424 Ambrosius

2200 3425 2354 3495 Ollio.
2381 3442 2420 3492 1,
2451 3425 2554 3479 21:
2588 3423 3225 3495 lntercessionibus‘non
3247 3424 3438 3478 solum
3467 3423 3688 3478 credere
3733 3435 3840 3485 nos,

2194 3493 2285 3552 sed
2313 3499 2481 3550 etiam
2510 3495 2769 3549 delectari
2817 3495 3031 3566 debere.
3084 3493 3464 3566 Hegesippus
3497 3512 3536 3566 ι,
3572 3495 3676 3566 34;
3734 3496 3841 3566 Non

2196 3567 2446 3624 videmus
2482 3567 2802 3634 virtutibus,
2841 3564 2931 3621 sed
2963 3562 3329 3621 delectamur:
3349 3562 3597 3621 Boetius
3644 3562 3842 3620 Consol.

2195 3655 2235 3696 1.
2270 3639 2295 3692 1
2324 3655 2336 3692 :
2369 3639 2767 3710 Hominumque
2801 3645 3006 3710 mentes
3054 3639 3444 3706 assuefaciunt
3503 3637 3710 3705 morbo,
3747 3649 3846 3710 non

2195 3710 2458 3766 liberant.
2484 3709 2551 3764 Et
2578 3708 2686 3765 lib.‘
2714 3725 2798 3772 111,
2829 3709 2864 3762 5
2891 3725 2903 3763 :
2943 3709 3003 3766 Ut
3023 3710 3297 3763 utentium
3323 3709 3606 3765 mentibus
3632 3708 3844 3764 virtutes

2196 3784 2458 3849 inserant,
2492 3783 2628 3835 vitia
2657 3779 2953 3852 depellant.
2993 3781 3184 3850 Dictys
3213 3780 3376 3836 Cret.
3413 3781 3520 3836 lib.
3555 3798 3608 3851 v,
3637 3780 3706 3834 8:
3738 3777 3841 3852 Non

2193 3869 2250 3910 se
2271 3854 2357 3908 his
2383 3854 2618 3921 moveri,
2643 3849 2819 3924 neque
2871 3849 3179 3923 indignari.
3233 3852 3423 3908 Plura
3478 3849 3842 3923 praetermitto

2195 3924 2408 3981 sciens.
2439 3928 2645 3980 Wora.

2262 3995 2376 4076 (14)
2423 3997 2593 4076 Enim
2636 3993 2932 4076 claritudo.
2972 3993 3310 4076 'Grgnovius
3362 3997 3673 4050 auctorem
3729 3987 3850 4048 scri-

2194 4064 2384 4139 psisse
2413 4071 2580 4136 putat
2606 4066 2727 4139 ejus
2752 4064 3036 4119 claritudo.
3064 4065 3310 4120 LINDER.

2263 4139 2377 4209 (15)
2405 4135 2445 4192 Α
2469 4153 2572 4209 quo
2605 4137 2826 4209 nullum
2857 4141 3024 4205 potest
3047 4152 3158 4192 esse
3193 4141 3496 4209 secretum.
3533 4135 3849 4209 Hermanno

2194 4208 2315 4264 haec
2361 4206 2495 4264 esse
2542 4225 2677 4264 vera
2718 4208 2990 4263 videntur
3052 4208 3292 4262 Minucii
3367 4211 3604 4264 verba:
3657 4206 3852 4273 Quanto

2189 4282 2366 4351 magis
2399 4281 2556 4346 Deus,
2603 4287 2790 4335 auctor
2833 4281 3087 4334 omnium
3115 4296 3179 4334 ac
3221 4281 3551 4349 speculator
3595 4277 3850 4338 omnium,

2193 4369 2226 4407 a
2255 4368 2360 4423 quo
2389 4352 2476 4408 nil
2525 4351 2658 4425 ullis
2710 4355 2885 4425 potest
2912 4368 3024 4407 esse
3070 4360 3350 4425 secretum
3414 4352 3500 4425 (b.
3559 4367 3610 4406 e.
3673 4350 3854 4425 se‘un:

2193 4415 2377 4493 ctum)
2408 4424 2674 4492 tenebris,
2700 4415 2926 4479 interest
2958 4423 3391 4492 cogitationibus
3420 4415 3682 4490 nostris,
3723 4415 3855 4493 nihil

2194 4490 2376 4550 muto.
2431 4490 2664 4562 Quanto
2709 4495 2894 4561 magis
2945 4490 3086 4549 Deus
3134 4495 3380 4550 tenebris
3432 4496 3687 4560 interest,
3741 4490 3855 4545 sine

2193 4566 2315 4622 ulla
2345 4563 2716 4621 claritudinis
2737 4582 2854 4620 suae
2887 4565 3296 4621 diminutione.
3330 4567 3624 4622 LINDNER.

2263 4639 2393 4764 (16)Ἰ
2411 4637 2511 4693 Sed
2540 4641 2597 4692 et
2624 4653 2749 4718 eum
2771 4638 2893 4718 illo.
2943 4638 3028 4720 Ita
3056 4653 3197 4719 mss.
3231 4638 3359 4709 Ego
3424 4654 3579 4720 vero.
3629 4647 3856 4706 persua-

2271 4726 2327 4764 m
2402 4710 2544 4764 abeo
2573 4711 2889 4763 Minucium
2919 4725 3226 4764 scripsisse
3253 4709 3356 4764 sed
3389 4727 3526 4764 cum
3557 4709 3680 4764 illo.
3713 4701 3856 4764 quod

2194 4701 2327 4764 sum
2363 4701 2544 4765 habeo
2573 4708 2889 4763 Minucium
2919 4709 3226 4779 scripsisse
3253 4701 3356 4764 .ςὲιί
3389 4727 3526 4764 cum
3557 4701 3680 4771 illo,
3713 4701 3856 4777 quod

2192 4785 2251 4836 et
2282 4780 2505 4852 reperio
2525 4781 2584 4835 in
2607 4780 2860 4835 editione
2875 4779 3154 4835 Romana.
3171 4781 3378 4836 HEUM.
3405 4813 3480 4821 —
3500 4779 3665 4836 Nihil
3683 4783 3858 4852 muto:

2195 4869 2325 4924 cap.
2347 4847 2389 4906 71
2420 4869 2433 4908 :
2467 4854 2532 4906 In
2557 4867 2694 4924 pace
2722 4853 2889 4924 etiam
2920 4869 3035 4906 non
3073 4855 3286 4907 tantum
3319 4857 3596 4924 aequatur
3623 4847 3861 4924 nequitia

2193 4924 2534 4988 melioribus,
2568 4923 2661 4978 sed
2689 4932 2743 4977 et
2799 4923 3033 4994 colitur,
3081 4926 3214 4994 Cap.
3247 4924 3316 4977 31
3353 4941 3366 4979 :
3435 4923 3710 4979 Convivia
3762 4932 3860 4994 non

2192 5000 2410 5121 gntum
2428 4994 2631 5121 ριέίέᾏεα
2659 4995 2912 5060 colimus,
2946 4993 3038 5050 sed
3093 4990 3396 5051 et'sobria.
3436 4996 3712 5059 Ovidius,
3768 4990 3861 5046 Me-

2254 5083 2329 5121 m.
2365 5083 2437 5121 1v.
2617 5083 2630 5121 :

2192 5070 2329 5121 tam.
2365 5083 2437 5132 1v,
2483 5070 2588 5121 330
2617 5083 2630 5122 :

2297 5181 2475 5231 Nescit
2502 5180 2633 5246 quid
2665 5181 2735 5231 sit
2763 5194 2913 5231 amor
2944 5196 2956 5231 :
2989 5181 3084 5231 sed
3118 5184 3171 5232 et
3198 5181 3504 5232 erubuisse
3539 5181 3846 5293 decﬁb'pnt§Im

3679 5257 3707 5290 Ι.
3762 5271 3771 5286 ι

3679 5257 3863 5290 INDNKH.

2265 5349 2378 5421 (17)
2415 5351 2478 5407 Ut
2505 5365 2672 5421 prope
2689 5350 2948 5407 dixerim.
2973 5351 3134 5407 Hanc
3157 5367 3269 5406 ms.
3306 5351 3641 5407 lectionem
3673 5346 3868 5403 defen-

2195 5421 2280 5494 dit
2308 5421 2672 5494 Wopkenius
2701 5423 2761 5477 in
2797 5423 2916 5491 Obs,
2940 5426 3113 5493 misc.,
3138 5423 3302 5494 crit.,
3329 5428 3377 5477 t.
3409 5441 3470 5493 ι,
3506 5421 3615 5477 lib.
3646 5437 3688 5485 ι,
3740 5430 3865 5494 ρεεσ

2332 5489 2440 5570 iis:
2471 5499 2727 5570 tamen.”
2747 5499 2812 5570 ut
2859 5489 3058 5570 postea
3090 5489 3259 5550 malit
3288 5489 3504 5567 legere
3530 5495 3592 5548 ut
3621 5489 3866 5570 proprie

2194 5564 2450 5638 dixerim.
2484 5566 2592 5620 Sed
2628 5565 2773 5638 mihi
2805 5563 3041 5637 quidem
3073 5563 3388 5623 meutruui
3419 5563 3873 5638 approbavitvir

2194 5637 2595 5693 doctissimus.
2628 5636 2823 5693 HEUM.

2266 5709 2378 5785 (18)
2403 5708 2794 5766 Blandiamur.
2827 5708 2931 5769 Vel
2962 5709 3058 5770 hic
3086 5708 3175 5772 vel
3203 5725 3538 5786 nunquam
3598 5706 3746 5770 alias
3798 5701 3878 5763 vi-
