3962 6176
384 211 504 274 359
597 251 600 253 λ

1682 207 1765 268 Μ.
1812 204 2119 270 MINUCII
2164 204 2485 267 FELIGIS.

3678 208 3793 267 360

382 343 540 419 garis
571 339 784 399 erroris
812 341 920 394 est.
945 336 1084 404 Quis
1106 335 1256 392 enim
1273 335 2034 410 sapientiumdubitat,quis
2063 353 2117 421 Α
2148 337 2432 410 Loquitur
2478 336 2640 394 Plato
2683 336 2816 410 (31).
2861 335 3058 394 Partes
3106 335 3266 394 orbis
3312 353 3468 393 nunc
3509 336 3799 394 inundare

380 433 612 506 ignorat
643 429 752 500 (28)
784 425 984 482 omnia
1015 441 1141 497 qua:
1173 431 1301 481 orta
1332 431 1492 492 sunt,
1543 427 1849 494 occidere;
1910 444 2037 500 qua

378 522 529 577 facta
559 522 714 584 sunt,
748 517 986 572 interire
1008 516 1036 568 ‘t
1066 515 1283 570 ccnlum
1332 532 1565 588 quoque
1602 535 1734 572 cum
1765 517 2038 573 omnibus

383 627 506 682 quae
537 607 679 664 caelo
730 606 1117 671 continentur,
1149 606 1251 672 ita,
1284 609 1350 659 ut
1397 606 1642 678 coepisse
1688 607 1822 678 (29),
1880 606 2035 662 desi-

382 697 561 754 nere?
591 696 843 752 fontium
875 693 1025 749 345
1065 691 1256 748 dulcis
1299 710 1452 765 aqua
1483 695 1668 750 maria
1701 693 1944 763 nutrire,
1976 693 2035 749 in

379 785 674 858 vimignis
699 783 998 839 abiturum
1032 781 1196 852 (30)?
1256 782 1468 839 Stoicis
1519 789 1799 840 constans
1841 783 2036 856 opinio

381 881 470 931 est
500 875 675 946 quod,
710 877 1062 942 consumpto
1093 870 1358 942 humore,
1418 875 1676 929 mundus
1722 873 1814 928 hic
1844 871 2036 929 omnis

378 965 678 1036 ignoscat;
713 967 769 1018 et
803 959 1212 1032 Epicureis,de
1252 959 1677 1018 elementorum
1709 963 2032 1035 conﬂagra-

380 1053 538 1109 tione
569 1056 624 1109 et
656 1051 862 1107 mundi
920 1049 1111 1118 ruina,
1171 1050 1373 1105 eadem
1425 1051 1552 1124 ipsa
1593 1051 1885 1108 sententia
1924 1056 2032 1108 est.

2148 427 2307 496 dicit,
2342 444 2499 484 nunc
2540 426 2782 483 alternis
2827 425 3056 482 vicibus
3103 427 3446 495 ardescere,
3497 432 3573 493 et,
3616 445 3800 498 quum

2146 517 2342 589 ipsum
2374 517 2662 572 mundum
2705 519 3053 588 perpetuum
3086 520 3144 572 et
3174 515 3550 572 insolubilem
3581 517 3802 572 diceret

2146 621 2272 661 esse
2323 606 2694 672 fabricatum,
2752 604 2918 660 addit
2974 610 3171 660 tamen
3232 604 3348 676 ipsi
3402 605 3634 676 artiﬁci,
3687 605 3800 661 Dec

2147 694 2257 750 soli
2279 696 2391 768 (52)
2422 701 2478 751 et
2500 693 2809 751 solubilem
2832 699 2891 749 et
2910 710 3038 750 esse
3065 693 3364 750 mortalem
3389 695 3522 765 (31).
3547 698 3634 749 Ita
3655 693 3800 750 nihil

2147 783 2362 840 mirum
2394 789 2501 851 est,
2536 783 2583 840 si
2616 783 2730 840 ista
2761 781 2947 839 moles
2989 783 3063 840 ab
3101 799 3168 839 eo
3199 800 3314 856 quo
3347 783 3460 855 (34)
3505 788 3804 839 exstructa

2147 878 2254 940 est,
2289 874 2642 929 destruatur.
2686 871 3116 928 Animadvertis
3165 872 3547 946 phi1050phos
3595 874 3798 929 eadem

2144 961 2446 1034 disputare
2495 963 2648 1018 340
2700 979 2827 1034 quas
2865 961 3118 1018 dicimus
3149 962 3281 1034 (35);
3317 978 3433 1017 non
3484 963 3638 1034 quod
3692 980 3802 1019 nos

2145 1051 2336 1108 simus
2365 1067 2569 1108 eorum
2599 1051 2842 1124 vestigia
2897 1050 3216 1120 subsecuti,
3251 1051 3352 1106 sed
3403 1051 3559 1123 quod
3590 1050 3698 1120 illi,
3731 1051 3803 1108 de

1809 1205 2144 1267 Variorum
2176 1214 2365 1266 notas.

381 1345 476 1397 aut
497 1341 669 1397 plane
726 1355 835 1395 non
883 1337 1118 1394 credere.
1173 1337 1236 1394 In
1278 1337 1548 1393 eumdem
1581 1338 1762 1394 ferme
1793 1337 2035 1393 modum

382 1413 452 1468 cl.
482 1407 799 1477 Grunerus,
834 1411 946 1465 nisi
978 1409 1248 1482 quodille
1277 1414 1376 1464 aut
1404 1407 1645 1480 difﬁcile
1660 1415 1761 1464 aut
1781 1425 1890 1482 non
1919 1424 2038 1465 cre-

380 1485 524 1540 dere.
550 1487 665 1556 Ego
694 1499 830 1538 vero
854 1480 1226 1556 transpositis
1244 1487 1488 1556 _tantum
1514 1481 1757 1556 vocibus
1783 1480 2032 1556 difﬁcile,

380 1561 476 1612 aut
504 1553 634 1610 non.
669 1558 760 1609 Sic
791 1571 917 1625 cap.
956 1555 1021 1607 12
1055 1570 1067 1607 :
1109 1554 1174 1608 Et
1234 1554 1374 1608 Deus
1416 1555 1648 1624 patitur,
1700 1553 2031 1625 dissimulat,

382 1627 523 1708 (aut)
556 1644 665 1682 non
697 1624 1140 1708 vult,;autnnon
1196 1629 1366 1708 potest
1415 1626 1694 1708 opitulari.
1724 1626 1862 1708 suis.
1926 1624 2030 1708 Ita,

380 1695 544 1770 puto,
577 1715 685 1752 ms.
720 1696 966 1770 minima
998 1695 1089 1770 ﬁtA
1127 1695 1343 1765 injuria
1396 1695 1497 1770 qui
1553 1697 1637 1770 sic
1681 1695 2033 1770 babetzaut

2145 1353 2290 1409 cum,
2351 1336 2577 1392 humore
2631 1338 2963 1408 consumpto,
3011 1352 3186 1408 neque
3243 1339 3396 1392 terra
3462 1336 3543 1392 ali
3587 1341 3798 1409 posset,

2144 1407 2313 1482 neque
2341 1412 2610 1464 remearet
2638 1424 2754 1482 aer,
2777 1407 2944 1482 cujus
2963 1407 3134 1474 ortus,
3152 1424 3313 1482 aqua
3335 1410 3488 1482 omni
3505 1407 3800 1482 exhausta,

2143 1479 2259 1537 esse
2287 1497 2398 1536 non
2443 1482 2637 1552 posset.
2671 1479 2855 1542 Idem,
2888 1479 2988 1534 lib.
3026 1496 3107 1544 ιιι,
3140 1479 3245 1535 lli:
3282 1479 3422 1547 Quid
3467 1480 3661 1536 enim?
3689 1479 3804 1536 non

2143 1553 2344 1607 eisdem
2374 1553 2523 1607 vobis
2552 1553 2734 1621 placet
2772 1567 2991 1606 omnem
3043 1554 3228 1620 ignem
3268 1555 3460 1622 pastus
3507 1552 3807 1623 indigere?

2141 1640 2240 1679 nec
2283 1639 2610 1694 permanere
2669 1623 2788 1677 ullo
2836 1623 2994 1677 modo
3041 1638 3216 1693 posse,
3249 1625 3393 1678 nissi
3447 1623 3683 1679 alatur?
3717 1625 3809 1680 Ali

2141 1699 2326 1750 autem
2373 1695 2567 1760 solem,
2593 1694 2808 1765 lunam,
2836 1695 3051 1765 reliqua
3101 1702 3271 1762 astra,
3314 1696 3474 1765 aquis
3518 1697 3634 1751 alia
3677 1696 3807 1752 dul-

378 1764 614 1840 difﬁcile
639 1785 749 1823 non
786 1769 1024 1824 credere.
1061 1764 1381 1840 Possemus
1403 1764 1573 1822 etiam
1603 1767 1788 1838 legere
1808 1767 2030 1840 utdifﬁ-
2065 1773 2111 1838 Β
2140 1768 2312 1835 cibus,
2347 1767 2462 1820 alia
2490 1767 2733 1821 marinis
2753 1765 2780 1818 ‘l
2804 1764 3111 1821 Lucretius
3142 1765 3244 1821 lib.
3278 1782 3317 1832 ι,
3349 1764 3450 1821 231
3479 1783 3491 1820 :

380 1839 503 1910 cile,
529 1842 626 1896 sed
656 1845 894 1912 prastat
924 1841 1079 1910 prior
1109 1840 1296 1895 lectio.
1342 1839 1570 1912 Habent
1615 1839 1881 1912 quaedam
1913 1839 2031 1912 edi-

381 1915 604 1967 tiones:
639 1909 742 1966 Ᾱτιι
773 1909 1128 1979 improvisum
1160 1913 1341 1978 ignem
1372 1909 1585 1974 cadere,
1619 1909 1713 1964 aut
1741 1909 2030 1979 difﬁcilem

378 1982 611 2039 credere.
647 1982 930 2054 Rigaltius
962 1983 1070 2036 hoc
1103 1984 1272 2036 modo
1295 1997 1488 2036 veram
1522 1983 1826 2036 lectionem
1864 1981 2029 2054 resti-

380 2055 464 2110 tui
499 2071 667 2126 posse
697 2052 1057 2126 arbitratur:
1083 2062 1180 2108 aut
1207 2054 1562 2126 improvisum
1580 2055 1763 2126 ignem
1789 2052 2028 2126 credere,

381 2134 478 2182 aut
500 2123 738 2197 di/ﬁcile
795 2139 907 2197 non
957 2124 1173 2197 cadere.
1231 2124 1558 2179 Boxhornio
1618 2123 1801 2178 multo
1841 2124 2031 2197 magis

381 2195 588 2270 placet,
621 2198 671 2270 si
690 2195 1045 2252 rescribatur
1067 2196 1209 2270 :_Aut
1231 2198 1587 2270 improvisum
1609 2197 1794 2263 ignem
1805 2195 2029 2270 cadere,

380 2266 481 2348 aut
508 2266 758 2348 sufﬁcere
789 2282 924 2348 .non
977 2266 1221 2348 credere.
1261 2266 1586 2348 Gronovius
1617 2266 1882 2348 raponit:
1920 2273 2035 2348 Aut

384 2338 747 2411 improvisum
776 2341 958 2411 ignem
987 2338 1180 2411 cadere
1207 2343 1304 2393 aut
1327 2338 1588 2394 dissilire.
1622 2338 1817 2411 Minus
1839 2342 2034 2394 coacto

383 2409 587 2467 auctor
616 2411 698 2465 ita
727 2410 1034 2482 scripsisse
1049 2409 1374 2481 Wopkenio
1399 2411 1625 2465 videtur
1653 2427 1665 2464 :
1691 2409 1960 2482 caeterum
1977 2415 2034 2466 te

383 2482 636 2539 incendia
666 2481 881 2546 mundi,
913 2491 1011 2536 aut
1037 2484 1401 2554 improvisum
1448 2484 1629 2550 ignem
1655 2481 2034 2554 caderedifﬁ-q

383 2557 489 2610 cite
511 2563 608 2608 aut
635 2570 743 2610 non
772 2554 1010 2608 credere.
1028 2551 1452 2609 Ex'Heumanni
1481 2553 1772 2608 sententia
1793 2551 2032 2608 Minucii

384 2627 556 2682 verba
586 2625 705 2680 haec
734 2631 911 2679 sunt:
948 2625 1220 2682 Caeterum
1275 2625 1340 2680 de
1389 2625 1640 2680 incendio
1698 2625 1896 2680 mundi
1925 2641 2032 2680 non

383 2698 620 2762 credere,
652 2697 896 2766 vulgaris
924 2699 1129 2752 erroris
1157 2700 1252 2753 est.
1288 2698 1569 2752 Lmnusa.

456 2778 565 2847 (28)
597 2777 1018 2848 Quisﬂignorat.
1053 2777 1132 2831 Ex
1195 2776 1500 2848 bypothesi
1565 2775 2030 2848 Heumanniana,

383 2865 501 2920 qua
530 2857 626 2902 aut
654 2847 893 2920 difﬁcile
923 2848 1104 2920 ejicit,
1138 2847 1260 2903 hanc
1278 2847 1464 2904 etiam
1497 2848 1672 2904 verba
1721 2851 1886 2903 erant
1933 2847 2033 2920 de-

383 2919 576 2993 lenda.
613 2919 924 2993 Difﬁculter
959 2919 1149 2989 credit,
1204 2921 1305 2993 qui
1356 2921 1612 2988 dubitat;
1669 2936 1778 2975 non
1837 2919 2031 2989 credit,

386 2991 485 3063 qui
516 2994 756 3059 ignorat.
792 2991 1070 3046 LINDNER.

456 3063 570 3145 (29)
605 3063 668 3119 Ut
697 3064 937 3145 ccep'isse.
1001 3063 1086 3117 Ita
1137 3077 1284 3145 .m‘s.,
1343 3079 1446 3135 pro
1492 3078 1608 3134 quo
1661 3062 1720 3116 in
1750 3061 2033 3145 “Romana

2294 1890 2445 1939 Unde
2473 1897 2635 1948 mare,
2657 1889 2875 1953 ingenui
2899 1888 3423 1953 fontes‘externaque
3453 1889 3610 1953 longe

2291 1953 2534 2002 Flumina
2558 1952 2950 2014 suppeditant?
2971 1951 3122 2002 Unde
3151 1955 3318 2002 aether
3337 1951 3523 2002 sidera
3551 1951 3728 2016 pascit
3748 1955 3774 2002 ‘t

2140 2067 2278 2140 Tria
2306 2083 2442 2140 ergo
2465 2073 2606 2123 sunt
2626 2067 2696 2140 de
2722 2067 2937 2138 quibus
2963 2067 3322 2140 sapientium
3347 2084 3518 2140 nemo
3545 2068 3806 2137 dubitat,

2141 2139 2400 2222 scilicet}
2435 2141 2500 2222 1°.
2540 2139 2758 2222 omnia,
2795 2143 2852 2194 et
2896 2140 2977 2222 ιιι⁸
3007 2139 3213 2222 primis
3264 2139 3496 2210 emtum,
3529 2141 3807 2222 erupisse.

2138 2213 2198 2266 2°
2227 2210 2541 2279 aliquando
2589 2211 2874 2279 desinere,
2921 2211 2977 2266 3⁸
3029 2211 3262 2266 interim
3312 2227 3446 2267 vero
3478 2210 3708 2266 nutriri.
3739 2213 3813 2268 Et

2141 2280 2234 2337 bis
2255 2280 2447 2354 tribus
2477 2283 2744 2354 partibus
2775 2281 3024 2354 vertitur
3046 2284 3222 2338 etiam
3255 2284 3429 2338 cardo
3459 2283 3641 2338 totius
3676 2284 3810 2338 dis-

2144 2353 2489 2428 putationis.
2514 2353 2732 2428 Caelum
2783 2353 2995 2428 cmpit:
3043 2370 3178 2428 ergo
3227 2360 3318 2409 est
3349 2354 3503 2410 Deus
3535 2371 3549 2409 ι
3585 2355 3813 2411 οωιαω

2145 2425 2369 2482 desinet
2395 2443 2408 2493 ;
2435 2441 2571 2498 ergo
2601 2425 2934 2498 daturﬁnis
2961 2425 3167 2482 mundi
3194 2431 3248 2480 et
3271 2443 3451 2497 poenae
3476 2432 3606 2498 post
3639 2443 3812 2482 mor-

2141 2502 2302 2553 tem:
2362 2497 2569 2552 cmlum
2629 2497 2928 2569 nutritur;
2989 2513 3125 2569 ergo
3185 2497 3358 2552 datur
3411 2497 3813 2569 previdentia.

2145 2575 2334 2635 Davus,
2369 2569 2699 2641 RiGAL'rIus.
2747 2599 2800 2641 :-
2825 2568 3212 2639 Boxbornius,
3245 2568 3422 2638 cujus
3449 2571 3621 2623 verba
3668 2586 3811 2641 pro-

2143 2643 2410 2696 feruntur
2465 2641 2536 2695 ab
2593 2639 2847 2709 Ouzelio,
2906 2641 2987 2695 sic
3049 2641 3242 2712 legit:
3303 2642 3559 2696 Pontium
3605 2639 3812 2696 dulces

2142 2729 2307 2785 aquas
2338 2714 2557 2766 marina
2601 2713 2843 2775 nutrire,
2873 2717 2982 2766 etc.
3016 2712 3338 2767 Gronovius
3371 2713 3449 2766 ita
3476 2713 3814 2785 arentium,

2141 2783 2316 2838 dulcis
2345 2800 2520 2854 aquae,
2555 2785 2723 2837 maris
2752 2785 3035 2839 nutrimen
3087 2786 3148 2838 in
3174 2785 3448 2854 vim,etc.
3483 2783 3812 2848 Heuman.,

2140 2855 2335 2910 verbis
2393 2853 2451 2908 in
2509 2857 2618 2910 vim
2675 2856 2820 2925 ignis
2873 2856 2988 2909 abit
3035 2854 3256 2926 ejectis,
3316 2853 3492 2925 legit:
3546 2857 3814 2926 Fontium

2145 2926 2308 2983 dulci
2351 2943 2497 2996 aqua
2519 2927 2760 2981 marisve
2804 2928 3014 2984 nutriri
3047 2925 3106 2981 id
3136 2928 3197 2998 (i.
3230 2942 3280 2982 e.
3314 2926 3567 2997 ccelum),
3605 2925 3819 2983 Stoicis

2142 3006 2413 3065 constans,
2443 3003 2554 3052 etc.
2595 3003 2868 3052 LINDNER.

2215 3070 2339 3142 (31)
2379 3071 2643 3142 Loquitur
2683 3069 2859 3124 Plato.
2885 3069 3078 3123 Partes
3129 3069 3293 3142 orbis
3319 3083 3469 3142 nunc
3516 3069 3817 3142 inundare

383 3133 645 3212 editione,
675 3136 920 3212 εωρὶεξρι
976 3133 1361 3205 rescriptum;
1394 3133 1527 3189 cum
1587 3133 2022 3189 rescribendum
2057 3147 2100 3212 ί]
2136 3133 2286 3197 dicit.
2308 3133 2408 3196 'lta
2431 3133 2910 3212 distinguendum
2942 3142 3071 3205 erit,
3117 3139 3164 3195 si
3193 3139 3493 3212 retinenda
3532 3141 3815 3196 videatur

383 3204 459 3260 sit
487 3207 648 3276 capit
675 3221 804 3260 esse.
840 3205 1031 3260 HEUM.

453 3285 566 3357 (30)
597 3286 853 3340 Fontium
909 3286 1086 3340 dulcis
1145 3301 1323 3357 aquas
1379 3286 1559 3340 maria
1588 3284 1809 3357 nutrire
1829 3285 1888 3357 in
1919 3285 2030 3339 vim

383 3354 866 3424 ignis‘abiturum.
922 3357 1050 3411 Loci
1107 3354 1351 3412 antehac
1395 3354 2026 3428 depravatissimipraa-

381 3429 602 3501 claram
627 3429 1094 3483 emendationem
1123 3428 1418 3501 suggessit
1439 3429 1606 3484 nobis
1635 3432 1799 3501 vetus
1831 3443 2029 3501 exem-

381 3499 527 3571 plar.
561 3500 703 3554 Nam
737 3502 820 3555 sic
852 3501 1092 3555 omnino
1141 3499 1353 3556 habet:
1388 3502 1640 3555 Fontium
1691 3499 1863 3553 dulcis
1885 3515 2030 3570 aqua

380 3573 565 3625 maria
585 3572 801 3626 nutrire
820 3572 876 3625 in
906 3574 1015 3627 vim
1049 3573 1192 3641 ignis
1215 3573 1522 3626 abiturum.
1585 3571 1678 3626 Sic
1710 3577 1906 3625 autem
1943 3571 2026 3624 in-

383 3642 700 3713 telligenda
731 3647 820 3696 est
872 3642 990 3697 haec
1015 3642 1306 3713 scriptura
1327 3661 1345 3696 :
1374 3642 1435 3696 τὸ
1483 3644 1700 3698 nutrire
1732 3643 2029 3697 abiturum

385 3713 443 3767 in
478 3713 594 3768 vim
620 3713 772 3785 ignis
803 3713 1014 3769 Stoicis
1045 3721 1320 3769 constans
1379 3714 1574 3785 opinio
1621 3719 1728 3770 est.
1763 3713 1867 3768 Illa
1895 3729 2028 3768 vero

384 3800 510 3858 quis
544 3791 890 3856 sequuntur,
949 3785 1111 3858 quod,
1165 3791 1480 3857 consumpto
1513 3785 2029 3858 humore,_mundus

383 3857 475 3927 hic
503 3857 681 3911 omnis
703 3856 969 3925 ignoscat,
998 3873 1359 3926 supervacua
1387 3856 1529 3912 sunt
1559 3863 1616 3912 et
1654 3856 1893 3927 sapiunt
1923 3872 2032 3911 no-

383 3926 566 3982 tulam
599 3929 668 3983 de
699 3929 964 4000 margine
992 3930 1315 4000 abreptam.
1373 3929 1570 4000 Neque
1613 3926 1769 4000 aliud
1806 3929 2029 3995 dicunt,

384 4015 564 4124 quam
597 4000 652 4054 id
687 3999 841 4070 quod
866 4000 991 4070 jam
1025 3999 1245 4056 dictum
1279 4005 1367 4056 est
1387 3999 1746 4072 elegantius:
1779 4001 2031 4054 Fontium

423 4070 572 4124 ulces
600 4087 772 4124 aquas
802 4072 982 4124 maria
1038 4074 1254 4124 nutrire
1282 4073 1562 4124 abiturum
1607 4071 1663 4124 in
1695 4072 1806 4124 vim
1836 4072 2026 4124 ignis:

423 4070 572 4143 ulces
600 4087 772 4142 aquas
799 4072 982 4143 maria
1038 4074 1254 4128 nutrire
1282 4070 1562 4127 abiturum
1607 4071 1663 4143 in
1695 4072 1806 4124 vim
1836 4072 2026 4143 ignis;

383 4141 439 4216 i_d
469 4146 604 4216 _est,
644 4141 1012 4216 imariamnon
1043 4144 1297 4216 amplius
1329 4146 1584 4216 nutrient
1626 4142 1814 4216 fontes
1840 4141 2032 4216 _aquis

386 4211 678 4278 dulcibus,
712 4215 809 4269 sed
847 4214 988 4270 illud
1050 4211 1273 4270 nutrire
1331 4215 1515 4270 abibit
1573 4213 1631 4267 in
1689 4213 1804 4267 vim
1835 4211 2028 4278 ignis:

387 4285 815 4341 nutrimentum
835 4285 980 4342 illud
1009 4288 1336 4342 mutabitur
1355 4287 1412 4341 in
1435 4287 1724 4348 ﬂammas,
1749 4285 2034 4340 ebullient

385 4355 551 4431 i_gn_e_i_
571 4362 859 4431 torrentes
882 4359 953 4414 de
1002 4359 1357 4431 scaturigine
1391 4357 1658 4412 fontium.
1704 4355 1930 4431 RIQALT.
1966 4387 2032 4397 -

386 4427 582 4505 Edidit
639 4429 912 4505 Gelenius
940 4431 1193 4505 foncium
1226 4427 1424 4505 'dulci
1464 4445 1627 4500 aqua,
1660 4430 1896 4505 marisve
1924 4445 2032 4505 nu-

392 4501 559 4561 triri;
593 4515 696 4554 nec
756 4498 952 4556 aliter'
978 4501 1294 4569 Cellarius;
1328 4501 1450 4569 sed,
1486 4498 1549 4556 ut
1607 4498 1748 4554 mihi
1783 4499 2032 4567 videtur,

389 4585 458 4624 ex
488 4585 599 4624 ms.
661 4571 818 4643 regio
869 4572 1018 4628 belle
1064 4574 1396 4630 emendavit
1423 4572 1544 4628 Nic.
1581 4570 1866 4642 Rigaltius
1891 4596 1906 4639 ;
1933 4587 2038 4627 nec

391 4657 531 4728 sane
563 4648 896 4728 rarum‘est,
923 4649 996 4728 _ut
1023 4647 1467 4728 inﬁnit‘ivus‘pro
1498 4645 1835 4728 substantivno
1860 4659 2036 4728 pona-

390 4717 507 4786 tur.
541 4713 618 4786 _A.
663 4711 885 4769 Gellius
915 4711 1093 4773 Noctf
1135 4719 1296 4773 Attic.
1351 4711 1448 4772 lib.
1511 4734 1548 4779 ι,
1609 4732 1737 4786 cap.
1788 4711 2032 4786 87:fl‘.‘g0,

389 4782 604 4853 inquit,
668 4786 932 4854 paenitere
987 4789 1125 4842 tanti
1170 4805 1279 4843 non
1331 4804 1466 4845 emo.
1509 4782 1801 4842 Arnobius
1833 4782 2032 4850 liqu,

430 4854 662 4930 ag._2_7:
698 4857 901 4930 Timere
942 4858 1129 4930 ipsum
1169 4859 1301 4930 quid
1349 4862 1420 4915 sit
1476 4861 1767 4929 ignorans.
1808 4859 1945 4930 Sic
1979 4861 2037 4930 et

432 4871 523 4980 ag.
555 4871 662 4910 :41:
698 4871 901 4913 limere
942 4874 1120 4929 ipsum
1169 4871 1301 4930 quia
1349 4871 1420 4915 ,ςιι
1476 4874 1767 4929 ignorans.
1828 4871 1920 4912 διο
1979 4871 2034 4912 et

432 4924 682 4997 upicius
739 4928 1018 5010 Severus;
1074 4929 1258 5010 _H._S.
1319 4929 1428 5010 lib.‘
1491 4946 1552 4993 11,
1609 4945 1734 5010 cap.
1797 4929 1851 4983 3.
1885 4928 2034 5010 [_I‘luzl

395 5014 562 5079 porro
595 5001 970 5079 monendum
989 5006 1148 5072 puto,
1181 5001 1373 5079 locum
1414 5000 1571 5054 hunc
1598 4999 1807 5054 vitiosa
1844 4999 2034 5079 adhuc

393 5070 1181 5145 interpunctionedab—orare,
1216 5074 1369 5145 quod
1411 5088 1544 5127 cum
1605 5088 1721 5126 non
1771 5071 2034 5126 animad-

387 5145 636 5216 verteret
692 5141 815 5198 Nic.
877 5143 1187 5216 Rigaltius,
1234 5141 1462 5216 septem
1503 5159 1695 5216 voces,
1751 5147 2034 5216 tanquam

389 5211 704 5287 glossema,
765 5211 1066 5286 perperam
1127 5211 1325 5287 ejecitf
1400 5215 1700 5287 Distingue
1752 5211 2037 5287 fontium

387 5285 570 5354 dulces
601 5301 800 5354 aquas,
833 5285 1022 5342 maria
1057 5285 1271 5344 nutrire
1301 5289 1360 5344 in
1391 5289 1503 5343 vim
1533 5285 1680 5354 ignis
1706 5285 1988 5341 abiturum
2008 5285 2036 5341 ?

389 5353 508 5408 huic
567 5353 722 5432 enim
774 5353 812 5432 7a
868 5359 1268 5432 superioribus
1323 5359 1596 5431 pendent.
1643 5359 1792 5432 Tum
1849 5358 2038 5430 pergit

391 5431 628 5504 auctor:
667 5429 858 5504 Stoicis
901 5429 1160 5504 constans
1201 5429 1387 5504 Opinio
1416 5435 1493 5487 est
1533 5429 1674 5503 quod
1720 5429 2035 5504 consumpto

390 5496 882 5573 humoremundus
911 5503 999 5559 hic
1027 5507 1205 5560 omnis
1225 5496 1506 5572 ignescat;
1537 5496 1666 5573 quas
1715 5500 1832 5555 fere
1862 5496 2038 5556 verba

394 5573 532 5644 sunt
578 5567 869 5628 Ciceronis
917 5575 981 5630 de
1017 5577 1145 5631 Nat.
1183 5567 1343 5632 οἱον.
1379 5592 1440 5644 ιι,
1483 5567 1684 5628 46715.1:
1728 5589 1831 5644 qua
1878 5587 2035 5627 even-

389 5642 578 5720 turum
608 5645 783 5720 nostri
807 5651 1009 5720 putant
1032 5647 1088 5702 id
1115 5647 1211 5703 deo
1239 5663 1344 5720 quo
1375 5642 1687 5720 Panaetium
1715 5642 2039 5720 addubitare

388 5711 660 5783 dicebant,
691 5722 752 5769 ut
775 5711 848 5770 ad
895 5720 1198 5775 extremum
1221 5711 1398 5776 omnis
1437 5717 1690 5774 mundus
1721 5717 2036 5791 ignesceret,

2138 3214 2259 3268 haec
2286 3212 2598 3284 scriptura
2623 3210 2834 3284 'vetus.
2867 3212 3169 3284 Caeterum,
3223 3210 3422 3264 malim
3475 3217 3675 3266 notam
3708 3218 3811 3284 iet

2140 3283 2486 3340 familiarem
2520 3283 2772 3338 Minucio
2806 3283 3080 3351 loquendi
3115 3285 3364 3338 formum
3415 3284 3655 3351 servari,
3689 3283 3805 3340 de-

2136 3361 2321 3411 tracto
2380 3354 2565 3409 inutili
2630 3355 2826 3422 verbo,
2859 3353 3011 3419 dicit,
3061 3353 3119 3408 in
3170 3354 3326 3408 hunc
3383 3355 3662 3410 modum:
3698 3359 3815 3411 Lo-

2139 3430 2326 3500 quitur
2355 3427 2515 3500 Ptato
2543 3429 2726 3500 partes
2758 3428 2902 3480 orbis
2929 3441 3078 3480 nunc
3112 3427 3408 3500 inundare,
3440 3425 3679 3500 alternis
3695 3429 3814 3500 Avi-

2137 3497 2292 3554 cibus
2336 3497 2634 3552 ardescere.
2667 3497 2999 3553 RIGALTIUS.
3038 3528 3103 3537 —
3150 3497 3354 3551 Lenior
3399 3497 3508 3551 erit
3551 3497 3815 3553 medici-

2141 3588 2236 3638 na,
2269 3569 2339 3638 si,
2371 3569 2573 3624 addita
2618 3569 2902 3639 particula
2950 3567 3280 3640 copulante,
3328 3567 3632 3640 legamus:
3666 3571 3810 3640 (ιο-

2176 3644 2328 3697 uitur
2380 3641 2558 3704 Plato,
2584 3645 2635 3695 et
2663 3650 2846 3710 partes
2905 3639 3050 3695 orbis
3103 3657 3254 3695 nunc
3309 3639 3582 3694 inundare
3637 3639 3814 3697 dicit.

2185 3712 2462 3786 yprianus
2493 3713 2560 3766 de
2597 3712 2722 3786 (luit
2756 3712 3047 3768 Ecclesiae:
3085 3712 3348 3786 Loquitur
3396 3714 3445 3766 et
3476 3712 3608 3766 dicit
3640 3714 3818 3786 δίνῃς-

2138 3783 2308 3856 plura
2350 3785 2567 3839 divina.
2623 3783 3007 3856 Hieronymus
3053 3783 3142 3837 ad.
3197 3784 3816 3856 Vigilant.,_itom.UIV,

2141 3854 2250 3913 col.
2282 3857 2387 3910 288
2411 3873 2423 3910 :
2452 3860 2530 3910 De
2558 3855 2753 3924 quibus
2779 3854 3190 3924 argumentaris
3209 3863 3262 3910 et
3291 3854 3430 3909 dicis
3473 3854 3596 3910 Non
3625 3854 3824 3910 aliter

2141 3928 2364 4001 passim
2395 3925 2910 4001 veteresﬁccledze
2947 3927 3274 4001 scriptores.
3303 3931 3486 4001 Diws.
3510 3958 3578 3965 —
3609 3926 3817 3983 Multo

2143 3997 2336 4056 autem
2385 3997 2764 4053 verisimilius
2812 4003 2900 4053 est
2953 3997 3278 4068 irrepsisse,
3313 3998 3574 4068 adeoque
3600 4004 3809 4053 exter-

2143 4070 2356 4127 minari
2405 4074 2688 4140 oportere,
2741 4071 3003 4140 loquitur.
3055 4069 3219 4124 Nunc
3263 4085 3394 4124 vero
3447 4075 3503 4123 et
3548 4068 3688 4140 dim't
3740 4069 3813 4126 in

2140 4144 2289 4198 docet
2333 4139 2519 4205 muto.
2551 4139 3194 4212 eoqueeonfidentius,
3229 4140 3381 4212 quod
3437 4139 3608 4210 paulo
3666 4147 3825 4212 post

2141 4215 2404 4284 sequitur
2451 4211 2840 4284 diceretsNon
2903 4219 2990 4267 est
3045 4213 3198 4267 enim
3260 4212 3534 4266 credibile
3589 4211 3822 4284 eodem

2139 4283 2316 4343 verbo
2346 4283 2435 4339 bis
2456 4284 2657 4338 eadem
2691 4283 2749 4337 in
2779 4283 3015 4355 periodo
3046 4301 3219 4338 usum
3252 4300 3380 4338 esse
3409 4289 3527 4338 tam
3559 4283 3820 4355 elegan-

2142 4357 2353 4431 gantiaa
2372 4356 3084 4431 studiosumscriptorem.
3099 4356 3467 4431 Deniquepro
3486 4356 3817 4431 inundare,

2144 4426 2337 4486 scribo
2365 4426 2648 4496 mandari,
2682 4427 2827 4482 duce
2857 4426 3184 4498 Wopkenio
3215 4426 3272 4481 in
3307 4427 3426 4483 Obs.
3461 4429 3617 4482 misc.
3642 4430 3820 4498 crit.,

2068 4520 2114 4585 ι)
2144 4507 2188 4567 t,
2222 4499 2426 4585 ξξεῃιὶὶῖἔ
2460 4517 2498 4570 ι,
2532 4515 2662 4585 pag.
2696 4499 2764 4585 42
2799 4499 2990 4585 Haupt.

2220 4572 2332 4642 (52)
2379 4568 2490 4642 Deo
2534 4568 2685 4642 soli,
2720 4570 2994 4625 Rescribo
3039 4570 3242 4640 artiﬁci
3296 4570 3423 4635 soli,
3487 4568 3822 4628 remittens

2146 4640 2260 4713 ipsi
2280 4640 2384 4697 Deo
2415 4641 2470 4695 in
2506 4640 2851 4712 marginem.
2890 4643 3077 4696 HEUM.

2213 4714 2328 4785 (33)
2389 4713 2490 4785 Deo
2543 4711 2669 4774 soli,
2727 4720 2778 4785 et
2829 4713 3138 4785 solubilem,
3197 4717 3249 4767 et
3306 4725 3418 4767 esse
3477 4711 3819 4785 mortalem.

2141 4783 2522 4856 Transposita
2561 4783 2806 4856 vocula,
2868 4783 3033 4855 lege;
3091 4785 3193 4839 Deo
3237 4785 3345 4840 soli
3399 4786 3454 4856 et
3504 4783 3821 4840 solubilem

2143 4874 2278 4924 esse,
2305 4855 2354 4913 et
2374 4855 2682 4911 mortalem.
2709 4855 2881 4910 DAVIS
2930 4887 2994 4895 —
3018 4859 3156 4910 Esse
3183 4859 3233 4910 et
3253 4855 3562 4910 mortalem.
3591 4857 3654 4909 In
3681 4871 3822 4913 ms.

2143 4932 2310 4985 estet
2365 4944 2483 4982 esse
2537 4927 2845 4999 mortalem.
2877 4928 3061 4992 Quam
3123 4927 3475 4999 scripturam
3534 4926 3837 4984 defendit

2143 5001 2505 5072 Wopkenus.
2539 4998 2814 5053 LINDNsa.
2881 5069 2919 5072 __
2978 5068 2988 5072 _

2216 5067 2328 5142 (3'5)
2351 5071 2429 5125 Ab
2449 5086 2512 5125 eo
2541 5086 2663 5140 quo.
2688 5069 2951 5124 Defendit
2978 5068 3128 5125 hanc
3157 5069 3508 5141 scripturam
3539 5067 3837 5138 Wopke—

2144 5141 2256 5199 nu’s
2289 5143 2346 5197 in
2378 5143 2690 5197 Lectionum
2742 5142 3128 5213 Tullianarum
3186 5141 3282 5195 lib.
3321 5159 3358 5211 ι,
3411 5157 3539 5211 cap.
3576 5142 3627 5207 1,
3664 5155 3835 5213 pag.

2146 5217 2196 5282 4,
2223 5213 2492 5288 pluribus
2523 5213 2737 5288 docens
2772 5211 3070 5283 exemplis,
3107 5213 3461 5288 posterius_a
3518 5227 3632 5266 non
3665 5211 3837 5270 raro

2145 5284 2335 5343 omitti
2363 5305 2397 5340 ξι
2427 5284 3370 5356 scriptoribuspraestantissimis.
3404 5284 3840 5343 HEUMANNUS-

2216 5359 2324 5429 (35)
2357 5360 2486 5426 Quae
2511 5355 2779 5429 dicimus.
2823 5355 2972 5429 Lego
3000 5371 3021 5429 :_
3048 5357 3181 5424 Quae
3236 5356 3486 5412 docemus
3533 5371 3633 5429 nos
3663 5371 3840 5414 non-

2145 5425 2482 5486 Lactantius
2507 5445 2602 5494 vn,
2636 5429 2727 5498 25,
2762 5428 2787 5482 1
2820 5443 2832 5481 :
2897 5427 2959 5485 Ut
2990 5427 3256 5496 docerem,
3309 5444 3418 5484 non
3463 5425 3620 5483 modo
3651 5429 3848 5496 apud

2147 5519 2260 5571 nos,
2294 5518 2483 5556 verum
2512 5501 2677 5556 etiam
2706 5498 2851 5570 apud
2880 5514 2969 5554 eos
3024 5503 3168 5571 ipsos
3197 5502 3412 5571 quinos
3434 5501 3848 5573 insectantur,

2144 5577 2425 5629 veritatem
2457 5573 2834 5641 consignatum
2901 5574 3078 5627 teneri
3125 5589 3291 5644 quam
3346 5575 3597 5628 recusant
3627 5587 3854 5640 agno-

2144 5660 2310 5702 scere.
2345 5645 2539 5700 Hsum.
