4102 6162
448 331 566 391 363

1757 326 1840 387 Μ.
1886 325 2027 387 MIN
2038 325 2196 390 UCII
2239 325 2536 389 FELICIS

3739 329 3858 390 364

448 461 640 517 hieme
656 460 1030 516 reviviscatet
1053 458 1287 514 redeat?
1307 458 1763 530 exspectandum
1785 459 1956 515 nobis
1975 459 2088 530 [52]
2118 459 2173 528 Α
2202 475 2374 532 gose;
2410 459 2764 516 destinatam
2791 458 2948 516 enim
2994 458 3109 516 sibi
3158 475 3292 514 cum
3346 460 3471 516 suis
3531 460 3861 518 cultoribus

448 548 623 606 etiam
655 549 915 620 corporis
943 565 1042 604 ver
1071 553 1180 603 est.
1212 547 1328 603 Nec
1353 547 1506 604 848
1529 547 1734 621 ignoro
1765 548 2094 620 plerosque,

448 637 809 694 conscientia
839 638 1206 703 meritorum,
1239 635 1388 692 nihil
1419 652 1482 692 se
1515 653 1643 694 esse
1693 654 1798 709 pos
1849 642 2096 692 mortem

448 727 637 798 magis
668 731 867 797 Optare
895 742 1074 798 quam
1105 726 1337 782 credere
1369 742 1382 782 :
1429 725 1660 781 malunt
1689 725 1845 781 enim
1878 726 2097 782 exstin-

444 817 544 887 gui
577 816 833 887 penitus,
883 831 1060 888 quam
1107 816 1180 870 ad
1234 815 1524 886 supplicia
1554 814 1811 888 reparari
1843 831 2096 887 quorum

445 921 606 961 error
651 909 919 977 augetur,
951 908 1010 961 et
1057 904 1118 958 in
1169 905 1379 960 saculo
1428 903 1696 960 libertate
1743 904 2010 969 remissa,
2043 905 2100 958 et

445 991 547 1049 Dei
597 993 882 1065 patientia
930 993 1187 1049 maxima
1247 1009 1262 1047 :
1322 993 1492 1064 cujus
1541 995 1762 1064 quanto
1803 991 2096 1064 judicium

446 1083 678 1138 tardum
707 1082 842 1154 (46),
874 1087 1035 1138 tanto
1064 1081 1256 1153 magis
1279 1082 1513 1153 justum
1540 1086 1652 1138 est.

1026 1204 1261 1262 CAPUT
1299 1204 1515 1260 XXXV.

447 1297 884 1351 ARGUMENTUM.
905 1325 974 1334 —
996 1293 1240 1351 Ostendit
1259 1294 1455 1351 deinde
1477 1295 1738 1350 Octavius
1749 1295 1929 1366 justas
1949 1296 2096 1366 pios-

517 1383 622 1438 que
669 1366 913 1422 homines
959 1368 1297 1437 sempiterna
1341 1368 1604 1436 felicitate
1647 1365 1957 1432 donandos,’
1999 1367 2089 1420 in-

506 1439 690 1510 justas
719 1455 842 1494 vero
869 1441 1046 1508 poenis
1075 1439 1392 1508 afﬁciendos
1419 1439 1660 1493 zeternis.
1688 1439 1818 1491 Tum
1846 1439 2100 1492 luculen-

515 1515 596 1566 ter
624 1509 957 1566 demonstrat
984 1510 1154 1565 multo
1184 1511 1479 1565 sanctiores
1508 1525 1618 1564 esse
1649 1510 2093 1566 Christianorum

516 1599 695 1637 mores
725 1599 898 1653 quam
924 1581 1286 1637 ethnicorum.

516 1706 584 1760 Et
622 1710 820 1760 tamen
867 1705 1264 1760 admonentur
1323 1704 1593 1759 homines
1641 1703 1775 1775 (47),
1827 1701 2098 1758 doctissi-

445 1810 676 1848 morum
736 1795 926 1864 [impr.
987 1791 1176 1863 libris]
1225 1797 1282 1847 et
1344 1792 1702 1848 carminibus
1771 1797 2096 1863 poetarum,

444 1881 602 1937 illius
661 1881 814 1954 ignei
871 1881 1154 1947 ﬂuminis,
1214 1887 1272 1936 et
1328 1882 1399 1936 de
1455 1881 1650 1953 Stygia
1714 1879 1928 1952 palude
1981 1879 2094 1951 (48)

442 1972 656 2044 saapius
707 1969 1021 2026 ambientis
1073 1971 1186 2042 (49)
1236 1970 1483 2035 ardoris,
1555 1986 1682 2041 quae
1733 1969 2095 2024 cruciatibus

442 2059 672 2115 aeternis
705 2064 1028 2130 prmparata
1056 2058 1192 2128 (50),
1225 2062 1281 2114 et
1311 2059 1669 2113 daemonmm
1717 2057 1948 2112 indiciis
1979 2056 2093 2128 (51)

439 2154 496 2206 et
523 2150 594 2204 de
614 2147 866 2205 oraculis
890 2146 1306 2220 prophetarum
1330 2146 1690 2219 cognita(52)
1706 2147 2091 2202 tradiderunt.

439 2244 508 2295 Et
536 2239 666 2296 ideo
696 2237 852 2310 apud
883 2253 982 2293 eos
1030 2237 1205 2293 etiam
1257 2237 1381 2307 ipse
1431 2252 1529 2292 rex
1569 2237 1803 2308 Jupiter
1843 2252 1943 2308 per
1971 2240 2090 2291 tor-

440 2331 635 2384 rentes
665 2327 822 2399 ripas
867 2326 979 2398 (53)
1019 2330 1076 2382 et
1121 2329 1309 2382 atram
1364 2325 1702 2396 varaginem
1743 2324 1907 2395 jurat
1957 2323 2092 2379 reli-

2207 564 2438 619 paanam
2470 549 2748 620 praescius
2779 549 3189 620 perhorrescit.
3244 549 3359 605 Nec
3415 549 3724 606 tormentis
3756 556 3863 606 aut

2208 638 2416 693 modus
2446 637 2603 692 ullus
2635 643 2737 693 aut
2757 639 3066 693 terminus.
3092 638 3214 694 Illic
3237 640 3474 710 sapiens
3493 639 3643 709 ignis
3679 656 3864 695 mem-

2211 726 2314 780 bra
2343 727 2459 781 urit
2486 730 2543 781 et
2571 726 2792 794 reficit;
2827 728 3015 798 carpit
3046 733 3103 782 et
3132 728 3338 795 nutrit,
3359 728 3514 783 sicut
3547 727 3713 800 ignes
3745 728 3863 784 ful-

2209 814 2436 869 minum
2469 832 2710 886 corpora
2739 821 3010 888 tangunt,
3046 817 3199 871 349
3243 832 3348 872 nec
3378 817 3697 873 absumunt
3725 835 3738 885 ;
3773 818 3866 872 si-

2207 905 2308 957 cut
2334 903 2499 974 ignes
2522 903 2633 974 (54)
2655 903 2875 959 Hennei
2899 904 3116 959 montis
3139 909 3196 959 et
3228 905 3398 960 Lesui
3428 906 3648 962 montis
3668 907 3865 978 [impr.

2207 991 2388 1046 [Etnae
2419 996 2476 1046 et
2504 990 2736 1046 Vesuvii
2769 991 3034 1063 montis],
3057 1000 3114 1048 et
3137 993 3467 1048 ardentium
3500 995 3718 1066 ubique
3749 1000 3869 1050 ter-

2208 1095 2408 1134 rarum
2441 1079 2708 1152 ﬂagrant,
2750 1095 2857 1136 nec
2904 1087 3264 1153 erogantur:
3309 1081 3392 1136 ita
3437 1081 3663 1154 poenale
3714 1082 3871 1139 illud

2206 1169 2544 1224 incendium
2593 1185 2709 1224 non
2752 1169 2987 1225 damnis
3036 1169 3371 1226 ardentium
3425 1171 3706 1242 pascitur,
3755 1173 3870 1228 sed

2209 1257 2448 1315 inexesa
2476 1274 2784 1330 corporum
2817 1258 3167 1315 laceratione
3199 1261 3476 1315 nutritur.
3519 1261 3632 1317 Eos
3661 1266 3870 1318 autem

2210 1347 2418 1401 merito
2446 1347 2704 1418 torqueri
2735 1348 2836 1417 qui
2871 1353 3054 1402 Deum
3089 1347 3378 1416 nesciunt,
3411 1353 3475 1404 ut
3505 1349 3742 1420 impios,
3802 1353 3874 1405 ut

2209 1435 2484 1505 injustos,
2518 1435 2630 1490 nisi
2663 1437 2962 1506 profanus,
2997 1453 3168 1491 nemo
3199 1437 3509 1502 deliberat,
3561 1454 3697 1493 cum
3747 1439 3869 1493 Pa-

2209 1529 2432 1579 rentem
2475 1523 2739 1579 omnium
2793 1530 2850 1579 et
2896 1525 3162 1579 omnium
3207 1524 3518 1581 Dominum
3567 1543 3685 1582 non
3745 1526 3865 1582 mi-

2209 1611 2369 1667 noris
2400 1611 2637 1667 sceleris
2668 1613 2746 1667 sit
2793 1613 3062 1684 ignorare
3094 1630 3274 1685 quam
3304 1612 3532 1670 laedere.
3567 1616 3636 1670 Et
3667 1632 3869 1687 quan-

2209 1717 2390 1771 quam
2423 1701 2536 1771 (55)
2569 1701 2864 1772 imperitia
2895 1703 2993 1757 Dei
3026 1702 3282 1758 sulficiat
3311 1703 3384 1758 ad
3416 1720 3672 1774 poenam,
3693 1704 3778 1760 ita
3801 1709 3868 1760 ut

2211 1789 2413 1845 notitia
2444 1792 2631 1862 prosit
2669 1790 2780 1862 [53]
2832 1792 2903 1846 ad
2933 1792 3187 1858 veniam,
3219 1797 3438 1862 tamen,
3475 1793 3525 1848 si
3557 1794 3866 1850 vobiscum

2207 1878 2520 1934 Christiani
2553 1895 2982 1952 comparemur,
3011 1881 3280 1952 quamvis
3310 1881 3369 1935 in
3403 1882 3704 1938 nonnullis
3745 1885 3868 1953 (56)

2207 1967 2520 2038 disciplina
2577 1973 2778 2024 nostra
2829 1969 3023 2025 minor
3066 1977 3179 2038 est,
3229 1969 3393 2024 nullo
3447 1975 3642 2026 tamen
3697 1972 3867 2028 vobis

2206 2054 2474 2112 meliores
2518 2056 3174 2127 deprehendemur.Vos
3223 2058 3379 2113 enim
3429 2057 3716 2114 adulteria
3735 2077 3870 2131 pro-

2204 2144 2505 2211 hibetis,et
2535 2145 2726 2200 facitis
2752 2162 2765 2212 ;
2801 2162 2909 2202 nos
2940 2145 3219 2202 uxoribus
3242 2147 3462 2202 nostris
3484 2147 3860 2204 solummodo

2201 2233 2308 2288 viri
2338 2233 2638 2289 nascimus
2671 2234 2785 2306 (57)
2820 2252 2832 2290 :
2866 2251 2968 2290 vos
3007 2234 3227 2291 scelera
3275 2236 3539 2292 admissa
3587 2237 3862 2308 punitis;

2201 2322 2354 2394 apud
2388 2338 2494 2378 nos
2525 2328 2583 2378 et
2613 2322 2865 2394 cogitare
2896 2339 3135 2395 peccare
3165 2328 3255 2380 est
3283 2341 3297 2381 :
3331 2341 3433 2381 vos
3481 2327 3747 2382 conscios
3785 2328 3860 2383 ti-

1878 2439 2208 2504 Variorum
2251 2445 2443 2500 nota.

441 2565 537 2606 me
567 2567 683 2607 non
715 2554 806 2608 est
832 2566 988 2616 vera,
1020 2550 1121 2606 sed
1154 2552 1385 2605 tantum
1433 2549 1721 2619 mentitis,
1756 2549 1894 2621 quia
1935 2548 2093 2604 viror

437 2639 552 2678 non
587 2623 822 2696 penitus
852 2623 1036 2691 abest,
1078 2622 1181 2696 sed
1209 2626 1442 2696 tantum
1494 2621 1838 2696 occultatur.
1903 2622 1968 2677 Ut
1996 2637 2088 2675 ar-

438 2694 602 2750 bores‘
619 2699 681 2750 in
737 2694 963 2749 hiberno
1015 2694 1288 2749 occultant
1333 2695 1576 2748 virorem
1621 2694 1888 2748 ariditate
1933 2707 2087 2746 men-

437 2767 541 2821 tita
571 2784 586 2823 :
618 2768 701 2822 ita
728 2781 922 2836 corpus
954 2768 1011 2820 in
1052 2765 1298 2835 sepulcro
1347 2763 1590 2820 occultat
1636 2767 1830 2824 vitam.
1878 2767 2084 2836 morta-

437 2837 597 2893 litate
635 2835 864 2894 mentia.
932 2836 1316 2892 Heumannus
1382 2836 1564 2890 credit
1623 2836 1931 2907 scripsisse
1977 2835 2083 2907 Mi-

438 2908 680 2964 nucium
739 2926 751 2964 :
808 2909 888 2963 ita
933 2923 1127 2979 corpus
1181 2909 1238 2962 in
1289 2907 1556 2979 sepulcro,
1604 2911 1666 2961 ut
1722 2905 1945 2962 arbores
1990 2905 2084 2961 hi-

436 2979 654 3051 berna,
730 2979 1077 3048 comitatur,
1155 2981 1339 3034 virore
1411 2979 1736 3034 ariditatem
1807 2982 2078 3034 secuturo.

436 3051 640 3107 LINDN.

505 3138 616 3211 (46)
650 3141 866 3208 Quanto
895 3139 1172 3211 judicium
1217 3137 1459 3193 tardum.
1512 3137 1614 3192 Hic
1651 3139 1830 3209 magis
1877 3136 2080 3192 subin-

433 3211 840 3283 telligendum,
866 3210 1004 3283 non,
1040 3210 1221 3266 invito
1253 3215 1679 3283 auctoretcum
1711 3213 2080 3283 Heumanno.

437 3280 897 3339 rescribendum.
947 3282 1184 3337 Tacitus
1231 3281 1431 3336 Annal.
1486 3280 1587 3335 lib.
1635 3297 1718 3345 ιιι,
1779 3297 1903 3352 cap.
1965 3281 2079 3335 46:

437 3356 650 3423 Quanto
677 3356 916 3427 pecunia
949 3354 1085 3409 dites
1115 3357 1167 3409 et
1204 3352 1580 3427 voluptatibus
1617 3351 1923 3427 opulentos,
1958 3356 2083 3427 tan-

437 3432 488 3482 to
524 3423 706 3496 magis
752 3426 1115 3497 supplendum
1164 3423 1512 3492 est,imbelles
1563 3423 1776 3479 zEduos
1830 3425 2079 3479 evincite.

437 3499 620 3640 Lu((427,)
650 3569 968 3624 Hominum.
1004 3571 1069 3621 In
1103 3583 1214 3622 ms.
1249 3566 1512 3621 homines.
1538 3570 1604 3620 Et
1637 3571 1776 3621 tunc
1803 3565 2081 3637 supplen-

437 3641 578 3695 dum
609 3645 697 3696 est
727 3642 994 3694 virorum.
1031 3643 1191 3692 Lmo.

510 3727 621 3800 (48)
655 3729 727 3782 De
755 3727 948 3798 Stygia
966 3726 1193 3808 palude.
1217 3727 1575 3809 Cur,qua.e‘so,
1608 3725 1818 3809 Noster
1842 3725 2078 3808 igneum

436 3797 654 3855 flumen
687 3815 792 3854 suo
820 3797 1058 3854 nomine
1089 3815 1202 3852 non
1228 3797 1518 3869 exprimit,
1544 3813 1678 3852 cum
1707 3797 1961 3868 Stygiam
1978 3815 2077 3869 pa-

437 3871 625 3926 ludem
651 3887 716 3926 eo
747 3871 983 3926 nomine
1013 3870 1088 3925 sit
1113 3869 1400 3941 dignatus
1426 3871 1448 3923 ?
1477 3869 1587 3923 Sed
1614 3884 1730 3941 “res
1773 3869 1939 3941 facile
1971 3887 2079 3941 po-

437 3946 549 4000 test
579 3943 638 3998 in
669 3947 828 3999 recta
856 3941 982 3997 luce
1021 3939 1307 3996 collocari.
1369 3944 1552 4013 Voces
1610 3939 1720 4013 illae
1761 3939 1832 4013 de
1865 3939 2078 4013 rSty‘gia

430 4015 633 4085 palude
667 4031 772 4086 pro
822 4013 1361 4086 glossemate_sunt
1409 4011 1704 4086 habendae.
1752 4011 2078 4086 scripserat

433 4084 721 4143 Minucius
756 4104 768 4141 ί
799 4084 1156 4140 admonentur
1185 4084 1450 4155 homines.
1481 4125 1494 4138 .
1521 4126 1533 4138 .
1563 4124 1575 4135 .
1606 4084 1757 4137 illius
1787 4085 1943 4155 ignei
1967 4085 2074 4154 ﬂu-

429 4160 599 4212 minis
625 4155 1254 4231 (Pyriphlegethontem
1287 4153 1596 4231 signiﬁcat)
1633 4159 1686 4208 et
1733 4153 1934 4231 saepius
1963 4153 2076 4231 ani-

430 4225 892 4286 bientis'ardOris.
924 4225 1008 4283 Ne
1053 4244 1186 4282 vero
1232 4225 1505 4281 lectOrem
1538 4226 1789 4298 fugeret,
1835 4227 1964 4298 quis
1997 4228 2075 4283 sit

427 4303 595 4357 ardor
639 4300 736 4358 ille
779 4301 983 4372 saepius
1026 4300 1292 4372 ambiens,
1343 4298 1417 4372 _sd
1468 4296 1628 4352 oram
1662 4296 1793 4372 libri
1835 4296 2073 4372 scripsit

428 4372 713 4445 notarius,
747 4369 932 4445 agi—de
953 4371 1157 4445 (Stygia
1187 4369 1388 4440 palude
1419 4386 1430 4422 :
1467 4385 1590 4440 qua:
1621 4369 1813 4434 verba,
1852 4378 1914 4424 ut
1943 4369 2069 4425 fieri

427 4443 593 4510 solet,
627 4446 685 4499 in
716 4443 998 4500 orationis
1047 4446 1377 4512 contextum
1413 4448 1610 4512 postea
1649 4446 1787 4495 sunt
1818 4447 2065 4512 recepta.

425 4518 505 4569 De
536 4515 725 4570 fluviis
775 4515 1094 4571 inferorum
1141 4513 1273 4568 vide
1321 4511 1577 4567 Platonis
1619 4511 1963 4582 Phaedonem,
2007 4531 2062 4585 p.

423 4586 548 4651 400,
584 4591 641 4641 et
678 4586 1000 4642 Arnobium
1050 4585 1150 4640 lib.
1177 4601 1243 4656 ,ιι
1266 4628 1281 4654 ,
1318 4599 1448 4656 pag.
1497 4585 1588 4639 5‘2.
1642 4588 1829 4639 UAVIS.
1863 4616 1932 4625 —
1961 4585 2069 4640 Per

420 4657 771 4728 explanandi
821 4660 1067 4712 formam
1086 4655 1568 4728 usitatissimam,
1610 4656 1830 4728 igneum
1862 4659 2066 4726 ﬂumen

463 4727 624 4784 ostea
666 4729 942 4785 describit
989 4727 1210 4784 ratione
1276 4744 1408 4782 cum
1460 4731 1625 4799 ortus
1684 4727 1891 4799 ipsius,
1937 4733 2063 4784 tum

463 4746 624 4784 ostea
666 4746 942 4785 describit
989 4746 1210 4784 ratione
1276 4746 1408 4782 cum
1460 4746 1625 4782 ortus
1684 4746 1891 4799 ipsius,
1937 4746 2058 4784 tum

418 4746 640 4874 ﬁgurae.
675 4801 800 4856 Non
839 4800 1000 4856 video
1047 4816 1195 4874 sane
1228 4815 1336 4874 cur
1382 4816 1514 4853 cum
1568 4798 1799 4874 Davisio
1848 4800 2058 4872 trigam

417 4869 591 4928 istam
623 4875 929 4930 verborum
955 4889 1057 4943 pro
1087 4870 1435 4926 emblemate
1469 4869 1678 4924 notarii
1713 4869 2060 4927 haberemus

417 4945 608 5016 magis
639 4962 815 5019 quam
845 4949 1185 5015 sequentem
1233 4943 1437 5012 saepius
1481 4943 1777 4995 ambientis
1819 4943 2057 4999 ardoris.

419 5019 623 5071 WOPK.

1155 2981 1339 3034 virore
1411 2977 1736 3034 ariditatem

485 5090 600 5158 (49)
629 5087 843 5156 Saepius
893 5087 1212 5158 ambientis.
1247 5082 1564 5158 Scripsisse
1593 5082 1821 5136 videtur
1849 5098 2060 5158 semper

413 5156 777 5230 erumpentis.
809 5158 1004 5213 Cicero
1036 5157 1137 5212 lib.
1187 5173 1264 5222 νι,
1307 5157 1367 5209 in
1414 5156 1642 5230 Verrem,
1676 5169 1801 5226 cap.
1835 5156 1922 5220 48,
1955 5156 2055 5211 ait.

411 5247 481 5286 ex
508 5223 682 5287 Etnze
711 5232 915 5286 vertice
946 5231 1096 5299 ignes
1123 5241 1426 5299 erumpere.
1455 5223 1647 5299 linum.

481 5304 596 5370 (50)
629 5296 981 5372 Przparata,
1004 5297 1259 5372 subaudi
1292 5313 1438 5372 esse.
1460 5296 1650 5351 HEUM.

483 5367 593 5443 (51)
631 5367 876 5428 Indictis.
911 5371 1013 5426 Ed.
1043 5370 1206 5424 Rom.
1231 5367 1482 5438 judiciis.

480 5452 863 5528 (52)_Cognita
885 5449 1247 5506 tradiderunt.
1283 5451 1396 5528 Hoc
1427 5450 1516 5502 est
1559 5462 1572 5501 :
1608 5446 1877 5528 homines
1903 5449 2050 5528 doc:

406 5519 622 5578 tissimi
657 5519 714 5577 et
745 5519 1695 5594 poetaeicognoveruntdaemonum
1739 5519 1972 5574 indiciis
1998 5523 2054 5594 et

398 5595 474 5650 de
505 5590 761 5652 oraculis
794 5590 1208 5667 prophetarum
1257 5591 1379 5667 haec
1422 5590 1777 5648 cruciatibus
1818 5593 2052 5651 aeternis

389 5679 530 5723 esse
557 5665 921 5739 praeparata;
936 5671 994 5724 et
1024 5665 1409 5723 tradiderunt.

461 5752 575 5822 (58)
607 5751 902 5832 Tonante:
929 5758 1111 5832 ripas,
1165 5756 1275 5814 hoc
1319 5757 1410 5813 est
1450 5753 1715 5812 ardentes.
1767 5753 2048 5828 Virgilius

357 5821 504 5886 Ain.
533 5821 612 5891 ix,
655 5829 777 5892 104
809 5843 823 5890 ;

2293 2547 2508 2612 Dixerat
2537 2561 2550 2595 :
2583 2547 2744 2611 idque
2776 2551 2948 2598 ratum
2989 2547 3152 2612 Stygii
3184 2563 3279 2612 per
3307 2549 3529 2598 ﬂumina
3559 2550 3759 2610 fratris,

2295 2610 2555 2676 Perspice,
2588 2610 2842 2670 torrente,
2875 2610 3106 2674 atraque
3125 2610 3382 2675 voragine
3411 2615 3553 2676 ripas

2295 2674 2513 2721 Annuit.
3271 2674 3279 2675 ί
3359 2674 3501 2724 Lini).

2269 2752 2382 2822 (54)
2415 2752 2591 2823 Ignes.
2628 2753 2688 2806 In
2723 2770 2833 2808 ms.
2870 2755 3078 2808 Hennei
3106 2756 3306 2808 montis
3334 2761 3387 2809 et
3431 2756 3593 2810 Lesui
3619 2757 3851 2810 montis.

2195 2824 2326 2886 Quae
2360 2829 2498 2877 sunt
2523 2829 2798 2896 corrupta
2828 2829 2884 2879 et
2932 2824 3201 2880 inti-inata
3250 2827 3622 2896 supervacuis
3663 2828 3850 2882 inter-

2197 2895 2887 2970 pretamentis.‘_RIGAUr.
2945 2927 3014 2937 —
3071 2896 3250 2970 Nemo
3309 2895 3536 2952 dubitet
3583 2899 3850 2970 potuisse

2194 2970 2492 3020 auctorem
2525 2965 2777 3022 scribere
2809 2982 2821 3020 :
2859 2969 3012 3036 Ignes
3049 2969 3232 3025 rEtnae
3272 2970 3480 3024 montis
3523 2965 3600 3024 et'
3628 2971 3848 3026 Vesuvi:

2194 3039 2419 3111 montis,
2449 3042 2505 3093 et
2534 3054 2705 3111 stupe,
2725 3038 2872 3111 licet
2904 3039 3210 3111 notissima
3240 3039 3319 3111 sit
3349 3046 3558 3096 natura
3588 3040 3846 3111 alicujus

2194 3109 2303 3184 r_ei,_
2341 3113 2540 3184 tamen
2600 3110 2734 3184 addi
2794 3110 2980 3184 ipsam
3013 3119 3062 3166 et
3122 3110 3515 3184 nihilominus
3571 3109 3850 3184 exprimi.

2110 3191 2155 3258 ρ
2199 3179 2305 3235 Sed
2338 3179 2703 3258 invenustior
2743 3179 2982 3258 omnino
3013 3186 3102 3258 est
3131 3182 3264 3258 haec
3285 3183 3558 3258 repetitio
3588 3179 3847 3258 ρι’-ρων-

2197 3251 2479 3325 susmale
2505 3252 2771 3325 cogitans
2800 3253 2871 3325 de
2901 3253 3257 3324 profectibus
3285 3251 3626 3325 legentium.
3661 3251 3850 3311 Miror

2195 3322 2340 3377 nihil
2386 3325 2457 3396 ad
2503 3323 2623 3396 haec
2680 3322 2971 3396 notavisse
3023 3322 3548 3396 lleraldumIcum,
3582 3327 3847 3383 mediam

2193 3395 2507 3468 quamdam
2559 3395 2711 3449 viam
2770 3394 3014 3468 eligens,
3064 3397 3259 3451 ederet
3316 3397 3474 3453 Etnee
3519 3394 3576 3453 et
3628 3399 3851 3455 Vesuvii

2189 3467 2416 3521 montis.
2451 3466 2732 3521 Gestarum
2767 3467 2845 3521 ita
2861 3466 2968 3522 'bis
2997 3484 3134 3523 cum
3182 3472 3369 3523 exstet
3415 3468 3523 3524 hoc
3562 3471 3846 3525 substan-

2191 3536 2374 3610 tivum
2400 3538 2466 3610 in
2499 3554 2608 3592 ms.
2651 3537 2827 3610 libro,
2871 3545 3111 3610 apparet
3155 3539 3278 3594 loco
3328 3545 3552 3596 motum
3599 3558 3752 3608 esse,
3786 3552 3849 3597 et

2194 3607 2515 3664 Minucium
2548 3609 2854 3681 scripsisse
2884 3607 3064 3665 Ᾱέὶηιε
3107 3613 3308 3666 mbntis
3335 3620 3387 3666 et
3435 3614 3636 3667 montis
3672 3607 3845 3669 Vesu-

2194 3683 2290 3734 vii.
2322 3680 2413 3735 Sic
2452 3681 2605 3753 enim
2659 3680 2935 3753 solet,iut
2977 3699 3112 3737 mox
3154 3687 3439 3753 parentem
3485 3687 3740 3739 omnium
3787 3691 3844 3740 et

2189 3752 2767 3828 omnium_don_iinum.
2823 3752 2961 3825 Cap.
3010 3754 3065 3822 5,
3100 3752 3326 3828 Acestam
3380 3757 3580 3827 ipsum,
3612 3767 3662 3812 et
3707 3760 3842 3828 ipsa

2185 3823 2393 3878 sidera.
2430 3823 2496 3878 Et
2525 3822 2837 3894 aliquoties
2869 3822 3054 3879 antea.
3089 3822 3444 3881 Gaorzovws.

2417 3895 2480 3950 Et
2535 3912 2874 3966 quanquam.
2926 3896 3081 3951 Nihil
3132 3913 3331 3952 meveo
3380 3898 3443 3978 in
3488 3896 3630 3978 loco.
3663 3915 3834 3978 sane.

2185 3965 2447 4022 Cmcilius
2479 3965 2604 4037 cap.
2638 3965 2704 4021 x17
2726 3984 3085 4039 concoquere
3133 3985 3246 4023 non
3297 3973 3518 4039 poterat
3568 3970 3838 4025 Cluistia-

2182 4053 2279 4111 nos
2307 4039 2415 4093 sibi
2443 4040 2672 4093 mortuis
2701 4043 3012 4110 perpetuam
3044 4041 3211 4094 vitam
3251 4041 3525 4110 polliceri,
3560 4041 3740 4111 idque
3771 4052 3841 4098 ut

2173 4109 2340 4182 justi:
2359 4127 2380 4171 ;
2409 4111 2628 4164 steteris
2659 4115 2719 4164 ut
2751 4109 2992 4182 injustis,
3030 4109 3263 4181 poenam,
3293 4109 3711 4182 sempiternam.
3746 4115 3833 4170 Ad

2182 4181 2303 4235 hac
2337 4182 2648 4256 respondet
2677 4181 2967 4238 Octavius.
3005 4183 3059 4236 1ο
3098 4182 3309 4256 Gentes
3357 4181 3835 4256 poenas_sempi-

2179 4255 2398 4335 ternas.
2427 4253 2656 4318 mereri,
2689 4269 2801 4335 qua.
2835 4257 3038 4335 gentes,
3071 4253 3210 4335 quia
3240 4255 3532 4335 imperitia
3563 4254 3663 4310 Dei
3697 4253 3836 4335 suf-

2179 4324 2300 4377 ficit
2331 4324 2399 4378 ad
2448 4341 2700 4394 pmnam.
2756 4325 2804 4380 si
2840 4324 2937 4380 vel
2989 4325 3239 4380 maxime
3287 4324 3426 4388 vita.
3476 4337 3678 4382 czetcra
3723 4329 3836 4382 ho-

2179 4400 2368 4470 nesta,
2400 4395 2780 4470 instituatur;
2823 4397 3208 4470 Christianos
3234 4414 3368 4452 vero
3414 4398 3627 4470 dignos
3658 4400 3830 4454 reddi

2176 4467 2359 4538 venia.
2396 4483 2500 4538 qua
2533 4466 2897 4535 Chricttanos,
2927 4467 3061 4537 quia
3093 4469 3302 4524 notitia
3332 4468 3448 4537 Dei,
3482 4466 3532 4524 si
3576 4469 3663 4525 vel
3699 4487 3829 4526 ma-

2103 4563 2143 4627 D
2174 4537 2330 4627 (xime
2358 4537 2478 4627 vita
2508 4555 2622 4627 non
2657 4539 2731 4594 sit
2762 4540 2983 4611 absque
3015 4556 3195 4627 noxa...
3217 4541 3401 4611 prosit
3431 4541 3501 4596 ad
3547 4542 3781 4624 veniam
3807 4561 3822 4611 ;

2174 4610 2234 4662 2°
2263 4608 2477 4685 Gentes
2512 4611 2688 4685 etiam
2727 4608 2941 4685 Apmnas
2989 4608 3376 4685 sempiternas
3429 4613 3659 4680 mereri,
3711 4608 3827 4685 qua

2173 4681 2482 4758 sceleratas,
2525 4681 2888 4758 Christianos
2935 4681 3295 4758 verouvitam
3344 4688 3644 4758 aeternam,
3678 4681 3824 4758 quia

2173 4754 2447 4824 gentibus
2488 4753 2671 4808 multo
2718 4753 3008 4809 meliores.
3065 4753 3355 4811 Meursius
3398 4753 3721 4814 emendat?
3753 4760 3823 4813 Et

2169 4841 2502 4899 quanquam,
2536 4833 2594 4879 ut
2612 4827 2907 4899 imperitia
2939 4824 3035 4880 Dei
3061 4828 3298 4896 sufﬁciat
3329 4827 3399 4882 ad
3456 4845 3699 4899 poenam,
3724 4846 3820 4886 no-

2171 4897 2298 4951 titia
2348 4898 2522 4970 prosit
2550 4896 2622 4951 ad
2650 4899 2886 4970 veniam.
2916 4899 3290 4954 Heumannus
3317 4896 3479 4954 vero}
3500 4903 3563 4954 Et
3593 4905 3651 4955 ut
3680 4896 3816 4970 (hoc

2169 4972 2276 5041 est,
2311 4967 2357 5022 si
2392 4967 2476 5022 vel
2511 4967 2776 5041 maxime)
2828 4971 3106 5040 imperitia
3151 4973 3253 5025 Dei
3301 4972 3558 5041 sufficiat
3612 4967 3697 5026 ad
3731 4988 3820 5028 ve-

2168 5040 2342 5094 niam.
2373 5040 2573 5096 notitia
2600 5042 2767 5110 prosit
2797 5041 2868 5095 ad
2897 5057 3158 5111 poenam;
3195 5040 3376 5097 tamen
3396 5059 3417 5103 ;
3447 5047 3503 5096 et
3534 5042 3813 5099 illustrat.

2168 5125 2246 5185 ex
2266 5113 2421 5166 Luca:
2449 5128 2549 5185 xu,
2573 5111 2799 5185 47._Sed
2833 5111 2932 5183 qui
2956 5113 3165 5168 dixerit
3186 5113 3439 5182 prodesse
3466 5113 3537 5169 ad
3559 5131 3812 5185 paruam,

2167 5181 2287 5236 scio
2319 5182 2635 5237 neminem.
2670 5183 2832 5238 LIND.

2235 5253 2349 5323 (56)
2382 5255 2730 5326 Quamvisin
2780 5255 3090 5322 nonnullis,
3111 5255 3170 5308 Id
3221 5259 3330 5321 est,
3384 5255 3652 5326 quamvis
3702 5273 3817 5312 no-

2165 5327 2418 5379 strorum
2453 5325 2718 5382 nonnulli
2770 5325 3140 5396 disciplinam
3183 5325 3442 5382 nostram
3479 5327 3678 5384 minus
3707 5343 3811 5384 cu-

2167 5396 2319 5450 riose
2349 5397 2681 5453 observant.
2719 5398 3115 5470 [Ismenus—.-
3151 5399 3300 5470 Lego
3331 5415 3345 5453 :
3379 5399 3678 5470 disciplina
3689 5401 3811 5470 jus-

2161 5472 2216 5522 to
2246 5469 2435 5542 minor
2462 5472 2567 5542 est.
2596 5469 2849 5542 Pertinet
2879 5468 2992 5524 huc
3022 5468 3364 5542 Tertulliani
3397 5468 3538 5525 illud
3582 5468 3806 5542 Apo‘log,

2160 5555 2286 5610 cap.
2314 5541 2390 5612 46
2423 5557 2436 5596 :
2471 5540 2571 5596 Sed
2598 5539 2736 5595 dicet
2756 5541 2968 5612 (aliquis
2998 5543 3167 5596 etiam
3213 5541 3280 5597 de
3311 5543 3513 5597 nostris
3543 5539 3811 5600 excedere

2159 5611 2417 5683 quosdam
2445 5628 2479 5668 a
2507 5613 2704 5682 regula
2730 5611 3271 5683 disciplinaHEUM.

2229 5682 2342 5754 (57)
2376 5685 2506 5740 Viri
2532 5685 2828 5740 nascimur.
2865 5682 3039 5741 Recte
3095 5686 3204 5742 hoc
3259 5685 3503 5742 verbum
3561 5689 3807 5743 tuentur

2159 5754 2424 5812 Davisius
2480 5759 2538 5812 et
2582 5757 2706 5813 Jac.
2758 5755 3081 5813 Gronovius
3130 5757 3410 5816 adversus
3475 5758 3798 5815 Meursium

2155 5825 2349 5902 (credo
2377 5826 2633 5888 voluisse
2662 5827 2914 5886 scribere
2948 5830 3341 5907 IVowerium),
3373 5831 3474 5905 qui
3514 5832 3798 5891 nascimur
