4102 6162
133 74 208 92 τ’·
253 74 330 104 ππ
365 74 444 104 περ

287 103 324 110 ἦ

285 313 392 376 365

1772 314 2188 379 OCTAVIUS.

3565 321 3690 383 366

285 447 463 512 metis,
498 462 607 501 nos
653 446 828 503 etiam
879 447 1292 503 conscientiam
1346 447 1503 506 350
1546 448 1756 517 solam,
1800 449 1928 503 sine
1955 451 2009 517 Α
2042 447 2411 504 determinat.
2437 449 2522 505 Ita
2553 448 2610 504 in
2644 449 2814 505 nobis
2845 467 2962 506 non
2993 451 3379 524 genitura(62)
3396 450 3691 523 plectitur,

286 552 390 606 qua
410 552 538 590 esse
556 552 671 590 non
695 552 1030 607 possumus.
1059 538 1318 608 Denique
1338 539 1409 593 de
1433 543 1658 593 vestros
1683 554 1929 593 numero

285 641 470 680 carcer
499 629 780 680 exestuat
819 641 830 680 :
869 626 1236 682 Christianus
1288 627 1368 681 ibi
1417 626 1637 697 nullus,
1686 626 1798 682 nisi
1831 630 1932 683 aut

285 729 409 769 reus
438 730 558 768 suis
589 712 908 786 religionis,
932 719 1034 769 aut
1055 715 1334 787 profugus
1355 717 1488 788 (58).

847 819 1077 876 CAPUT
1114 821 1359 876 XXXVI.

289 911 716 982 AacuisEN'ruu.
750 940 819 950 —
847 910 953 965 Nec
998 912 1184 966 minus
1232 913 1516 982 perspicue
1560 912 1714 967 docet
1741 910 1932 982 fatum

351 981 499 1034 nihil
525 980 679 1035 aliud
709 997 824 1036 esse
851 997 1013 1052 quam
1042 982 1182 1052 quod
1213 980 1397 1038 fatum
1437 991 1525 1038 est
1556 980 1750 1037 Deus.»
1774 987 1932 1039 Mens

357 1053 535 1108 libera
579 1056 678 1118 est,
727 1056 778 1106 et
825 1053 943 1107 ideo
1008 1057 1158 1107 actus
1205 1054 1464 1121 hominis,
1517 1070 1626 1110 non
1673 1055 1934 1110 nativitas

341 1123 653 1197 judicatur.
696 1125 932 1197 Posthac
988 1125 1515 1197 manifestissimum
1543 1128 1701 1197 facit,
1731 1140 1932 1196 expro-

353 1194 562 1269 bratum
595 1194 922 1251 Christianis
959 1194 1306 1269 pauperiem,
1336 1214 1446 1252 non
1479 1194 1775 1269 infamiam
1795 1194 1932 1266 esse,

349 1267 440 1322 sed
490 1267 770 1336 gloriam;
827 1271 882 1322 et
938 1267 1380 1341 quodcorporis
1429 1267 1580 1324 mala
1618 1270 1929 1341 patiantur,

349 1353 457 1392 non
482 1353 596 1393 esse
610 1353 854 1409 poenam,
885 1338 977 1393 sed
1005 1338 1298 1395 militiam.

348 1424 463 1480 Nec
494 1425 565 1479 de
596 1425 711 1480 fato
743 1425 1061 1496 quisquam
1111 1430 1213 1481 aut
1261 1424 1536 1482 solatium
1583 1430 1795 1498 captet,
1831 1429 1932 1482 aut

284 1518 512 1569 excuset
555 1521 852 1569 eventum.
901 1514 989 1569 Sit
1039 1515 1215 1570 sortis
1283 1516 1526 1569 fortunae
1577 1517 1710 1585 (59),
1768 1531 1934 1571 mens

283 1606 475 1657 tamen
507 1602 688 1658 libera
716 1607 803 1657 est
837 1619 850 1655 :
883 1607 937 1658 et
977 1603 1105 1658 ideo
1153 1607 1317 1659 actus
1370 1603 1648 1673 hominis,
1681 1621 1796 1660 non
1845 1604 1932 1658 di-

287 1691 474 1762 gnitas
505 1690 808 1761 judicatur
853 1691 986 1762 (60).
1039 1691 1187 1755 Quid
1239 1691 1394 1747 enim
1438 1691 1594 1748 aliud
1628 1697 1716 1748 est
1745 1693 1930 1747 fatum

286 1795 458 1849 quam
494 1780 646 1850 quod
705 1779 774 1834 de
828 1795 1184 1851 unoquoque
1241 1787 1504 1836 nostrum
1560 1785 1711 1837 Deus
1745 1782 1931 1836 fatum

286 1867 404 1923 est?
443 1869 541 1940 qui
594 1885 728 1924 cum
776 1869 956 1940 possit
989 1870 1257 1940 praescire
1307 1871 1610 1925 materiam
1659 1872 1795 1942 (61),
1826 1887 1929 1942 pro

286 1956 504 2012 meritis
533 1961 589 2012 et
620 1957 1003 2029 qualitatibus
1019 1957 1385 2031 singulorum
1418 1961 1570 2016 351
1607 1960 1786 2016 etiam
1811 1959 1930 2016 fata

2041 538 2140 592 sed
2191 537 2408 610 ingenii
2456 544 2670 594 natura
2701 539 2959 610 punitur.
2996 546 3075 596 Ac
3106 541 3176 595 de
3226 541 3342 596 fato
3377 540 3521 596 satis
3553 557 3568 597 :
3599 540 3692 599 vel

2040 625 2089 679 si
2121 643 2308 697 pauca
2339 644 2441 700 pro
2464 632 2745 700 tempore,
2777 629 3136 700 disputaturi
3179 628 3324 685 alias
3355 635 3412 686 et
3454 629 3693 686 uberius

2041 720 2096 770 et
2127 714 2357 787 plenius
2387 717 2519 788 (63).
2567 717 2871 784 Caeterum,
2905 718 3059 789 quod
3090 717 3352 790 plerique
3408 736 3694 791 pauperes

2042 804 2312 872 dicimur,
2338 822 2453 860 non
2482 809 2570 860 est
2587 805 2829 861 infamia
2851 811 3075 873 nostra,
3098 807 3198 862 sed
3213 807 3398 879 gloria
3422 825 3435 863 :
3460 810 3695 865 animus

2041 893 2196 947 enim
2231 893 2457 949 utluxu
2497 893 2763 962 solvitur,
2803 895 2885 950 ita
2923 895 3256 966 frugalitate
3303 896 3610 954 ﬁrmatur:
3637 900 3696 954 et

2041 983 2399 1053 tamen,quis
2417 987 2606 1054 potest
2627 984 2737 1055 (64)
2760 1000 2980 1055 pauper
3001 983 3253 1056 esse,qui
3278 1001 3391 1039 non
3415 991 3566 1057 eget,
3590 985 3692 1058 qui

2042 1086 2157 1125 non
2179 1069 2365 1126 inhiat
2390 1070 2702 1142 alieno,qui
2725 1071 2841 1126 Deo
2854 1070 3014 1127 dives
3035 1071 3340 1144 est7Magis
3359 1089 3582 1145 pauper
3600 1072 3698 1130 ille

2041 1163 2132 1214 est
2159 1159 2278 1230 qui,
2313 1176 2445 1214 cum
2480 1159 2664 1216 multa
2683 1159 2916 1227 habeat,
2950 1159 3118 1231 plura
3147 1161 3461 1216 desiderat.
3495 1164 3697 1219 Dicam

2041 1251 2238 1302 tamen
2262 1249 2760 1319 quemadmodum
2777 1249 2994 1304 sentio:
3016 1265 3185 1305 nemo
3207 1253 3328 1304 tam
3354 1265 3578 1322 pauper
3601 1265 3699 1322 po-

2042 1340 2158 1391 test
2173 1352 2320 1407 esse,
2349 1353 2526 1408 quam
2553 1342 2723 1393 natus
2745 1342 2854 1393 est.
2875 1339 3025 1394 Aves
3048 1337 3173 1396 sine
3198 1339 3310 1411 [54]
3336 1338 3695 1411 patrimonio

2040 1424 2264 1494 vivunt,
2293 1425 2438 1482 etin
2485 1425 2638 1482 diem
2691 1442 2909 1497 pascua
2958 1431 3281 1499 pascuntur
3315 1428 3427 1498 (65)
3476 1431 3534 1484 et
3581 1427 3703 1483 haec

2041 1513 2212 1569 nobis
2238 1518 2434 1570 tamen
2469 1520 2608 1571 nata
2637 1520 2776 1571 sunt
2818 1531 2831 1570 :
2866 1532 2994 1587 quis
3044 1516 3242 1571 omnia
3296 1514 3430 1587 (66),
3483 1514 3534 1571 si
3583 1532 3702 1571 non

2043 1603 2537 1675 concupiscimus,
2595 1604 2986 1676 possidemus.
3032 1603 3237 1678 Igitur,
3272 1607 3336 1660 ut
3385 1603 3483 1675 qui
3543 1602 3697 1659 viam

2042 1691 2194 1758 terit,
2237 1708 2304 1747 eo
2353 1691 2576 1746 felicior
2605 1708 2720 1762 quo
2751 1690 2931 1748 levior
2975 1691 3212 1764 incedit,
3264 1692 3348 1748 ita
3385 1691 3609 1747 beatior
3641 1692 3702 1747 in

2043 1780 2152 1835 hoc
2205 1779 2410 1836 itinere
2456 1780 2706 1850 vivendi,
2768 1780 2869 1851 qui
2914 1785 3261 1852 paupertate
3307 1796 3367 1836 se
3414 1779 3700 1851 sublevat,

2042 1885 2155 1924 non
2188 1870 2299 1924 sub
2330 1868 2667 1924 divitiarum
2723 1885 2897 1926 onere
2953 1870 3232 1941 suspirat.
3279 1874 3347 1925 Et
3388 1874 3582 1926 tamen
3618 1870 3702 1925 fa-

2038 1957 2308 2026 cultates,
2340 1958 2388 2014 si
2422 1957 2595 2014 utiles
2623 1963 2986 2030 putaremus,
3011 1976 3046 2015 a
3089 1958 3206 2015 Deo
3259 1973 3636 2032 posceremus
3669 1971 3683 2014 :

1708 2104 2042 2167 Variorum
2085 2109 2274 2164 notae.

280 2234 598 2289 rescribere
642 2234 949 2306 gestiebat.
991 2239 1188 2306 Nuper
1240 2238 1438 2291 tamen
1486 2235 1830 2292 Arntzenius
1858 2237 1932 2291 ad

281 2306 445 2380 Blinii
480 2307 904 2380 Panegyricum,
949 2310 1007 2362 et
1035 2307 1269 2378 quidem
1304 2308 1374 2362 ad
1408 2324 1533 2380 cap.
1567 2309 1622 2375 6,
1674 2324 1804 2380 pag.
1839 2308 1930 2380 34,

281 2378 489 2432 ducem
520 2385 760 2434 secutus
791 2378 1096 2444 Pricaeum,
1132 2378 1571 2434 rescribendum
1620 2378 1932 2436 contende-

281 2451 380 2504 bat
414 2451 722 2504 noscimur.
773 2449 982 2504 Censet
1012 2450 1314 2519 nimirum,
1365 2451 1414 2506 si
1467 2453 1754 2508 nascimur
1795 2449 1934 2505 scri-

282 2521 499 2595 psisset
553 2520 866 2595 Minucius,
923 2521 1090 2592 sequi
1147 2538 1280 2578 eum
1332 2538 1572 2595 negasse
1630 2527 1930 2595 peccatum

287 2593 556 2665 originis,
589 2592 1027 2665 credidisseque
1048 2609 1154 2649 nos
1184 2595 1311 2665 jam
1341 2592 1704 2650 Christianos
1753 2594 1933 2649 fuisse

280 2664 413 2718 cum
444 2664 860 2737 egrederemur
887 2681 956 2719 ex
979 2669 1140 2720 utero
1164 2664 1446 2720 materno.
1484 2671 1556 2720 De
1582 2667 1685 2720 hoc
1707 2665 1933 2737 judicio

271 2737 524 2806 judicet,
561 2735 854 2808 quivolet.
883 2737 997 2808 Ego
1037 2737 1272 2807 quidem
1328 2743 1447 2792 tam
1512 2735 1778 2793 oculatus
1819 2753 1932 2790 non

279 2811 519 2876 sum,ut
562 2807 676 2860 vim
706 2808 893 2880 (hujus
925 2807 1252 2880 argumenti
1291 2808 1658 2880 perspiciam.
1683 2809 1934 2880 Omnino

279 2824 519 2876 sum,ut
562 2824 676 2860 νιω
715 2824 893 2878 ηυδυε
925 2825 988 2863 ar
1031 2824 1252 2863 umenti
1291 2825 1658 2880 perspiciam.
1683 2824 1934 2864 umnino

274 2894 569 2962 nascimur
606 2877 920 2962 scripsisse
959 2824 1565 2962 tﬁnugiumndoceat,
1606 2896 1781 2962 quem
1833 2877 1936 2962 ille

271 2957 396 3005 tam
433 2951 770 3022 frequenter
797 2949 1083 3020 imitatur,
1110 2951 1508 3006 Tertullianus
1531 2949 1689 3006 itain
1711 2951 1931 3022 Apolog.

273 3038 404 3093 cap.
468 3021 560 3093 46,
618 3021 878 3076 scribens
931 3039 943 3076 :
997 3021 1346 3078 Christianus
1400 3025 1567 3077 uxori
1623 3021 1938 3077 siiz’sotus

271 3092 564 3148 masculus
616 3095 881 3147 nascitur.
943 3093 1132 3148 HEUM.
1187 3125 1254 3134 —-
1304 3094 1579 3149 Producit
1611 3095 1729 3148 haec
1763 3094 1938 3148 verba

270 3166 531 3220 Pricaeus
590 3163 657 3217 ad
703 3165 874 3235 (Lucae
903 3181 943 3228 i,
987 3165 1055 3218 34
1075 3181 1095 3226 ,·
1143 3165 1242 3219 ubi
1295 3182 1428 3220 cum
1479 3166 1662 3220 Maria
1692 3167 1940 3235 usurpat

269 3237 528 3292 verbum

271 3311 557 3379 agentem

317 3377 463 3434 rout
491 3394 633 3451 sane
659 3395 924 3451 securus
971 3377 1205 3451 allegat.
1232 3379 1614 3451 Nequaquam
1668 3377 1938 3450 probabi-

317 3397 463 3434 rout
491 3397 633 3434 sane
681 3397 924 3433 securus
971 3397 1205 3449 aiiegat.
1232 3397 1614 3451 nequaquam
1668 3397 1936 3450 pronam-

273 3397 441 3536 Fiter.
502 3447 923 3536 Alluditwenim
962 3449 1235 3536 getavius
1278 3451 1347 3505 ad
1402 3452 1420 3505 Ι
1472 3451 1696 3506 Timoth.
1739 3467 1823 3517 III,
1854 3451 1936 3503 2:

282 3526 418 3594 μιᾶς
452 3519 703 3592 γδναικὸς
737 3516 924 3595 ἄνδρα.
959 3520 1208 3576 (ἄλοπον.
1811 3516 1815 3517 7

352 3593 476 3664 (58)
509 3593 615 3664 Aut
657 3595 941 3664 profugus.
993 3593 1267 3664 Profugus
1314 3591 1372 3646 h.
1424 3591 1442 3646 l
1485 3608 1599 3647 non
1649 3589 1942 3664 diciturgis

279 3665 386 3736 qui
409 3661 932 3735 a'sacris'prOfanis
954 3665 1022 3718 ad
1037 3661 1370 3736 Christiana
1390 3663 1842 3736 transgreditur,
1863 3661 1944 3717 ita

277 3733 451 3791 enim
484 3733 689 3790 omnes
710 3736 1146 3806 quodammodo
1185 3733 1500 3789 Christiani
1528 3733 1654 3806 dici
1705 3737 1946 3806 possent

273 3809 542 3878 profugi,
577 3807 712 3878 quia
734 3805 1054 3876 antequam
1089 3823 1234 3861 veras
1274 3805 1782 3878 religioninomen
1812 3821 1944 3878 pro-

277 3876 622 3944 ﬁterentur,
677 3880 911 3950 fuerunt
941 3878 1188 3950 profani;
1239 3877 1339 3950 sed
1379 3876 1786 3950 intelliguntur
1815 3876 1946 3928 ἀπο-

277 3951 504 4032 ςτάτπε,
541 3949 660 4032 qui.
704 3949 905 4032 jugia
951 3948 1195 4032 Christo.
1237 3949 1491 4032 impositi
1551 3948 1947 4032 impatientes,

275 4023 339 4076 in
378 4026 625 4093 peccata
655 4018 956 4093 superiora
985 4019 1198 4092 relapsi
1239 4025 1396 4089 sunt,
1434 4037 1616 4093 eoque
1640 4018 1768 4092 ipso
1790 4018 1948 4076 Chri-

276 4092 471 4148 stiani
506 4107 637 4147 esse
665 4091 983 4146 desierunt.
1020 4091 1225 4147 Linon.

357 4163 482 4233 (59)
515 4163 597 4217 Sit
650 4164 814 4217 sortis
867 4165 1141 4220 Fortunae.
1206 4163 1312 4218 Ms.
1369 4162 1715 4233 Quodicum
1769 4177 1947 4216 sensu

276 4232 514 4302 careat,
547 4251 661 4306 non
692 4233 953 4306 dubitavi
982 4234 1107 4290 loco
1140 4234 1458 4306 singularis
1505 4232 1797 4306 pluralem,
1818 4235 1952 4306 _s_i_nt

277 4320 601 4378 reponere.
635 4303 774 4360 Sunt
799 4304 1018 4378 scilicet
1062 4302 1303 4378 fortuna:
1350 4302 1726 4378 opusfsortis.
1775 4302 1948 4373 Phil.,

280 4376 378 4432 de
432 4378 722 4432 creatione
773 4376 1110 4448 principis:
1148 4377 1274 4432 Sors
1321 4379 1398 4431 ad
1446 4377 1948 4448 felicitatemnon

287 4449 385 4503 ad
420 4451 666 4504 virtutem
709 4446 926 4503 attinet.
965 4446 1219 4504 Fortunae
1257 4453 1308 4503 et
1347 4446 1589 4516 dignitas
1641 4465 1755 4502 non
1795 4446 1946 4516 judi-

288 4523 536 4588 cantur,
583 4520 724 4590 quia
767 4528 896 4575 sunt
947 4522 1134 4577 sortis:
1180 4535 1331 4574 mens
1385 4528 1436 4574 et
1483 4525 1644 4590 actus
1699 4517 1954 4590 hominis

273 4589 658 4663 judicantu’r,
693 4591 833 4662 quia
855 4595 980 4646 sunt
1032 4591 1225 4646 libera.
1267 4589 1588 4645 Gronovius
1617 4589 1745 4644 vult
1775 4606 1788 4644 :
1825 4590 1955 4663 Sint

2042 2234 2266 2291 masius
2299 2236 2371 2290 De
2400 2237 2570 2291 annis
2603 2234 3026 2291 Climactericis.
3062 2235 3372 2292 Ouzsuus.

2109 2307 2222 2379 (60)
2249 2307 2362 2379 Non
2395 2305 2639 2378 dignitas
2685 2306 2992 2377 judicatur.
3025 2307 3148 2362 Non
3182 2307 3348 2378 capio
3375 2306 3533 2379 quid
3585 2306 3702 2364 huc

2042 2379 2216 2433 faciat
2244 2378 2511 2450 dignitas.
2559 2379 2854 2450 Minucius
2898 2380 3180 2435 adversus
3212 2378 3536 2450 astrolOgos
3575 2379 3702 2435 dis-

2042 2455 2228 2533 putat,
2254 2449 2355 2533 qui
2395 2467 2503 2533 prq
2519 2450 2693 2533 variis
2724 2449 3090 2533 planetarum
3124 2449 3459 2533 aspectitius’
3477 2454 3536 2506 et
3561 2466 3700 2533 con-

2042 2521 2441 2589 iunctionibus,
2477 2521 2597 2576 fata
2642 2523 3013 2577 nascentium
3054 2521 3292 2578 definita
3341 2522 3523 2577 fuisse
3567 2527 3692 2579 sta-

2047 2597 2306 2666 tuerunt.
2355 2593 2785 2666 Beponqqiiod
2830 2591 2975 2666 olim
3022 2593 3094 2648 cl.
3127 2593 3382 2649 Ferrerio
3427 2593 3697 2666 placuit:

2046 2665 2159 2719 Non
2189 2663 2452 2719 nativitas
2480 2663 2788 2736 Iudicatur.
2837 2664 3017 2720 Paulo
3073 2671 3204 2736 post
3235 2681 3248 2719 :
3282 2669 3344 2720 In
3379 2663 3536 2721 nobis
3589 2681 3702 2720 non

2044 2737 2298 2804 genitura
2321 2736 2600 2805 plectitur,
2633 2735 2747 2807 sed
2774 2737 2989 2806 ingenii
3019 2735 3219 2791 natura
3244 2738 3498 2807 punitur.
3555 2736 3702 2792 Vide

2047 2808 2193 2863 Petri
2223 2807 2392 2862 Fabri
2422 2812 2680 2862 Semestr.
2714 2805 2814 2861 lib.
2840 2805 2932 2872 in,
2964 2824 3090 2878 cap.
3121 2808 3209 2863 33.
3245 2805 3437 2863 DAVIS.

2115 2878 2229 2949 (61)
2260 2879 2564 2950 Materiam.
2597 2877 2753 2933 Satis
2784 2877 3162 2950 perspicuum
3192 2883 3281 2934 est
3309 2877 3485 2934 scribi
3519 2893 3698 2949 opor-

2044 2953 2163 3004 tere
2183 2949 2396 3020 futura.
2430 2949 2623 3004 HsUM.

2117 3018 2227 3092 (62)
2261 3018 2544 3092 Genitura.
2591 3022 2714 3084 Qua
2745 3019 2876 3092 quis
2907 3025 2993 3075 est
3022 3018 3234 3075 nobilis
3281 3018 3366 3076 vel
3400 3018 3697 3092 ignobilis,

2047 3090 2314 3163 dives'vel
2350 3107 2590 3163 pauper,
2622 3098 2731 3147 etc.
2763 3090 2972 3147 LINDN.

2114 3162 2228 3244 (66)
2267 3164 2452 3244 Verius
2473 3162 2789 3244 etplenius.
2827 3165 2885 3244 lu
2919 3178 3031 3244 ms.
3063 3163 3475 3244 scriptumAest
3513 3163 3698 3244 verius

627 3233 863 3301 ινώσκω,
901 3235 1209 3305 judicavit,
1265 3237 1336 3292 de
1387 3236 1587 3292 eadem
1640 3233 1937 3291 ferme—re
1978 3303 2004 3306 ι
2047 3233 2218 3305 quod
2247 3239 2337 3289 est
2387 3236 2630 3305 uverius,
2665 3252 2766 3306 pro
2809 3235 3055 3306 uberius,
3100 3239 3164 3288 ut
3190 3233 3328 3304 cap.
3358 3233 3449 3298 21,
3481 3233 3699 3306 veribus

665 3303 927 3362 inucium
977 3306 1250 3362 debuisse
1329 3307 1582 3363 scribere
1633 3308 1932 3372 nascimur,
1965 3303 2008 3370 C
2047 3303 2148 3377 pro
2199 3305 2481 3361 uberibus.
2531 3303 2761 3362 mem.
2796 3336 2864 3346 —
2894 3304 3039 3360 Vide
3090 3303 3291 3377 notata
3318 3306 3394 3377 ad
3422 3321 3549 3377 cap.
3577 3304 3646 3359 19
3677 3319 3694 3377 ς

2050 3373 2368 3432 Proximius
2400 3381 2453 3432 et
2485 3379 2685 3432 verius.
2739 3377 2942 3433 LINDN.
2978 3406 3046 3416 -—
3088 3375 3276 3432 Licuit
3323 3373 3577 3431 Minuuio
3605 3373 3696 3430 vel

2048 3447 2280 3505 Octavio
2312 3448 2396 3502 sic
2426 3464 2595 3518 agere
2623 3449 2685 3503 in
2729 3447 2837 3503 hac
2886 3452 3068 3519 parte,
3115 3464 3249 3503 cum
3300 3463 3400 3502 eos
3458 3447 3693 3519 itasus-

2049 3535 2264 3592 penses
2309 3517 2604 3591 abegisset
2640 3517 2924 3592 Caecilius,
2966 3535 3103 3592 cap.
3139 3519 3201 3573 11
3238 3535 3250 3574 :
3283 3519 3462 3574 Mutta
3493 3518 3562 3574 ad
3593 3517 3694 3574 hoc

2049 3589 2364 3662 suppetunt,
2398 3589 2460 3644 ni
2487 3593 2704 3660 festinet
2729 3590 2920 3646 oratio.
2953 3589 3211 3662 GRQNOV.

2121 3660 2233 3743 (6.4)
2277 3662 2610 3743 Qui-potest,
2655 3667 2816 3743 Pro,_
2847 3661 3154 3743 quomodo“
3167 3668 3356 3743 potest.
3428 3660 3697 3743 Romana

2051 3730 2248 3799 editio,
2283 3730 2436 3787 male
2466 3750 2480 3788 :
2513 3735 2634 3805 quis
2650 3730 3215 3805 potest.HsUM.—Sic
3234 3732 3410 3788 etiam
3430 3730 3693 3805 ms.Eni_i.

2126 3807 2141 3874 (
2182 3805 2238 3875 5)
2292 3806 2354 3858 Et
2398 3806 2455 3859 in
2521 3801 2680 3860 diem
2724 3821 2929 3875 pascua
2973 3813 3288 3875 pascuntur.
3344 3803 3579 3875 Corrigo
3634 3801 3696 3856 in

2053 3875 2202 3948 diem
2283 3892 2502 3948 pascua
2540 3894 2598 3948 p.
2651 3879 2863 3932 Pascua
2928 3876 3207 3948 feminino
3259 3891 3467 3946 genere
3524 3889 3697 3948 usur-

2098 3947 2180 4000 ari
2212 3941 2323 4002 no'n
2357 3941 2616 4004 insolens
2673 3949 2785 4004 isto
2824 3947 3200 4003 aevo.Gloss;r
3236 3941 3500 4002 z'Pascua
3528 3941 3695 4014 Νομὴ

2098 3964 2180 4000 ari
2212 3963 2323 4002 non
2357 3963 2616 4004 insciens
2673 3963 2785 4004 isio
2824 3963 3200 4003 aevo.u10ssu-
3236 3964 3248 4002 :
3291 3963 3500 4001 rascua
3530 3963 3695 4014 Νομη

2055 3963 2238 4089 ἓομαί
2285 4018 2576 4074 Arnobius
2625 4019 2696 4074 ad
2749 4019 2896 4073 Psal.
2948 4033 3110 4073 mi:
3155 4020 3528 4089 Perfectorum
3572 4029 3699 4089 ergo

2057 4087 2154 4145 ita
2186 4104 2291 4144 v0.1:
2345 4093 2423 4145 est
2479 4106 2666 4160 quam,
2731 4090 2972 4144 Ecclesia
3042 4089 3112 4144 de
3167 4087 3389 4144 Domini
3448 4087 3702 4159 passione

2057 4163 2311 4231 suscepit.
2367 4163 2426 4216 In
2469 4161 2599 4233 (loco
2668 4178 2884 4233 pascua
2936 4161 3218 4233 collocata,
3288 4174 3460 4233 super
3505 4172 3705 4233 aquam

2059 4229 2370 4303 refectionis
2415 4229 2835 4288 educatafltem
2867 4233 2926 4286 in
2971 4231 3125 4286 Psat.
3161 4248 3251 4285 cvr
3285 4246 3297 4285 :
3331 4229 3580 4286 statuens
3627 4229 3704 4283 eis

2095 4307 2300 4360 astores
2337 4307 2387 4359 et
2431 4320 2683 4376 pascuas.
2738 4304 3081 4376 Msuas._—
3129 4306 3702 4376 Pecua‘pascuntur.

2095 4321 2300 4360 datores
2337 4321 2387 4359 ei
2431 4321 2683 4376 pascuas.
2739 4321 2964 4359 iussas.
3016 4334 3081 4343 —
3129 4321 3314 4358 μεειια
3383 4321 3702 4372 pascuntur.

2058 4321 2200 4431 ﬁdes.
2229 4392 2241 4431 :
2269 4379 2478 4431 Pascua
2507 4379 2825 4447 pascuntur.
2875 4374 3169 4447 Scriptum
3203 4372 3489 4447 existimo,
3538 4386 3708 4444 pecua

2063 4447 2118 4501 id
2146 4452 2235 4502 est
2265 4444 2878 4518 pecoraJPrudentius
2907 4445 2965 4498 in
2999 4444 3183 4516 agone
3209 4444 3455 4500 Romani
3485 4459 3499 4500 ε

2350 4553 2618 4612 Jumenta,
2649 4566 2840 4617 pecua,
2871 4550 3177 4614 subjugales
3204 4550 3420 4602 bestias.

282 4659 477 4718 sortes
531 4659 788 4733 fortunae.
850 4663 1139 4718 Meursius
1181 4677 1195 4716 :
1235 4664 1408 4717 Fortis
1460 4663 1738 4726 Fortuna,
1778 4659 1953 4733 _quud
1985 4668 2033 4732 1)
2065 4661 2315 4733 HsaALn.
2363 4691 2430 4700 —
2473 4661 2602 4733 Ms;
2625 4675 2828 4733 pascua
2870 4668 3197 4733 pascuntur,
3244 4659 3399 4715 unde
3421 4663 3714 4733 receptam

285 4739 442 4792 Fors
471 4731 714 4789 Fartuna
758 4733 872 4790 alia
904 4739 1027 4789 erat
1076 4750 1109 4788 a
1151 4734 1394 4788 Fortuna
1435 4733 1736 4803 aedemque
1777 4731 1955 4786 habe-

285 4808 409 4861 bat
440 4811 606 4861 trans
660 4806 934 4873 Tiberim,
977 4805 1390 4875 colebaturque
1443 4805 1515 4859 ab
1565 4804 1637 4859 iis
1682 4803 1779 4875 qui
1832 4803 1958 4858 sine

287 4885 432 4932 arte
465 4876 664 4948 aliqua
692 4877 872 4932 vitam
905 4875 1250 4932 tolerabant.
1281 4874 1661 4930 Heumannus
1696 4874 1810 4948 {Sit
1839 4889 1959 4928 sors

290 4947 580 5021 fortunae,
609 4948 664 5002 h.
702 4966 751 5003 e.
775 4965 788 5003 :
813 4949 1073 5021 Concedo
1095 4953 1310 5021 sortem
1343 4963 1471 5021 esse
1515 4964 1661 5021 opus
1693 4947 1960 5021 fortunae,

294 5015 378 5076 ac
407 5015 768 5075 huiedeberi
791 5021 946 5090 quod
973 5019 1124 5074 alius
1152 5017 1369 5090 illustri
1402 5020 1524 5074 loco
1551 5015 1610 5074 et
1640 5017 1699 5072 in
1730 5015 1964 5090 magnis

293 5093 527 5164 Opibus
574 5098 746 5146 natus
775 5089 884 5160 est,
917 5091 1091 5164 alius"
1117 5089 1361 5144 humilis
1392 5095 1448 5145 et
1482 5106 1718 5164 paupeg.
1756 5089 1961 5164 Linon.

297 5161 380 5207 -ῖ-
429 5164 698 5217 Eventum
735 5166 804 5218 sit
853 5165 1012 5218 sortis
1053 5163 1322 5216 Fortunae.
1371 5164 1452 5216 Ita
1503 5179 1611 5217 ms.
1672 5161 1742 5215 Et
1797 5161 1967 5231 longe

301 5235 531 5292 melius
563 5233 679 5289 illis
704 5235 803 5304 qui
832 5235 994 5305 fortis
1033 5238 1290 5288 Fortuna:
1316 5232 1538 5305 legunt.
1571 5231 1779 5305 Nullus
1809 5232 1966 5305 enim

301 5309 500 5376 hujus
562 5302 958 5361 Romanorum
1008 5306 1126 5359 deae
1175 5305 1270 5360 hic
1331 5302 1515 5376 locus;
1548 5305 1658 5376 sed
1709 5302 1970 5374 loquitur

295 5375 430 5449 jam
473 5379 766 5433 Minucius
796 5394 864 5432 ex
893 5393 1093 5457 eorum
1113 5383 1311 5457 mente
1340 5375 1776 5457 quiunicuique
1799 5388 1970 5457 suam

305 5443 618 5506 tortunam
651 5465 719 5503 ex
750 5448 1065 5520 astrologia
1102 5443 1595 5520 ἀποτελεᾰμᾳτικῇ,
1652 5443 1772 5520 sive
1812 5443 1972 5514 judi-

305 5524 520 5585 ciaria,
535 5521 941 5593 assignabant,
957 5518 1072 5593 qua
1087 5519 1268 5593 totius
1291 5518 1598 5593 hominum
1616 5518 1742 5574 vitae
1765 5532 1975 5593 cursus

307 5589 748 5651 moderaretur.
801 5592 930 5648 Haec
972 5589 1280 5648 dicebatur
1329 5591 1458 5648 Sors
1515 5597 1796 5657 Fortunze,
1856 5589 1976 5645 sive

308 5667 344 5740 ὁ
371 5664 596 5740 κλῆρος
625 5670 726 5740 τῆς
756 5661 956 5740 τρχης.
982 5664 1062 5740 De
1075 5671 1379 5740 sorte_vero
1411 5664 1678 5719 Fortunae
1696 5662 1978 5740 yideatiir

311 5733 592 5813 Scaliger
638 5739 712 5813 ad
785 5733 907 5813 lib.
948 5752 990 5794 II
1041 5735 1266 5813 Manilii
1323 5737 1638 5813 Astonom._;
1692 5733 1978 5813 Seldenus

311 5805 603 5876 item'De
641 5809 728 5873 dis
779 5808 933 5889 Syris
988 5811 1283 5890 syntagm.
1330 5824 1372 5883 ι,
1422 5824 1550 5885 cap.
1583 5809 1635 5884 1,
1668 5807 1755 5868 uti
1784 5805 1978 5868 etSal-

2068 4731 2370 4788 lectionem
2411 4729 2636 4786 extudit
2682 4731 2814 4786 Des.
2865 4729 3174 4800 Heraldus,
3207 4735 3264 4786 et
3310 4736 3376 4786 ut
3406 4729 3716 4801 mihi‘qui-

2068 4806 2200 4858 dem
2245 4802 2494 4872 videtur,
2545 4802 2870 4858 rectissime
2927 4819 2939 4857 :
2983 4818 3112 4856 nam
3157 4819 3340 4874 pecua
3366 4806 3442 4874 et
3472 4802 3717 4874 pecuda,

2070 4879 2146 4930 ita
2179 4882 2237 4929 ut
2265 4870 2697 4945 pecora'vetcrcs
2741 4874 3022 4935 dixerunt.
3065 4876 3130 4928 ut
3157 4870 3435 4945 exemplis
3466 4870 3719 4945 ostendit

2070 4943 2295 5002 Nonius
2337 4945 2645 5002 Marcellus
2691 4963 2818 5016 cap.
2849 4948 2903 4999 2.
2939 4945 3084 5000 Hinc
3117 4946 3256 5000 Cato
3288 4943 3436 5016 apud
3469 4943 3717 4998 Gellium

2072 5018 2141 5075 N.
2177 5022 2242 5072 Α.
2277 5017 2377 5099 lib.
2400 5035 2509 5099 _vn,
2541 5035 2670 5099 cap,
2701 5016 2873 5099 3,_Si'
2899 5019 3019 5099 guis
3056 5020 3332 5099 majorem.
3353 5029 3721 5099 pecuum'nnuf

2074 5035 2141 5075 Ν.
2177 5035 2242 5072 Α.
2277 5035 2377 5072 un.
2411 5035 2509 5089 vn,
2541 5035 2670 5145 cap,
2701 5035 2756 5083 δ,
2794 5035 2853 5072 oi
2899 5035 3019 5099 guis
3056 5035 3332 5098 majorem.
3353 5035 3586 5087 pecuum
3616 5035 3717 5066 nu-

2072 5107 2287 5166 merum
2319 5089 2518 5166 habere
2546 5106 2606 5147 vo
2635 5091 2799 5166 uerit.
2851 5087 3050 5166 invius
3110 5086 3208 5141 lib.
3244 5103 3408 5166 nsxv,
3441 5102 3581 5166 cap._
3598 5083 3672 5138 20
3703 5098 3717 5166 ξ

2077 5163 2138 5217 In
2167 5163 2312 5230 agris
2348 5163 2576 5232 passim
2624 5159 2917 5232 inunda_t_is
2975 5160 3416 5232 pecuapblgta.
3475 5156 3622 5210 Vide
3669 5157 3727 5209 et

2078 5229 2461 5288 Prudentium
2494 5232 2795 5303 Peristepli.
2831 5229 3040 5301 Hymn.
3073 5229 3264 5303 x,_333
3295 5230 3492 5303 ans.

2149 5304 2261 5380 (66)
2308 5297 2945 5380 ραω-ρνῃηίαξ-ῌβοιὲ.
2972 5297 3274 5380 rescripsit
3317 5297 3671 5380 .Perizonius
3709 5310 3724 5351 :

2081 5369 2176 5460 qui
2205 5369 2700 5457 omn‘ia.'Videtur
2731 5369 3023 5427 Minucius
3066 5369 3171 5426 ob’
3203 5371 3416 5456 oculos.
3455 5369 3735 5426 habuisse

2082 5447 2227 5502 illud
2281 5447 2442 5501 Pauli
2488 5449 2532 5502 ll
2571 5447 2690 5501 Cor.
2729 5461 2801 5506 τι,
2836 5442 2900 5496 10
2934 5457 2947 5495 :
2986 5444 3262 5511 Tanquam
3290 5440 3446 5498 nihil
3473 5443 3736 5511 habent“

2083 5523 2138 5575 et
2163 5520 2388 5589 (tamen)
2424 5519 2609 5573 omnia
2637 5514 2994 5589 possidentes.
3046 5510 3358 5570 HEUMANN.
3388 5543 3459 5555 ——
3490 5510 3743 5589 Euergia

2083 5586 2206 5647 haec
2231 5588 2291 5644 in
2331 5592 2450 5650 τοῖς
2500 5603 2620 5658 qua:
2637 5586 2840 5644 omnia
2883 5601 3002 5658 non
3044 5590 3275 5658 oportet
3318 5586 3533 5641 mutari
3566 5599 3581 5639 :
3612 5587 3744 5658 tan:

2086 5606 2206 5647 [Πἓο
2231 5606 2291 5644 In
2331 5608 2450 5650 τοις
2536 5606 2620 5646 αεε
2649 5606 2840 5644 οηιηῑα
2883 5606 3002 5641 non
3044 5606 3275 5658 oportet
3318 5606 3533 5641 mULal‘l
3566 5606 3581 5639 ζ
3613 5606 3744 5638 ιω]-

2085 5677 2265 5738 quam
2296 5665 2452 5719 esset
2481 5606 2826 5738 aliquisqui
2873 5657 3108 5738 diceret_
3121 5659 3299 5738 nobis
3329 5676 3340 5712 :
3372 5664 3568 5738 vestra
3611 5654 3752 5738 sunt

2085 5729 2210 5807 haec
2242 5739 2456 5807 cuncta
2479 5729 2604 5807 qua}
2632 5729 2886 5802 videtis;
2928 5747 3049 5806 qua
3081 5729 3346 5796 formula
3372 5729 3570 5788 utitur
3606 5729 3761 5793 AP“-

2087 5805 2238 5869 leius
2258 5805 2368 5875 lib.
2392 5824 2436 5872 ii
2455 5805 2629 5872 Miles.
2661 5807 2920 5877 Gaonov.
