3962 6176
391 337 510 398 367

1707 327 1788 386 Μ.
1839 326 2142 389 MlNUCll
2191 328 2489 391 FELICIS

3677 304 3796 386 36s

395 467 595 537 utique
649 461 952 532 indulgere
1029 463 1226 532 posset
1273 457 1661 529 aliquantum,
1722 457 1892 527 cujus
1952 465 2032 510 est
2069 465 2116 524 Α
2153 459 2344 513 minas
2374 464 2430 514 et
2460 459 2748 531 supplicia
2777 464 2835 514 et
2865 461 3162 514 tormenta
3208 456 3618 529 componitur;
3664 472 3782 511 cum

395 561 609 613 totum.
642 552 753 608 Sed
786 567 891 605 nos
923 553 1294 604 contemnere
1351 546 1648 602 malumus
1698 562 1836 618 opes
1867 562 2045 617 quam

395 641 727 710 continere;
796 637 1189 694 innocentiam
1261 635 1451 708 magis
1507 635 1801 708 cupimus,
1861 634 2049 706 magis

399 730 744 806 patientiam
775 728 1145 801 ﬂagitamus;
1198 725 1497 782 malumus
1537 741 1643 782 nos
1692 725 1876 781 bonos
1925 739 2053 780 esse

401 835 578 894 quam
611 817 907 891 prodigos.
926 817 1015 885 Et,
1041 815 1193 888 quod
1216 813 1473 887 corporis
1494 813 1755 869 humana
1773 811 1913 867 vitia
1941 812 2054 885 (67)

402 910 690 966 sentimus
720 911 778 962 et
825 906 1102 978 patimur,
1148 920 1264 959 non
1314 907 1404 960 est
1451 919 1641 975 paena,
1674 901 1885 958 militia
1937 904 2047 957 est.

403 998 704 1054 Fortitudo
743 995 899 1052 enim
947 991 1390 1049 inﬁrmitatibus
1431 991 1756 1062 roboratur,
1788 994 1846 1048 et
1894 989 2053 1046 cala-

404 1086 582 1142 mitas
629 1085 783 1142 852
831 1081 1046 1155 saepius
1101 1079 1409 1152 disciplina
1455 1079 1692 1135 virtutis
1740 1083 1848 1135 est.
1890 1078 2056 1134 Vires

414 1175 666 1246 denique
689 1177 745 1229 et
775 1170 988 1228 mentis
1035 1173 1092 1226 et
1139 1169 1398 1243 corporis
1427 1168 1550 1226 sine
1597 1167 1816 1224 labori
1842 1169 2056 1224 exerci-

406 1265 628 1320 tatione
659 1264 1003 1334 torpescunt
1033 1275 1048 1328 ;
1082 1274 1286 1316 omnes
1330 1259 1474 1314 adeo
1506 1257 1680 1314 vestri
1716 1257 1823 1312 viri
1855 1257 2054 1325 fortes,

411 1369 560 1425 quos
607 1352 667 1407 in
718 1349 1052 1422 exemplum
1102 1347 1452 1420 praedicatis,
1502 1346 1780 1403 aerumnis
1812 1346 1937 1403 suis
1965 1345 2053 1400 in-

407 1441 550 1498 cluti
602 1441 944 1496 ﬂoruerunt.
991 1437 1192 1508 Itaque
1249 1441 1305 1492 et
1353 1435 1521 1492 nobis
1581 1440 1730 1491 Deus
1788 1450 1894 1490 nec
1943 1450 2058 1490 non

410 1534 605 1605 potest
659 1528 967 1585 subvenire
1012 1525 1145 1598 (68),
1196 1539 1301 1581 nec
1357 1524 1623 1597 despicit,
1682 1540 1812 1579 cum
1871 1522 1950 1578 sit
2003 1526 2061 1578 et

409 1619 674 1676 omnium
707 1620 896 1672 rector
941 1621 997 1670 et
1046 1617 1275 1670 amator
1312 1629 1576 1681 suorum;
1619 1613 1718 1668 sed
1770 1611 1828 1667 in
1856 1613 2060 1667 adver-

410 1708 492 1764 sis
515 1706 627 1779 (69)
658 1718 1146 1776 unumquemque
1176 1701 1437 1774 explorat
1467 1708 1524 1758 et
1552 1701 1869 1771 examinat;
1898 1701 2060 1773 inge-

411 1797 579 1852 nium
628 1792 995 1866 singulorum
1055 1790 1328 1863 periculis
1387 1791 1681 1863 pensitat;
1742 1806 1929 1861 usque
1987 1789 2060 1844 ad

789 1848 1072 1947 mortem;
1101 1848 1465 1934 voluntatem
1514 1879 1626 1951 (70)
1667 1848 1922 1934 hominis
1954 1877 2066 1933 sci-
2095 1848 2143 1912 B

413 1975 681 2038 scitatur,
712 1969 861 2026 nihil
890 1968 1004 2026 sibi
1046 1983 1218 2041 posse
1263 1968 1450 2040 perire
1499 1983 1741 2024 securus
1789 1967 1922 2040 (71).
1953 1967 2064 2022 Ita-

414 2077 549 2136 que,
583 2066 647 2116 ut
677 2074 886 2116 aurum
915 2056 1172 2130 ignibus,
1224 2055 1309 2111 sic
1339 2072 1444 2112 nos
1495 2055 1938 2112 discriminibus
1968 2071 2065 2110 ar-

411 2165 670 2224 guimur.

972 2251 1203 2308 CAPUT
1239 2251 1510 2308 XXXVII.

413 2350 846 2404 Aacumssrrum.
897 2371 966 2384 —
1015 2341 1192 2412 Digna
1248 2342 1352 2396 Deo
1398 2340 1709 2412 spectacula
1762 2343 1910 2409 sunt,
1963 2355 2070 2412 pro

487 2417 694 2474 Christi
739 2413 1078 2487 confessione
1121 2413 1472 2487 iniquissime
1521 2412 1722 2482 inﬂicti
1768 2413 2066 2487 cruciatus.

490 2488 640 2556 Quod
691 2483 908 2557 quidem
961 2483 1223 2541 Octavius
1259 2484 1574 2557 luculenter
1619 2483 1872 2557 ostendit,
1915 2498 2067 2538 com-

487 2553 775 2632 paratio-ne
825 2557 1263 2632 fortissimorum
1308 2554 1671 2632 quorumdam
1715 2553 2069 2632 ethnicorum

487 2626 614 2689 cum
680 2626 880 2685 sanctis
962 2626 1304 2697 martyribus
1387 2627 1663 2697 instituta.
1739 2627 2074 2697 Spectaculis

489 2716 656 2776 porro
711 2707 760 2756 et
806 2701 1016 2776 pompis
1074 2696 1410 2776 Christianos
1444 2696 1600 2776 .ideo
1657 2696 1787 2752 non
1814 2698 2075 2776 interesse

492 2767 760 2837 declarat,
795 2767 1018 2843 quia'ea
1044 2784 1154 2824 non
1200 2771 1384 2824 minus
1434 2769 1604 2842 impia
1635 2786 1799 2841 quam
1825 2767 2077 2825 crudelia

495 2861 609 2901 esse
645 2847 787 2900 certo
805 2842 1017 2898 certius
1046 2842 1329 2898 noverant.

495 2951 681 3016 Quam
723 2947 1037 3022 pulchrum
1083 2945 1482 3019 spectaculum
1536 2946 1673 3014 Deo,
1725 2963 1860 3003 cum
1909 2946 2072 3003 Chri-

426 3041 656 3096 stianus
702 3054 838 3094 cum
881 3035 1079 3092 dolore
1127 3035 1524 3108 congreditur,
1574 3051 1704 3090 cum
1768 3035 2080 3093 adversum

2158 549 2468 619 strepitum
2510 547 2713 603 mortis
2743 547 2857 619 [55]
2893 553 2950 603 et
2995 547 3298 603 horrorem
3352 544 3642 602 carniﬁcis
3669 546 3783 601 irri-

2159 635 2325 708 piens
2392 635 2646 693 inculcat
2692 637 2826 710 (72);
2877 653 3032 704 cum,
3065 637 3219 694 358
3259 635 3590 691 libertatem
3637 650 3786 692 suam

2162 724 2441 781 adversus
2491 741 2654 798 reges
2685 731 2742 782 et
2785 725 3081 799 principes
3133 725 3306 797 erigit
3334 725 3478 796 (75);
3529 723 3638 780 soli
3665 728 3788 789 Deo,

2163 814 2333 886 cujus
2362 818 2471 882 est,
2503 814 2690 884 cedit;
2722 831 2879 886 cum,
2911 814 3308 887 triumphator
3337 819 3395 869 et
3440 812 3640 881 victor,
3686 813 3794 885 ipsi

2165 902 2266 975 qui
2298 904 2605 960 adversum
2632 920 2694 960 se
2723 904 3016 962 sententia
3053 904 3217 975 dixit,
3252 902 3455 959 stultat
3501 903 3683 974 (impr.
3711 902 3794 958 in-

2165 992 2400 1063 sultat]!
2431 992 2582 1050 Vicit
2630 993 2785 1052 enim
2844 992 2945 1065 qui
2995 993 3146 1065 quod
3200 991 3501 1050 contendit
3538 991 3795 1047 obtinuit.

2166 1083 2307 1150 Quis
2337 1099 2453 1139 non
2513 1081 2680 1139 miles
2720 1083 2831 1140 sub
2880 1081 3063 1139 oculis
3113 1081 3485 1154 imperatoris
3531 1080 3800 1136 audacius

2167 1170 2492 1245 periculum
2525 1171 2823 1244 provocet?
2852 1170 3032 1228 Nemo
3063 1170 3216 1226 enim
3241 1169 3547 1242 praemium
3572 1168 3804 1242 percipit

2167 1264 2300 1316 ante
2329 1261 2793 1333 experimentum
2847 1277 2861 1317 :
2920 1263 2977 1315 et
3023 1258 3342 1330 imperator
3390 1261 3608 1323 tamen,
3656 1257 3803 1330 quod

2165 1367 2282 1406 non
2312 1349 2511 1420 habet,
2542 1366 2658 1406 non
2689 1349 2819 1418 dat;
2869 1365 2984 1405 non
3017 1352 3208 1420 potest
3246 1362 3568 1420 propagare
3614 1346 3804 1414 vitam,

2166 1442 2355 1512 potest
2385 1439 2693 1494 honestare
2724 1437 3015 1494 militiam.
3049 1442 3122 1492 At
3150 1437 3304 1492 enim
3340 1435 3439 1491 Dei
3493 1435 3659 1492 miles
3708 1452 3808 1491 nec

2166 1527 2225 1582 in
2259 1527 2457 1582 dolore
2488 1527 2793 1594 deseritur,
2827 1543 2932 1582 nec
2952 1530 3138 1582 morte
3167 1525 3390 1581 ﬁnitur.
3420 1525 3514 1580 Sic
3539 1525 3810 1582 Christia-

2169 1633 2282 1672 nus
2324 1615 2500 1670 miser
2529 1615 2708 1670 videri
2740 1618 2948 1687 potest,
2999 1630 3114 1670 non
3158 1617 3348 1686 potest
3396 1613 3664 1670 inveniri.
3696 1617 3812 1670 Vos

2169 1705 2282 1776 ipsi
2331 1703 2703 1760 calamitosos
2751 1705 2904 1759 viros
2953 1703 3118 1758 fertis
3166 1703 3238 1758 ad
3287 1701 3523 1771 omium,
3562 1703 3813 1758 Mucium

2177 1791 2488 1848 Scaevolam
2522 1793 2658 1862 (74),
2717 1793 2816 1864 qui
2866 1808 2999 1847 cum
3049 1795 3305 1847 errasset
3349 1791 3409 1846 in
3441 1807 3636 1863 regem
3683 1793 3816 1864 (75),

2176 1881 2444 1954 periisset
2475 1882 2530 1936 in
2565 1881 2858 1949 hostibus,
2892 1881 3005 1937 nisi
3041 1882 3339 1936 dexteram
3361 1881 3728 1953 perdidisset.
3753 1881 3821 1937 Et

2177 1975 2319 2043 quot
2365 1987 2433 2026 ex
2479 1971 2698 2026 nostris
2746 1986 2861 2025 non
2921 1970 3186 2026 dextram
3217 1968 3431 2040 solum,
3469 1969 3571 2024 sed
3631 1973 3821 2025 totum

2176 2075 2386 2130 corpus
2419 2057 2530 2124 uri,
2561 2058 2805 2113 cremari
2843 2056 2977 2130 (76),
3000 2057 3125 2112 sine
3150 2056 3286 2113 ullis
3325 2055 3665 2128 ejulatibus,
3690 2072 3821 2128 per-

2177 2147 2460 2214 tulerunt,
2507 2164 2690 2219 quum
2727 2146 2946 2202 dimitti
2979 2146 3302 2218 prasertim
3337 2146 3615 2201 haberent
3636 2147 3694 2201 in
3715 2162 3827 2204 sua

2177 2235 2493 2310 potestate?
2531 2235 2700 2292 Viros
2741 2253 2872 2292 cum
2906 2235 3118 2303 Mucio,
3168 2234 3258 2291 vel
3303 2251 3436 2291 cum
3467 2235 3698 2308 Aquilio
3729 2239 3835 2291 aut

2181 2325 2398 2397 Regulo
2438 2329 2737 2396 comparo?
2777 2325 2942 2381 Pueri
2973 2330 3031 2381 et
3060 2324 3416 2381 mulierculas
3457 2329 3666 2380 nostra:
3697 2343 3836 2381 cru-

2179 2431 2274 2472 ces
2305 2419 2357 2470 et
2388 2419 2704 2487 tormenta,
2737 2415 2890 2471 feras
2930 2419 2987 2470 et
3016 2430 3221 2470 omnes
3250 2412 3676 2486 suppliciorum
3710 2418 3835 2470 ter-

2181 2502 2418 2573 riculas,
2450 2501 2755 2575 inspirata,
2789 2503 2904 2576 ('77)
2953 2503 3234 2576 patientia
3277 2502 3518 2569 doloris,
3549 2501 3839 2559 illudunt.

2180 2593 2297 2649 Nec
2335 2591 2683 2665 intelligitis,
2726 2609 2758 2649 ο
2807 2593 3030 2664 miseri,
3064 2592 3362 2649 neminem
3411 2607 3539 2648 esse
3580 2592 3680 2664 qui
3741 2596 3855 2648 aut

2185 2682 2312 2738 sine
2343 2682 2566 2738 ratione
2595 2681 2733 2736 velit
2766 2699 2997 2754 pmnam
3029 2681 3250 2749 subire,
3279 2687 3382 2737 aut
3399 2686 3693 2737 tormenta
3711 2680 3854 2736 sine

2184 2771 2298 2828 Deo
2331 2787 2502 2843 posse
2541 2770 2853 2827 sustinere.
2886 2769 3009 2827 Nisi
3041 2770 3189 2827 forte
3218 2787 3319 2827 vos
3361 2769 3601 2843 decipit,
3657 2769 3856 2838 quod,

2188 2865 2368 2916 Deum
2420 2858 2768 2928 nescientes,
2819 2858 3034 2916 divitiis
3059 2859 3304 2916 afﬂuant
3335 2877 3350 2927 ;
3383 2857 3709 2915 honoribus
3743 2859 3860 2914 ﬂo-

2187 2947 2635 3020 reant,polleant
2653 2948 3056 3020 potestatibus.
3079 2948 3271 3004 Miseri
3292 2949 3302 3004 l
3329 2948 3390 3004 in
3407 2947 3515 3004 hoc
3529 2947 3709 3003 altius
3733 2946 3858 3002 tol-

2189 3037 2410 3108 luntur,
2427 3040 2492 3092 ut
2517 3037 2791 3093 decidant
2813 3036 3012 3093 altius.
3039 3036 3128 3106 Hi,
3145 3035 3325 3106 enim,
3350 3042 3414 3093 ut
3432 3037 3705 3094 victimis.
3733 3035 3863 3108 [56]

1845 3191 2177 3254 Variorum
2231 3195 2418 3252 notes.

499 3326 613 3400 (67)
639 3324 900 3400 Corporis
922 3322 1165 3400 humana
1183 3322 1337 3400 vitia.
1373 3320 1531 3376 Idem
1571 3320 1719 3400 valet
1747 3339 1813 3378 ac
1843 3325 2087 3395 corporis

433 3392 669 3455 hu'ma'ni
695 3392 849 3453 vitia.
877 3393 1183 3451 Lucretius
1211 3392 1312 3448 lib.
1355 3409 1417 3464 ιι,
1449 3407 1582 3466 pag.
1619 3394 1720 3448 109
1752 3409 1765 3448 :

960 3508 1312 3571 Melibmaque
1331 3507 1565 3571 fulgens.

581 3577 822 3638 Purpura
848 3572 1149 3624 Thessalico
1192 3570 1516 3620 concharum
1549 3571 1714 3620 tincta
1743 3583 1947 3630 cruore,

437 3685 546 3761 hoc
573 3685 690 3761 est,
713 3677 1183 3761 Thessalicarum
1235 3677 1589 3761 coppharum
1641 3679 2094 3761 crpore.hNeque

441 3755 610 3810 aliter
654 3748 986 3822 Propertius
1029 3748 1131 3804 lib.
1180 3765 1254 3813 1v,
1288 3748 1445 3822 Eleg.
1496 3765 1615 3822 vin,
1663 3750 1754 3822 _23,
1787 3755 1844 3805 et
1874 3748 2094 3805 Statius

444 3823 716 3896 inEptth.
753 3820 940 3896 Stella".
957 3823 1006 3876 et
1043 3820 1392 3896 Violantilla’,
1415 3836 1478 3896 Av.
1515 3821 1636 3896 191.
1665 3820 1888 3896 Pariter
1917 3823 2094 3877 etiam

447 3889 648 3953 solutas
697 3893 977 3950 orationis
1017 3893 1352 3963 scriptores.
1415 3889 1772 3963 Novatianus
1833 3895 1902 3947 De
1959 3895 2092 3948 trin.

447 3985 572 4040 cap.
607 3982 765 4040 xxxi,
816 3965 891 4020 al.
952 3980 1072 4040 xvn
1127 3961 1152 4018 ξ
1195 3963 1366 4017 Deum
1422 3961 1725 4040 humanam
1772 3964 2097 4040 conditionis

446 4033 812 4112 frtigilitatem
860 4035 1137 4112 suscipere
1187 4049 1294 4112 non
1340 4035 1636 4112 recusavit,
1678 4051 1780 4105 pro
1823 4033 2097 4112 humanas

449 4103 802 4169 conditionis
853 4103 1187 4179 fragilitate.
1243 4103 1568 4179 Cyprianus
1599 4103 1926 4161 Demortal.
1965 4123 2096 4179 pag.

450 4183 574 4250 164,
607 4181 746 4236 edit.
787 4179 968 4234 Oxon.
1020 4177 1096 4250 Ad
1130 4191 1424 4250 regnorum
1461 4177 1727 4232 celestem
1767 4177 2097 4247 claritatem,

449 4247 568 4328 pro:
583 4267 897 4328 regnorum
931 4247 1258 4328 caelestium
1286 4247 1570 4328 claritate.
1604 4252 1792 4328 Davus.

521 4317 768 4397 (68)_‘Nec
807 4339 924 4397 non
952 4323 1126 4397 potest
1170 4319 1485 4397 subvenire.
1524 4318 1635 4374 Res
1663 4319 1792 4397 ipsa
1812 4317 2100 4397 loquitur,

451 4391 775 4468 scripsisse
807 4391 1127 4468 Minucium
1161 4391 1313 4468 {Nec
1335 4407 1449 4468 non
1496 4391 1777 4468 prospicit.
1812 4391 2002 4446 Hsum.
2035 4421 2104 4431 —

451 4461 732 4539 Egdvero
763 4463 1295 4539 legend_um_puto_:
1328 4463 1391 4516 Et
1429 4461 1588 4517 nobis
1624 4461 2105 4539 'Qeus_p_otest_non

453 4533 759 4603 subvenire,
800 4533 900 4591 nec
945 4533 1196 4604 despicit.
1251 4537 1458 4590 Jerem.
1491 4550 1604 4599 XIV,
1635 4534 1668 4586 8
1705 4549 1717 4589 :
1751 4533 2105 4589 0'Israelzta-

454 4626 581 4666 rum
610 4624 732 4680 spes
755 4611 807 4662 et
834 4615 1082 4663 servator
1125 4605 1346 4680 adverso
1398 4609 1654 4680 tempore,
1682 4622 1784 4661 cur
1823 4607 1899 4680 sis
1944 4605 2108 4676 quasi

455 4677 794 4762 peregrinus.
841 4681 1152 4762 inatterrah
1182 4679 1448 4762 quasique
1492 4679 1772 4762 diuertens
1799 4677 1869 4731 ad
1905 4692 2111 4760 perna:
2137 4697 2185 4762 D

456 4748 713 4807 standum
737 4748 943 4805 viator?
966 4748 1075 4803 Cur
1101 4749 1176 4802 sis
1205 4751 1364 4819 quasi
1390 4749 1476 4802 vir
1503 4749 1920 4817 somniculosus,
1944 4749 2111 4819 quasi

456 4824 751 4894 defendere
776 4835 885 4894 non
917 4819 1104 4894 valens
1132 4819 1292 4894 nziles
1311 4822 1336 4872 .9
1364 4819 1530 4894 Lmn.

550 4893 644 4964 69)
672 4893 736 4948 In
761 4891 1024 4947 adversis.
1067 4888 1204 4964 Dele
1243 4891 1524 4964 inkquod
1556 4905 1719 4964 teque
1766 4890 1860 4945 hic
1903 4891 2109 4946 abesse

550 4907 644 4964 ου)
672 4907 736 4948 ιη
761 4907 1024 4947 adversis.
1067 4907 1204 4944 uete
1243 4907 1324 4953 in,
1369 4907 1524 4960 quoa
1556 4907 1600 4944 te
1647 4907 1719 4945 ue
1767 4907 1833 4945 mi

458 4907 652 5034 debet,
681 4980 746 5020 ac
779 4979 811 5018 a
842 4960 1390 5034 sequentipericulis
1420 4907 1833 5017 abest.q}lEUM.

531 5031 647 5108 (70)
687 5031 1259 5116 Voluntatem._‘011.od
1315 5035 1376 5086 ut
1429 5033 1613 5116 faciat
1653 5035 1797 5116 [leue
1843 5031 2109 5116 supplice

457 5103 597 5164 voce
627 5103 755 5164 orat
781 5104 1024 5161 Davides
1058 5103 1262 5157 Psalm.
1297 5119 1521 5171 cxxx1x,
1547 5104 1637 5156 25.
1665 5105 1856 5173 Supra
1886 5103 2110 5159 dixerat

458 5181 748 5249 ingenium
771 5177 1140 5249 singulorum
1172 5174 1425 5245 pensitat
1457 5191 1470 5228 :
1499 5176 1844 5249 nunc_addit
1877 5192 1890 5230 :
1922 5178 2112 5231 volun-

460 5245 633 5307 tatem
681 5245 1031 5305 sciscitatur.
1077 5245 1460 5300 Heumannus
1508 5245 1776 5301 rescribit
1829 5249 2106 5315 virtutem,

459 5338 586 5393 quas
616 5323 790 5378 etiam
825 5326 916 5375 est
960 5317 1276 5374 voluntatis
1319 5322 1374 5372 et
1405 5321 1739 5387 spontaneis
1783 5317 2104 5374 electionis.

460 5395 668 5448 LINDN.

526 5465 637 5534 (71)
695 5460 855 5518 Nihil
906 5461 1016 5534 sibi
1059 5473 1218 5534 posse
1259 5459 1491 5534 perire,_
1521 5472 1773 5534 securus:
1819 5462 1947 5534 Hoc
1995 5463 2104 5534 est,

455 5530 670 5597 sciens,
702 5551 800 5588 eos
825 5533 921 5603 qui
953 5533 1069 5586 veri
1105 5530 1620 5603 sunt’Christiani,
1653 5530 1816 5587 nulla
1863 5530 2106 5587 calami;

452 5609 591 5667 tate,
627 5604 803 5658 nullis
833 5601 1140 5659 tormentis
1167 5603 1385 5659 victum
1415 5601 1508 5674 iri,
1540 5607 1605 5658 ut
1630 5619 1662 5657 a
1692 5620 1755 5660 se
1785 5604 1945 5676 (Deo)
1977 5605 2107 5659 des-

455 5676 700 5733 ciscant.
741 5676 928 5732 HEUM.

526 5745 1182 5826 (72)lrridens,insultat
1210 5744 1320 5826 Ms.
1351 5746 1621 5826 irripiens
1641 5746 1905 5826 inculcat.
1939 5745 2104 5805 Unde

455 5815 708 5885 Galenus
759 5817 1094 5877 emendavit
1144 5815 1386 5877 irridens
1438 5815 1700 5879 inculcat.
1754 5819 1878 5888 Quo
1926 5835 2107 5880 sensu

2118 3325 2162 3393 α
2202 3323 2308 3378 hoc
2337 3322 2588 3395 verbum
2628 3321 2840 3395 adfuit,
2891 3339 3017 3395 cap.
3058 3323 3148 3395 24,
3193 3330 3416 3393 norunt,
3465 3323 3736 3390 inculcat,
3771 3326 3872 3379 iu-

2197 3395 2394 3466 sident.
2430 3393 2718 3466 Rigaltius
2769 3393 2988 3460 tamen,
3035 3393 3247 3466 aliique
3294 3396 3668 3460 recentiores,
3735 3413 3875 3451 ma-

2197 3465 2451 3538 luerunt,
2481 3465 2726 3538 irridens
2745 3466 3006 3538 (insultat,
3039 3465 3192 3538 quod
3237 3467 3432 3538 notius
3462 3471 3520 3522 et
3553 3467 3878 3538 probatius

2199 3542 2307 3592 est.
2339 3536 2467 3592 Jac.
2509 3536 2834 3609 Gronovius
2877 3553 3010 3609 vero
3042 3536 3192 3594 hanc
3221 3537 3510 3609 exsculpit
3544 3536 3880 3594 lectionem

2200 3609 2436 3679 implens
2468 3609 2728 3680 inculcat,
2763 3607 2821 3662 h.
2855 3625 2904 3663 e.
2939 3607 2999 3663 in
3032 3609 3303 3680 strepitu,
3325 3607 3592 3664 feralium
3641 3609 3886 3666 instru-

2205 3685 2533 3752 mentorum
2566 3684 2624 3734 et
2662 3679 3236 3752 horroregcarniﬁcis
3290 3679 3586 3752 implendo
3638 3698 3706 3737 ac
3769 3699 3878 3736 sa-

2204 3751 2404 3806 tiando
2435 3755 2755 3824 occupatus
2784 3758 2840 3824 et
2867 3750 3164 3808 districtus
3193 3750 3658 3824 etiamfinculcat,
3681 3769 3888 3824 quam

2207 3823 2555 3878 sententiam
2575 3822 2872 3893 vigilantis
2897 3824 3192 3878 somnium
3226 3841 3336 3879 non
3373 3823 3667 3879 immerito
3699 3822 3890 3879 dixit

2210 3894 2746 3975 tleumannus,lquil
2768 3900 2982 3975 tamen,
3016 3911 3150 3975 cum
3172 3895 3312 3966 legit
3343 3896 3612 3975 exsultat,
3639 3911 3891 3975 men_o_n

2217 3965 2393 4038 habet
2431 3965 2868 4021 assentientem.
2903 3969 3056 4038 Nam,
3096 3967 3154 4021 in
3208 3965 3545 4038 exemplari,
3579 3971 3736 4022 teste
3776 3967 3896 4021 Ri-

2208 4036 2408 4109 galtio,
2443 4042 2530 4092 est
2557 4039 2751 4109 stultat
2782 4038 2921 4108 (non
2953 4037 3011 4092 h.
3044 4037 3083 4092 l.
3137 4038 3236 4093 sed
3283 4036 3453 4093 intra.
3512 4038 3698 4105 Eum).
3761 4039 3894 4093 Ro-

2213 4107 2386 4181 mana
2417 4125 2550 4162 vero
2581 4107 2755 4181 editio
2786 4111 3036 4174 insultat,
3077 4116 3272 4181 aperte
3303 4109 3558 4164 exhibet.
3603 4109 3764 4173 Quid
3809 4111 3905 4164 sit

2210 4179 2494 4261 insultante
2543 4178 2854 4261 strepitum
2899 4178 3191 4261 mortislet
3219 4180 3519 4261 horrorem
3552 4181 3905 4261 carnificis,

2212 4251 2381 4306 docet
2412 4250 2764 4305 Prudentius
2795 4267 2928 4305 cum
2961 4251 3092 4306 aliis
3122 4251 3264 4308 locis
3297 4251 3520 4319 multis,
3553 4256 3686 4308 tum
3723 4254 3911 4310 Peri-

2212 4321 2472 4402 stepjt._n;
2490 4322 2614 4402 313,
2648 4338 2811 4402 seqq.
2845 4328 2901 4402 et
2929 4323 3188 4402 3977409.
3225 4323 3384 4402 L_i_oN.

2284 4394 2398 4463 (73)
2431 4393 2628 4461 Erigit.
2682 4393 2956 4448 Imitatur
2999 4393 3359 4450 Florumlib.
3411 4411 3455 4463 ι,
3496 4395 3563 4449 21
3601 4412 3615 4450 :
3655 4394 3778 4462 Qui
3835 4394 3916 4450 li-

2218 4465 2481 4519 bertatem
2513 4481 2547 4518 a
2592 4464 2832 4536 dominis
2878 4466 2940 4520 in
2989 4467 3132 4536 ipsos
3178 4470 3494 4521 erexerant.
3550 4465 3917 4534 Firmicus,

2217 4539 2413 4601 Error,
2469 4535 2623 4604 Prof.
2687 4536 2827 4603 Rel.,
2879 4553 2937 4604 p.
2981 4535 3062 4592 6:
3096 4538 3162 4592 Et
3205 4543 3339 4592 tunc
3385 4550 3562 4593 erecta
3603 4540 3925 4594 sermonis:

2219 4609 2471 4662 libertate
2496 4607 2815 4676 proclamat.
2848 4607 3054 4663 Worx.

2288 4679 2401 4750 (74)
2432 4678 2672 4732 Mucium
2700 4679 3026 4750 Scaevolam.
3064 4679 3211 4750 Lege
3258 4687 3322 4734 ut
3367 4681 3643 4734 Mucium.
3674 4680 3913 4736 HEUM.

2219 4748 2437 4820 —‘Ego
2472 4765 2605 4822 vero
2637 4751 2920 4806 excidisse
2977 4748 3202 4822 aliquot
3256 4751 3429 4807 verba
3488 4766 3791 4822 auguror.
3844 4767 3930 4806 ex:

2217 4820 2483 4892 sequenti
2519 4822 2884 4894 paragrapho
2917 4820 3246 4894 supplenda
3279 4839 3291 4876 :
3331 4822 3425 4877 Vos
3449 4822 3560 4894 ipsi
3573 4820 3930 4894 calamita-

2214 4908 2299 4964 sos
2321 4895 2465 4948 viros
2493 4894 2648 4964 fertis
2675 4893 2749 4948 ad
2774 4893 3009 4950 ctelum.’
3048 4894 3334 4963 Regulum,
3383 4893 3624 4950 Mucium
3674 4893 3929 4950 Scaeva--

2221 4963 2357 5027 lam,
2391 4964 2506 5033 qui,
2538 4968 2643 5019 etc.
2683 4965 2962 5020 LINDNER.

2291 5036 2404 5104 (75)
2427 5037 2487 5090 In
2513 5051 2711 5106 regem.
2746 5037 2949 5092 Scribe
2983 5039 3040 5091 in
3066 5051 3210 5104 rege.
3241 5035 3437 5092 HEUM.

2293 5107 2403 5177 (76)
2439 5105 2851 5174 Uri,’cremari.
2892 5108 3114 5163 Motum
3148 5109 3238 5162 est
3283 5109 3381 5163 uri
3410 5105 3683 5179 suoloco
3739 5108 3935 5179 quod

2223 5175 2308 5232 ita
2343 5195 2555 5250 repono
2588 5196 2602 5234 :
2634 5182 2753 5250 Non
2785 5180 3071 5236 dexteram
3099 5180 3279 5234 solum
3302 5180 3412 5246 uri,
3440 5177 3538 5234 sed
3557 5175 3935 5235 totum—cora

2221 5264 2335 5319 pus
2365 5249 2623 5306 cremari.
2657 5249 2830 5306 HEUM

2303 5321 2417 5392 (77)
2450 5323 2746 5392 lnspirata,
2781 5322 2874 5377 Sic
2904 5327 2993 5376 est
3021 5321 3079 5375 in
3114 5337 3226 5376 ms.
3268 5325 3335 5375 Et
3375 5320 3651 5392 quamvis
3695 5321 3942 5377 Hera!-

2218 5391 2328 5476 dus
2361 5391 2429 5447 ex
2460 5391 2757 5476 hactantio
2783 5410 2847 5476 ν,
2865 5393 2953 5448 13.
2997 5394 3068 5476 12
3099 5391 3407 5460 defendit,’
3428 5396 3629 5476 tamen
3663 5394 3936 5476 frigus--

2216 5471 2344 5518 rata
2383 5467 2649 5530 patientia
2700 5465 3123 5530 pr'el'erendum
3168 5480 3318 5528 esse,
3371 5462 3570 5518 nullus
3645 5462 3934 5521 dubito.

2215 5533 2358 5588 Nam
2390 5534 2554 5607 locus
2585 5533 2823 5607 quidem
2869 5534 3143 5592 Lactantii
3197 5535 3368 5606 longe
3398 5534 3688 5607 diversus
3725 5541 3846 5592 est
3899 5554 3946 5594 ιι

2219 5614 2439 5680 nostro.
2479 5605 2908 5680 Illic'inspirata
2931 5609 3203 5679 patientia
3238 5605 3557 5680 requiritur
3587 5605 3746 5680 quia
3776 5625 3952 5666 ma-

2211 5677 2309 5762 jpr
2338 5676 2674 5762 latronum;
2707 5676 2804 5762 hic
2832 5676 2966 5762 vero
3013 5676 3339 5762 insperata;
3363 5678 3502 5751 quia
3549 5676 3750 5761 talen}
3774 5698 3942 5762 pta--

2216 5748 2502 5830 tientiam-
2536 5751 2608 5830 d_e
2638 5750 2832 5823 pueris
2862 5756 2920 5810 et
2961 5748 3290 5811 mulierulis
3321 5748 3496 5811 nemo
3526 5764 3600 5811 ne
3623 5748 3940 5830 quidem:

2215 5823 2528 5898 sperasset.
2562 5822 2768 5883 Linon.
