4102 6162
419 309 530 371 871

1729 304 1815 366 Μ.
1858 303 2168 368 MINUCII
2213 303 2514 366 FELICIS

3702 299 3828 361 3'72

421 438 836 510 corrumpitur,
881 437 1248 494 abstinemus
1295 440 1515 501 tamen,
1570 453 1641 492 ne
1689 439 1820 509 quis
1868 438 2064 493 existi-
2102 442 2148 504 Α
2183 439 2556 493 annectimus
2581 441 2939 493 arescentem
2971 452 3269 505 coronam,
3299 434 3399 490 sed
3440 451 3473 490 a
3517 433 3634 490 Deo
3661 437 3828 489 aeter-

424 536 543 586 met
573 531 687 600 (87)
718 534 820 584 aut
867 526 1192 594 daemoniis,
1248 527 1464 598 quibus
1514 526 1761 582 libatum
1811 534 1920 592 est,
1971 546 2062 582 ce—

421 620 556 675 dere
584 617 718 690 (88),
751 619 852 673 aut
881 621 1092 672 nostrae
1123 614 1426 688 religionis
1453 616 1838 688 pudere.Quis
1869 621 2066 672 autem

422 706 519 764 ille
548 707 643 778 qui
674 706 906 762 dubitat
935 705 1128 760 vernis
1161 704 1472 776 indulgere
1500 721 1606 760 nos
1637 704 1901 774 ﬂoribus,
1934 721 2067 761 cum

426 796 708 869 capianus
739 794 854 867 (89)
883 797 942 850 et
971 811 1162 849 rosam
1194 793 1346 850 veris
1371 798 1427 849 et
1455 792 1668 862 lilium,
1700 797 1757 848 et
1783 794 2068 866 quidquid

426 884 583 940 aliud
617 885 676 939 in
709 884 952 939 ﬂoribus
982 882 1182 938 blandi
1214 881 1423 938 coloris
1475 887 1532 938 et
1581 882 1778 938 odoris
1807 883 1939 939 est?
1970 883 2071 940 His

426 973 584 1030 enim
614 978 669 1028 et
700 972 926 1044 sparsis
955 971 1178 1029 utimur
1209 969 1487 1027 mollibus
1519 987 1585 1026 ac
1617 970 1849 1038 solutis,
1869 977 1926 1028 et
1957 988 2072 1027 ser-

429 1061 505 1117 tis
535 1061 648 1133 (70)
678 1060 825 1116 colla
854 1059 1320 1131 complectimur.
1355 1059 1530 1126 Sane,
1563 1060 1715 1132 quod
1748 1065 1923 1132 caput
1956 1078 2073 1116 non

429 1166 800 1218 coronamus,
834 1148 1140 1222 ignoscite.
1173 1151 1389 1204 Auram
1421 1149 1558 1204 boni
1591 1149 1750 1205 ﬂoris
1781 1150 1894 1221 (91)
1925 1150 2077 1205 nari-

445 1241 553 1296 bus
584 1239 816 1310 ducere,
851 1254 968 1293 non
990 1237 1254 1309 occipitio
1270 1236 1610 1310 cappillisve
1639 1238 1897 1294 solemus
1926 1238 2071 1293 hau-

433 1329 567 1384 rire.
595 1331 711 1383 Nec
740 1330 1003 1384 mortuos
1033 1342 1381 1383 coronamus
1413 1327 1544 1398 (92).
1598 1331 1712 1399 Ego
1745 1344 1846 1383 vos
1878 1327 1935 1382 in
1968 1327 2076 1382 hoc

437 1416 627 1489 magis
657 1415 1364 1486 miror,quemadmodum
1393 1415 1668 1471 tribuatis
1690 1415 1944 1471 exanimi
1968 1416 2077 1489 (93)

436 1509 538 1562 aut
567 1521 684 1561 non
713 1503 1008 1575 sentienti,
1041 1503 1248 1571 facem,
1281 1508 1384 1560 aut
1426 1521 1542 1560 non
1587 1505 1882 1573 sentienti,
1915 1521 2079 1560 coro-

441 1610 618 1662 nam;
673 1609 807 1648 cum
856 1597 912 1647 et
953 1592 1160 1647 beatus
1208 1609 1324 1646 non
1398 1597 1584 1664 egeat,
1634 1598 1692 1648 et
1738 1593 1918 1649 miser
1963 1611 2077 1649 non

439 1682 690 1756 gaudeat
719 1681 979 1737 ﬂoribus.
1011 1683 1084 1736 At
1130 1679 1288 1736 enim
1338 1697 1445 1736 nos
1476 1681 1781 1754 exsequias
1830 1683 2077 1739 adorna-

441 1787 573 1828 mus
595 1769 706 1842 (94)
730 1769 932 1826 eadem
952 1768 1376 1841 tranquillitate
1392 1785 1511 1841 qua
1530 1770 1627 1828 85
1641 1772 1679 1825 7
1689 1769 2080 1828 vivimus.Nec

2176 527 2268 582 nis
2299 527 2540 582 ﬂoribus
2573 527 2823 582 vividam
2875 525 3262 589 sustinemus,
3315 525 3416 596 qui
3465 529 3522 577 et
3551 523 3827 588 modesti,

2176 615 2278 671 Dci
2309 616 2496 671 nostri
2529 614 2876 672 liberalitate
2901 614 3116 680 securi,
3149 630 3314 685 spem
3347 612 3556 668 futurae
3588 611 3830 668 felicita-

2175 703 2253 758 tis
2283 705 2419 773 (93).
2457 705 2569 760 ﬁde
2609 703 2914 777 praesentis
2945 703 3072 773 ejus
3106 702 3433 773 majestatis
3465 701 3830 758 animamur.

2179 792 2269 848 Sic
2300 799 2356 848 et
2385 793 2539 849 beati
2581 793 2968 864 resurgimus,
3003 797 3058 846 et
3107 791 3291 846 futuri
3339 789 3832 861 contemplatione

2178 881 2331 938 viam
2365 882 2896 937 vivimus.Proinde
2933 880 3043 954 [58]
3065 884 3562 948 Socrates,scurra
3590 879 3832 946 atticus,

2177 970 2408 1041 viderit,
2460 970 2608 1026 nihil
2659 987 2723 1026 se
2772 971 2920 1026 scire
2963 970 3267 1025 confessus
3313 969 3649 1025 testimonio
3697 967 3839 1023 licet

2181 1058 2847 1116 fallacissimidaemonis
2879 1057 3200 1131 gloriosus:
3223 1057 3504 1114 Arcesilas
3536 1074 3770 1130 quoque
3784 1061 3845 1112 et

2185 1149 2534 1215 Carneades,
2594 1151 2650 1203 et
2698 1146 2940 1220 Pyrrho,
2992 1150 3049 1203 et
3101 1147 3295 1203 omnis
3353 1146 3842 1202 Academicorum

2184 1237 2500 1294 multitudo
2540 1236 2822 1292 deliberet
2852 1253 2865 1290 :
2901 1235 3232 1292 Simonides
3283 1236 3484 1302 etiam,
3535 1235 3598 1290 in
3631 1250 3843 1306 perpe-

2184 1331 2384 1396 tuum,
2439 1324 2854 1398 comprehendi
2905 1341 3009 1381 nec
3058 1326 3227 1397 (vulg,
3294 1325 3845 1397 comperendinet];

2185 1415 2673 1488 philosophorum
2705 1413 3022 1488 supercilia
3051 1414 3511 1484 contemnimus,
3535 1430 3686 1485 quos
3719 1429 3852 1468 cor-

2183 1510 2454 1578 ruptores
2470 1509 2527 1560 et
2541 1504 2838 1560 adulteros
2854 1503 3124 1560 novimus
3177 1509 3236 1559 et
3263 1507 3542 1575 tyrannos
3569 1527 3583 1565 ;
3615 1508 3673 1558 et
3693 1517 3851 1557 sem-

2189 1609 2292 1667 per
2320 1594 2601 1650 adversus
2647 1609 2756 1649 sua
2795 1592 2937 1648 vitia
2967 1593 3270 1648 facundos.
3321 1592 3437 1648 Nos
3468 1607 3588 1648 non
3636 1590 3847 1645 habitu

2189 1681 2540 1755 sapientiam
2571 1682 2669 1738 sed
2704 1681 3292 1752 mente;prasferimus
3329 1695 3342 1736 :
3371 1697 3487 1736 non
3507 1678 3852 1751 eloquimur

2191 1787 2428 1844 magna,
2461 1770 2564 1828 sed
2609 1769 2863 1828 vivimus
2896 1786 2910 1826 :
2943 1769 3267 1843 gloriamur
3297 1786 3405 1828 nos
3459 1771 3849 1836 consecutos;

1867 1907 2197 1968 Variorum
2241 1914 2427 1967 notae.

445 2019 808 2077 daemonibus
838 2017 1109 2074 dicatam.
1145 2016 1228 2090 Cb
1259 2017 1458 2090 oculos
1505 2018 1681 2090 habet
1709 2022 1918 2076 Noster
1946 2036 2076 2076 sen-
2113 2025 2161 2090 Β
2191 2020 2465 2077 emendat
2507 2019 2776 2086 exanimi,
2816 2021 2886 2090 ut
2928 2033 3039 2090 non
3085 2018 3346 2090 sentienti
3389 2020 3590 2089 facem,
3640 2020 3702 2090 ut
3729 2032 3852 2072 sen-

448 2091 688 2149 tentiam
719 2105 896 2161 quam
925 2088 1415 2162 Apostolusdixit
1446 2091 1472 2145 1
1499 2089 1620 2146 Cor.
1653 2109 1708 2161 x,
1739 2093 1830 2148 25.
1863 2096 1920 2148 et
1956 2107 2080 2162 vm,

444 2166 500 2220 7.
552 2167 610 2219 et
648 2159 809 2235 Rom.
839 2159 992 2235 31v;
1023 2163 1110 2230 14,
1159 2159 1260 2235 ubi
1315 2161 1498 2235 docet
1528 2159 1897 2235 quocunque
1956 2159 2084 2219 cibo

450 2233 812 2305 Christianis;
839 2231 1011 2288 licere
1039 2232 1211 2305 vesci
1254 2232 1438 2305 etiam
1483 2231 1846 2305 idolothytis,
1895 2235 1978 2290 ita
2004 2239 2088 2290 ta-

455 2323 588 2363 men
620 2302 760 2372 ut,si
791 2303 966 2360 frater
985 2302 1138 2359 adsit
1167 2301 1268 2375 qui
1302 2303 1373 2359 de
1396 2303 1669 2376 libertate
1700 2301 1807 2363 hac
1839 2306 2087 2376 dubitet,

453 2378 526 2435 iis
557 2393 661 2447 pro
692 2379 952 2447 tempore
979 2374 1360 2431 abstineatur.
1395 2374 1579 2432 HEUM.

525 2447 639 2520 (87)
669 2447 747 2504 Ne
775 2447 896 2518 quis
922 2447 1215 2522 existimet.
1248 2447 1652 2522 supplendum
1675 2464 1790 2518 nos,
1816 2463 2092 2522 non,cum

454 2517 818 2585 He‘umanno,
849 2518 1033 2572 textui
1061 2517 1462 2574 inserendum.

526 2591 652 2662 (88)
683 2589 899 2662 cedere.
936 2590 1082 2661 Lego
1139 2590 1384 2662 credere,
1428 2590 1524 2646 Sic
1570 2608 1699 2662 cap.
1747 2593 1837 2659 40,
1881 2591 2101 2648 credere

456 2663 584 2718 Deo.
614 2660 694 2717 Ᾱο
725 2660 805 2716 ita
826 2661 953 2719 iam
986 2660 1312 2717 correxerat
1341 2661 1499 2717 hunc
1555 2660 1752 2718 locum
1785 2663 2099 2719 Meursius.

458 2733 684 2789 Credere
715 2736 804 2788 est
831 2731 1085 2787 formula
1115 2731 1598 2788 Christianorum.
1632 2736 1741 2790 Deo
1770 2734 1987 2790 credere
2015 2733 2102 2789 di-

460 2809 672 2860 cuntur
693 2802 1028 2870 Christiani,
1043 2803 1328 2860 daemoniis
1356 2805 1573 2860 credere
1589 2805 1903 2862 idololatria
1917 2806 2102 2862 HEUM.

458 2907 526 2917 —
556 2874 708 2946 Olim
741 2875 1027 2946 putabam,
1055 2873 1367 2946 legendum
1398 2875 1573 2942 edere,
1601 2882 1666 2932 ut
1694 2877 1911 2933 Paulus
1942 2878 2106 2934 ICor.

463 2963 520 3029 _x,
551 2947 645 3029 2.0,
678 2942 983 3029 Saipoyloic
1011 2942 1768 3029 Oiei-daemonissacriﬁcat,
1815 2949 1946 3029 Jam
1979 2966 2111 3029 vero

463 3017 711 3090 lectione
764 3017 1064 3090 vulgatam,
1121 3017 1288 3074 video
1345 3017 1763 3090 retinendamﬁ
1809 3020 2114 3076 Libertatis

466 3089 776 3163 enim_est_
817 3089 927 3144 non
973 3089 1194 3152 cedere;
1223 3089 1563 3163 Christiani,
1608 3093 1716 3149 soli
1761 3093 1864 3148 Deo
1910 3092 2116 3163 cedere,

469 3179 598 3232 cap.
631 3161 722 3232 37.
754 3161 1033 3215 LINDNER.

527 3230 640 3304 (89)
664 3231 973 3304 capiamus.
999 3230 1380 3304 (Stewechius
1409 3233 1477 3287 ad
1502 3232 1727 3304 Apuleii
1759 3237 1988 3289 Metam.
2019 3233 2123 3290 lib.

477 3321 534 3372 χ,
568 3302 630 3376 p.
657 3302 781 3371 382,
815 3302 1082 3358 rescribit
1106 3318 1418 3374 carpamus.
1471 3302 1666 3361 Refert
1709 3305 1767 3360 id
1788 3379 1797 3387 ~
1820 3305 2120 3372 Davisius,

467 3375 571 3431 sed
609 3391 723 3447 non
753 3375 1000 3447 probat;
1032 3391 1138 3447 ego
1168 3391 1305 3431 vero
1352 3378 1532 3433 Btew.
1583 3383 1891 3434 assentior.
1920 3377 2112 3447 Virgi-

467 3394 571 3431 seu
609 3394 723 3430 non
753 3394 999 3447 prooat;
1032 3394 1138 3447 ego
1168 3394 1305 3431 vero
1353 3394 1532 3433 anew.
1583 3394 1891 3434 assentior.
1931 3394 2062 3450 Virg

466 3447 581 3503 lius
615 3446 803 3518 Georg,
835 3463 913 3515 Iv,
951 3445 1052 3500 134
1083 3462 1096 3501 :

592 3579 651 3589 —-
683 3565 806 3603 vere
836 3565 1010 3602 rosam
1043 3557 1204 3617 atque
1236 3555 1499 3605 autumno
1530 3567 1748 3620 carpere
1780 3569 1957 3620 poma.

459 3664 541 3740 ac
571 3656 824 3740 hicuipse
854 3656 1018 3715 locus
1049 3660 1397 3718 observatus
1450 3661 1914 3740 fuisseggvidetur
1940 3663 2114 3719 menti

469 3735 732 3785 Minucii.
1635 3738 1832 3790 HEUM.

536 3801 648 3872 (90)
677 3801 769 3855 His
799 3803 850 3856 et
877 3801 1084 3872 sparsis
1110 3804 1327 3858 utimur
1352 3813 1404 3860 et
1432 3805 1613 3859 sertis.
1648 3805 1960 3861 Christiani
1995 3811 2117 3862 ute-

466 3873 684 3946 bantur
713 3872 956 3929 ﬂoribus
987 3874 1741 3946 sparsis,sertis.solutis,in
1777 3895 1949 3932 usum
1974 3879 2111 3932 sim-

468 3945 682 4072 plicem
715 3959 728 3998 :
763 3959 830 4001 eo
861 3945 1056 4000 autem
1080 3963 1192 4001 usu
1224 3951 1281 4002 st
1305 3948 1480 4002 modo
1502 3947 1596 4018 qui
1631 3947 1692 4004 in
1722 3949 1906 4006 sacris
1929 3950 2116 4020 genti-

497 4032 617 4069 ium
652 4021 794 4072 erat.
828 4017 1301 4072 diligentissime.
1335 4019 1727 4072 abstinebant.
1779 4024 2001 4072 Canam
2054 4053 2116 4061 —

497 4016 621 4088 ium_
652 4017 1301 4088 eratLdiligentissime,
1335 4016 1727 4075 abstinebant.
1779 4016 2001 4075 Cantia
2054 4053 2121 4061 —

473 4085 758 4158 Apuleius
806 4087 907 4144 lib.
939 4085 1012 4143 ἲν
1059 4089 1268 4145 Metam
1304 4105 1316 4144 :
1349 4091 1535 4146 Flores
1572 4095 1708 4147 serti
1739 4108 1802 4147 ac
1843 4093 2048 4154 soluti;
2081 4110 2120 4148 ι.

478 4159 578 4231 10_._
595 4173 732 4231 pag.
768 4159 871 4213 406
905 4177 917 4216 :
948 4161 1119 4217 lactis
1147 4161 1376 4231 ﬂoribus
1435 4163 1598 4218 sertis
1643 4180 1712 4218 ac
1739 4165 1948 4219 solutis.
1983 4165 2120 4219 Ter-

473 4228 762 4305 tullianus
812 4232 883 4286 De
913 4228 1155 4305 corona
1186 4233 1406 4295 militis,
1459 4249 1583 4305 cap.
1617 4235 1691 4302 5;
1725 4237 1902 4290 Floras
1945 4242 1994 4290 et
2036 4237 2120 4290 in-

477 4303 616 4357 serti
643 4311 694 4357 et
724 4303 938 4366 innexi,
961 4311 1012 4359 et
1035 4305 1198 4360 liberi
1220 4312 1273 4359 et
1301 4305 1486 4360 soluti.
1530 4303 1547 4305 “
1793 4310 2028 4360 Emesa

546 4373 660 4444 (91)
702 4374 911 4430 Auram
958 4375 1086 4430 boni
1136 4376 1308 4443 floris.
1353 4375 1754 4432 Tertullianus
1806 4379 1879 4433 De
1907 4393 2124 4443 corona,

480 4460 608 4515 cap.
641 4447 678 4498 5
706 4461 721 4499 :
754 4449 814 4499 In
845 4447 1034 4517 capite
1064 4448 1186 4518 quis
1213 4462 1382 4515 sapor
1404 4448 1557 4516 ﬂoris
1592 4451 1614 4501 Ρ
1648 4450 1776 4504 Tam
1807 4458 2004 4505 contra
2031 4468 2130 4504 na—

488 4523 674 4569 turam
703 4522 804 4583 est,
833 4519 1023 4590 florem
1051 4519 1228 4590 capite
1272 4523 1498 4582 sectari,
1550 4535 1713 4589 quam
1752 4522 1937 4576 cibum
1966 4538 2127 4590 aure,

487 4601 682 4640 sonum
729 4603 880 4661 nare.
936 4589 1005 4642 Et
1051 4588 1126 4644 ini
1164 4591 1496 4661 Apolngetici
1537 4588 1662 4661 cap.
1705 4593 1794 4656 42,
1846 4593 1950 4647 Nos
1981 4588 2127 4648 coroé

485 4673 618 4736 nam
661 4659 897 4736 naribus
957 4659 1230 4716 novimus.
1275 4659 1534 4727 Viderint,
1585 4659 1683 4735 qui
1725 4679 1822 4735 per
1869 4666 2132 4736 capillum

487 4727 809 4785 odorantur.
842 4731 1036 4789 HsUM.

557 4798 668 4870 (92)
709 4801 814 4856 Nec
859 4812 1098 4860 mortuos
1148 4820 1488 4862 coronamus.
1534 4805 1714 4870 Leges
1767 4824 1847 4862 xu
1878 4805 2131 4862 Tabula-

490 4887 619 4954 r‘um
652 4871 976 4954 prohibent
1001 4878 1222 4954 longas__
1243 4892 1471 4933 coronas
1517 4876 1578 4954 in
1603 4871 1954 4954 funeribus,
1978 4877 2134 4950 apud

487 4942 816 5021 CicerOnem
842 4947 917 5021 Ade
947 4942 1129 5021 Legit}.
1166 4946 1362 5021 lib._u,
1394 4964 1521 5021 cap_.
1552 4948 1622 5002 24
1658 4965 1670 5002 :
1704 4965 1840 5021 ergo
1865 4942 2138 5005 videntur

496 5015 640 5090 alias
672 5015 1035 5087 permisisse.
1064 5015 1566 5074 Tertullianus'De
1609 5015 1855 5090 coronas,
1887 5038 2012 5089 cap.
2051 5021 2138 5084 10,

494 5087 637 5153 Quid
666 5096 781 5142 tam
810 5090 1044 5160 dignum
1075 5090 1238 5154 idolo,
1274 5107 1437 5159 quam
1469 5090 1608 5162 quod
1628 5095 1679 5145 et
1708 5087 1920 5146 mortuo
1940 5087 1971 5146 ‘I
1998 5096 2139 5146 Nam

488 5166 540 5233 et
569 5169 960 5233 mirortuorum
982 5171 1062 5217 est
1087 5164 1166 5216 ita
1197 5162 1467 5227 coronari,
1486 5163 1741 5233 quoniam
1771 5167 1820 5218 et
1850 5164 1959 5233 ipsi
1988 5163 2137 5218 idola

490 5231 684 5284 statim
712 5233 852 5301 ﬁunt
888 5237 938 5288 et
985 5233 1176 5288 habitu
1215 5239 1265 5287 et
1312 5233 1464 5288 cultu
1496 5231 1944 5288 consecrationis.
1981 5235 2140 5290 Hanc

493 5307 726 5371 prepter
755 5319 996 5360 causam
1029 5303 1402 5359 abstinebant
1434 5302 1605 5374 prisci
1637 5303 1947 5360 Christiani
1976 5323 2135 5361 coro-

493 5389 708 5454 parum
744 5391 852 5429 usu
907 5375 963 5428 in
1014 5374 1366 5454 funeribus}
1396 5375 1566 5430 ﬂores
1598 5377 2138 5454 postea‘sepulcris

490 5443 782 5517 injecissc,
817 5462 996 5516 supra
1027 5447 1098 5502 ad
1136 5462 1262 5517 cap.
1299 5447 1367 5500 12
1419 5443 1768 5502 notavimus.
1806 5443 2135 5505 CELLALIUS.

558 5514 668 5597 (98)
720 5514 1538 5597 ριιρηιὶιιίηιοιίμηι’ινίὸιρίιιίςξ⁸
1567 5521 1834 5590 exanimi,
1879 5532 1987 5597 aut
2028 5538 2138 5576 non

492 5590 753 5658 sentienti
778 5590 974 5658 facem,
1007 5593 1109 5646 aut
1137 5607 1251 5644 non
1280 5592 1538 5646 sentienti
1563 5607 1839 5647 coronam.
1874 5593 1967 5648 Sic
1999 5610 2135 5658 ms.;

481 5659 543 5736 ft
593 5653 869 5736 Gelenius
931 5653 1116 5719 edidit
1175 5663 1435 5736 exanimi
1489 5671 1586 5718 aut
1628 5666 1889 5720 sentienti
1937 5653 2133 5736 facem;

475 5722 776 5810 blatirsius
799 5729 1117 5810 legendum
1145 5733 1392 5805 conjecit
1439 5736 1708 5810 exanimi.
1739 5745 1833 5792 aut
1861 5722 1967 5792 non
2002 5753 2134 5810 sen-

467 5802 657 5867 tienti,
721 5810 781 5857 ut
838 5807 1133 5876 sentienti,
1200 5802 1479 5865 coronam.
1547 5807 1620 5862 At
1667 5806 1796 5866 Des.
1847 5807 2137 5866 Heraldus

2171 4767 2215 4831 D

2194 2093 2356 2149 tienti
2383 2106 2660 2147 coronam.
2694 2088 2948 2161 Denique
2979 2089 3031 2145 cl
3091 2088 3418 2146 Salmasius
3446 2089 3690 2145 Exercit.
3719 2090 3851 2161 Plin

2195 2181 2254 2237 p.
2283 2165 2409 2237 963,
2443 2161 2753 2237 ed._Paris,
2781 2160 3156 2217 scribendum
3206 2162 3586 2237 pronuntiat,
3633 2160 3852 2214 tribua-

2194 2234 2265 2293 tis
2287 2235 2385 2290 aut
2411 2234 2670 2290 sentienti
2717 2235 2914 2303 facem,
2965 2241 3066 2288 aut
3112 2248 3224 2288 non
3269 2234 3530 2289 sentienti
3563 2247 3853 2303 coronam,

2198 2311 2270 2365 At
2297 2323 2430 2362 vero
2460 2320 2666 2361 omnes
2705 2301 2740 2360 a
2760 2320 2935 2376 scopo
2952 2306 3317 2361 aberrarunt.
3354 2303 3546 2360 Deleta
3565 2301 3860 2374 particula

2201 2382 2469 2452 negante,
2489 2376 2897 2452 corrigendum
2926 2378 3181 2432 exanimi
3208 2379 3301 2452 aut
3329 2393 3442 2452 non
3483 2376 3745 2452 sentienti
3757 2377 3855 2452 fa-

2201 2445 2907 2529 cem_.(faa_enim'_nu‘llum
2941 2464 3116 2529 usum
3175 2447 3289 2529 nisi
3321 2448 3540 2502 videnti
3570 2452 3747 2529 atque
3777 2445 3860 2500 ita

2205 2519 2478 2579 sentienti
2513 2519 2767 2591 prieslat)
2796 2527 2895 2574 aut
2936 2522 3196 2576 sentienti
3239 2535 3535 2587 coronam;
3567 2519 3855 2573 rationem

2210 2593 2449 2662 subjicit
2493 2591 2619 2663 ipse
2665 2591 2980 2663 Minucius.
3025 2592 3537 2663 cumbeatusgnon
3591 2597 3771 2658 egeat,
3789 2593 3859 2663 et

2209 2661 2380 2722 miser
2410 2661 2780 2732 non—gaudeat
2811 2664 3058 2733 ﬂoribus.
3077 2661 3178 2717 Cui
3209 2662 3379 2732 igitsr
3399 2661 3552 2717 bono
3581 2661 3858 2733 mortuis,

2213 2737 2348 2794 licet
2377 2731 2790 2806 sentientibus,
2812 2731 3191 2806 apponuntur
3207 2731 3536 2790 ?’Dav18.--
3563 2731 3861 2806 Gutherus

2213 2808 2320 2865 lih.
2355 2823 2436 2874 ιιι,
2468 2807 2538 2862 De
2579 2805 2710 2876 jure
2757 2803 3032 2872 manium,
3077 2804 3238 2861 salva
3281 2810 3539 2861 veterum
3584 2803 3860 2859 codicum

2218 2880 2353 2956 ﬁde,
2387 2877 2668 2948 scriptum
2692 2877 3018 2956 -existimat
3051 2892 3064 2930 :
3097 2880 3193 2956 qut
3221 2893 3340 2956 non
3377 2878 3632 2956 sentienti
3684 2879 3864 2956 facem

2221 2955 2314 3007 aut
2341 2945 2451 3004 non
2493 2945 2731 3004 sectanti
2769 2964 3045 3004 coronam.
3096 2947 3418 3004 Gronovius
3465 2945 3699 3002 lectioni
3750 2962 3862 3000 ms.

2222 3021 2660 3088 insistens,eam
2689 3019 2771 3074 ita
2798 3019 3046 3090 explicat
3076 3036 3089 3073 :
3121 3027 3216 3075 ant
3249 3035 3360 3074 non
3389 3021 3649 3074 sentienti
3676 3019 3752 3073 ad
3781 3023 3866 3073 te-

2227 3095 2439 3152 nebras
2469 3091 2769 3164 pellendas
2795 3093 3090 3162 facem,aut
3119 3107 3229 3146 non
3249 3092 3510 3146 sentienti
3529 3091 3599 3164 ad
3629 3091 3866 3145 dulcem

2229 3161 2495 3222 afﬂatum
2525 3169 2627 3218 aut
2655 3163 2890 3218 odorem
2920 3178 3195 3218 coronam.
3247 3164 3360 3217 Gru
3373 3179 3546 3217 nerus
3577 3161 3734 3216 hanc
3762 3177 3866 3216 au-

2231 3237 2410 3294 ctoris
2440 3235 2790 3290 sententiam
2810 3250 2935 3290 esse
2963 3233 3044 3289 ait
3074 3249 3088 3288 :
3121 3236 3238 3305 Ego
3259 3251 3347 3290 vos
3374 3236 3430 3288 in
3460 3235 3558 3288 hoc
3588 3233 3746 3305 quod
3780 3233 3868 3305 ni-

2236 3308 2451 3365 mirum
2495 3311 2757 3362 mortnos
2787 3306 3098 3372 coronatis,
3141 3303 3327 3376 magis
3373 3309 3566 3371 miror,
3600 3303 3868 3375 quemad-

2236 3379 2461 3436 modum
2491 3378 2747 3434 tribuatis
2779 3378 2836 3432 id
2867 3379 3117 3433 etcanimi
3148 3380 3347 3445 (quem
3381 3393 3619 3432 necesse
3642 3384 3750 3442 est,
3781 3383 3879 3430 aut

2223 3455 2397 3524 facem
2425 3451 2648 3515 sentire,
2679 3465 2794 3524 qua
2821 3464 3081 3524 cremare
3122 3449 3322 3524 soletis
3347 3465 3361 3516 ;
3394 3451 3489 3503 aut
3516 3449 3872 3524 non_sentire_

2223 3519 2503 3587 coronam,
2547 3537 2664 3592 qua
2706 3519 3021 3576 honestare
3070 3519 3312 3592 putatis)
3361 3535 3482 3574 cum
3516 3519 3787 3592 mortuus,
3817 3519 3872 3592 si

2225 3595 2418 3651 beatus
2447 3595 2540 3661 sit,
2568 3590 2680 3648 non
2709 3596 2879 3662 egeat,
2931 3593 3022 3646 sin
3070 3590 3258 3659 miser,
3297 3590 3414 3646 non
3451 3591 3681 3661 gaudeat
3714 3590 3868 3658 flori-

2229 3664 2658 3747 bus._.E_quidem
2688 3662 2825 3745 hujs
2852 3662 2962 3718 loci
2991 3662 3152 3747 hunc
3174 3678 3308 3747 esse
3352 3679 3590 3747 sensum
3637 3677 3874 3732 semper

2228 3734 2486 3803 credidi;
2521 3753 2636 3790 non
2671 3734 2888 3790 mirum
2920 3740 3010 3790 est
3040 3742 3302 3790 mortuos
3351 3751 3383 3788 a
3433 3736 3600 3788 nobis
3632 3749 3748 3788 non
3781 3749 3878 3787 co-

2231 3807 2445 3878 ronari,
2478 3807 2618 3878 quia
2649 3822 2747 3861 eos
2775 3823 2889 3878 non
2933 3805 3148 3861 sentire
3177 3806 3419 3878 scimus.
3472 3807 3543 3859 At
3589 3821 3725 3878 vos,
3748 3820 3878 3878 exa-

2230 3875 2449 3937 nimem
2487 3875 2591 3933 cur
2629 3877 2969 3932 coronatis?
3001 3878 3267 3932 Fortasse
3317 3876 3455 3947 quia
3499 3876 3677 3931 sentit
3705 3875 3734 3929 ‘l’
3763 3875 3883 3930 Cur

2230 3969 2366 4023 ergo
2396 3951 2579 4005 facem
2604 3949 2878 4004 sentienti
2898 3947 3242 4023 subjicitisj
3274 3954 3345 4001 At
3377 3947 3688 4023 nonsentit
3717 3963 3882 4002 mor-

2232 4019 2396 4080 tuus.
2439 4023 2585 4090 Ergo
2616 4038 2727 4074 non
2762 4020 3148 4075 coronandus.
3201 4021 3416 4090 Estque
3449 4019 3753 4081 dilemma,
3775 4036 3880 4072 cu-

2223 4093 2487 4168 jusmodi
2518 4092 2792 4168 Caecilius
2831 4108 3031 4168 supra,
3084 4109 3212 4168 cap.
3247 4092 3358 4168 1i,“
3385 4091 3683 4168 attulerat,
3717 4091 3888 4168 et_i_ta

2234 4163 2469 4223 formari
2502 4164 2675 4219 debet
2706 4181 2719 4219 :
2751 4165 3037 4219 Exanimis
3066 4167 3163 4217 aut
3199 4165 3382 4226 sentit,
3415 4167 3511 4216 aut
3541 4179 3647 4216 non
3669 4163 3844 4216 sentit
3867 4179 3885 4214 :

2233 4241 2282 4294 si
2309 4238 2488 4306 sentit,
2521 4252 2621 4289 cur
2650 4236 2743 4290 illi
2769 4239 2946 4306 facem
2991 4235 3264 4306 subjicilis
3288 4235 3321 4288 .9
3348 4236 3398 4288 si
3425 4251 3537 4289 non
3575 4236 3758 4299 sentit,
3787 4249 3890 4287 cur

2235 4324 2491 4366 coronam
2524 4307 2765 4361 tribuitis
2786 4310 2810 4359 .9
2841 4307 3120 4361 LINDNEB.

2310 4380 2421 4449 (94)
2455 4381 2518 4434 At
2545 4380 2693 4434 enim
2719 4393 2817 4431 nos
2844 4379 3138 4447 exsequias
3160 4376 3529 4449 (adornamus.
3565 4378 3651 4449 Ita
3682 4373 3885 4430 Heral-

2239 4447 2351 4507 dus
2383 4469 2451 4507 ex
2481 4451 2639 4521 regio
2687 4466 2800 4504 ms.
2851 4454 2908 4504 et
2959 4448 3298 4521 Meursius,
3333 4447 3511 4521 Vu_lgo
3568 4448 3887 4521 adoramus,

2284 4524 2393 4578 uod
2425 4517 2883 4592 interpretantur
2900 4523 3158 4591 facimus,
3184 4519 3342 4592 quia
3394 4517 3599 4574 Festus
3631 4517 3886 4592 dixerit:

2284 4541 2393 4578 υοα
2425 4541 3158 4592 ιῐιιενρῐθιᾶῐιιυΓῙαεῑιηιιδ,
3203 4541 3342 4590 qum
3394 4541 3599 4574 [ει-ηαδ
3631 4541 3886 4573 οιχθτιιξ

2240 4541 2482 4651 adorare
2520 4593 2670 4665 apud
2714 4594 2967 4665 avitiqttos
3010 4591 3359 4665 signiﬁcabat
3418 4607 3598 4665 agere.
3634 4590 3891 4665 Scdnec

2253 4665 2350 4722 ille
2380 4661 2658 4736 exemplis
2691 4661 2972 4734 probavit,
3007 4661 3215 4733 neque,
3249 4661 3296 4716 si
3331 4662 3890 4736 probasset,cert_um

2247 4737 2384 4793 inde
2417 4731 2583 4818 foret.
2617 4731 2938 4818 Minucium
2973 4731 3246 4818 φχαΐκῶς,
3280 4731 3456 4818 quam
3483 4731 3891 4818 cum-Latinis;

2249 4827 2369 4865 suae
2403 4814 2459 4863 et
2506 4807 2826 4878 superioris
2873 4803 3081 4871 ietatis,
3132 4811 3355 4877 quanta
3402 4809 3540 4861 nota
3585 4809 3699 4872 est,
3731 4803 3889 4874 loqui

2245 4881 2545 4937 maluisse.
2578 4883 2813 4934 CELLAR.
3744 4917 3761 4927 .

2317 4953 2427 5022 (94)
2478 4951 2635 5022 Spem
2682 4952 2885 5021 futurae
2927 4946 3234 5019 felicitatis.
3299 4946 3416 5022 Hoc
3462 4949 3572 5022 est,
3617 4946 3688 5022 ad
3722 4960 3886 5016 spem

2249 5018 2457 5078 futurae
2492 5018 2785 5078 t‘élicitatis
2805 5018 3141 5076 animamur
3171 5018 3484 5090 securi,qui
3517 5019 3888 5090 majestatem

2249 5097 2376 5164 ejus
2409 5098 2750 5166 przrsentem
2779 5093 3095 5166 credimus.
3126 5090 3604 5166 SicClaudianus
3635 5107 3699 5166 ιιι
3724 5090 3886 5166 _Rapt.

2248 5160 2302 5220 ν’.
2336 5160 2440 5218 386
2465 5183 2476 5218 :
2512 5166 2784 5220 Animare
2811 5163 2881 5218 ad
2905 5161 3324 5217 criminaﬂlim
3359 5161 3440 5214 ita
3468 5160 3890 5216 emendabam:

2248 5238 2583 5292 sustinemus
2613 5239 2794 5308 quiete
2817 5253 2835 5289 :
2865 5234 3119 5308 modesti.
3145 5234 3247 5288 Dei
3292 5235 3474 5308 nostri
3491 5305 3503 5308 Α
3521 5233 3898 5308 liberalitate:

2247 5311 2448 5374 securi,
2471 5325 2564 5375 spe
2589 5304 2819 5380 futura:
2833 5307 3118 5380 felicitatis
3134 5323 3169 5380 -.ς
3197 5304 3578 5380 ᾳηὶηιαιίῴάε
3596 5304 3894 5380 praesentis

2247 5383 2364 5452 ejus
2393 5374 2722 5450 majest'atis.
2759 5374 3047 5452 Rigaltins
3077 5376 3263 5452 edidit
3295 5394 3308 5431 :
3339 5374 3893 5452 sustz'nemus,quieti,

2246 5447 2496 5514 modesti,
2529 5453 2627 5506 Dei
2665 5447 2858 5508 nostriw
2885 5447 3223 5504 liberalitate
3266 5449 3463 5511 securi,
3507 5463 3653 5519 spem
3683 5447 3898 5516 futue-3

2245 5524 2536 5649 ﬁlicitatis
2582 5523 2649 5579 de
2694 5522 2983 5594 praesentis
3028 5520 3144 5588 ejus
3189 5519 3499 5588 majestatis
3547 5520 3894 5573 animamur.

2299 5610 2628 5649 eumannus
2671 5595 2751 5648 ita
2783 5594 3066 5649 scriptum
3103 5589 3284 5645 fuisse
3315 5607 3348 5644 a
3379 5590 3633 5644 Minucio
3664 5589 3894 5642 scribit:

2299 5610 2628 5649 eumannus
2671 5589 2751 5648 ita
2783 5594 3066 5664 scriptum
3103 5589 3348 5664 fuisses
3379 5590 3633 5664 Minucio
3664 5589 3895 5664 scribit;

2249 5667 2355 5734 Qui
2381 5666 2447 5720 de
2491 5669 2750 5736 potestate
2799 5658 2918 5719 Dei'
2941 5662 3118 5736 nostri
3151 5664 3205 5716 et
3258 5662 3592 5736 liberalitate
3619 5658 3900 5736 securi

2244 5732 2400 5808 spem
2427 5732 2643 5809 futurae
2671 5737 2951 5809 felicitatis
2980 5733 3086 5805 ﬁde
3107 5735 3400 5806 prementis
3430 5733 3551 5804 ejus
3578 5732 3902 5804 mujestatis

2245 5811 2585 5877 animamur,
2618 5811 2890 5867 Lmnusa.
