4102 6162
415 287 534 350 375
1617 287 2014 348 APPENDIX
2058 288 2160 347 AD
2209 288 2626 351 MINUCIUM.
3696 289 3807 348 316

416 419 748 488 consentio;
819 419 998 475 etiam
1042 435 1195 475 nunc
1252 424 1450 475 tamen
1509 417 1700 490 aliqua
1759 417 2063 476 consubsi-
2093 418 2300 486 Ανὶοθ
2329 420 2442 490 (11)
2501 419 2749 492 gaudeo,
2796 420 2951 491 quod
2999 417 3176 474 etiam
3207 417 3480 474 Octavius
3509 417 3646 474 mihi
3675 420 3806 476 vice-

423 509 572 565 dunt
602 508 703 580 (8),
739 525 854 564 non
914 509 1311 580 obstrepentia
1359 508 1611 576 veritati,
1669 510 1768 566 sed
1802 509 2066 580 perfectas
2179 507 2276 580 rit,
2307 525 2440 564 cum
2464 509 2721 564 maxima
2768 507 3072 580 judicandi
3128 505 3271 561 mihi
3323 506 3540 564 invidia
3568 508 3809 565 detracta

419 597 776 655 institutioni
810 598 1176 653 necessaria:
1239 597 1309 653 de
1363 597 1578 668 quibus
1603 597 1878 662 crastino,
1910 595 2064 667 quod
2175 599 2273 654 sit.
2308 597 2422 656 Nec
2482 603 2675 653 tamen
2729 613 2972 668 possum
3029 595 3306 650 meritum
3345 599 3474 666 ejus
3512 596 3798 652 verborum

410 688 535 758 jam
567 685 654 742 sol
712 687 944 742 occasui
1002 685 1241 741 declivis
1299 692 1406 753 est,
1451 691 1515 740 ut
1543 686 1614 741 de
1648 691 1764 742 toto
1794 687 1890 757 (9),
1926 702 2064 740 con-

416 776 747 848 gruentius,
782 775 1116 847 promptius
1145 775 1258 843 (10)
1285 774 1674 846 requiremus.

1040 898 1273 953 CAPUT
1301 899 1440 954 XLI.

420 993 859 1044 ARGUMENTUM.
892 1017 960 1029 --
1016 989 1290 1043 Postremo
1345 989 1465 1043 testi
1509 1003 1712 1054 omnes,
1763 987 2071 1058 hilaresque

490 1059 812 1116 discedunt:
861 1060 1130 1121 Caecilius,
1186 1059 1327 1129 quod
1379 1059 1674 1115 crediderit
1721 1077 1738 1123 ;
1796 1060 2067 1129 Octavius,

489 1132 628 1204 quod
657 1132 821 1204 360
841 1131 1033 1204 vicerit
1055 1148 1084 1204 :_
1115 1131 1386 1187 Minucius
1415 1141 1621 1199 autem,
1654 1129 1795 1202 quod
1829 1130 1926 1186 ille
1953 1145 2068 1186 cre-

491 1201 697 1259 diderit
726 1205 779 1258 et
801 1201 890 1257 hic
919 1202 1127 1257 vicerit.

491 1322 565 1374 At
594 1334 722 1391 ego,
780 1318 1048 1389 inquam,
1106 1315 1390 1388 prolixius
1460 1318 1726 1374 omnium
1803 1321 2070 1373 nostrum

2176 687 2451 744 laudibus
2510 703 2838 759 repensare.
2895 685 3323 741 Testimonium
3372 689 3432 739 et
3485 684 3734 740 hominis
3761 691 3810 741 et

2179 777 2354 832 unius
2385 777 2685 831 inﬁrmum
2718 780 2825 831 est.
2859 775 3044 830 Habet
3078 773 3173 828 Dei
3207 790 3426 828 munus
3451 773 3741 840 eximium,
3770 793 3800 830 a

2179 883 2292 938 quo
2332 870 2390 921 et
2413 864 2735 936 inspiratus
2764 864 2877 936 (12)
2935 862 3140 931 oravit,
3175 866 3234 917 et
3287 861 3544 917 obtinuit
3571 862 3810 932 adjutus.

2252 959 2388 1010 Post
2409 954 2531 1010 haec
2562 953 2672 1009 laeti
2702 952 3034 1024 hilaresque
3072 951 3478 1021 discessimus,
3531 950 3806 1021 Caecilius,

2179 1045 2334 1117 quod
2383 1041 2724 1100 crediderit:
2775 1041 3068 1112 Octavius,
3142 1039 3400 1112 gaudere
3479 1039 3631 1110 quod
3683 1039 3814 1095 vice-

2179 1134 2573 1205 rit(13];ego,
2614 1135 2672 1188 et
2717 1131 2873 1203 quod
2930 1129 3026 1186 hic
3081 1127 3396 1185 crediderit
3440 1127 3577 1200 [14],
3625 1133 3680 1183 et
3733 1127 3818 1184 hic

2178 1222 2403 1279 vicerit.

1866 1459 2197 1523 Variorum
2243 1458 2431 1515 notae.

425 1600 559 1640 mus
590 1585 939 1657 exemplaris
970 1586 1299 1655 lectionem,
1342 1602 1470 1656 qua:
1503 1589 1660 1640 recta
1713 1589 1820 1658 est-
1866 1585 2075 1658 Noster
2104 1585 2152 1650 B
2181 1583 2310 1658 tum
2340 1576 2769 1658 suppeditante.
2803 1576 2877 1632 Ut
2934 1593 3049 1631 non
3079 1581 3170 1632 est
3201 1574 3562 1648 conjunctio,
3594 1575 3690 1630 sed
3735 1575 3822 1630 ad-

431 1673 612 1728 supra
641 1655 775 1728 capi
825 1658 894 1711 38
933 1674 947 1713 :
1000 1659 1075 1714 Ne
1129 1658 1250 1728 quis
1299 1655 1577 1713 existimes
1619 1663 1717 1712 aut
1765 1655 2074 1725 dwmoniis,

467 1729 627 1782 uibus
655 1728 889 1784 libatum
943 1733 1021 1786 est
1075 1730 1264 1784 cedere
1293 1746 1312 1784 :
1357 1728 1457 1784 ubi
1555 1745 1821 1800 erperam
1880 1728 2084 1782 itidem

429 1744 596 1856 goan.
629 1801 917 1855 Meursius
940 1800 1211 1856 rescribit
1241 1799 1474 1856 credere.
1501 1746 1856 1856 [grudentius
1887 1799 2082 1855 Perist.

465 1816 596 1854 oan.
629 1801 917 1855 Meursius
940 1800 1211 1856 rescribit
1241 1799 1474 1856 credere.
1501 1799 1856 1856 Prudentius
1887 1799 2082 1855 Perist.

433 1871 648 1944 Hymn.
689 1889 744 1942 x,
771 1873 918 1927 960:

829 1993 1068 2044 Probatis
1096 1993 1225 2044 cede
1252 1993 1365 2058 jam
1394 1992 1696 2043 miraculis:

509 2075 736 2131 Rursus
765 2074 823 2130 in
855 2073 1188 2148 Symmach.
1222 2073 1324 2131 lib.
1360 2091 1422 2140 ιι,
1451 2088 1600 2130 vers.
1630 2073 1664 2129 3
1689 2089 1701 2127 :

564 2163 804 2214 Diximus
833 2165 885 2213 et
913 2169 1098 2215 nostro
1138 2163 1358 2213 Romam
1381 2161 1496 2227 jam
1524 2161 1712 2213 cedere
1739 2161 1963 2212 Christo.

439 2288 536 2347 Sic
592 2293 649 2344 et
724 2290 980 2347 confessae
1034 2289 1250 2345 credere
1309 2290 1533 2344 veritati
1599 2285 1744 2343 dixit
1796 2284 2092 2342 Arnobius

442 2361 559 2434 lib.
574 2377 659 2434 vr,
689 2377 746 2434 p.
783 2360 1130 2434 197.7Dav1s.

513 2405 1333 2505 (8).Z‘o‘usulisiitulitrﬁrbum
1389 2427 1705 2505 illatinum,
1765 2425 2089 2505 immerito-

442 2499 582 2573 que'
611 2503 896 2558 insertum
958 2502 1126 2558 Fabri
1157 2501 1360 2557 lexico.
1394 2501 1618 2571 Abjicio
1649 2517 1771 2563 con,
1801 2503 1858 2554 et
1886 2499 2091 2573 subse-

438 2570 640 2644 quenti
693 2589 804 2629 non
859 2575 1099 2638 factum,
1160 2573 1327 2644 quod,
1374 2570 1531 2642 iusto
1589 2573 1764 2628 citius
1805 2570 2089 2641 scriptum

438 2643 632 2702 delere
689 2645 882 2700 noluit
941 2643 1238 2700 librarius.
1299 2643 1599 2715 Optimum
1635 2657 2090 2715 iverosensum

437 2716 613 2772 habet
640 2717 953 2773 subsidunt.
987 2715 1049 2770 In
1083 2733 1218 2771 vase
1247 2713 1403 2771 enim
1455 2714 1740 2770 subsidere
1771 2713 1986 2769 dicitur
2031 2713 2089 2768 id

437 2788 591 2859 quod
628 2788 820 2859 liquor
851 2787 1028 2842 habet
1055 2786 1384 2859 turbidum,
1441 2791 1502 2859 et
1548 2785 1711 2859 hinc,
1745 2785 2089 2859 graviuscu-

433 2857 579 2915 lum.
610 2857 925 2924 Subsidunt,
961 2859 1171 2930 inquit,
1205 2858 1415 2929 aliqua,
1437 2857 1497 2930 l1.
1528 2873 1579 2930 e.
1607 2859 1662 2930 in
1686 2857 1816 2930 imo
1841 2857 2089 2930 pectoris

2192 1647 2474 1706 verbium
2494 1647 2674 1703 simil.
2711 1649 2986 1704 Lmnusa.

2264 1721 2377 1792 (10)
2434 1720 2764 1792 Promptius.
2824 1719 2957 1775 Dele
3028 1718 3270 1792 verbum
3348 1717 3484 1792 hoc,
3568 1721 3820 1786 tanquam

2197 1789 2484 1847 diversam
2518 1789 2886 1862 scripturam.
2940 1807 2972 1862 e
3020 1791 3286 1861 margine
3345 1789 3405 1844 in
3436 1794 3656 1845 textum
3687 1805 3823 1844 rece-

2196 1869 2369 1936 ptam
2392 1861 2719 1936 ab‘indocto
2751 1861 3010 1917 librario.
3044 1862 3235 1936 HEUM.

2268 1935 2380 2006 (11)
2447 1934 2707 2006 Omnium
2777 1937 3026 2006 nostrum
3097 1935 3231 2006 vice.
3303 1931 3568 1988 Rescribi
3623 1935 3825 2006 oportet

2196 2005 2386 2061 vicem.
2438 2005 2672 2060 Curtius
2727 2021 2829 2071 v11,
2880 2005 2935 2072 2,
2979 2005 3037 2073 5,
3092 2005 3306 2059 Μειδίας
3339 2019 3447 2060 non
3477 2005 3822 2069 suamvicem,

2197 2078 2288 2132 sed
2314 2079 2578 2147 fratrum.
2613 2077 2681 2132 Et
2711 2074 2768 2130 in
2793 2075 3056 2147 ejusdem
3091 2075 3221 2130 libri
3255 2091 3392 2147 cap.
3423 2074 3520 2147 il,
3540 2075 3627 2142 20,
3657 2076 3819 2147 Vicem

2205 2145 2394 2203 eorum
2422 2148 2708 2215 sollicitus,
2731 2145 2887 2202 Idem
2910 2166 2963 2215 ι,
2981 2149 3035 2214 5,
3053 2148 3144 2216 21,
3175 2148 3247 2201 de
3273 2145 3821 2218 reginaSysigambi,

2198 2219 2310 2276 Illa
2330 2236 2514 2284 suam,
2545 2220 2649 2290 illa
2679 2223 2921 2290 neptium
2948 2221 3125 2274 vicem
3151 2217 3599 2290 ﬂebatILivium
3621 2217 3822 2290 quoque

2200 2291 2414 2363 saepius
2445 2292 2536 2363 ita,
2584 2289 2781 2363 loqui,
2827 2296 2896 2363 et_
2940 2290 3094 2363 apud
3152 2289 3349 2363 buncA
3374 2289 3548 2363 etiam
3579 2289 3737 2363 vicem
3761 2289 3820 2343 ab

2199 2360 2451 2418 indoctis
2481 2360 2739 2418 librariis
2770 2362 2829 2416 in
2847 2360 3288 2418 vice'mutatum
3325 2360 3529 2428 fuisse,
3563 2361 3750 2415 doceat
3776 2364 3822 2413 te

2200 2433 2522 2490 Gronovius
2555 2437 2738 2505 pater,
2772 2433 2844 2490 ad
2881 2433 3022 2488 Livii
3055 2432 3159 2489 lib.
3192 2451 3234 2502 1,
3263 2432 3541 2558 οῗΐέυξίίθῐ
3567 2432 3652 2486 25.

3360 2519 3504 2559 EUM.

2274 2575 2385 2646 (12)
2413 2577 2476 2630 Et
2506 2576 2828 2646 inspiratus.
2861 2575 2931 2630 Et
2968 2575 3174 2631 abesse
3197 2574 3516 2701 Icommode
3535 2577 3728 2646 potest.

3243 2663 3485 2700 meum.

3243 2663 3485 2700 lNDNBR.

2273 2716 2383 2788 (13)
2417 2717 2670 2774 Octavius
2725 2715 2966 2786 gaudere
3017 2716 3158 2788 quod
3215 2719 3445 2772 vicerit.
3499 2714 3830 2788 Quibusdam

2201 2785 2373 2844 libris
2417 2785 2854 2843 insertum’est
2909 2785 3037 2843 hoc
3079 2789 3273 2855 modo,
3351 2790 3602 2844 Octavius
3629 2785 3833 2855 gaudere

2203 2859 2346 2930 quod
2374 2863 2588 2916 vicerit.
2638 2859 2744 2914 Sed
2802 2859 2852 2915 si
2911 2861 3070 2930 caepit
3125 2861 3314 2915 subau
3338 2861 3552 2929 diatur,
3583 2863 3760 2914 tamen
3783 2856 3830 2910 id

435 2931 627 2986 adhuc
658 2930 917 3012 resident
974 2928 1800 3022 st'remanent.r|2icit‘igitur
1826 2928 2090 3022 Caecilius
2123 2955 2165 3022 ρ
2205 2928 2704 3022 gedundabilt‘,‘in.
2731 2932 2850 2988 lati
2906 2928 3234 3022 hilaresque.
3266 2939 3454 3022 an‘tea
3507 2944 3830 3002 expressum.

441 3017 748 3072 superesse
797 3002 884 3082 in_
916 3017 1024 3056 sua
1081 3005 1274 3082 mente
1330 2999 1782 3082 deliberationes
1841 3000 2090 3082 aliquot,
2123 2999 2165 3022 υ
2203 3003 2367 3082 ρεμ..
2401 3033 2470 3082 :-
2517 3003 2770 3082 pctavius
2826 3002 3082 3072 gaudere.
3125 2999 3238 3057 ’νει
3295 3003 3518 3082 ultima
3568 2999 3666 3082 vox
3721 3015 3832 3082 cum

436 3071 563 3145 quas
604 3090 718 3129 non
749 3073 986 3199 (buide
1039 3089 1169 3128 eam
1199 3071 1316 3126 vim
1375 3071 1614 3137 habent,
1647 3077 1710 3127 ut
1749 3071 1820 3126 de
1852 3071 2092 3127 veritate

436 3144 730 3199 religionis
807 3143 1101 3199 hristianre
1134 3143 1403 3199 dubitare
1433 3146 1692 3199 cogatur.
1714 3159 1861 3199 quas
1892 3147 2087 3198 tamen

432 3144 730 3229 religionis
762 3144 1101 3229 Qhristianze
1134 3144 1403 3229 dubitare
1433 3146 1692 3229 cogatur,
1714 3159 1861 3229 quas
1892 3147 2087 3229 tamnen

433 3214 570 3272 tolli
589 3215 807 3288 cupiat,
839 3219 904 3271 ut
959 3232 1069 3272 sua
1124 3214 1384 3272 veritatis
1441 3214 1693 3288 cognitio
1735 3214 1856 3268 ’fiat
1895 3214 2087 3286 perfe-

435 3288 802 3360 ctior.HsUAM.
991 3357 1022 3360 _
1074 3356 1086 3360 _
1523 3356 1554 3360 __
1690 3355 1725 3360 __
2195 3288 2418 3344 buntur
2473 3288 2895 3360 elegantiarum
2944 3288 3256 3343 latinarum
3297 3291 3626 3358 peritiores.
3659 3291 3825 3342 DAVIS.

504 3359 582 3430 (9)
615 3360 679 3416 Ut
706 3358 771 3414 de
801 3367 927 3415 toto.
991 3356 1192 3430 Deleo,
1219 3365 1300 3430 ut,
1357 3356 1640 3430 rescribo,
1669 3355 1756 3412 die
1799 3361 1904 3430 toto
1929 3372 1942 3412 :
1971 3373 2083 3430 nec
2264 3361 2376 3430 (14)
2432 3360 2498 3413 Et
2538 3355 2681 3430 quod
2736 3361 2841 3415 hic.
2900 3360 3169 3416 Perbrevi
3231 3355 3560 3416 attentione
3589 3375 3724 3430 opus
3751 3360 3829 3430 est

433 3427 569 3486 sine
589 3430 884 3503 voluptate
932 3445 1090 3503 nunc
1144 3428 1308 3486 video
1367 3427 1679 3503 etiam,_sic
1713 3427 2080 3503 rescripsisse
2189 3427 2478 3503 ut'videas
2508 3427 2836 3488 clarissime
2891 3431 2973 3487 ita
3025 3431 3454 3491 scribendum:
3492 3427 3648 3503 Quod
3673 3436 3722 3486 et
3752 3429 3827 3483 hic

431 3498 786 3574 anonymuin
818 3499 1254 3574 Parisiensem.
1314 3503 1508 3574 Hunni.
1572 3501 1634 3574 (lt
1689 3498 1754 3574 de
1794 3503 1916 3564 toto,
1952 3499 1988 3554 i.
2024 3516 2074 3555 e.
2183 3502 2512 3570 crediderit.

430 3576 496 3628 ut
525 3570 607 3630 de'
626 3571 1108 3644 materiaintegra
1127 3572 1302 3642 justas
1334 3570 1750 3643 disputationis
1764 3587 2074 3644 argumen-

2205 3073 2366 3128 Fulv.
2402 3073 2612 3131 Ursino
2645 3091 2886 3200 prorsus
2942 3079 3031 3129 est
3059 3077 3499 3145 expungenda;
3531 3073 3638 3142 vel,
3669 3071 3831 3128 verbis

2205 3145 2620 3200 transnositus.
2675 3146 2987 3200 enendum.
3037 3146 3317 3200 Caecilius.
3377 3147 3517 3200 auod
3545 3143 3829 3200 crediderit.

2200 3143 2987 3231 transpositusJegendum,
3037 3143 3317 3228 Caecilius,
3361 3147 3517 3272 Iquod
3545 3143 3829 3205 crediderit,

2200 3217 2432 3272 aaudere
2475 3235 2494 3270 :
2549 3217 2828 3272 Octavius.
2880 3217 3022 3272 auod
3075 3219 3286 3272 vicerit.
3409 3235 3474 3272 cc
3525 3217 3669 3272 ultro
3712 3216 3829 3270 fate-

2230 3216 2432 3272 audere
2475 3235 2494 3270 :
2549 3216 2828 3278 Octavius,
2880 3217 3022 3288 quod
3075 3219 3286 3272 vicerit.
3361 3216 3474 3272 Hoc
3525 3217 3669 3272 ultro
3712 3216 3830 3270 fate-

3101 3743 3820 3790 =3:

432 3747 3096 3790 Μ

1107 3945 1466 4004 ³⁶¹·³⁶⁶
1559 3931 2077 4083 111³18101λῶ

2200 3933 2502 4084 LUC/ﬂ
2599 3934 3150 4085 HOLSTENII

807 4223 1024 4347 DE
1111 4221 1913 4347 VERUBUS
2003 4223 2592 4346 DIANZE
2681 4223 3464 4348 EPHESIAS

1691 4474 1798 4534 AD
1845 4471 2148 4535 MlNUClI
2194 4473 2371 4535 CAP.
2415 4473 2572 4535 XXI.

1016 4563 1045 4592 ο

422 4811 704 4867 Francisco
758 4809 1054 4884 cardinali
1105 4809 1432 4884 Barb‘erinro,
1498 4809 1701 4884 optimo
1780 4809 2084 4866 studiorum
2117 4812 2164 4877 D
2199 4809 2418 4865 riorum
2478 4809 2764 4867 hactenus
2812 4810 3186 4866 obsonatum
3241 4812 3678 4884 complectatur.
3721 4807 3816 4864 Tui

630 4885 881 4954 patrono,
932 4883 1108 4937 Lucas
1148 4881 1477 4950 Holstenius,
1508 4881 1857 4950 felicitatem.

2200 4905 2382 4954 intem
2409 4898 2618 4969 judicii
2653 4898 2807 4955 hanc
2859 4899 3235 4971 scriptionem
3267 4881 3439 4969 facio,
3486 4900 3636 4973 quod
3667 4911 3816 4955 nemo

487 4991 629 5046 Cum
697 4988 993 5045 eruditum
1055 4985 1406 5060 opusculum
1479 4984 1701 5040 Claudii
1777 4985 2074 5052 Menetreii
2187 4989 2243 5042 te
2275 4987 2492 5042 rectius
2522 4986 2832 5060 intelligat,
2867 5004 3039 5060 quam
3077 4987 3456 5061 multiplicem
3491 4991 3636 5046 877
3662 5000 3812 5044 usum

418 5078 721 5136 domestici
754 5077 895 5135 olim
916 5077 1022 5146 tui,
1043 5073 1418 5134 solertissimi
1450 5073 1529 5129 rei
1564 5073 1910 5145 antiquariis
1942 5091 2074 5146 pro-
2186 5080 2458 5131 accurata
2513 5076 2886 5148 antiquitatis
2945 5077 3198 5148 cognitio
3239 5079 3308 5134 ad
3345 5078 3634 5150 reliquum
3664 5087 3814 5132 omne

421 5169 696 5231 micondi,
755 5166 1036 5240 singulari
1095 5163 1378 5221 beneficio
1423 5161 1484 5216 in
1537 5160 1832 5232 publicam
1884 5161 2074 5218 lucem

418 5258 658 5329 proferri
685 5257 962 5327 jusseris,
985 5271 1099 5326 quo
1124 5254 1316 5308 Dianas
1348 5249 1608 5322 Ephesiae
1635 5254 1861 5306 statuas
1891 5252 2068 5323 amig-

417 5347 595 5401 matis
647 5345 964 5400 reconditis
1013 5341 1329 5409 inscriptas
1369 5338 1695 5419 luculenter
1723 5339 2068 5410 explicavit;

417 5454 524 5490 non
563 5436 666 5487 abs
699 5440 751 5487 te
785 5435 1049 5487 futurum
1091 5427 1443 5495 existimavi,
1477 5428 1525 5482 si
1557 5427 1967 5500 cogitationem
2000 5430 2070 5484 de

407 5526 671 5592 uilliqlus
704 5524 967 5589 ("illrtiﬂlﬂ
1007 5521 1202 5574 Dianae
1236 5517 1616 5573 numismatis
1661 5518 1887 5590 pridem
1924 5517 2066 5573 mihi

404 5617 709 5670 subortum
767 5611 969 5665 eadem
1029 5627 1204 5682 Opera
1263 5608 1333 5663 ad
1367 5613 1418 5662 te
1453 5608 1760 5662 deferrem.
1797 5607 1921 5662 Feci
1960 5608 2066 5662 hoc

394 5717 463 5760 eo
495 5699 782 5756 libentius
828 5703 886 5754 et
942 5698 1302 5766 excusatius,
1363 5700 1428 5752 ut
1456 5713 1650 5768 spero,
1699 5700 1853 5769 quod
1894 5713 2066 5769 argu-

378 5789 664 5854 mentum
723 5786 1032 5848 Menotreio
1083 5789 1400 5859 intactum,
1459 5801 1571 5847 nec
1627 5785 1730 5846 ulli
1786 5786 2060 5860 antiqua-

2185 5163 2516 5219 studioruni
2535 5181 2723 5238 genus
2739 5166 3070 5220 ornandum
3095 5166 3553 5238 augendumque
3583 5167 3812 5238 prestat,

2183 5254 2323 5307 Cum
2357 5253 2513 5307 enim
2573 5258 2724 5308 recte
2775 5253 3098 5325 judicarcs,
3131 5254 3276 5309 nihil
3311 5255 3367 5309 in
3413 5259 3664 5310 veterum
3693 5247 3813 5307 scri-

2182 5341 2297 5413 ptis
2355 5347 2472 5396 tam
2535 5343 2874 5398 abstrusum
2939 5347 3041 5397 aut
3099 5347 3414 5398 obscurum
3477 5343 3806 5404 delitescere,

2181 5431 2319 5500 quin
2354 5429 2539 5484 lucrm
2564 5430 2817 5502 aliquam
2853 5448 2882 5485 a
2917 5429 3126 5503 priscis
3147 5433 3544 5488 monumentis
3575 5424 3806 5485 mutuari

2179 5520 2382 5588 possit,
2418 5537 2485 5574 ea
2516 5521 2618 5573 tibi
2664 5537 2843 5574 causa
2901 5520 3026 5583 fuit,
3061 5537 3165 5574 cur
3203 5520 3585 5586 bibliothecae,
3643 5530 3800 5589 quam

2177 5608 2614 5663 celeberrimam
2651 5610 3004 5674 instruxisti,
3038 5616 3294 5664 veterum
3347 5610 3692 5676 tabularum,
3731 5603 3799 5659 si-

2175 5714 2448 5769 gnorum,
2480 5699 2935 5766 numismatum,
2984 5702 3040 5754 et
3087 5697 3537 5772 inscriptionum
3566 5691 3796 5766 supelle-

2171 5785 2368 5844 ctilem
2399 5785 2697 5860 copiosam
2714 5785 3092 5860 adjunxeris;
3123 5789 3190 5847 ut
3221 5787 3546 5848 universam
3576 5779 3792 5845 erudita
