4102 6162
271 292 383 354 377

1398 291 1500 352 DE
1545 290 1916 356 VERUBUS
1960 292 2230 354 DIANJE
2272 293 2552 354 EPHES.

3551 291 3671 354 378

271 423 632 496 antiquitatis
681 422 1027 481 memoriam
1084 422 1387 480 doctorum
1435 423 1744 481 hominum
1775 441 1912 481 ocu-
1941 435 1997 501 Α
2027 424 2127 482 lib.
2157 442 2219 481 ιιι
2247 424 2660 498 comprobasse
2689 425 2968 482 sciebant.
3000 426 3070 482 Et
3097 425 3158 481 hi
3196 426 3430 498 quipem
3463 441 3668 481 omnes

273 515 320 570 is
367 512 752 585 spectandam
814 511 1162 582 subjiceres.
1219 512 1384 568 Nunc
1437 529 1557 569 rem
1603 515 1790 586 ipsam
1821 529 1914 569 co-

263 618 493 676 gnosce.

330 691 566 748 Nummi
600 695 824 746 veteres
885 690 1073 746 Dianae
1129 689 1386 762 Ephesiae
1443 691 1636 764 efﬁgie
1675 690 1914 764 signati,

261 796 504 854 quorum
547 778 867 834 nonnullos
913 778 1140 834 tabellis
1172 779 1460 850 adjuncta:
1518 779 1812 846 exhibent,
1847 795 1914 835 eo

264 889 292 924 ιι
337 868 554 925 statuis
601 867 896 924 Menetreii
926 868 1216 924 industria
1274 869 1573 940 productis
1618 869 1911 937 differunt,

261 958 407 1031 quod
440 957 612 1013 deam
667 972 1062 1011 mammarum
1113 957 1365 1028 pondere
1397 962 1674 1014 onustam
1707 957 1911 1013 fulcris

261 1046 610 1120 quibusdam
644 1045 763 1101 sive
813 1044 1082 1112 destinis,
1137 1061 1287 1116 quos
1335 1045 1626 1118 scipiones
1658 1047 1912 1102 nodosos

255 1135 578 1206 existimes,
627 1133 902 1206 utrinque
964 1133 1297 1206 subrigant.
1348 1135 1542 1206 anue
1605 1135 1666 1190 in
1726 1153 1786 1192 re
1834 1137 1916 1192 ita

257 1228 596 1280 constanter
623 1223 1002 1278 consentiunt
1048 1238 1274 1291 omnes,
1309 1229 1594 1296 quotquot
1625 1223 1763 1293 vidi,
1795 1213 1914 1280 vidi

257 1317 454 1366 autem
472 1327 650 1382 quam
667 1310 1434 1382 plurimos,utsimulacrum
1451 1312 1766 1384 Ephesium
1781 1311 1916 1368 olim

254 1401 459 1456 eodem
492 1401 664 1455 modo
681 1398 996 1456 suti‘ultum
1029 1400 1210 1455 fuisse
1239 1399 1477 1456 omnino
1500 1401 1916 1458 afﬁrmandum

253 1494 478 1561 putem.
513 1487 710 1560 Neque
740 1504 874 1544 vero
906 1505 972 1544 ea
1001 1489 1074 1544 de
1131 1503 1190 1544 re
1224 1505 1328 1544 nos
1384 1490 1654 1546 dubitare
1685 1490 1918 1562 permit-

252 1578 326 1632 tit
378 1576 621 1632 Minucii
682 1577 888 1632 Felicis
939 1577 1324 1633 eruditissimi
1385 1579 1688 1651 scriptoris
1731 1579 1914 1650 locus,

252 1667 352 1720 ubi
400 1665 599 1721 Dianae
631 1665 892 1736 Ephesiae
922 1666 1156 1738 signum
1191 1667 1466 1723 mammis
1502 1667 1704 1724 multis
1742 1685 1916 1724 veru-

248 1757 486 1826 busque
517 1759 877 1810 exstructum
917 1761 1358 1811 commemorat.
1416 1757 1526 1812 Sed
1560 1758 1620 1812 in
1648 1759 1760 1815 isto
1791 1757 1916 1814 loco
1950 1792 1997 1857 Β

244 1845 634 1916 perrertendo
667 1843 1001 1899 criticorum
1048 1861 1295 1900 acumen
1349 1846 1592 1903 mirifice
1636 1847 1920 1904 hactenus

245 1948 380 1987 sese
433 1932 727 1987 exercuit:
779 1933 922 1988 adeo
972 1933 1206 2004 quidem
1260 1939 1344 2002 ut,
1380 1934 1488 1990 nisi
1537 1935 1801 1992 vindicia
1853 1952 1922 1992 ex

244 2021 420 2077 libris
441 2027 501 2076 et
561 2023 961 2077 monumentis
1021 2024 1282 2095 antiquis
1313 2029 1637 2097 opportune
1683 2027 1918 2094 dentur,

245 2111 503 2182 posthac
533 2101 766 2166 futurus
795 2111 874 2166 sit
904 2110 1280 2168 intestabilis.

313 2217 467 2273 Rem
501 2216 724 2274 clarius
781 2217 1026 2290 explico,
1060 2222 1143 2285 ut,
1177 2235 1356 2291 quam
1416 2219 1724 2277 infeliciter
1769 2221 1924 2278 Felix

239 2307 316 2361 ab
351 2306 815 2363 haereditc-ribus
847 2311 1125 2380 exceptus
1161 2308 1518 2382 habitusque
1541 2310 1735 2378 fuerit,
1764 2311 1924 2383 peni-

243 2401 348 2451 tus
385 2395 800 2468 perpisciatur.
833 2395 1112 2468 Princeps
1148 2397 1412 2454 Romana
1449 2398 1626 2454 editio
1649 2416 1682 2454 a
1711 2400 1924 2456 Fausto

244 2486 460 2540 Sabaeo
511 2484 585 2540 ad
645 2483 908 2540 Vaticani
966 2486 1184 2542 codicis
1243 2487 1418 2543 ﬁdem
1477 2494 1789 2560 procurata
1840 2488 1924 2544 ita

247 2572 477 2640 locum,
541 2589 718 2644 quem
787 2573 926 2641 dixi,
977 2574 1248 2631 exhibet:
1321 2577 1499 2632 Diana
1562 2579 1790 2632 interim
1849 2583 1926 2634 est

256 2663 374 2716 ulte
403 2663 681 2718 succincta
724 2665 1022 2719 venatrix:
1058 2666 1109 2718 et
1137 2663 1384 2735 Ephesia
1429 2668 1687 2720 mammis
1735 2667 1925 2720 multis

253 2759 310 2806 et
364 2751 606 2806 verubus
643 2756 960 2814 exstructa;
1003 2759 1056 2806 et
1103 2754 1288 2808 Trivia
1353 2755 1517 2808 trinis
1559 2755 1828 2825 capitibus
1875 2757 1927 2810 et

247 2839 461 2894 multis
490 2841 745 2895 manibus
804 2840 1084 2909 horriﬁca.
1135 2840 1220 2896 Ita
1260 2841 1468 2913 triplex
1526 2842 1700 2897 unius
1730 2844 1924 2898 Dianai

243 2945 486 2984 numen
515 2929 670 2983 notis
730 2928 1037 3000 signisque
1095 2929 1493 3000 peculiaribus
1545 2937 1809 2986 accurate
1858 2947 1926 2987 ex

243 3015 532 3071 fabulosa
599 3017 908 3089 gentilium
971 3017 1263 3090 theologia
1338 3018 1603 3074 distinxit
1658 3019 1925 3076 eruditus

238 3106 521 3172 scriptor.
558 3105 887 3162 Lcetionem
942 3107 1144 3177 primae
1191 3107 1469 3163 editionis
1501 3107 1772 3180 religiose
1805 3123 1924 3165 ser"

238 3162 412 3248 mvit
440 3193 816 3261 Basileensis,
867 3162 1484 3268 etlﬂeidelbergensis
1533 3162 1760 3253 Fraus.
1949 3162 1992 3228 C

251 3281 467 3350 duini;
541 3289 668 3338 tum
729 3284 991 3340 Romana
1049 3285 1356 3355 posterior,
1409 3303 1535 3358 qua:
1596 3303 1665 3342 ex
1737 3286 1922 3343 Fulvii

261 3368 459 3426 Ursini
489 3371 830 3428 recensione
859 3373 1115 3444 prodiit;
1159 3371 1273 3430 nisi
1323 3373 1476 3446 quod
1526 3377 1922 3446 conjecturam

268 3473 437 3514 suam
463 3460 550 3514 vir
573 3476 709 3515 accu
724 3460 1045 3518 rratissime
1066 3461 1271 3517 doctus
1293 3461 1543 3534 margini
1575 3464 1919 3536 appingens,

263 3563 384 3602 non
425 3549 681 3619 verubus,
715 3550 814 3605 sed
855 3551 1116 3606 uberibus
1154 3552 1471 3624 legendum
1517 3559 1768 3608 moneat.
1812 3557 1922 3608 De-

261 3634 458 3691 siderii
491 3635 730 3692 Heraldi
780 3637 1127 3694 Parisiensis
1159 3639 1433 3695 Advocati
1483 3641 1659 3697 editio
1709 3643 1923 3712 duplex

263 3723 472 3780 deinde
510 3725 836 3782 Romanam
886 3726 1197 3784 lectionem
1248 3729 1554 3802 expressit,
1587 3730 1689 3784 sed
1739 3729 1923 3786 altera

260 3813 476 3870 veribus
509 3831 630 3870 una
672 3813 930 3870 litterula
973 3820 1201 3873 mutata
1249 3833 1352 3888 pro
1401 3818 1636 3873 verubus
1665 3818 1915 3888 exhibet,

256 3916 324 3956 ex
353 3903 498 3974 ipso,
525 3908 593 3959 ut
623 3909 805 3972 notat,
835 3905 1012 3960 veteri
1046 3906 1479 3979 manuscripto,
1504 3908 1603 3979 qui
1643 3907 1840 3964 Leonis
1872 3908 1919 3964 Χ

262 3991 666 4048 muniﬁcentia
687 4009 755 4049 ex
785 3993 1067 4050 Vaticana
1093 3994 1450 4052 bibliotheca
1480 3996 1536 4050 in
1563 3997 1780 4064 regiam
1814 3998 1919 4052 mi-

262 4081 455 4150 gravit.
489 4083 712 4138 Missus
768 4082 925 4139 enim
981 4083 1092 4141 fuit
1121 4085 1300 4140 codex
1358 4083 1456 4141 ille
1493 4085 1814 4158 singularis
1845 4088 1916 4142 ad

268 4166 628 4228 Franciscum
687 4187 882 4244 regem
938 4189 1058 4228 una
1115 4189 1249 4228 cum
1311 4189 1520 4230 excuso
1577 4175 1918 4247 exemplari,

271 4261 410 4326 quod
439 4261 570 4332 ejus
599 4261 823 4316 nomini
873 4261 1127 4317 editores
1181 4262 1427 4318 Romani
1474 4263 1914 4336 inscripserunt.

277 4344 426 4403 Levis
455 4349 554 4405 illa
585 4349 830 4406 mutatio
888 4349 1207 4406 Heraldum
1257 4351 1528 4424 perpulit,
1563 4358 1626 4408 ut
1673 4354 1799 4425 ipse
1829 4340 1916 4410 vel

272 4433 511 4491 uberibus
541 4453 678 4492 cum
732 4436 965 4507 Ursino,
1007 4437 1096 4496 vel
1158 4440 1438 4496 tuberibus
1486 4457 1619 4496 cum
1663 4441 1916 4514 Josepho

2025 530 2161 569 cum
2195 531 2394 586 presso
2450 513 2690 587 vestigio
2755 513 2946 570 Ursini
2995 515 3266 570 semitam
3325 513 3668 578 calcassent,

2025 603 2312 659 diversam
2346 603 2558 660 institit
2579 603 2965 660 Geverhartus
2995 603 3479 669 Elmenhorstius,
3497 603 3669 658 homo

2024 709 2165 748 sane
2211 693 2367 748 haud
2427 691 2778 765 indiligens:
2836 694 2935 764 qui
2996 694 3316 748 Romanam
3362 693 3668 748 lectionem

2024 786 2253 837 mutare
2299 799 2413 837 non
2471 799 2672 848 ausus,
2731 782 3071 851 trajectione
3117 783 3424 837 verborum
3475 781 3670 836 locum

2025 871 2238 925 misere
2267 869 2486 925 luxavit
2542 871 2600 926 in
2658 871 2912 926 editione
2967 871 3394 942 Hamburgensi
3440 869 3669 938 majori,

2024 959 2124 1014 ubi
2155 957 2392 1015 Minucii
2423 959 2598 1014 verba
2629 958 2708 1014 ita
2755 959 3079 1015 deformata
3127 958 3438 1031 leguntur:
3489 960 3671 1014 Diana

2022 1049 2250 1105 interim
2271 1057 2349 1104 est
2378 1048 2486 1105 alte
2514 1052 2809 1104 succuncta
2830 1051 3087 1104 venatrix
3109 1049 3343 1104 verubus
3371 1056 3670 1109 exstructa;

2021 1140 2081 1264 ei
2101 1138 2344 1209 Ephesia
2371 1139 2626 1193 mammis
2654 1139 2846 1193 multis
2864 1155 2886 1201 ,·
2915 1142 2968 1194 et
2989 1139 3169 1193 Trivia
3197 1139 3362 1193 trinis
3379 1137 3671 1203 cavitibus,

2022 1224 2054 1264 e
2085 1225 2135 1264 c.

2022 1224 2135 1264 θιο.

2095 1305 2203 1362 Sed
2235 1304 2358 1362 haec
2399 1305 2614 1364 leviora
2671 1310 2812 1363 sunt
2868 1323 2983 1379 praa
3040 1305 3160 1362 illis
3191 1322 3320 1379 qua
3367 1306 3492 1376 jam
3543 1311 3678 1361 ante

2028 1394 2099 1450 ad
2151 1396 2424 1451 eumdem
2497 1395 2733 1451 Minucii
2802 1394 2996 1452 locum
3068 1398 3435 1451 commentus
3492 1394 3681 1449 fuerat
3769 1439 3780 1452 .

2029 1483 2234 1540 Petrus
2290 1484 2496 1553 Faber,
2542 1484 2788 1542 celebris
2843 1483 3040 1557 legum
3097 1484 3346 1540 antistes
3403 1481 3536 1539 libr.
3590 1499 3676 1551 ιιι,

2027 1571 2305 1629 Semestr.
2338 1589 2464 1644 cap.
2497 1574 2552 1630 3.
2601 1578 2654 1627 Is
2703 1573 2820 1630 acri
2853 1572 3246 1646 disputatione
3293 1572 3585 1628 lacessens
3617 1572 3675 1626 S.

2028 1663 2463 1733 Hieronymum,
2487 1663 2641 1735 quod
2677 1662 2919 1718 Dianam
2965 1661 3270 1734 Ephesiam
3315 1660 3680 1716 multimam-

2029 1751 2208 1806 miam
2240 1769 2274 1807 a
2304 1751 2610 1818 venatrice,
2639 1769 2768 1824 quis
2819 1768 3020 1808 arcum
3080 1755 3253 1817 tenet,
3286 1749 3518 1820 alteque
3551 1767 3678 1804 sue-

2029 1841 2220 1896 cincta
2246 1844 2354 1908 est,
2398 1839 2766 1909 distinxerit;
2799 1856 3012 1912 magno
3062 1839 3322 1911 quidem,
3351 1839 3452 1894 sed
3513 1837 3678 1894 irrito

2029 1934 2238 1985 conatu
2288 1929 2550 1985 evincere
2607 1929 2823 1997 studet,
2852 1934 3113 1985 Cererem
3146 1944 3535 1984 mammosam
3586 1945 3679 1982 ve-

2028 2023 2180 2074 teres
2239 2018 2491 2084 novisse,
2575 2017 2820 2075 Dianam
2896 2033 3286 2074 mammosam
3356 2017 3676 2088 ignorasse.

2031 2106 2282 2179 Ideoque
2310 2107 2546 2162 Minucii
2578 2107 2772 2175 verba,
2819 2122 2890 2163 ne
2939 2106 3268 2179 Hieronymi
3298 2122 3534 2162 causam
3579 2105 3681 2174 ju-

2029 2201 2185 2265 vent,
2218 2196 2634 2268 distorquendo
2687 2195 3146 2268 corrigendoque
3202 2194 3286 2250 sic
3323 2193 3676 2265 interpolat:

2031 2287 2208 2342 Diana
2237 2287 2462 2342 interim
2490 2295 2571 2342 est
2598 2285 2716 2342 alta
2761 2286 3030 2342 succincta
3077 2285 3330 2342 venatrix
3363 2283 3593 2355 Ephesia
3625 2288 3682 2338 et

2030 2391 2286 2431 mammis
2317 2377 2504 2431 multis
2552 2378 2716 2434 Ceres
2743 2378 3039 2431 exstructa.
3069 2374 3242 2446 Atqui
3273 2373 3380 2430 hoc
3410 2376 3520 2438 est,
3562 2389 3679 2428 non

2033 2465 2408 2536 depravatum
2469 2465 2756 2535 castigare
2812 2463 3027 2526 locum,
3097 2464 3252 2535 quod
3313 2463 3438 2535 ipse
3487 2462 3559 2517 de
3617 2478 3681 2518 se

2036 2554 2328 2625 praedicat,
2361 2555 2462 2610 sed
2509 2553 2801 2627 integrum
2861 2569 3252 2624 corrumpere.
3285 2550 3684 2608 Abstinuisset

2035 2642 2234 2713 utique
2264 2642 2480 2699 infelici
2539 2641 2967 2699 concertatione
3018 2645 3219 2698 tantus
3265 2641 3371 2708 vir,
3401 2641 3450 2697 si
3483 2639 3680 2696 Dianai

2033 2731 2297 2804 Ephesia)
2323 2731 2561 2803 signum
2591 2735 2777 2801 vetus,
2811 2735 2912 2788 aut
2954 2747 3251 2799 nummos,
3285 2728 3371 2786 vel
3404 2745 3503 2802 per
3527 2733 3684 2784 tran-

2032 2837 2278 2878 sennam
2311 2820 2682 2894 inspexisset.

2105 2929 2435 3000 Adjungam
2485 2927 2889 3000 superioribus
2942 2927 3228 2983 celebrem
3279 2924 3513 2981 nuncin
3541 2923 3680 2981 Gal-

2033 3017 2129 3073 liis
2155 3018 2372 3086 virum,
2422 3017 2528 3073 fori
2587 3018 2768 3088 hujus
2820 3016 3133 3090 antiquarii
3193 3032 3406 3088 regem,
3466 3014 3677 3070 Joann.

2033 3106 2387 3162 Tristanum.
2416 3109 2468 3162 Is
2500 3111 2656 3162 tomo
2689 3108 2708 3162 Ι
2741 3106 2973 3162 exhibet
3021 3122 3331 3161 nummum
3365 3099 3680 3171 Καδοηνων.

2030 3196 2150 3251 sive
2179 3196 2586 3252 Caduenorum
2619 3197 2726 3267 (ita
2753 3196 2910 3251 enim
2950 3195 3267 3267 Stephano,
3300 3194 3508 3259 Plinio,
3541 3193 3682 3247 sibi-

2030 3285 2285 3357 queipsi
2345 3285 2484 3341 alibi
2541 3285 2732 3341 vocari
2791 3285 3140 3355 ostendam.)
3172 3284 3366 3339 Dianai
3424 3282 3683 3354 Ephesia;

2029 3373 2286 3445 imagine
2317 3373 2652 3446 signatum;
2685 3371 2854 3444 eique
2902 3370 3248 3426 illustrando
3278 3373 3546 3426 vexatum
3579 3369 3682 3422 Mi-

2031 3461 2188 3517 nucii
2220 3461 2410 3518 locum
2472 3461 2689 3532 ingenii
2744 3460 3068 3533 periculum
3126 3464 3184 3515 et
3237 3459 3364 3531 ipse
3419 3458 3682 3513 facturus

2031 3549 2284 3604 adducit.
2346 3549 2684 3618 Repudiatis
2760 3549 2942 3620 igitur
3001 3548 3256 3612 verubus,
3306 3563 3487 3618 quam
3564 3562 3680 3600 non

2029 3639 2346 3710 genuinam
2401 3639 2638 3694 Minucii
2716 3654 2936 3708 vocem,
2995 3637 3096 3693 sed
3158 3635 3426 3700 Woweri,
3485 3636 3684 3690 omnia

2029 3727 2144 3784 alia
2191 3728 2520 3792 sentientis,
2578 3731 2975 3783 commentum
3033 3725 3360 3782 existimat:
3422 3725 3683 3780 uberibus

2029 3817 2268 3888 quidem
2324 3817 2636 3889 legendum
2694 3821 2912 3882 censet,
2944 3817 3044 3872 sed
3093 3815 3260 3884 longe
3315 3814 3450 3881 alio,
3499 3829 3678 3884 quam

2028 3906 2217 3961 ceteri
2249 3922 2453 3962 omnes
2511 3921 2709 3961 sensu.
2744 3905 2969 3960 Etenim
3016 3921 3150 3960 cum
3181 3903 3334 3959 inter
3383 3919 3674 3958 mammas

2026 4000 2084 4050 et
2115 3994 2294 4050 ubera
2321 3999 2425 4050 aut
2481 3994 2734 4058 nullum,
2765 4000 2868 4050 aut
2899 4011 3012 4048 non
3073 3993 3185 4048 nisi
3234 3991 3672 4062 ineptissimum

2026 4083 2342 4140 discrimen
2393 4101 2428 4139 a
2476 4083 2878 4156 grammaticis
2930 4081 3108 4138 statui
3168 4080 3492 4136 rectissime
3553 4097 3676 4149 per-

2026 4173 2332 4246 spexisset,
2359 4172 2602 4244 ideoque
2631 4171 2723 4228 vix
2753 4171 2879 4227 sine
2907 4171 3044 4226 vitio
3083 4168 3463 4240 tautologiam
3500 4168 3673 4223 istam

2027 4265 2327 4318 accurrato
2348 4265 2406 4318 et
2425 4277 2640 4334 pressa:
2673 4260 2944 4317 dictionis
2974 4257 3241 4330 scriptori
3271 4256 3449 4312 tribui
3482 4271 3673 4326 posse,

2026 4367 2309 4424 perquam
2393 4351 2695 4422 ingeniose
2767 4364 3034 4404 mammas
3112 4348 3315 4402 multas
3377 4347 3676 4417 uberesque

2027 4441 2221 4496 Diana
2254 4439 2513 4512 Ephesia;
2545 4440 2615 4494 de
2645 4438 2883 4509 turgidis
2930 4437 3211 4508 multoque
3257 4435 3396 4492 lacte
3423 4435 3673 4492 distentis

267 4520 567 4596 Scaligero.
619 4525 935 4598 legendum
983 4533 1284 4596 censeret;
1319 4528 1378 4585 in
1438 4528 1688 4602 priorem
1720 4534 1918 4588 tamen
1947 4527 1996 4594 D
2027 4529 2252 4586 censuit
2298 4527 2693 4600 explicandas.
2726 4529 2847 4593 Quo
2905 4525 3141 4598 quidem
3175 4525 3386 4596 Ursini,
3421 4529 3477 4580 et
3506 4530 3674 4596 quot-

259 4612 654 4684 eonjecturam
685 4617 1051 4688 propensior.

326 4722 390 4772 Et
420 4718 479 4773 hi
527 4720 764 4791 quidem
817 4721 1174 4792 conjecturis
1226 4726 1469 4779 eatenus
1518 4722 1913 4795 indulserunt,

245 4809 315 4863 ut
347 4811 504 4861 textu
540 4807 874 4866 Minuciano
923 4827 1138 4866 manus
1169 4811 1404 4868 interim
1431 4812 1813 4869 abstinerent.
1843 4815 1918 4869 At

245 4896 447 4952 caeteri
493 4897 770 4970 deinceps
800 4916 914 4954 non
973 4915 1131 4970 aeque
1160 4901 1398 4956 fuerunt
1457 4901 1734 4973 religiosi.
1769 4902 1912 4958 Nam

251 4985 520 5041 Joannes
549 4985 906 5054 Wowerius,
931 4988 1074 5043 civis
1106 5005 1296 5058 meus,
1329 4989 1594 5045 doctrina
1625 4990 1914 5062 etjudicio

238 5073 513 5146 alioquin
563 5075 836 5147 praelare
882 5077 1236 5146 instructus,
1269 5077 1464 5134 Ursini
1516 5081 1911 5151 conjecturam

231 5165 326 5219 ita
347 5162 653 5234 amplexus
674 5173 760 5221 est
794 5169 858 5221 ut
877 5167 936 5221 in
960 5169 1294 5222 contextum
1330 5167 1572 5223 Minucii
1607 5186 1710 5240 pro
1732 5169 1909 5226 veris-

237 5253 402 5305 sima.
430 5251 680 5324 recipere
705 5254 857 5309 868
882 5271 994 5309 non
1028 5254 1332 5312 dubitarit.
1359 5257 1547 5327 Hujus
1577 5256 1910 5329 exemplum

241 5347 450 5413 postea
500 5340 788 5413 Rigaltius
818 5342 1076 5410 Lutetim,
1152 5348 1212 5397 et
1267 5344 1622 5415 nuperrime,
1703 5346 1912 5401 iterata

233 5428 514 5494 editione,
554 5431 750 5486 Batavi
803 5437 940 5488 sunt
984 5430 1188 5487 secuti.
1221 5431 1336 5488 Nec
1386 5449 1595 5505 parum
1650 5435 1908 5506 praesidii

237 5518 376 5572 huic
412 5519 782 5575 conﬁdentia:
814 5520 1080 5576 attulisse
1131 5519 1362 5576 videtur
1388 5523 1544 5578 Justi
1598 5525 1777 5594 Lipsii
1813 5543 1910 5579 au-

241 5610 504 5676 ctoritas,
540 5626 715 5680 quem
735 5611 1148 5666 correctionem
1173 5610 1346 5666 istam
1381 5613 1452 5667 ad
1484 5613 1662 5668 Taciti
1693 5613 1903 5670 Annal.

2026 4623 2169 4692 quot
2195 4619 2323 4690 ejus
2375 4617 2618 4689 vestigia
2672 4621 2873 4688 postea
2913 4614 3181 4687 legerunt
3212 4614 3543 4671 criticorum
3573 4616 3673 4670 de-

2027 4709 2424 4782 pravationem
2459 4711 2654 4778 aperte
2694 4703 2966 4778 jugulat;
3017 4704 3255 4760 Minucii
3289 4709 3483 4760 tamen
3519 4721 3676 4760 men-

2025 4804 2143 4856 tem
2176 4814 2288 4852 non
2322 4801 2411 4851 est
2441 4802 2768 4860 assecutus,
2791 4795 2945 4866 quod
2983 4793 3198 4850 recenti
3227 4799 3284 4848 et
3314 4793 3673 4866 interpolatae

2023 4888 2286 4952 editioni,
2321 4902 2437 4956 qua
2470 4901 2612 4940 usus
2643 4883 2891 4952 videtur,
2925 4884 3100 4939 {idem
3152 4887 3369 4940 temere
3397 4883 3673 4938 adhibue-

2024 4979 2120 5033 rit.

2093 5077 2379 5132 Czetorum
2441 5072 2569 5132 istis
2627 5071 2904 5130 omnibus
2952 5071 3010 5127 in
3072 5069 3378 5142 perspicuo
3436 5066 3674 5124 Minucii

2021 5163 2146 5221 loco
2201 5163 2401 5221 oculos
2476 5167 2852 5232 mentemque
2911 5159 3220 5232 glaucoma
3295 5154 3668 5228 praastrinxit,

2021 5253 2175 5325 quod
2237 5269 2607 5324 nequaquam
2665 5247 3028 5321 exploratum
3085 5245 3388 5314 haberent,
3443 5260 3558 5316 quo
3590 5245 3674 5300 si-

2019 5343 2294 5415 gniliculu
2333 5357 2497 5396 verna
2529 5338 2787 5407 antiquis
2819 5336 3038 5407 linguae
3073 5333 3288 5390 Latinae
3335 5335 3674 5389 auctoribus

2019 5431 2250 5504 proprie
2281 5432 2436 5484 diota
2467 5436 2819 5497 acceptaque
2871 5423 3104 5477 fuerint.
3159 5425 3298 5476 (Ἴιιτη
3333 5425 3487 5478 enim
3518 5442 3675 5478 assa-

2019 5522 2167 5575 toria
2201 5523 2316 5582 illa,
2350 5538 2467 5572 sua
2533 5513 2915 5578 transtixoria,
2957 5521 3018 5568 ut
3072 5513 3281 5584 Papius
3314 5519 3494 5581 vvont,
3541 5530 3680 5586 quo-

2020 5627 2151 5666 rum
2187 5610 2242 5663 in
2275 5606 2528 5678 coquina
2588 5622 2733 5660 usus
2764 5607 2874 5672 est,
2924 5603 3077 5660 300
3111 5609 3170 5660 et
3217 5619 3344 5674 qua:
3375 5603 3433 5658 in
3465 5601 3686 5660 Gallica
