4102 6162
471 288 588 352 3'79

3655 93 4026 210 -

1751 292 1854 354 DE
1898 292 2205 356 MlNUCII
2251 292 2594 356 OCTAVIO
3744 301 3842 366 380

471 422 712 481 Minucii
744 424 1216 497 interpretatione
1261 424 1467 481 merito
1517 427 1666 482 ridet
1696 426 2026 490 Tristanus,
2048 428 2118 482 ad
2148 434 2202 496 Α
2233 444 2394 482 reum
2429 429 2686 482 candens
2716 428 2771 483 in
2798 431 2958 484 aceto
2985 429 3219 485 assidue
3247 427 3536 503 extingue,
3566 435 3618 488 et
3639 433 3840 492 fumum

468 513 708 569 Dianam
759 514 1064 586 Ephesiam
1125 515 1536 572 exstruendam
1595 517 1738 572 nihil
1797 519 2116 590 quidquam

469 603 659 658 facere
689 603 988 673 viderent;
1048 623 1161 662 non
1197 607 1309 662 nisi
1359 607 1431 662 de
1485 608 1706 663 verutis
1736 607 1854 664 sive
1903 606 2120 678 jaculis

467 692 662 748 Diana:
692 694 1002 750 venatricis
1046 695 1378 752 Minuciana
1429 713 1598 753 verna
1655 697 1836 770 accipi
1867 696 2119 768 explica-

470 783 637 853 rique
693 799 864 854 posse
921 800 1035 839 uno
1083 801 1308 850 omnes,
1362 786 1516 855 quod
1570 785 1769 852 miror,
1827 801 2118 841 consensu

469 877 844 926 censuerunt.
926 872 1088 929 Unde
1170 875 1411 941 factum,
1467 880 1531 929 ut
1601 879 1689 930 tot
1762 875 1980 930 summi
2063 878 2122 932 et

467 959 958 1031 incomparabiles
988 962 1094 1016 viri
1129 963 1198 1017 ad
1233 979 1429 1019 vocem
1462 964 1622 1019 illam
1655 964 2120 1036 interpolandam

468 1049 733 1105 certatim
791 1050 1201 1122 conspirarint.
1237 1055 1352 1123 Ego
1397 1068 1533 1109 vero
1590 1054 1869 1109 adversus
1917 1055 2119 1126 conju-

467 1144 663 1193 ratum
695 1155 902 1210 agmen
934 1156 1105 1196 verua
1134 1141 1246 1196 ista
1273 1146 1436 1196 extra
1471 1141 1680 1197 vitium
1710 1158 1838 1198 esse
1869 1142 2118 1210 affirmo,

469 1243 654 1298 eaque
685 1244 791 1283 nec
849 1229 1043 1284 Diana:
1098 1229 1378 1300 Ephesiis,
1422 1246 1526 1286 nec
1584 1230 1836 1286 Minucio
1886 1231 2119 1286 subtra-

468 1316 662 1372 henda
693 1317 989 1388 pertendo.
1040 1317 1186 1373 Nam
1217 1336 1386 1373 cerua
1432 1318 1577 1385 hinc,
1609 1319 1827 1390 quibus
1877 1319 2119 1375 Dianam

468 1421 640 1461 suam
692 1405 1068 1461 exstruebant
1125 1406 1379 1478 Ephesii,
1425 1423 1541 1462 non
1592 1406 1712 1479 pila
1763 1412 1866 1463 aut
1920 1412 2124 1464 veruta

469 1498 631 1562 sunt,
661 1493 759 1548 sed
793 1493 1077 1550 fulmenta
1129 1495 1314 1550 ferrea
1369 1495 1636 1567 oblonga,
1697 1512 1824 1568 qum
1864 1496 2122 1552 brachiis

469 1583 774 1652 supposita
802 1585 985 1638 totam
1031 1583 1346 1639 mammosi
1404 1585 1655 1656 pectoris
1699 1583 1913 1640 molem
1944 1585 2123 1640 susti-

470 1671 708 1726 nebant.

539 1760 683 1859 tium
711 1759 868 1861 enim
900 1760 1381 1867 antiquissimum
1413 1762 1524 1820 hoc
1571 1763 1809 1867 signum
1850 1763 1922 1867 ad
1953 1763 2120 1867 [Egv-
2149 1801 2195 1867 Β

467 1848 726 1920 ptiorum
758 1848 1212 1906 simulacrorum
1253 1851 1439 1908 instar
1481 1852 1730 1924 pedibus
1775 1856 1932 1908 esset
1961 1855 2119 1909 arcte

469 1937 842 2009 compressis,
886 1937 1117 1995 tantilla
1169 1940 1328 1996 basis
1377 1941 1832 2014 superimposito
1861 1940 2120 2014 corporis

466 2027 709 2099 ponderi
759 2029 995 2083 ferendo
1051 2028 1264 2102 impar,
1299 2030 1674 2086 adminiculis
1726 2029 2121 2086 suffulcienda

465 2116 614 2183 fuit;
649 2116 865 2188 quibus
897 2117 1214 2174 subtractis
1241 2119 1573 2175 universam
1606 2118 1820 2176 molem
1853 2121 2119 2176 fatiscere

463 2209 522 2261 et
567 2204 775 2261 collabi
809 2222 1116 2262 necessum
1147 2211 1290 2264 erat.
1347 2209 1427 2264 Ea
1457 2208 1644 2265 fulcra
1681 2209 1798 2264 sive
1827 2213 2118 2265 sustenta-

465 2292 618 2359 cula,
646 2295 801 2366 quod
827 2311 894 2350 ex
922 2295 1073 2352 ferro
1102 2296 1332 2369 longius
1363 2299 1648 2370 producta
1673 2302 1888 2366 essent,
1924 2299 2118 2354 Minu-

466 2382 594 2437 cius
642 2382 874 2454 propria
902 2390 957 2440 et
1011 2385 1260 2458 eleganti
1287 2403 1426 2443 voce
1456 2404 1624 2444 verua
1671 2387 1838 2458 dixit,
1881 2404 1994 2444 non
2027 2403 2118 2443 se-

468 2469 715 2542 quioris,
747 2487 860 2541 quo
881 2471 1038 2542 vixit,
1065 2475 1166 2530 sed
1196 2476 1494 2548 Augustaei
1526 2475 1724 2532 seculi
1755 2493 1928 2532 usum
1957 2491 2118 2532 secu-

467 2566 580 2615 tus.
613 2560 760 2616 Nam
793 2560 1157 2619 Glossarium
1195 2565 1459 2620 Latinum
1493 2565 1725 2638 optimae
1759 2569 1927 2633 nota,
1961 2565 2119 2636 quod

467 2648 525 2702 in
556 2647 748 2705 tribus
794 2651 1212 2708 vetustissimis
1259 2653 1556 2710 codicibus
1604 2653 1901 2710 Vaticanis
1930 2656 2120 2709 exstat

467 2754 644 2794 cerua.
668 2743 850 2812 virgas
878 2745 930 2796 et
959 2743 1202 2812 virgulas
1229 2742 1446 2815 ferreas
1475 2744 1916 2816 interpretatur.

539 2831 798 2901 Eamque
826 2829 1272 2900 explicationem
1309 2848 1505 2887 veram
1535 2848 1602 2886 ac
1647 2831 1962 2904 genuinam
1987 2845 2116 2886 esse

467 2934 559 2974 res
581 2917 709 2990 ipsa
731 2934 822 2973 me
852 2919 1078 2974 docuit:
1104 2921 1275 2990 cujus
1295 2921 1470 2976 etiam
1501 2937 1656 2976 nunc
1689 2925 1744 2976 te
1776 2920 2115 2976 meminisse

463 3008 733 3077 arbitror,
760 3007 1235 3064 Eminentissime
1256 3009 1598 3078 Cardinalis,
1621 3009 1772 3080 quod
1795 3011 1962 3080 juxta
1995 3024 2114 3063 me-

464 3113 596 3152 cum
631 3096 818 3152 oculis
839 3114 965 3153 eam
989 3097 1129 3154 olim
1162 3098 1554 3170 usurpaveris.
1588 3100 1739 3153 Anni
1762 3099 1917 3153 enim
1952 3102 2111 3168 sunt,

468 3186 526 3241 ni
560 3185 744 3251 fallor,
795 3187 1153 3258 quindecim,
1185 3203 1319 3242 cum
1369 3188 1725 3244 Jesuitarum
1758 3187 2006 3244 societas
2037 3189 2104 3242 ad

464 3277 524 3332 S.
577 3277 820 3330 Andreae
870 3276 927 3330 in
969 3276 1271 3344 Quirinali,
1321 3277 1462 3332 dum
1501 3293 1659 3332 novae
1709 3277 2112 3332 aedificationis

464 3365 850 3420 fundamenta
889 3365 1218 3434 moliretur,
1251 3365 1476 3439 lapides
1507 3367 1730 3438 aliquot
1775 3367 2113 3423 Tiburtinos

464 3455 837 3526 praegrandes
871 3455 1074 3511 ordine
1103 3457 1388 3528 quadrato
1415 3455 1733 3528 dispositos
1753 3455 2073 3512 offenderet
2097 3473 2110 3510 :

465 3559 716 3614 quorum
748 3543 864 3598 duo
894 3543 976 3599 ita
996 3549 1162 3599 erant
1190 3543 1475 3617 inscripti,
1509 3545 1594 3600 uti
1626 3561 1761 3600 cum
1792 3550 1848 3601 te
1870 3546 2115 3616 jubente

464 3636 523 3686 et
578 3630 1037 3688 adminiculante
1095 3650 1162 3688 ex
1215 3649 1352 3689 saxo
1408 3634 1613 3690 scabro
1645 3639 1702 3690 et
1736 3633 1885 3690 male
1935 3634 2115 3706 polito

465 3720 661 3792 excepi
681 3738 694 3776 :

785 3828 949 3867 HAEC.
983 3828 1147 3868 ΑΒΕΔ.
1183 3829 1372 3868 INTRA.
1407 3830 1618 3869 HANCCE

788 3909 1209 3958 DBFlNiTIONEM.
1254 3919 1541 3958 cmpoavn

787 4007 1014 4046 CLAVSA.
1049 4009 1306 4047 VERIBVS.
1331 4009 1413 4046 ET.
1447 4009 1583 4046 ΔΒΑ.
1608 4009 1750 4055 ονΑε

782 4099 902 4137 EST.
937 4099 1214 4137 INFERIVS.
1255 4098 1548 4137 DEDICATA.
1575 4099 1692 4137 EST.
1726 4099 1799 4138 AB

788 4188 910 4226 IMP.
945 4187 1214 4226 CAESARE.
1251 4187 1572 4226 DOMITIANO.
1603 4189 1727 4228 AVG.

785 4277 1109 4316 GERMANICO
1140 4277 1228 4315 ΒΧ.
1263 4277 1425 4318 νοτο.
1460 4276 1740 4316 ενεοερτο

787 4367 953 4412 QVOD.
984 4367 1094 4405 DlV.
1129 4366 1291 4405 ERAT.
1326 4365 1670 4407 NEGLEC‘I‘VM.
1706 4367 1830 4405 NEC.

789 4456 1072 4496 REDDITVM
1083 4481 1093 4492 .
1128 4455 1521 4495 INCENDIORVM

789 4545 1169 4586 ARCENDORVM
1179 4571 1190 4584 .
1228 4545 1429 4585 CAUSA.

539 4655 704 4728 Cippi
735 4654 816 4710 illi
869 4660 1114 4727 utroque
1145 4655 1324 4711 latere
1379 4654 1520 4711 bina
1565 4653 1874 4722 foramina,
1926 4660 1983 4712 et
2024 4673 2118 4714 ve-

469 4760 640 4800 ruum
673 4745 792 4800 sive
813 4744 1108 4816 virgarum
1142 4746 1460 4800 terrearum
1487 4744 1731 4816 vestigia
1753 4744 1992 4817 plumbo
2015 4745 2120 4802 cir-

469 4835 740 4890 cumfusa
765 4835 1101 4890 servabant:
1136 4833 1352 4906 quibus
1382 4833 1523 4888 olim
1553 4833 1707 4888 inter
1736 4850 1797 4889 se
1824 4836 2118 4906 conjuncti

467 4941 663 4981 aream
696 4924 1032 4981 interiorem
1086 4925 1168 4980 ita
1223 4923 1578 4992 clauserant,
1619 4939 1690 4977 ne
1721 4923 1916 4980 aditus
1947 4924 2120 4998 vulgo

467 5018 711 5086 pateret.
763 5014 844 5070 Ibi
875 5019 1000 5069 tum
1052 5013 1244 5085 reipsa
1283 5010 1568 5083 perspexi,
1628 5012 1856 5084 egregie
1905 5012 2120 5068 falsum

465 5119 594 5161 esse
623 5103 692 5158 N.
731 5102 1048 5174 Rigaltium
1079 5101 1376 5157 hominem
1425 5099 1583 5156 naris
1639 5100 2095 5156 emunctissimae

465 5193 606 5249 dum
639 5193 710 5248 ad
741 5193 969 5249 Finium
1004 5191 1400 5264 regundorum
1459 5189 1772 5262 scriptores
1803 5205 1976 5245 verus
2004 5189 2120 5244 ista

464 5283 693 5354 stipites
726 5283 912 5337 instar
941 5283 1285 5337 subularum
1347 5283 1670 5350 praeacutos
1698 5277 1966 5348 explicat,
1991 5296 2118 5350 quae

464 5371 609 5427 nihil
643 5372 934 5426 acuminis
965 5377 1065 5426 aut
1095 5367 1357 5439 cuspidis
1405 5367 1683 5423 habuisse
1712 5367 1898 5422 oculis
1930 5367 2116 5422 mani-

466 5460 695 5531 busque
713 5459 1334 5529 cognoveramEodem
1353 5456 1657 5512 vetustatis
1679 5473 1855 5512 sensu
1880 5456 2119 5513 Marcel-

460 5550 560 5607 lus
591 5547 871 5618 antiquus
893 5548 970 5603 rei
997 5548 1230 5604 medicae
1261 5551 1482 5616 auctor,
1515 5546 1821 5619 sanguinis
1836 5546 2115 5618 proﬂuvio

455 5654 532 5697 ex
563 5636 804 5698 naribus
837 5639 1099 5696 sistendo
1129 5638 1454 5711 praescribit
1476 5653 1601 5710 cap.
1631 5639 1730 5692 10:
1770 5658 1796 5690 α
1821 5636 1971 5692 Veru
2003 5637 2112 5692 fer-

2148 4537 2196 4602 D

2229 517 2357 586 ejus
2381 517 2622 572 naribus
2654 518 2868 573 ducito.
2905 538 2932 570 ι
2964 519 3105 583 Quis
3138 536 3254 574 non
3286 521 3440 576 870
3468 521 3618 577 videt
3636 522 3842 597 simpli-

2229 605 2370 661 citer
2396 605 2489 661 hic
2517 611 2575 662 et
2603 606 2865 662 absolute
2904 607 3039 663 ferri
3070 608 3128 662 in
3157 609 3378 681 virgam
3400 609 3698 680 oblongum
3727 629 3841 684 pro-

2228 693 2385 749 ducti
2405 711 2662 751 massam
2683 694 3076 768 intelligi,qua
3107 697 3294 753 forma
3324 700 3438 753 fere
3459 714 3626 755 omne
3650 699 3841 759 ferrum

2227 783 2372 837 rude
2401 787 2460 838 et
2486 782 2770 838 infectum
2801 784 2975 857 vulgo
3001 783 3201 840 venit?

2298 872 2510 929 Verum
2545 874 2690 929 nihil
2721 875 2793 930 ad
2852 875 3091 931 Minucii
3123 879 3402 946 mentem,
3433 881 3492 932 et
3525 877 3622 946 rei,
3653 879 3718 934 de
3744 897 3841 952 qua

2229 961 2441 1034 agitur,
2461 962 2912 1020 illustrationem
2946 965 3137 1021 atferri
3171 970 3361 1037 potest
3390 966 3582 1037 aptius
3606 969 3842 1024 versibus

2229 1049 2523 1106 Prudentii
2549 1068 2617 1107 ex
2664 1053 2844 1124 priori
2874 1058 3077 1110 contra
3135 1053 3550 1126 Symmachum
3575 1057 3841 1124 carmine;

2230 1138 2445 1209 quibus
2473 1141 2841 1211 geminorum
2866 1142 3110 1198 fratrum
3139 1145 3394 1199 Castoris
3432 1149 3490 1199 et
3520 1143 3750 1201 Pollucis
3777 1148 3841 1202 si-

2230 1227 2493 1284 mulacra
2523 1230 2804 1286 describit
2829 1248 2895 1287 eo
2927 1231 3130 1287 habitu
3161 1237 3471 1304 gestuque,
3503 1249 3617 1304 quo
3646 1239 3773 1289 tunc
3797 1236 3845 1290 in

2229 1332 2338 1372 sua
2367 1316 2479 1372 sibi
2501 1317 2620 1374 aede
2641 1319 2711 1374 ad
2743 1320 2895 1375 viam
2914 1320 3146 1376 Sacram
3175 1321 3746 1380 visebantur.Versus
3766 1324 3844 1380 iti

2230 1410 2407 1464 sunt:

2358 1553 2386 1588 ._
2442 1557 2455 1570 .
2525 1557 2538 1572 .
2606 1557 2620 1571 .
2654 1585 2666 1588 _
2687 1524 2892 1572 Gemini
2923 1539 3136 1588 quoque
3170 1526 3356 1574 fratres

2351 1585 2610 1651 gorrupta
2638 1585 2704 1634 de
2734 1591 2901 1651 matre
2933 1585 3102 1644 nothi,
3135 1589 3330 1639 Ledeia
3357 1589 3556 1651 proles,

2356 1647 2717 1721 yocturnique
2748 1650 2973 1721 equites,
3003 1651 3157 1700 celsae
3186 1654 3294 1700 duo
3326 1647 3759 1721 n'ominaRomag,

2355 1710 2692 1778 impendent
2705 1710 2969 1778 retinente
2998 1727 3148 1778 veru,
3179 1713 3472 1778 magnique
3500 1714 3743 1778 triumphi

2355 1773 2552 1823 Nuntio
2581 1773 2787 1824 suﬂ'uso
2817 1774 2988 1838 ﬁgunt
3019 1777 3238 1840 vestigia
3264 1773 3509 1840 plumbo.

2228 1885 2513 1958 Graphice
2545 1888 2808 1961 depingit
2837 1889 3148 1946 Dioscuros
3203 1890 3569 1946 currentium
3603 1894 3752 1964 gestu
3781 1891 3848 1946 ita

2227 1975 2536 2047 effigiatos,
2570 1981 2634 2032 ut
2663 1984 2823 2034 extra
2853 1979 3334 2052 perpendiculum
3376 1984 3434 2035 et
3463 1979 3628 2036 basin
3658 1980 3847 2052 promi-

2229 2069 2434 2121 nentes
2462 2067 2866 2137 spectantibus
2898 2084 3012 2124 non
3045 2069 3171 2124 sine
3202 2069 3452 2125 horrore
3484 2085 3547 2124 ac
3579 2073 3727 2124 metu
3756 2069 3846 2123 im-

2229 2155 2482 2226 pendere
2511 2155 2864 2211 viderentur.
2913 2157 3256 2229 Impendent
3311 2157 3502 2225 euim,
3535 2172 3655 2229 quae
3702 2173 3851 2228 supra

2228 2248 2404 2315 caput
2425 2245 2673 2316 jamjam
2727 2261 2936 2301 casura
2974 2246 3248 2318 pendent,
3282 2250 3352 2302 ut
3403 2250 3554 2302 recte
3591 2246 3666 2302 ait
3691 2245 3848 2300 Valla.

2225 2333 2425 2388 Timor
2445 2338 2639 2388 autem
2662 2338 2718 2389 et
2747 2335 3054 2391 admiratio
3077 2337 3230 2406 apud
3259 2336 3418 2391 rude
3439 2340 3497 2391 et
3523 2335 3854 2407 superstitio-

2228 2439 2358 2478 sum
2391 2422 2600 2496 vulgus
2635 2423 2932 2496 religionis
2962 2425 3300 2496 opinionem
3333 2424 3700 2482 conciliabat.
3730 2429 3847 2479 Eum

2228 2515 2450 2566 metum
2486 2515 2657 2582 poeta
2685 2511 3053 2567 Christianus
3083 2512 3254 2579 ridet,
3289 2529 3434 2568 cum
3478 2512 3694 2568 nullum
3721 2518 3846 2568 esset

2227 2600 2407 2657 ruinae
2439 2605 2541 2658 aut
2590 2603 2737 2674 fugae
2798 2603 3162 2675 periculum:
3221 2605 3380 2675 quod
3436 2620 3593 2673 veru,
3624 2603 3720 2659 hoc
3751 2607 3839 2669 est,

2225 2691 2409 2746 vectis
2441 2690 2558 2746 sive
2588 2708 2774 2745 uncus
2797 2693 3017 2748 ferreus
3048 2709 3082 2747 a
3111 2696 3275 2764 tergo
3303 2692 3520 2748 infixus
3550 2709 3643 2748 eos
3673 2693 3842 2747 retine-

2225 2785 2332 2847 ret,
2366 2781 2656 2852 pedesque
2682 2780 2922 2837 basibus
2952 2780 3323 2854 applumbati
3355 2782 3570 2839 moveri
3600 2799 3705 2838 non
3731 2797 3838 2854 pos-

2225 2874 2376 2925 sent.

2297 2957 2516 3030 Duplex
2537 2959 2644 3015 hoc
2666 2959 3124 3016 retinaculorum
3144 2976 3358 3032 genus,
3387 2959 3552 3033 queis
3574 2958 3841 3014 numinum

2224 3047 2542 3105 simulacra
2573 3048 2656 3103 vel
2687 3047 2771 3104 uti
2801 3048 3050 3104 vinculis
3104 3049 3430 3105 constricta
3459 3049 3841 3121 deﬁgebantur.

2141 3169 2183 3236 ϐ
2221 3137 2512 3193 Arnobius
2555 3137 2824 3194 similiter
2881 3137 3012 3194 libr.
3044 3155 3097 3192 v1
3155 3137 3510 3194 Nationibus
3540 3139 3840 3236 exprobrat:

2225 3249 2252 3277 ‹‹
2283 3226 2342 3282 Si
2404 3227 2806 3297 permanendi,
2839 3227 3052 3300 inquit,
3089 3228 3503 3284 necessitatem
3559 3225 3840 3300 patiuntur,

2221 3316 2364 3388 quid
2397 3316 2672 3371 miserius
2703 3316 2795 3370 his
2837 3333 2986 3381 esse,
3017 3325 3116 3371 aut
3147 3317 3289 3388 quid
3330 3317 3614 3374 infelicius
3642 3313 3840 3387 poterit,

2221 3421 2400 3477 quam
2424 3405 2471 3459 si
2503 3420 2602 3460 eos
2622 3403 2680 3458 in
2707 3405 2948 3460 basibus
2971 3406 3048 3460 ita
3071 3407 3206 3461 unci
3229 3407 3489 3462 retinent
3517 3410 3572 3461 et
3592 3403 3840 3478 plumbeas

2221 3495 2587 3552 vinctiones?
2611 3518 2637 3545 »
2671 3495 2994 3568 Utrumque
3024 3495 3200 3552 etiam
3229 3496 3543 3569 conjungit
3570 3495 3656 3550 lex
3676 3494 3717 3550 II
3735 3491 3839 3561 Dig.

2223 3584 2302 3640 De
2334 3585 2601 3658 sepulcro
2639 3585 2852 3640 violato
2881 3603 2892 3640 :
2946 3608 2973 3635 «
3008 3586 3209 3640 Celsus
3243 3586 3457 3658 quazrit
3485 3585 3532 3640 si
3579 3598 3751 3656 neque
3773 3597 3850 3650 sp-

2225 3673 2525 3745 plumbata
2554 3673 2666 3728 fuit
2698 3679 2915 3741 statua,
2960 3691 3147 3746 neque
3175 3674 3374 3742 affixa,
3414 3691 3486 3730 an
3521 3690 3648 3746 pars
3673 3686 3846 3726 monu-

2227 3765 2422 3818 menta
2441 3763 2644 3818 effecta
2665 3762 2760 3832 sit,
2785 3779 2859 3817 an
2889 3778 3022 3818 vero
3046 3770 3282 3818 maneat
3314 3763 3374 3818 in
3400 3763 3568 3819 bonis
3597 3757 3805 3816 nostris.
3825 3777 3844 3803 »

2225 3850 2335 3906 Sed
2363 3851 2714 3906 Prudentius
2764 3867 2997 3923 quoque
3035 3851 3280 3907 Minucii
3337 3851 3523 3908 fatum
3565 3855 3621 3906 et
3663 3845 3846 3903 malam

2225 3940 2560 3995 criticorum
2584 3957 2826 3995 manum
2850 3946 2915 3994 ut
2936 3941 3318 4012 experiretur,
3343 3941 3603 4012 ejusdem
3624 3931 3849 3993 vocabuli

2227 4045 2341 4083 non
2373 4029 2518 4084 satis
2575 4034 2726 4084 recte
2778 4030 3083 4085 observata
3141 4029 3495 4102 signiﬁcatio
3535 4027 3678 4084 fecit.
3713 4024 3843 4080 Unde

2219 4118 2345 4188 jam
2367 4117 2505 4172 olim
2526 4118 2582 4172 in
2609 4119 2961 4190 pervetustis
2977 4119 3339 4175 membranis
3368 4119 3649 4174 Vaticana:
3671 4111 3849 4170 Bitnliov

2226 4205 2430 4274 thecas,
2461 4209 2734 4263 retinente
2763 4209 3013 4279 sato,pro
3040 4209 3319 4264 retinente
3348 4205 3846 4273 veru,substitutum

2226 4296 2420 4352 videre
2451 4301 2570 4351 est:
2605 4313 2782 4368 quam
2816 4295 3126 4351 lectionem
3161 4296 3395 4364 Aldius,
3433 4296 3642 4367 aliique
3666 4294 3779 4362 eius
3801 4287 3846 4340 ﬁ-

2232 4386 2365 4440 dem
2389 4385 2573 4440 secuti
2594 4385 3317 4457 expresserunt.Georgius
3339 4391 3535 4442 autem
3567 4379 3845 4439 Fabricius,

2229 4490 2361 4530 cum
2393 4474 2452 4528 in
2476 4475 2604 4530 suis
2632 4474 3064 4546 exemplaribus
3088 4477 3376 4531 retinente
3397 4491 3531 4531 veru
3559 4471 3847 4528 constanter

2228 4563 2512 4634 scriptum
2574 4563 2904 4634 reperisset,
2963 4580 3069 4619 nec
3119 4568 3320 4620 tamen
3382 4561 3672 4636 proprium
3716 4552 3843 4610 vocis

2228 4669 2404 4708 usum
2445 4654 2600 4724 apud
2635 4657 2854 4708 veteres
2911 4653 3060 4708 satis
3116 4652 3364 4708 haberet
3394 4655 3763 4725 perspectum,
3789 4638 3843 4695 ad

2229 4742 2668 4810 correctionem,
2719 4758 2946 4798 sacram
2987 4741 3327 4798 criticorum
3389 4741 3711 4801 anchoram,
3739 4746 3843 4786 con'

2229 4830 2700 4902 fugit.Quocirca
2732 4847 2865 4886 cum
2916 4830 3231 4887 Dioscuros
3282 4831 3472 4886 hastis
3503 4830 3616 4884 sive
3643 4822 3760 4894 pilis
3785 4816 3840 4914 ad

2229 4919 2657 4976 discursionem
2679 4918 2853 4992 vulgo
2877 4921 3094 4976 armari
3127 4920 3328 4989 sciret,
3361 4935 3496 4976 veru
3529 4917 3631 4972 hoc
3659 4929 3720 4969 ex
3737 4907 3840 4965 rudi

2227 5013 2284 5063 et
2313 5010 2525 5065 obtuso
2559 5009 2706 5065 ferro
2741 5009 2797 5064 in
2829 5013 3099 5064 verutum
3130 5009 3376 5081 cuspide
3409 5004 3664 5080 spicavit,
3694 5004 3743 5055 et
3769 4996 3837 5050 in-

2225 5097 2516 5170 terpolata
2575 5097 2843 5164 dictione,
2876 5099 3192 5170 impendent
3247 5099 3582 5167 retinentque
3625 5083 3839 5179 υϐνξανξθ

2228 5202 2356 5251 suo,
2389 5203 2504 5258 quo
2529 5186 2803 5259 pollebat,
2861 5187 3094 5260 ingenio
3137 5187 3450 5259 procudit:
3483 5197 3658 5253 eaque
3699 5177 3838 5231 lectio

2227 5276 2432 5332 exinde
2457 5275 2769 5348 plerasque
2790 5276 3143 5332 recentiores
3175 5275 3464 5332 editiones
3495 5263 3840 5354 insedit.Tsn-

2225 5370 2351 5420 tum
2382 5381 2515 5418 vero
2571 5365 2806 5430 absum,
2836 5379 2966 5420 eam
3001 5370 3066 5420 ut
3123 5365 3385 5436 probem,
3420 5367 3485 5417 ut
3537 5361 3723 5415 contra
3742 5362 3835 5420 prl-

2225 5469 2385 5508 scam
2419 5458 2475 5508 et
2504 5452 2820 5525 genuinam
2870 5453 3172 5509 mordicus
3229 5452 3379 5508 tueri
3428 5466 3537 5505 non
3587 5441 3831 5500 dubitem.

2225 5559 2358 5598 cum
2393 5543 2472 5598 rei
2514 5541 2700 5614 ipsius
2754 5542 3192 5615 perspicuitate,
3226 5547 3354 5597 tum
3392 5544 3638 5594 veterum
3679 5528 3830 5584 libro-

2224 5651 2355 5690 rum
2388 5635 2732 5691 auctoritate
2763 5635 2986 5704 fretus;
3018 5634 3075 5690 in
3109 5635 3329 5707 quibus
3359 5630 3521 5686 facile
3551 5619 3826 5699 princiPem
