4102 6162
386 283 502 345 381

1840 290 2359 353 DISSERTATIO

3677 290 3797 352 382

385 422 586 473 statuo
615 417 875 474 codicem
906 419 1467 491 praestantissimum
1494 423 1787 479 Urbinatis
1820 423 2031 478 Biblio-
2064 426 2119 493 Α
2151 425 2285 481 dem
2316 440 2421 496 ope
2453 425 2568 480 duo
2600 430 2860 482 veterum
2893 424 3248 498 scriptorum
3274 422 3400 480 loca
3416 423 3614 480 minus
3643 429 3798 480 recte

383 506 590 577 thecae,
622 524 747 578 quas
780 525 964 579 nuper
992 508 1301 566 Alexandri
1346 512 1582 583 septimi
1615 512 2037 583 sapientissimi

384 594 689 651 Pontiﬁcis
721 596 1035 653 inmortali
1090 599 1370 657 beneficio
1407 599 1697 657 Vaticanaa
1751 601 2033 669 accessit;

380 683 447 738 in
479 700 594 754 quo
626 684 709 740 ita
735 686 1024 757 scriptum
1058 687 1270 760 reperi.

458 774 607 827 871
649 775 777 829 Haec
807 775 879 830 ad
918 776 1110 832 Dianae
1142 777 1404 849 Ephesiis
1450 783 1679 836 statuas
1726 796 2037 836 nummos-

378 877 500 932 que
529 867 753 918 veteres
782 862 1164 922 illustrandos
1209 866 1439 939 scripsi,
1475 872 1540 923 ut
1566 873 1775 925 mutua
1803 886 2036 925 eorum-

2150 513 2433 569 hactenus
2464 514 2760 569 intellecta
2789 532 2821 570 a
2854 515 3186 570 criticorum
3233 514 3578 585 corruptelis
3606 514 3791 567 vindi-

2147 615 2339 655 carem
2378 616 2390 655 :
2426 606 2547 655 tum
2579 616 2711 655 vero
2752 607 2816 656 ut
2850 600 3063 657 illustri
3108 600 3370 672 exemplo
3402 602 3794 672 ostenderem,

2150 689 2517 761 antiquitatis
2562 690 2823 745 studium
2874 707 2989 745 non
3040 690 3401 746 metiendum
3448 690 3609 745 inani
3641 690 3794 746 dele-

2147 779 2419 848 ctatione,
2448 779 2549 834 sed
2581 795 2754 834 suum
2797 778 2882 833 illi
2928 784 3198 835 constare
3247 779 3528 847 fructum,
3561 780 3609 833 si
3645 788 3796 834 recte

2148 868 2396 925 colatur.

378 1042 3795 1077 ψ

1387 1225 2766 1360 ωεεΕιιτ-Ατιο

692 1471 857 1622 IN
940 1470 1426 1629 MABCI
1510 1475 2125 1630 MlNUClI
2209 1475 2823 1630 FELICIS
2908 1477 3495 1630 LIBRUM

1255 1721 1461 1835 QUI
1528 1724 2110 1813 OCTAVIUS
2182 1725 2929 1814 INSCBIBITUR.

702 1910 978 1956 AUCTORB
1022 1912 1082 1955 D.
1131 1912 1246 1958 NIC.
1293 1913 1366 1957 LE
1408 1912 1670 1971 NOURRY,
1717 1911 2005 1958 IONACHO
2046 1912 2105 1959 0.
2152 1912 2207 1958 8.
2253 1913 2312 1957 Β.
2360 1913 2419 1956 8.
2466 1911 2962 1959 CONGBEGATIONE
3007 1911 3224 1958 SANCTI
3267 1911 3487 1957 HAURI.

1774 2211 2030 2273 CAPUT
2072 2210 2411 2273 PRIMUM.

382 2341 678 2421 Analysis
707 2340 896 2420 hujus
944 2342 1113 2413 libri,
1164 2344 1304 2423 quis
1351 2343 1516 2405 illius
1572 2354 1812 2437 auctor,
1848 2363 1919 2437 ac
1949 2345 2056 2437 qui
2081 2343 2645 2437 fuerint‘Czscilius
2702 2350 2765 2405 et
2821 2343 3109 2406 Octavius
3166 2344 3272 2423 qui
3332 2344 3397 2404 in
3448 2363 3523 2403 eo
3580 2343 3792 2422 dispu-

1734 2432 1933 2486 tantes
1964 2425 2463 2486 introducuntur.

871 2580 1220 2640 ATICULUS
1258 2585 1547 2641 PRIMUS.

900 2675 1157 2747 Analysis
1185 2675 1344 2747 hujus
1372 2675 1523 2730 libri.

466 2763 635 2817 Liber
662 2763 757 2819 hic
789 2765 935 2820 nihil
969 2765 1125 2820 aliud
1153 2764 1583 2836 complectitur,
1636 2782 1812 2837 quam
1856 2765 2040 2822 dialo-

382 2869 533 2924 gum
567 2870 677 2924 quo
710 2852 1432 2924 Cecilius,superstitiosis
1452 2853 1818 2908 ethnicorum
1852 2854 2041 2908 homi-

384 2960 543 2997 num
576 2943 932 2999 vanitatibus
965 2944 1257 3013 addictus,
1290 2943 1548 3013 patrium
1573 2950 1626 2997 et
1657 2944 1875 2997 avitum
1904 2944 2038 2998 deo-

382 3047 527 3086 rum
562 3031 806 3097 cultum,
846 3050 881 3087 a
928 3032 1163 3087 nemine
1208 3032 1621 3097 deserendum,
1650 3031 2041 3104 omnibusque

379 3120 450 3176 in
485 3136 553 3175 eo
596 3122 1082 3191 perseverandum
1128 3136 1278 3190 esse,
1329 3121 1507 3177 variis
1556 3120 1882 3177 rationibus
1915 3138 2041 3193 pro-

379 3209 531 3264 hare
561 3214 817 3264 conatur.
854 3211 1066 3266 Contra
1093 3226 1226 3265 vero
1261 3210 1697 3280 Octavius,qui,
1730 3210 1910 3281 impio
1941 3210 2039 3265 illo

379 3298 552 3353 cultu
598 3300 829 3369 rejecto,
869 3298 1209 3354 Christianas
1263 3299 1607 3370 professioni
1658 3314 1870 3354 nomen
1904 3316 2039 3355 cum

381 3387 649 3443 Minucio
681 3386 863 3442 Felice
897 3388 1153 3451 dederat,
1187 3387 1387 3442 omnia
1427 3387 1637 3442 Caecilii
1693 3393 2042 3459 argumenta

383 3476 490 3532 sic
513 3476 774 3531 funditus
804 3476 1032 3547 evertit,
1064 3476 1361 3548 tantisque
1390 3476 1684 3532 rationum
1726 3478 2041 3535 momentis

378 3564 729 3621 Christianae
762 3564 1062 3636 religionis
1092 3565 1461 3620 demonstrat
1488 3565 1813 3634 veritatem,
1832 3571 1895 3620 ut
1923 3566 2038 3622 Cae-

382 3654 590 3723 cilius,
620 3653 737 3711 illis
769 3654 939 3725 plane
958 3654 1285 3723 convictus,
1322 3653 1474 3710 hanc
1503 3654 1634 3711 laato
1663 3655 2040 3726 gratantique

386 3742 597 3800 animo
619 3744 984 3814 amplexatus
1010 3742 1205 3798 fuerit.

470 3834 553 3886 Ab
596 3832 720 3903 ipso
770 3837 964 3887 autem
1012 3831 1145 3887 libri
1197 3831 1434 3887 exordio
1484 3835 1683 3887 narrat
1726 3832 2036 3896 Minucius,

384 3921 855 3992 quamjucunda
883 3937 1108 3985 eorum,
1144 3938 1270 3992 qua:
1302 3920 1413 3975 sibi
1437 3937 1570 3975 cum
1603 3920 1860 3987 Octavio,
1894 3922 2033 3976 dum

385 4011 548 4081 apud
583 4026 644 4065 se
675 4011 868 4065 Romae
918 4010 1226 4074 habitaret,
1279 4009 1662 4081 contigerant,
1715 4027 1780 4065 ac
1813 4012 2039 4081 potissi-

386 4116 557 4154 mum
590 4100 835 4169 hujusce
865 4098 1279 4169 disputationis
1311 4100 1709 4155 recordatione
1733 4098 2042 4155 delectare-

386 4188 912 4250 tur.0uorumdam
938 4187 1228 4258 siquidem
1264 4188 1628 4260 negotiorum
1660 4205 1837 4244 causa
1868 4190 2041 4245 Octa-

380 4278 520 4331 vius
553 4276 621 4330 ad
654 4292 789 4330 eum
820 4276 1245 4331 vindemiarum
1293 4277 1730 4349 i’orensiumque
1764 4278 2037 4333 feriarum

383 4372 655 4437 tempore
686 4382 753 4419 ex
784 4365 1083 4437 inopinato
1104 4366 1581 4421 advenerat.Tam
1613 4372 1816 4438 gratus
1846 4373 2039 4423 autem

394 4455 680 4519 Minucio,
711 4470 885 4525 quam
914 4453 1265 4525 improvisus
1298 4454 1411 4509 fuit
1449 4454 1546 4510 ills
1576 4456 1792 4511 Octavii
1824 4456 2039 4511 adven-

403 4552 521 4598 tus.
559 4543 689 4598 Post
724 4542 1013 4613 expletam
1050 4559 1165 4597 uno
1196 4546 1254 4597 et
1285 4542 1465 4598 altero
1496 4543 1589 4597 die
1644 4543 1861 4598 summi
1895 4544 2043 4599 desi-

389 4632 541 4687 derii
574 4632 931 4696 aviditatem,
965 4631 1198 4703 utrique
1242 4631 1314 4686 ad
1348 4632 1575 4688 marina
1605 4632 1778 4688 Ostia;
1811 4632 2040 4699 balnea,

390 4722 582 4776 ascito
620 4720 855 4775 Minucii
904 4720 1115 4775 comite
1162 4719 1489 4791 Ceciliano,
1539 4720 1622 4776 ire
1673 4720 1911 4792 placuit.
1948 4721 2039 4776 Di-

388 4809 593 4865 luculo
643 4810 840 4881 itaque
885 4825 1016 4864 cum
1068 4809 1139 4863 ad
1192 4825 1371 4877 mare,
1424 4808 1844 4865 inambulando
1892 4833 1941 4878 »,
1979 4814 2042 4866 ut

389 4904 493 4963 ait,
533 4899 723 4953 littore
757 4902 1077 4968 pergerent,
1119 4896 1379 4953 Caecilius
1416 4920 1443 4948 «
1477 4899 1751 4954 denotato
1804 4922 1832 4949 ››
1873 4899 2039 4954 Sera-

390 4989 549 5059 palis
580 4988 914 5056 simulacro,
940 5002 1180 5041 manum
1214 4986 1297 5041 ori
1328 4987 1905 5058 admovit,labiisque
1937 4988 2043 5043 im-

385 5076 607 5148 pressit.
638 5074 1325 5139 osculum.Quamobrem
1359 5075 1512 5131 illico
1544 5076 1817 5132 Octavius
1852 5077 2039 5131 Minu-

380 5167 474 5221 cio
511 5166 723 5219 acriter
751 5163 1118 5234 exprobravit
1140 5181 1251 5219 non
1289 5165 1571 5220 minorem
1606 5166 1662 5219 in
1707 5166 1923 5237 ipsum,
1958 5172 2043 5221 ut-

384 5262 527 5327 pote
558 5253 769 5309 Cazcilii
800 5253 1113 5324 hospitem,
1149 5270 1326 5324 quam
1364 5254 1416 5309 in
1453 5255 1724 5309 eumdem
1748 5254 2040 5309 Caecilium

2066 2587 2116 2653 Β
2215 2584 2298 2639 Ibi
2331 2601 2499 2654 porro
2516 2601 2650 2640 cum
2675 2601 2884 2656 pueros
2909 2588 3192 2640 testarum
3219 2584 3279 2640 in
3303 2601 3462 2640 mare
3483 2582 3796 2655 jaculatio-

2150 2673 2327 2729 nibus
2356 2673 2853 2745 ludentes,aliqua
2877 2691 2990 2729 non
3025 2675 3150 2730 sine
3183 2673 3474 2744 voluptate
3507 2674 3799 2729 Minucius

2149 2762 2534 2833 Octaviusque
2567 2763 2991 2833 conspicerent,
3032 2762 3297 2818 Caicilius
3328 2779 3357 2817 e
3400 2762 3693 2818 contrario
3725 2762 3796 2817 ad

2148 2855 2269 2907 tam
2302 2855 2534 2923 gratum
2563 2850 2965 2922 spectaculum
2998 2850 3241 2905 minime
3274 2852 3554 2916 intentus,
3580 2851 3797 2905 subtri-

2150 2945 2299 2996 stem
2332 2958 2446 3013 prie
2476 2957 2537 2996 se
2570 2941 2789 2995 ferebat
2820 2940 3476 3012 animum.Quapropter
3504 2938 3797 2995 Minucius

2151 3029 2387 3086 solitam
2421 3030 2480 3085 in
2517 3046 2583 3085 eo
2613 3029 2963 3085 desideravit
2994 3028 3375 3086 alacritatem.
3410 3030 3482 3083 At
3514 3028 3610 3085 ille
3641 3030 3806 3102 inge-

2150 3136 2266 3175 nue
2290 3119 2599 3175 confessus
2628 3123 2719 3175 est
2768 3135 2830 3174 se
2876 3118 3095 3175 Octavii
3129 3135 3399 3175 sermone
3430 3117 3800 3191 perculsum:

2150 3212 2327 3281 atque
2358 3208 2573 3264 idcirco
2605 3208 2864 3281 petiit,ut
2892 3208 3008 3263 sibi
3049 3225 3181 3264 cum
3212 3208 3442 3263 Octavio
3474 3207 3545 3264 de
3576 3208 3805 3280 religio-

2150 3297 2242 3352 nis
2273 3314 2391 3353 suae
2412 3297 2656 3352 veritate
2685 3297 2989 3369 disputare
3020 3297 3175 3352 licet.
3219 3297 3441 3353 Annuit
3475 3314 3610 3352 cum
3650 3298 3806 3353 socio

2150 3402 2259 3442 suo
2308 3386 2602 3452 Octavius,
2653 3402 2718 3441 ac
2764 3384 2974 3441 selecto
3024 3385 3198 3458 paulo
3247 3385 3621 3441 eminentiori
3654 3384 3803 3455 loco,

2154 3474 2385 3530 medius
2414 3475 2568 3529 inter
2598 3491 2737 3530 eum
2769 3480 2825 3529 et
2851 3474 3154 3531 Octavium
3186 3475 3338 3530 sedit
3371 3474 3682 3529 Minucius.

2224 3563 2306 3618 Ad
2356 3563 2507 3618 hanc
2556 3580 2728 3635 porro
2760 3564 3215 3635 disputationem
3260 3565 3606 3635 priusquam
3640 3562 3807 3617 Caeci-

2149 3652 2268 3708 lius
2301 3651 2692 3724 aggrediatur,
2726 3668 2759 3707 a
2787 3652 3042 3708 Minucio
3088 3652 3350 3724 postulat
3381 3657 3446 3708 ut
3479 3652 3803 3726 aequissimi

2156 3740 2377 3813 judicis
2409 3740 2615 3796 libram
2651 3742 2889 3814 perinde
2910 3746 3199 3807 teneat,ac
3219 3742 3269 3797 si
3293 3743 3363 3799 de
3385 3741 3506 3797 ulla
3526 3742 3807 3816 religione

2150 3830 2299 3886 nihil
2332 3830 2615 3888 hactenus
2648 3831 2759 3886 sibi
2793 3830 3000 3887 fuisset
3030 3831 3657 3904 compertum.Dehinc
3674 3848 3806 3887 vero

2149 3920 2308 3976 haud
2342 3920 2683 3975 dubitanter
2714 3924 3009 3976 asseverat
3040 3937 3210 3993 posse
3259 3921 3532 3976 facillime
3565 3921 3797 3992 probari

2151 4008 2351 4063 omnia
2384 4008 2441 4062 in
2471 4010 2646 4064 rebus
2676 4008 2954 4066 humanis
2984 4026 3112 4066 esse
3142 4010 3343 4074 dubia,
3375 4025 3684 4079 suspensa,
3721 4008 3805 4062 in-

2149 4101 2310 4153 certa
2343 4096 2656 4169 minusque
2683 4114 2837 4165 vera,
2871 4114 3043 4169 quam
3079 4097 3443 4153 verisimilia.
3473 4096 3802 4152 Dolendum

2148 4185 2634 4259 igitur,inquit,et
2656 4187 2919 4242 omnium
2956 4186 3353 4259 indignatione
3377 4186 3519 4240 illud
3558 4186 3803 4257 dignum

2151 4276 2305 4346 quod
2349 4275 2567 4332 indocti
2614 4277 2854 4348 quidam
2907 4293 2973 4331 ac
3041 4276 3417 4331 scientiarum
3469 4275 3805 4345 artiumque

2151 4364 2339 4436 ignari
2372 4366 2442 4420 de
2462 4382 2697 4420 summa
2728 4381 2925 4420 rerum
2952 4368 3007 4419 et
3028 4365 3228 4421 divina
3250 4366 3555 4435 majestate
3579 4364 3802 4435 aliquid

2151 4454 2463 4509 decernere
2494 4470 2609 4510 non
2663 4454 2953 4522 dubitent,
3002 4454 3075 4509 de
3124 4470 3241 4526 qua
3287 4454 3620 4526 philosophi
3655 4453 3804 4508 nihil

2151 4542 2291 4599 certi
2326 4543 2395 4598 ad
2429 4543 2585 4597 hunc
2638 4558 2826 4613 usque
2876 4542 3031 4598 diem
3085 4546 3342 4598 statuere
3393 4542 3522 4599 ausi
3551 4543 3800 4597 fuerant.

2150 4632 2264 4688 Nec
2296 4631 2589 4687 immerito
2622 4631 2860 4701 quidem
2892 4657 2905 4698 ;
2939 4647 3287 4703 persuasum
3330 4632 3625 4705 siquidem
3655 4631 3801 4703 ipsis

2150 4723 2273 4775 erat
2303 4719 2557 4775 inﬁrmis
2591 4718 2932 4775 hominibus
2954 4720 3213 4777 coelestia
3233 4723 3481 4778 scrutari
3503 4726 3803 4794 negatum,

2159 4808 2375 4880 quibus
2435 4808 2577 4865 satis
2609 4825 2737 4864 esse
2770 4810 2959 4878 debet,
2985 4810 3035 4866 si
3067 4812 3292 4882 seipsos
3322 4810 3670 4867 familiarius
3702 4826 3802 4864 no-

2150 4898 2355 4954 verint.
2387 4898 2533 4953 Tum
2569 4897 2725 4953 brevi
2759 4898 3096 4956 inductione
3126 4902 3529 4956 demonstrare
3560 4902 3806 4953 conatur

2151 4991 2370 5042 certum
2406 5004 2519 5041 non
2552 5004 2679 5042 esse
2722 4993 2920 5041 utrum
2980 4993 3092 5044 Deo
3142 4989 3339 5059 aliquo
3390 4993 3625 5043 auctore
3657 4989 3807 5040 facta

2151 5076 2269 5131 sint
2299 5078 2608 5131 omniahx
2644 5092 2921 5147 prospera
2944 5084 3137 5132 autem
3162 5094 3470 5149 pravorum
3493 5075 3799 5131 hominum

2152 5164 2476 5220 Phalaridis
2510 5172 2567 5221 et
2599 5165 2880 5236 Dionysxi,
2917 5170 2973 5222 et
2999 5167 3240 5222 adversa
3262 5167 3548 5221 bonorum
3578 5162 3803 5233 Rutilii,

2152 5254 2379 5311 Camilli
2412 5260 2467 5310 et
2499 5254 2750 5312 Socratis
2783 5256 3111 5323 fortuna,ac
3140 5255 3314 5309 variis
3340 5260 3396 5309 et
3427 5254 3671 5309 lubricis
3696 5258 3810 5310 ter-

388 5344 726 5400 redundare
764 5341 1014 5413 hujusce
1037 5343 1204 5414 impii
1231 5344 1507 5399 facinoris
1538 5343 2043 5399 imfamiam.Reli-
2078 5332 2123 5392 D
2156 5361 2427 5399 renarum
2461 5361 2656 5400 rerum
2688 5344 2947 5410 casnbus,
2999 5345 3247 5414 probare
3286 5344 3587 5399 contendit
3639 5345 3809 5400 nobis

387 5450 586 5507 quum
619 5438 813 5487 tamen
845 5433 998 5488 372
1030 5431 1236 5488 exinde
1265 5432 1492 5488 itineris
1535 5433 1787 5503 spatium
1822 5434 2043 5488 emensi

2157 5434 2418 5489 nondum
2451 5438 2716 5488 constare
2747 5436 2946 5486 utrum
2994 5432 3092 5489 Dei
3149 5434 3512 5504 providentia
3542 5435 3801 5489 mundus

388 5526 450 5577 isi
482 5521 878 5576 marislittore
908 5522 974 5576 de
999 5519 1370 5592 navigatione
1391 5520 1819 5577 confabulando
1844 5521 2048 5578 deam—
2157 5528 2412 5596 regatur.
2440 5527 2541 5577 aut
2570 5521 2763 5578 soluta
2794 5519 3024 5592 legibus
3055 5522 3291 5580 fortuna
3323 5524 3499 5580 rebus
3532 5523 3807 5580 omnibus

385 5610 537 5668 bula
548 5612 710 5675 bant,

2161 5612 2517 5669 dominetur.
