4102 6162
306 302 426 365 383

1595 309 1697 369 DE
1743 307 2049 371 MINUCII
2096 310 2437 371 OCTAVIO

3598 308 3721 368 384

380 438 534 492 873
566 437 705 495 lnde
752 436 931 509 igitur
960 437 1055 494 ille
1103 437 1398 495 concludit
1445 440 1631 496 satius
1676 456 1803 496 esse
1834 444 1949 496 tra-
1980 443 2036 509 Α
2067 442 2451 499 maximarum
2503 458 2806 516 pinnarum
2857 440 3239 498 aeternitatem
3275 440 3719 516 repromiitunt.

310 526 447 580 ditis
478 525 737 597 antiquis
784 526 1163 599 religionibus
1212 528 1526 597 adhaerere,
1569 530 1824 601 deosque
1858 547 1949 585 ve-

307 615 417 669 reri
448 620 504 668 et
533 615 777 671 adorare
808 632 985 687 quam
1034 617 1212 672 ullam
1266 619 1337 672 de
1386 618 1502 673 illis
1535 619 1684 674 ferre
1716 625 1950 675 senten-

310 704 479 759 tiam.
519 705 604 758 Ab
658 706 785 773 ipso
834 706 1051 778 quippe
1096 707 1300 761 mundi
1346 708 1629 779 principio
1679 714 1953 781 parentes

314 792 530 849 nooiris
572 793 747 851 hosce
786 796 925 851 deos
954 802 1055 851 aut
1102 795 1321 863 faciles,
1372 801 1473 851 aut
1522 814 1686 868 reges
1740 798 1953 853 habue—

312 887 468 937 runt.
504 882 781 947 Quaslibet
812 884 968 939 enim
1004 885 1253 951 natio,ac
1285 886 1528 941 Romani
1580 888 1953 956 postmodum

314 970 558 1025 numina
606 988 713 1026 sua
762 974 845 1027 sic
897 972 1144 1038 coluere,
1194 978 1259 1028 ut
1308 974 1365 1027 hi
1416 975 1505 1043 pio
1551 992 1750 1029 eorum
1793 974 1955 1029 cultu

315 1075 656 1130 supremum
690 1061 1009 1116 meruerint
1030 1062 1205 1117 totius
1236 1062 1394 1118 orbis
1422 1068 1585 1118 terrae
1618 1063 1954 1135 imperium.

315 1148 467 1202 Tum
499 1147 708 1203 deinde
740 1165 1069 1206 asseverare
1101 1168 1214 1206 non
1243 1156 1475 1207 veretur
1523 1153 1679 1207 hunc
1717 1153 1957 1207 deorum

313 1236 563 1303 cultum,
595 1236 693 1308 qui
740 1254 807 1293 eo
852 1239 1127 1306 sanctior,
1186 1255 1302 1311 quo
1347 1240 1630 1295 vetustior
1675 1244 1793 1307 est,
1830 1238 1958 1312 qui-

317 1325 567 1382 busdam
608 1325 751 1381 satis
783 1327 1009 1398 probari
1044 1328 1475 1399 miraculis,nec
1500 1328 1741 1401 impune
1771 1346 1803 1383 a
1823 1345 1959 1383 non-

319 1412 496 1470 nullis
547 1413 745 1486 impiis
776 1420 1035 1487 spretum
1061 1420 1118 1472 et
1146 1416 1404 1472 irrisum.
1432 1417 1560 1471 Alia
1589 1422 1786 1472 autem
1815 1418 1961 1473 bene

320 1501 508 1559 multa
536 1503 605 1558 de
634 1504 876 1560 deorum
910 1504 1280 1561 naturalibus
1319 1512 1376 1560 et
1423 1505 1611 1573 donis,
1647 1506 1719 1561 de
1748 1505 1957 1561 carmi-

319 1591 491 1647 nibus
514 1596 910 1663 poetarum,et
925 1593 1177 1648 oraculis
1202 1594 1399 1650 futura
1429 1594 1961 1666 praenuntiantibus

319 1697 380 1736 se
412 1680 857 1752 praetermisisse
886 1687 1272 1749 contestatus,
1325 1684 1573 1739 ﬁdenter
1620 1684 1963 1755 pronuntiat

317 1770 689 1825 manifestam
721 1770 959 1825 cuilibet
1006 1771 1128 1825 ﬁeri
1178 1772 1420 1827 deorum
1474 1773 1846 1843 przssentiam
1894 1788 1963 1826 ex

316 1857 553 1928 templis
585 1876 710 1931 quas
770 1859 1101 1915 incolebant
1130 1886 1143 1927 ς
1178 1877 1247 1915 ex
1290 1861 1542 1927 vatibus,
1585 1862 1685 1932 qui
1717 1866 1959 1915 ventura

317 1954 634 2017 noverant;
667 1966 735 2004 ex
781 1950 1098 2017 beneficiis,
1147 1952 1361 2021 quibus
1411 1952 1492 2006 dii
1540 1950 1651 2023 ipsi
1695 1950 1961 2007 solebant

317 2038 461 2093 bene
490 2039 560 2093 de
586 2038 927 2095 hominibus
961 2039 1190 2106 mereri,
1225 2056 1291 2094 ac
1320 2040 1556 2095 tandem
1590 2057 1658 2094 ex
1687 2039 1956 2109 somniis,

316 2127 533 2199 quibus
564 2126 996 2183 evidentissima
1027 2128 1799 2199 agnoscebantur.Quamvis
1823 2144 1960 2200 ergo

317 2215 527 2271 horum
557 2216 798 2271 deorum
833 2222 1042 2272 natura
1072 2216 1159 2272 vel
1193 2218 1355 2289 origo
1407 2217 1628 2273 incerta
1657 2218 1755 2285 sit,
1790 2217 1961 2271 ﬁrma

316 2308 513 2359 tamen
546 2320 780 2359 manere
811 2305 979 2360 debet
1008 2306 1273 2361 omnium
1305 2306 1567 2377 gentium
1599 2306 1669 2362 de
1702 2305 1773 2361 iis
1821 2322 1959 2360 con-

320 2392 541 2448 sensio.
601 2392 991 2456 Quamobrem
1048 2394 1293 2450 minime
1357 2395 1651 2450 ferendam
1704 2410 1833 2450 esse
1882 2393 1963 2449 ait

320 2481 629 2551 Theodori,
675 2481 930 2554 Diagoraa
971 2500 1037 2538 ac
1080 2484 1405 2555 Protagorae
1454 2482 1697 2554 impiam
1729 2483 1962 2538 temeri-

321 2575 517 2633 tatem,
552 2571 653 2641 qui
686 2570 833 2625 hanc
866 2571 1205 2644 religionem
1236 2572 1466 2644 penitus
1487 2571 1707 2643 tollere,
1739 2576 1841 2627 aut
1870 2588 1963 2628 sa-

322 2664 436 2714 tem
468 2660 767 2715 infirmare
790 2660 1114 2716 voluerunt.

395 2771 467 2822 At
498 2772 650 2823 certe
674 2766 854 2823 multo
887 2767 1104 2836 minus,
1138 2768 1350 2840 inquit,
1384 2768 1615 2824 tolerari
1645 2768 1816 2824 debet
1846 2766 1963 2822 illi-

323 2855 436 2910 cita
467 2859 522 2909 et
551 2855 856 2926 desperata
887 2856 1059 2912 factio
1090 2856 1965 2929 Christianorum,locifugaque

321 2960 524 2999 eorum
560 2945 739 3011 natio,
765 2960 832 3000 ex
865 2945 1073 3000 ultima
1103 2947 1237 3001 fasce
1267 2945 1574 3001 hominum
1607 2946 1867 3011 collecta,
1900 2961 1966 3001 ac

324 3033 629 3089 nocturnis
673 3034 1242 3106 congregationibus,
1283 3034 1529 3105 jejuniis
1578 3034 1962 3103 solemnibus,

320 3121 782 3192 inhumanisque
812 3124 959 3178 cibis
998 3124 1295 3178 fmderata.
1350 3123 1449 3179 [sti
1490 3122 1783 3178 enimvero
1816 3128 1961 3177 tem-

2060 532 2374 604 Eapropter
2414 534 2700 589 damnant
2740 546 2932 602 rogos.
2979 530 3325 603 igniumque
3375 529 3715 602 sepulturas

2062 625 2119 676 et
2149 629 2358 677 cuncta
2386 621 2669 678 voluntati
2699 620 2906 676 divina:
2937 636 3040 677 seu
3074 620 3189 676 fato
3221 621 3545 677 ascribunt.
3579 617 3721 674 Nul-

2063 708 2154 764 lus
2184 716 2381 765 tamen
2417 716 2684 766 mortuus
2717 710 2788 765 ab
2812 709 3015 764 inferis
3046 709 3283 765 excitari
3315 709 3471 765 874
3502 712 3715 779 potest;

2064 803 2123 853 et
2152 815 2319 855 nemo
2370 815 2631 870 unquam
2674 797 2977 853 Protesilai
3027 802 3181 853 sorte
3232 798 3318 854 vel
3363 797 3508 853 hora
3548 796 3722 851 unica

2063 887 2135 941 ad
2170 888 2344 943 vitam
2378 887 2486 943 fuit
2534 892 2851 942 revocatus.
2906 886 3053 951 Quid
3104 890 3298 941 autem
3362 886 3521 940 hisce
3551 883 3719 938 Chri-

2067 976 2275 1031 stianis
2309 981 2437 1046 post
2471 981 2718 1031 mortem
2744 981 3087 1030 eventurum
3124 976 3363 1046 sit,inde
3396 974 3509 1046 ipsi
3534 988 3719 1044 angu-

2066 1065 2178 1119 rari
2210 1065 2441 1133 debent,
2476 1065 2630 1137 quod
2663 1079 2840 1130 nunc,
2870 1064 3029 1118 omni
3064 1064 3260 1119 divina
3309 1080 3421 1135 ope
3455 1060 3721 1117 destituti

2069 1154 2348 1208 Romanis
2368 1169 2499 1208 vero
2532 1152 3037 1219 subditi,summis
3069 1151 3507 1207 calamitatibus
3537 1154 3594 1204 et
3622 1148 3723 1203 mi-

2068 1242 2238 1296 seriis
2268 1245 2631 1312 premuntur,
2666 1240 2931 1296 honestis
2960 1239 3389 1312 voluptatibus,
3423 1242 3722 1310 spectacu-

2070 1330 2161 1397 lis,
2196 1329 2445 1402 pompis,
2493 1328 2775 1385 conviviis
2826 1328 3099 1400 publicis,
3148 1328 3515 1400 idolothytis,
3561 1326 3723 1381 ﬂori-

2069 1420 2204 1487 bus,
2233 1419 2462 1475 coronis
2506 1418 2823 1488 abstinent,
2870 1421 2928 1474 et
2958 1422 3260 1489 unguenta
3292 1416 3600 1472 funeribus
3634 1432 3725 1469 re-

2070 1511 2327 1562 servant.

2141 1596 2391 1651 Comites
2440 1600 2641 1668 itaque
2673 1611 2812 1651 suos
2868 1594 3136 1650 Cecilius
3196 1595 3546 1651 adhortatur
3576 1594 3729 1648 desi-

2073 1688 2214 1741 nant
2243 1684 2366 1740 cmli
2401 1685 2602 1757 plagas
2636 1685 2957 1757 mundique
3007 1690 3227 1740 secreta
3278 1683 3499 1747 rimari,
3532 1681 3713 1737 hanc-

2072 1790 2183 1845 que
2214 1778 2533 1844 sequantur
2561 1774 2817 1830 Socratis
2850 1773 3201 1828 sententiam
3235 1790 3247 1827 :
3287 1795 3313 1823 «
3345 1772 3507 1836 Quod
3538 1789 3721 1843 supra

2070 1880 2194 1932 nos,
2250 1862 2393 1916 nihil
2438 1862 2509 1917 ad
2560 1878 2684 1917 nos.
2745 1884 2771 1910 »
2822 1862 2891 1917 Et
2930 1866 3083 1916 certe
3110 1861 3206 1917 ille
3250 1861 3446 1916 divino
3478 1860 3714 1915 oraculo

2068 1951 2295 2007 laudari
2329 1951 2543 2006 idcirco
2578 1950 2789 2006 meruit
2821 1966 2833 2004 :
2870 1973 2899 1999 «
2928 1951 3089 2014 Quod
3125 1950 3269 2003 nihil
3303 1966 3364 2005 se
3394 1949 3545 2004 scire
3569 1948 3723 2003 didi-

2068 2040 2263 2095 cisset.
2300 2062 2327 2089 »
2360 2041 2441 2095 Ex
2472 2040 2579 2095 hoc
2611 2043 2809 2095 autem
2851 2039 3007 2093 fonte
3038 2038 3295 2116 manavit
3326 2038 3585 2110 prudens
3616 2039 3724 2091 Ar-

2069 2128 2275 2197 cesilas,
2309 2129 2651 2194 Carneadis,
2685 2128 3197 2200 plurimorumque
3238 2126 3723 2182 Academicorum

2070 2219 2128 2273 in
2162 2218 2412 2274 summis
2434 2217 2857 2289 quaestionibus
2888 2216 3271 2282 dubitatio,ac
3302 2216 3727 2283 Simonidis,de

2070 2307 2185 2363 diis
2215 2308 2285 2362 ab
2319 2306 2565 2363 Hierone
2594 2312 2842 2378 tyranno
2874 2305 3235 2380 interrogati,
3268 2304 3564 2359 cunctatio
3591 2320 3721 2358 om-

2072 2397 2247 2452 nibus
2272 2396 2575 2451 imitanda.
2615 2395 2870 2467 Denique
2907 2394 3168 2451 Caecilius
3199 2393 3410 2449 horum
3456 2392 3718 2465 opinioni

2072 2503 2133 2541 se
2178 2486 2399 2539 lubenti
2449 2485 2647 2540 animo
2694 2484 3063 2539 subscribere
3106 2483 3407 2549 declarat;
3443 2498 3547 2537 nec
3597 2481 3725 2537 sine

2072 2573 2207 2630 elati
2238 2573 2416 2629 animi
2449 2572 2681 2628 fastidio
2711 2572 3032 2640 Octavium,
3084 2577 3151 2628 ut
3198 2572 3563 2644 argumentis
3592 2571 3718 2626 suis

2074 2662 2442 2735 respondeat,
2495 2661 2880 2734 provocando,
2938 2661 3115 2717 ﬁnem
3165 2660 3420 2717 sermoni
3466 2676 3571 2715 suo
3616 2660 3730 2714 im-

2079 2752 2267 2824 ponit.

2145 2845 2292 2895 Tum
2348 2839 2643 2896 Minucius
2684 2840 2908 2896 Camillo
2954 2840 3217 2895 modeste
3268 2838 3570 2911 respondit
3617 2838 3720 2893 de-

2074 2929 2364 2986 sermonis
2411 2930 2537 2985 suis
2580 2929 2988 2995 concinnitate,
3042 2927 3246 2984 subtili
3298 2926 3582 2983 orationis
3632 2943 3726 2981 va-

2076 3019 2277 3084 riente,
2312 3035 2534 3089 suaque
2565 3018 2717 3073 haud
2764 3018 3039 3074 mediocri
3072 3017 3409 3087 eloquentia
3460 3015 3574 3087 ipsi
3606 3032 3723 3069 non

2074 3124 2203 3163 esse
2252 3108 2710 3175 exsultandum;
2754 3108 2854 3162 sed
2906 3107 3142 3179 singula
3193 3106 3322 3177 ejus
3387 3108 3737 3177 argumenta

326 3175 782 3281 p18,,ﬁ'5ugt'3',
821 3175 1737 3283 ‘dgsbigi'ggifﬁgog,egpggni,
1761 3175 1963 3266 ﬁderit
1994 3175 2036 3242 (ἶ
2076 3196 2869 3268 diligenterexpendenda,ut
2888 3175 3432 3267 quodineisverum
3450 3175 3735 3249 validum-

324 3315 509 3366 sacra,
543 3299 791 3356 honores
822 3300 1229 3369 ﬂoccifaciunt,
1274 3306 1569 3357 tormenta
1598 3300 1850 3372 denique
1879 3299 1965 3356 sic

325 3394 611 3460 spernunt
641 3394 703 3444 ut
735 3392 876 3445 dum
910 3392 1055 3445 mori
1090 3394 1222 3462 post
1254 3394 1503 3445 mortem
1534 3390 1761 3455 timent,
1797 3389 1970 3444 mori-

323 3477 557 3534 interim
587 3496 700 3533 non
731 3484 1063 3534 vereantur.
1104 3481 1210 3534 Per
1247 3481 1551 3534 universas
1583 3478 1968 3534 nihilominus

324 3572 487 3622 terrae
522 3574 711 3638 partes
746 3568 1138 3635 disseminati,
1178 3567 1423 3623 occultis
1455 3568 1609 3623 notis
1664 3584 1792 3623 sese
1823 3568 1967 3621 invi-

325 3671 449 3710 cem
481 3663 861 3727 cognoscunt,
898 3660 1215 3727 amantque
1248 3671 1393 3725 pene
1446 3660 1764 3727 antequam
1797 3670 1969 3711 nove-

326 3744 460 3799 rint.
495 3750 568 3798 At
599 3745 877 3800 dicuntur
923 3751 1096 3815 caput
1146 3746 1387 3800 adorare
1435 3746 1608 3814 asini,
1646 3745 1831 3801 colere
1876 3761 1970 3800 sa-

328 3833 578 3888 cerdotis
638 3833 935 3904 genitalia,
1004 3839 1178 3905 atque
1244 3833 1539 3889 hominem
1605 3834 1970 3901 crucifixum,

335 3922 655 3994 ipsumque
689 3922 868 3993 hujus
920 3922 1149 3994 suplicii
1178 3924 1638 3977 instrumentum
1689 3922 1971 3977 venerari.

330 4010 475 4075 Quid
507 4010 722 4081 plura?
752 4012 832 4066 Ad
868 4012 1070 4082 epulas
1101 4012 1345 4067 solemni
1398 4012 1491 4066 die
1539 4016 1767 4079 coeunt,
1801 4016 1976 4080 atque

328 4100 406 4155 ibi
457 4105 625 4171 epoto
693 4101 936 4155 infantis
1003 4101 1413 4156 crudelissime
1444 4100 1619 4155 occisi
1666 4100 1974 4172 sanguine,

332 4187 516 4244 ictum
551 4190 737 4244 foedus
771 4189 1060 4258 sanciunt,
1095 4194 1153 4244 et
1187 4205 1387 4244 eorum
1430 4189 1707 4243 tirunculi
1740 4188 1977 4243 initian-

329 4283 446 4333 tur.
482 4279 619 4333 Post
676 4277 817 4333 illud
863 4294 997 4335 vero
1028 4278 1471 4333 immanissimas
1534 4276 1777 4332 leritatis
1841 4293 1979 4331 con-

332 4367 875 4437 vivium,exstinetis
892 4385 924 4423 a
957 4384 1099 4423 cane
1122 4366 1581 4437 luminibus,per
1609 4365 1981 4437 impudentes

331 4455 623 4524 tenebras,
658 4456 881 4512 incerta
912 4461 1066 4512 sorte
1097 4472 1300 4511 omnes
1331 4455 1776 4526 permiscentur,
1808 4458 1981 4524 atque

2076 3302 2189 3356 que
2237 3285 2335 3352 sit,
2382 3284 2685 3356 seligatur,
2741 3285 3018 3355 probetur
3083 3288 3141 3339 et
3206 3283 3584 3354 suscipiatur.
3661 3285 3733 3336 At

2076 3373 2340 3429 Cascilius
2371 3390 2485 3427 non
2522 3372 2648 3429 sine
2694 3374 2891 3443 aliqua
2939 3372 3058 3428 laesi
3089 3372 3270 3428 animi
3306 3370 3741 3443 signiﬁcatione

2078 3462 2224 3516 dixit
2266 3478 2423 3530 eum,
2478 3462 2909 3533 disputationis
2966 3477 3089 3517 suae
3154 3459 3307 3516 vires
3355 3458 3733 3524 inﬁrmando,

2079 3551 2151 3605 ab
2180 3551 2370 3605 ofﬁcio
2408 3550 2661 3621 religiosi
2692 3551 2991 3606 discedere
3025 3548 3269 3620 judicis.
3313 3550 3615 3620 [ntegrum
3648 3548 3732 3603 si-

2080 3640 2317 3710 quidem
2349 3638 2582 3694 Octavio
2632 3644 2755 3693 erat
2795 3654 2864 3693 ea
2910 3638 3128 3703 omnia,
3186 3654 3313 3708 quis
3365 3638 3426 3691 in
3479 3636 3738 3691 medium

2082 3727 2421 3800 protulerat,
2446 3728 2493 3783 si
2517 3732 2732 3798 posset,
2758 3728 3080 3797 confutare,
3124 3742 3303 3797 seque
3337 3726 3410 3781 ad
3445 3741 3579 3780 eum
3614 3740 3737 3779 ma-

2081 3833 2196 3888 gno
2227 3816 2458 3872 silentio
2508 3817 2868 3872 audiendum
2917 3822 3036 3887 jam
3087 3832 3217 3872 esse
3263 3815 3733 3887 paratissimum.

2154 3946 2182 3972 ‹‹
2236 3924 2439 3979 Dicam
2489 3924 2783 3993 equidem,
2826 3923 3129 3994 respondit
3178 3922 3474 3991 Octavius,
3527 3937 3592 3975 ac
3632 3936 3737 3991 pro

2083 4012 2308 4067 viribus
2353 4012 2607 4075 adnitar,
2656 4017 2721 4067 ut
2768 4012 3060 4067 veracium
3129 4012 3441 4067 verborum
3496 4009 3741 4064 ﬂumine

2086 4100 2518 4156 amarissimam
2562 4100 2954 4156 conviciorum
3002 4099 3191 4155 labem
3246 4099 3494 4155 diluam.
3528 4119 3555 4150 η
3589 4102 3736 4153 Ante

2086 4189 2286 4244 omnia
2328 4205 2459 4245 vero
2504 4188 2603 4244 ille
2652 4188 2957 4260 profitetur
3005 4189 3092 4243 fas
3139 4188 3252 4243 sibi
3302 4204 3419 4243 non
3465 4203 3595 4242 esse
3623 4187 3727 4239 du-

2090 4278 2833 4349 biam,ancipitem,vagam
2859 4283 2917 4331 et
2946 4279 3325 4332 ﬂuctuantem
3358 4275 3743 4331 dissimulare

2087 4366 2298 4421 Caecilii
2330 4371 2584 4421 mentem
2635 4382 2701 4421 ac
2752 4367 3125 4422 sententiam.
3175 4367 3249 4420 At
3291 4366 3504 4419 fatetur
3546 4369 3745 4419 tamen

2094 4472 2224 4511 eam
2256 4471 2360 4510 nec
2395 4454 2501 4510 ulli
2532 4454 2685 4510 malo
2720 4454 2880 4510 illius
2918 4454 3074 4522 dolo,
3111 4471 3214 4510 nec
3244 4453 3454 4509 callido
3487 4459 3747 4508 versuto-

332 4542 432 4609 ita,
468 4548 568 4597 aut
599 4544 810 4615 reipsa,
846 4551 950 4599 aut
998 4544 1354 4599 conscientia
1404 4544 1552 4599 fiunt
1602 4542 1827 4598 incesti.
1862 4543 1980 4598 Cae-
2008 4543 2057 4607 D
2089 4560 2202 4616 que
2232 4544 2361 4615 ejus
2390 4542 2611 4610 animo,
2644 4544 2718 4598 ab
2741 4545 2869 4615 ejus
2900 4542 3236 4599 sinceritate
3255 4558 3497 4614 prorsus
3530 4541 3745 4597 abhor-

329 4635 520 4686 terum
554 4632 839 4703 quidquid
874 4632 1313 4705 colunt,magno
1344 4632 1539 4689 studio
1570 4630 1860 4688 occultare
1891 4632 1979 4687 ni-

331 4724 581 4790 tuntur;
620 4721 812 4776 nullas
864 4738 998 4777 aras
1040 4723 1276 4793 habent,
1330 4721 1550 4794 templa
1601 4721 1785 4787 nulla,
1817 4720 1983 4776 nulla

333 4814 469 4866 nota
502 4809 839 4867 simulacra.
924 4843 929 4849 ο

403 4917 555 4974 Deus
582 4934 752 4989 porro
784 4917 1040 4986 illorum,
1073 4918 1245 4973 sicuti
1288 4921 1343 4973 et
1383 4916 1738 4983 Judaaorum,
1770 4916 1980 4973 unicus

334 5024 463 5063 esse
501 5008 705 5074 fertur,
758 5024 933 5080 quem
984 5024 1115 5062 cum
1165 5023 1269 5061 nec
1313 5004 1508 5060 videre
1542 5021 1645 5059 nec
1675 5005 1979 5060 ostendere

334 5096 738 5169 queant,illum
775 5097 1160 5152 nihilominus
1196 5096 1391 5149 animo
1427 5092 1595 5165 plane
1626 5093 1977 5164 inquietum,

335 5191 685 5259 praepostere
729 5187 1049 5254 curiosum,
1094 5182 1314 5254 ubique
1366 5187 1735 5252 praesentem,
1779 5181 1980 5237 omnia

334 5275 638 5330 hominum
670 5275 843 5342 facta,
878 5278 1051 5344 atque
1081 5271 1324 5326 intimas
1358 5270 1539 5325 animi
1572 5270 1976 5343 cogitationes,

330 5365 558 5419 etiamsi
592 5363 843 5432 singulis
870 5364 1148 5417 inservire
1178 5377 1290 5414 non
1319 5360 1524 5431 possit,
1555 5359 1865 5431 diligenter
1894 5362 1979 5414 in-

331 5455 560 5524 quirere
586 5453 964 5505 arbitrantur.
1007 5452 1290 5506 Futurum
1324 5466 1555 5521 quoque
1587 5456 1861 5505 asserunt
1891 5454 1975 5506 to-

330 5545 455 5600 tius
489 5540 1145 5610 mundiinccndium,ac
1166 5544 1621 5612 postcorporum
1640 5544 1977 5597 nostrorum

320 5628 816 5693 resurrectionem
861 5628 1045 5701 justis
1109 5626 1461 5687 beatissimus
1528 5627 1675 5698 vitae,
1734 5629 1976 5701 injustis

2091 4634 2265 4699 renti,
2298 4632 2399 4688 sed
2431 4631 2701 4688 veritatis
2741 4631 3089 4705 ignorationi
3123 4647 3250 4687 esse
3271 4631 3666 4687 tribuendam.

2159 4740 2243 4795 Ad
2275 4739 2632 4794 infirmanda
2660 4738 2871 4795 dehinc
2891 4736 3127 4809 singula
3152 4736 3361 4793 Caecilii
3397 4742 3747 4811 argumenta

2090 4844 2427 4901 aggressus,
2479 4827 2646 4883 docet
2693 4826 2914 4883 nemini
2990 4842 3140 4898 aegre
3203 4826 3532 4895 ferendum,
3583 4827 3741 4897 quod

2089 4916 2428 4987 Christiani,
2463 4918 2841 4989 quantumvis
2891 4914 3177 4972 illitterati
3211 4920 3267 4971 et
3309 4932 3615 4989 pauperes,
3670 4916 3744 4969 de

2089 5005 2421 5061 cmlestibus
2466 5006 2643 5060 rebus
2693 5005 3018 5077 disputent.
3071 5003 3243 5061 Tales
3292 5005 3585 5060 enimvero
3625 5021 3742 5059 non

2088 5094 2279 5150 solum
2314 5094 2554 5150 fuerunt
2587 5093 2943 5167 philosophi,
2977 5098 3036 5148 et
3076 5094 3177 5149 alii
3209 5094 3425 5149 artium
3477 5093 3741 5148 invento-

2088 5200 2201 5252 res,
2236 5200 2434 5239 verum
2474 5187 2765 5239 nostrates
2805 5183 3000 5249 etiam,
3053 5182 3176 5254 qui,
3223 5183 3565 5255 quantumis
3608 5183 3741 5236 ino-

2088 5289 2191 5346 pes
2221 5278 2277 5327 et
2306 5272 2711 5343 egentes,aliis
2744 5271 3112 5343 prudentiam
3145 5274 3203 5327 et
3222 5271 3593 5344 disciplinam
3624 5275 3744 5327 tra-

2086 5362 2381 5426 diderunt,
2417 5363 2483 5416 Et
2514 5377 2646 5417 vero
2680 5377 2815 5416 cum
2863 5360 3165 5431 ingenium
3200 5376 3313 5414 non
3366 5360 3607 5415 fortuna:
3638 5363 3745 5414 aut

2089 5448 2471 5505 facultatibus
2504 5450 2693 5519 detur,
2728 5448 2826 5504 sed
2863 5464 2895 5502 a
2935 5451 3144 5501 natura
3175 5447 3343 5502 nobis
3374 5448 3614 5503 insitum
3640 5448 3740 5516 sit,

2087 5537 2329 5611 quilibet
2366 5537 2628 5609 cujusvis
2656 5554 2830 5593 sexus
2864 5540 2920 5591 et
2949 5535 3303 5592 conditionis
3333 5536 3509 5592 homo
3543 5537 3745 5594 divina

2090 5626 2443 5698 investigare
2475 5632 2529 5682 et
2560 5627 2630 5682 de
2660 5627 2732 5681 iis
2764 5624 3108 5682 sententiam
3142 5624 3288 5681 ferro
3321 5630 3526 5699 potest.
