3962 6176
223 151 228 158 ι

219 165 236 178 1

225 290 314 350 385
1588 276 2110 342 DlSSERTATIO
3433 282 3551 346 386

276 421 462 473 Fatetur
487 413 710 485 quidem
743 409 1038 468 hominem
1062 409 1270 466 debere
1292 411 1566 482 seipsum
1593 427 1784 475 nosse,
1825 417 1868 478 Α
1904 430 2021 484 ges,
2055 414 2232 469 duces
2282 415 2544 487 inclytus,
2599 413 2841 486 pudicas
2887 418 2945 470 et
2976 431 3111 469 sexu
3149 432 3254 468 suo
3287 415 3552 473 fortiores

215 527 265 565 ac
291 507 417 579 quis,
446 505 607 574 unde,
640 518 843 575 quare,
875 519 908 558 a
938 518 1078 574 quo,
1111 506 1168 558 et
1193 518 1260 558 ex
1304 501 1519 574 quibus
1549 501 1796 558 elemen-
1905 503 2158 574 reginas,
2190 504 2524 576 artiumque
2556 504 2988 568 inventores,ob
3021 504 3552 575 pl‘reolaraillorum

212 600 271 653 tis
295 595 450 651 factus
496 593 602 648 sit:
654 593 754 647 sed
804 591 975 664 plane
1026 591 1379 663 penitusque
1427 595 1601 663 negat
1646 591 1796 647 hanc
1906 591 2077 658 facta,
2124 590 2211 648 vel
2259 597 2496 663 accepta
2538 593 2609 647 ab
2661 593 2744 647 eis
2791 592 3066 647 beneﬁcia
3121 609 3236 647 non
3288 608 3456 649 secus
3489 610 3555 650 ac

211 683 542 756 cognitionem
571 681 640 737 ab
689 697 755 736 eo
809 697 981 753 posse
1029 680 1374 751 comparari,
1426 681 1568 752 quin
1599 697 1793 735 rerum
1906 680 2044 734 deos
2099 681 2354 736 venerati
2402 686 2560 737 sunt.
2612 682 2679 736 Et
2726 680 2837 736 hoc
2880 681 3116 752 quidem
3180 682 3252 735 ab
3320 682 3554 737 Octavio

207 777 280 830 81
290 774 325 829 ὅ
371 770 811 838 universitatem,
856 775 914 824 et
951 773 1134 824 Deum
1162 769 1355 840 ipsum
1384 774 1555 824 antea
1587 786 1795 841 cogno-
1907 769 2060 824 376
2083 770 2363 839 probatur
2382 769 2707 840 Evbemeri,
2733 769 2978 835 Prodici,
3002 770 3194 825 Persei
3217 775 3276 826 et
3307 771 3554 827 Alexan-

205 867 320 918 scat.
365 858 556 915 Nullus
597 857 835 928 etenim,
888 858 1001 918 nisi
1052 862 1244 914 mente
1292 858 1532 914 omnino
1572 863 1794 930 captus,
1907 857 1995 911 dri
2025 858 2214 929 Magni
2246 858 2606 922 testimonio,
2638 875 2672 912 a
2700 857 2914 928 quibus
2944 859 3183 913 deorum
3219 859 3558 931 patria,dies

201 951 350 1008 totius
378 947 570 1004 mundi
617 951 891 1002 ornatum
925 947 1225 1003 advertere
1255 951 1464 1019 potest,
1500 947 1642 1019 quin
1674 963 1799 1019 per—
1906 945 2151 1016 natales,
2186 946 2476 1018 sepulcra,
2508 946 2594 1002 vel
2640 945 2942 1012 beneficia,
2976 950 3034 1002 et
3062 949 3435 1004 sacerdotum
3467 966 3557 1004 se-

200 1054 402 1096 suasum
448 1036 744 1092 confestim
796 1035 1027 1106 habeat,
1083 1051 1216 1091 eum
1261 1052 1374 1091 non
1409 1036 1645 1092 fortuito
1676 1039 1798 1092 ato-
1909 1038 2068 1089 creta
2098 1040 2492 1090 recensentur.
2525 1035 2750 1108 Negare
2779 1035 2961 1108 igitur
2989 1034 3110 1090 haec
3139 1052 3254 1091 non
3288 1041 3560 1108 poterant

1907 1122 2148 1192 ethnici,
2181 1124 2367 1179 secuti
2399 1140 2505 1179 nec
2534 1124 2799 1190 sistrum,
2835 1123 3045 1196 inquit,
3079 1123 3273 1188 Isidis,
3305 1141 3369 1179 ac
3398 1129 3561 1180 Sera-

1910 1208 2064 1281 pidis
2093 1226 2197 1266 seu
2228 1210 2476 1267 Osiridis
2506 1209 2829 1280 tumulum,
2853 1225 3132 1280 sacraque
3161 1210 3439 1281 mysteria
3467 1211 3562 1265 ni-

200 1143 392 1184 morum
420 1125 833 1194 concursu,sed
865 1141 898 1180 a
928 1123 1044 1180 Deo
1076 1124 1375 1180 conditum
1410 1123 1801 1196 tuisse,atque

203 1218 257 1272 ab
284 1231 342 1271 eo
367 1214 480 1287 regi
529 1218 582 1270 et
621 1212 1040 1269 administrari.
1075 1214 1237 1279 Quod
1270 1213 1506 1285 quidem
1537 1213 1633 1269 ille
1663 1231 1800 1268 con-

195 1305 356 1360 ﬁrmat
399 1320 458 1359 ac
496 1302 720 1358 stabilit
748 1317 814 1358 ex
847 1301 997 1366 caeli,
1031 1302 1195 1367 solis,
1227 1302 1399 1372 lunae,
1429 1302 1803 1374 siderumque

196 1393 412 1449 motibus
441 1408 504 1447 ao
537 1390 808 1454 utilitate,
843 1407 912 1445 ex
947 1391 1238 1445 mensium
1273 1389 1511 1456 circulo,
1546 1391 1805 1446 tenebra-

193 1500 298 1537 rum
325 1481 578 1552 lucisque
607 1479 1034 1548 vicissitudine,
1069 1495 1136 1534 ex
1170 1479 1318 1533 miro
1348 1483 1678 1551 temporum
1713 1495 1803 1533 or-

194 1572 320 1637 dine,
363 1588 426 1626 ex
467 1568 664 1625 stabili
711 1568 990 1624 varietate
1043 1569 1302 1639 frugum,
1352 1568 1531 1623 maris
1565 1569 1804 1636 ﬁnibus,

195 1660 363 1716 innata
391 1658 790 1713 animantibus
822 1658 891 1712 ad
925 1656 1016 1712 sui
1038 1656 1437 1712 defensionem
1462 1656 1807 1712 multiformi

1912 1300 1992 1356 hil
2027 1300 2181 1356 aliud
2216 1302 2478 1372 prodere,
2511 1317 2686 1373 quam
2719 1302 3069 1357 miserorum
3100 1300 3341 1357 deorum
3360 1303 3561 1357 tristes

1913 1389 2124 1453 exitus,
2155 1391 2272 1445 fata
2303 1395 2359 1445 et
2389 1390 2612 1446 funera.
2647 1390 2788 1455 Quis
2817 1388 2990 1446 etiam
3024 1405 3140 1445 non
3171 1391 3360 1445 videat
3389 1389 3559 1445 Eleu-

1914 1477 2067 1533 sinia
2112 1477 2357 1549 Cereris,
2407 1479 2637 1550 aliaque
2680 1477 2841 1534 Jovis
2890 1484 2947 1533 et
2981 1479 3217 1550 Cybeles
3247 1495 3416 1535 sacra
3444 1495 3561 1536 non

1915 1567 2113 1621 minus
2145 1567 2401 1622 absurda
2430 1583 2557 1623 esse
2588 1583 2764 1639 quem
2799 1565 3129 1639 probrosa?

1987 1673 2246 1736 Quantas
2292 1674 2534 1746 insuper
2581 1675 2652 1729 de
2700 1674 2942 1729 deorum
2991 1690 3234 1729 suorum
3281 1675 3469 1731 forma
3497 1692 3564 1732 ac

195 1752 469 1847 δτωδίυςξι,
525 1745 787 1847 hominis
841 1745 1036 1847 Tum“
1075 1761 1141 1800 ³ο
1179 1747 1384 1846 θευῄα,
1411 1751 1466 1846 ei
1491 1745 1806 1846 εθοθνεξηάί
1842 1782 1889 1847 Β
1921 1762 2108 1833 ﬁgura
2130 1761 2381 1834 ineptias
2412 1745 2762 1835 putidaeque
2786 1779 2972 1834 nugas
3001 1761 3219 1818 ethnici
3243 1764 3562 1821 venditant!

196 1837 556 1909 nascendique
586 1835 991 1890 ratione.Nam
1022 1834 1144 1889 haec
1177 1835 1376 1890 omnia
1405 1834 1531 1890 sine
1552 1835 1814 1907 omnipo-

193 1927 343 1982 tentis
369 1926 465 1982 Dei
496 1924 871 1997 providentia
901 1923 1025 1979 fieri
1057 1940 1174 1979 non
1207 1927 1474 1996 possunt.
1525 1923 1649 1981 Non
1683 1925 1812 1980 uni-

195 2033 326 2072 verso
353 2021 545 2072 autem
584 2020 814 2072 tantum
845 2015 1194 2080 mundo,sed
1219 2014 1467 2088 singulis
1488 2016 1615 2088 ejus
1636 2014 1814 2088 parti-

197 2105 284 2160 bus
304 2110 437 2161 Deus
469 2103 753 2160 consulit.
786 2103 926 2170 Quis
957 2104 1111 2159 enim
1145 2103 1376 2159 dubitat
1406 2105 1534 2174 ejus
1568 2104 1814 2177 imperio

201 2194 522 2250 Britanniam
591 2193 770 2248 maris
815 2198 1033 2264 tepore,
1107 2193 1415 2266 Egyptum
1483 2192 1631 2259 Nilo,
1705 2194 1815 2249 Eu-

194 2281 364 2352 phrate
397 2282 903 2355 Mesopotamiam,
951 2280 1242 2337 Orientem
1288 2280 1430 2336 Indo
1463 2279 1705 2337 ﬂumine
1734 2282 1816 2338 fe-

197 2372 449 2428 cundari?
494 2372 769 2442 Denique
827 2371 978 2426 sicut
1023 2369 1225 2427 domui
1273 2369 1547 2442 prazclaro
1609 2375 1815 2427 ornatu

191 2461 445 2532 dispositae
479 2461 771 2533 aliquem,
806 2459 892 2516 sic
921 2461 1028 2516 toti
1061 2460 1282 2516 mundo
1314 2459 1470 2515 hunc
1501 2459 1816 2516 Dominum

193 2565 405 2620 praesse
433 2550 762 2606 cernimus.

246 2637 401 2695 Porro
460 2643 668 2695 autem
718 2637 914 2709 ipsum
961 2637 1203 2693 unicum
1237 2653 1363 2694 esse
1391 2639 1578 2695 Deum
1613 2639 1818 2711 probat

190 2726 429 2784 Octavius
458 2732 837 2783 terrenorum
870 2726 1134 2798 exemplo
1165 2725 1567 2799 imperiorum,
1601 2726 1821 2784 scilicet

191 2814 488 2883 Persarum,
520 2816 969 2882 Thebanorum,
1002 2815 1416 2884 Romanorum,
1452 2815 1571 2884 ubi,
1605 2816 1820 2890 inquit,

193 2904 362 2961 nullus
393 2921 590 2975 neque
621 2904 798 2959 frater
828 2905 1086 2971 fratrem,
1124 2919 1310 2975 neque
1340 2920 1504 2960 socer
1540 2921 1820 2977 generum

192 2993 324 3064 regni
357 2997 697 3050 consortem
733 2992 850 3064 pati
897 3008 1158 3063 unquam
1209 2993 1415 3064 potuit.
1470 2993 1616 3058 Quid
1665 3009 1821 3060 vero,

192 3082 319 3151 quod
362 3081 548 3138 sicuti
605 3080 838 3153 apibus,
887 3079 1165 3153 gregibus
1216 3085 1273 3136 et
1327 3081 1607 3138 armentis
1666 3099 1822 3138 unus

190 3146 259 3224 est
295 3146 714 3227 tantummodo
763 3146 861 3226 rex
889 3146 1023 3224 iant
1062 3171 1198 3236 dux,
1231 3170 1314 3226 ita
1343 3187 1497 3227 unus
1527 3175 1616 3227 est
1645 3171 1819 3240 Deus,
1853 3146 1896 3214 (ἶ

189 3257 268 3329 qui
295 3260 591 3332 principio
621 3262 678 3313 et
709 3258 824 3314 ﬁne
855 3274 1080 3326 carens,
1113 3259 1312 3314 omnia
1342 3259 1724 3316 moderatur?

245 3367 508 3432 Quamvis
553 3370 751 3422 autem
782 3364 880 3420 ille
915 3365 1179 3421 infinitus
1211 3369 1269 3421 et
1296 3365 1647 3437 immensus,
1693 3366 1830 3422 sibi-

192 3472 284 3526 que
310 3454 437 3524 soli,
501 3459 774 3529 quantus
823 3459 931 3526 est,
981 3455 1272 3528 cognitus,
1327 3473 1360 3510 a
1407 3455 1578 3511 nobis
1609 3473 1714 3511 nec
1742 3456 1828 3511 vi-

196 3543 294 3598 deri
335 3561 438 3601 nec
491 3543 799 3601 nominari
861 3548 1074 3616 queat;
1130 3559 1263 3599 eum
1313 3548 1530 3611 tamen,
1560 3545 1608 3600 si
1640 3544 1830 3601 nomi—

189 3648 309 3689 num
337 3632 718 3691 terrestrium
751 3633 923 3689 tollas
955 3633 1374 3701 additamenta,
1408 3632 1711 3706 perspicue
1745 3650 1833 3689 co-

195 3735 432 3792 gnosces.
468 3723 545 3778 Et
580 3738 723 3778 sane
756 3721 1094 3778 unanimem
1127 3738 1254 3778 esse
1293 3723 1560 3778 omnium
1609 3723 1679 3778 de
1733 3722 1832 3779 illo

192 3825 526 3868 consensum
569 3811 706 3867 inde
736 3810 1006 3866 Octavius
1037 3813 1254 3884 arguit,
1286 3812 1438 3883 quod
1473 3809 1834 3883 vulgus,ma-

196 3915 287 3954 nus
313 3901 379 3956 ad
411 3901 639 3957 caelum
685 3900 999 3968 tendendo,
1042 3899 1237 3972 ipsum
1271 3901 1522 3956 invocat.
1559 3900 1839 3956 Praeterea

198 3992 351 4058 poeta
383 3989 565 4046 illum
599 3988 794 4044 divum
828 3989 1254 4060 hominumque
1287 3993 1534 4061 patrem,
1568 3993 1623 4044 et
1653 3989 1841 4062 Virgi-

194 4075 288 4135 lius
332 4079 607 4136 omnium
665 4095 859 4134 rerum
907 4082 1250 4143 creatorem,
1298 4083 1556 4134 mentem
1587 4083 1638 4134 et
1673 4079 1840 4151 spiri-

201 4170 305 4221 tum
353 4166 748 4240 appellavere.
799 4166 946 4231 Quin
997 4167 1172 4221 etiam
1223 4166 1480 4238 ipsimet,
1528 4173 1594 4222 ut
1637 4166 1732 4222 ille
1762 4169 1841 4223 si-

196 4254 421 4324 gillatim
456 4257 747 4322 ostendit,
781 4256 1213 4327 praestantiores
1244 4255 1838 4328 philosophi,Thales,

201 4345 594 4416 Anaximenes,
654 4344 935 4417 Diogenes
982 4345 1400 4417 Apolloniates,
1443 4351 1843 4418 Anaxagoras,

195 4428 604 4506 Pbythagoras,
661 4433 1066 4506 Xenophanes,
1119 4434 1519 4502 Antisthenes,
1571 4435 1848 4508 Speusip-

1921 1850 2207 1906 Claudum
2240 1851 2456 1924 quippe
2476 1852 2706 1923 ﬁngunt
2735 1851 3084 1923 Vulcanum,
3119 1853 3440 1924 Apollinem
3463 1853 3572 1910 im-

1921 1939 2180 2006 berbem,
2214 1938 2608 2011 [Esculapium
2639 1937 2827 1994 filium
2860 1939 2987 2010 ejus
3008 1939 3570 2013 harbatum,glaucis

1922 2028 2256 2100 Neptunum
2305 2028 2512 2095 oculis,
2547 2027 2862 2084 Minervam
2892 2028 3096 2098 etesiis,
3129 2029 3368 2084 bubulis
3397 2029 3572 2086 Juno-

1924 2133 2079 2182 nem,
2131 2117 2483 2173 Mercurium
2533 2117 2778 2190 pedibus
2830 2117 3022 2186 alatis,
3061 2119 3360 2190 ungulatis
3392 2119 3568 2188 Pana,

1924 2207 2244 2262 Saturnum
2297 2207 2665 2280 compeditis,
2707 2206 2925 2279 duplici
2959 2207 3149 2263 fronte
3179 2209 3415 2274 Janum,
3452 2207 3575 2262 Dia-

1925 2313 2062 2351 nam
2094 2294 2207 2351 alte
2250 2296 2631 2364 succinctam,
2684 2295 2996 2367 Ephesiam
3037 2295 3240 2351 multis
3274 2297 3574 2362 mammis,

1923 2383 2077 2440 trino
2107 2384 2296 2457 capite
2315 2387 2372 2440 et
2401 2383 2609 2440 multis
2641 2384 2914 2440 manibus
2945 2383 3221 2453 Triviam,
3256 2385 3457 2441 Jovem
3491 2387 3577 2441 tot

1925 2473 2124 2528 forma
2157 2473 2435 2529 monstris
2465 2472 2793 2541 horridum,
2825 2477 2967 2545 quot
2997 2472 3348 2545 appellatum
3383 2472 3573 2529 nomi—

1927 2561 2124 2629 nibus,
2158 2561 2443 2635 Erigonen
2473 2561 2680 2633 laqueo
2711 2578 3085 2635 suspensam,
3118 2564 3383 2618 Castores
3406 2562 3576 2618 alter-

1928 2651 2020 2707 nis
2061 2651 2269 2706 diebus
2319 2650 2578 2707 viventes
2621 2667 2686 2707 ac
2735 2651 3073 2719 morientes,
3116 2650 3295 2706 ictum
3331 2651 3575 2708 fulmine

1926 2739 2346 2812 Esculapium,
2395 2742 2454 2796 et
2498 2739 2807 2796 Herculem
2856 2740 3045 2797 OEteis
3073 2745 3395 2797 crematum
3424 2740 3574 2814 igni-

1929 2828 2063 2884 bus.

2001 2925 2118 2983 Has
2148 2943 2318 2999 porro
2349 2925 2577 2982 fabulas
2607 2927 2678 2982 ab
2719 2925 2916 2999 impiis
2945 2926 3283 2982 hominibus
3319 2927 3575 2993 primum

1930 3015 2196 3084 traditas,
2252 3014 2352 3072 alii
2400 3015 2676 3089 deinceps
2734 3015 3122 3085 celebrarunt,
3169 3033 3236 3072 ac
3268 3019 3446 3088 poeta
3477 3032 3579 3089 po-

1930 3105 2252 3176 tissimum,
2286 3104 2387 3176 qui
2418 3104 2576 3160 haud
2608 3122 2816 3177 parum
2847 3105 3077 3161 veritati
3115 3122 3224 3162 sua
3257 3105 3580 3161 nocuerunt

1935 3192 2296 3250 auctoritate.
2348 3193 2739 3258 Quamobrem
2796 3193 2958 3250 Plato
3015 3194 3248 3250 civitate
3305 3211 3419 3251 non
3477 3195 3584 3251 im-

1939 3281 2146 3336 merito
2202 3282 2374 3353 ejecit
2420 3281 2760 3355 Homerum,
2811 3283 2912 3354 qui
2960 3282 3299 3354 impudente
3328 3281 3582 3338 ludibrio

1939 3371 2147 3426 cecinit
2171 3371 2493 3427 sauciatam
2523 3370 3075 3443 Venerem,Martem
3110 3387 3224 3426 non
3245 3371 3370 3427 sine
3391 3371 3590 3428 vulne-

1940 3459 2104 3514 ribus
2138 3459 2426 3532 fugatum,
2461 3459 2662 3515 Jovem
2697 3477 2730 3515 a
2751 3459 2984 3516 Briareo
3013 3459 3348 3516 liberatum.
3381 3464 3588 3533 Sarpe-

1941 3548 2111 3604 donis
2169 3565 2371 3603 casum
2422 3547 2679 3603 cruentis
2728 3549 3021 3604 imbribus
3071 3549 3326 3616 ﬂentem,
3376 3565 3439 3605 ac
3468 3547 3592 3605 loro

1943 3637 2202 3692 illectum
2256 3636 2531 3706 Veneris;
2583 3636 2888 3693 Herculem
2939 3643 3196 3694 stercora
3243 3643 3591 3709 egerentem,

1943 3728 2276 3801 Neptunum
2311 3728 2434 3785 sine
2466 3727 2584 3783 ulla
2622 3729 2890 3784 mercede
2919 3729 3327 3784 instituentem
3361 3730 3596 3786 Laome-

1946 3816 2139 3874 dontis
2170 3835 2388 3889 muros,
2420 3817 2746 3890 Apollinem
2779 3823 3111 3890 pascentem
3146 3819 3226 3873 Ad
3241 3818 3372 3873 meti
3399 3835 3595 3890 pecus,

1947 3906 2274 3962 Vulcanum
2323 3907 2481 3963 Jovis
2529 3907 2586 3962 in
2640 3906 2808 3964 Creta
2856 3906 2976 3962 nati
3029 3907 3275 3962 fulmina
3311 3907 3597 3961 fabrican-

1951 4004 2086 4063 tem,
2139 3995 2342 4052 Martis
2390 3995 2749 4068 Venerisque
2816 3996 3189 4062 adulterium,
3250 4001 3306 4049 et
3364 3999 3597 4066 raptum

1950 4088 2022 4142 ab
2054 4085 2255 4140 eodem
2302 4084 2441 4140 Jove
2488 4085 2904 4157 Ganymedem.
2957 4086 3030 4141 At
3057 4083 3319 4140 ridiculis
3349 4082 3464 4138 illis
3496 4083 3600 4138 ob.

1952 4175 2260 4246 scenisque
2272 4173 2869 4246 commentisingenia
2887 4190 3199 4244 puerorum
3217 4187 3600 4243 corrumpun-

1953 4269 2069 4333 tur,
2102 4281 2168 4319 ac
2211 4261 2447 4318 tandem
2491 4261 2550 4317 in
2600 4262 2672 4318 iis
2710 4262 2959 4334 turpiter
2988 4260 3369 4333 nequiterque
3398 4275 3600 4316 conse-

1958 4357 2225 4408 nescunt.

2029 4456 2070 4504 A
2104 4450 2352 4505 Diodoro
2385 4448 2768 4504 nihilominus
2799 4445 3015 4516 Siculo,
3048 4446 3337 4516 Thallo,et
3365 4447 3603 4520 Nepote,

194 4535 302 4612 pus,
325 4523 734 4589 Democritus,
767 4526 1020 4594 Straton,
1069 4525 1429 4593 Aristoteles,
1482 4525 1812 4581 Heraclides

1999 4556 2096 4595 nos
2127 4539 2265 4594 citat
2294 4537 2586 4604 Octavius,
2620 4553 2824 4592 omnes
2855 4536 3078 4592 discere
3111 4537 3391 4592 facillime
3409 4541 3610 4610 potue-

195 4607 654 4684 Theophrastus,
683 4613 898 4680 Zenon,
931 4615 1312 4687 Chrysippus,
1344 4614 1670 4680 Cleanthes,
1719 4615 1844 4670 Dio-

201 4711 379 4767 genes,
452 4702 841 4775 Babylonius,
901 4703 1236 4775 Xenophon,
1297 4703 1490 4759 Aristo
1548 4708 1606 4758 et
1664 4703 1844 4770 Plato,

197 4790 445 4854 quamvis
479 4809 516 4845 a
570 4792 740 4846 nobis
790 4792 980 4846 verbis
1009 4797 1065 4846 et
1095 4807 1363 4847 sermone
1403 4791 1754 4863 discrepent,
1786 4791 1847 4846 in

198 4881 442 4934 nostram
480 4879 875 4936 nihilominus
906 4881 976 4936 de
1008 4880 1108 4936 illo
1139 4880 1394 4952 ipsumet
1416 4884 1529 4935 Deo
1552 4880 1727 4936 unico
1752 4881 1848 4935 alii

204 4962 525 5038 obscurius,
561 4969 662 5023 alii
694 4968 931 5040 planius
962 4969 1188 5024 iverunt
1218 4969 1598 5025 sententiam.

264 5074 328 5126 Et
356 5074 450 5129 bis
503 5075 591 5130 ita
637 5076 954 5148 disputatis
1004 5075 1277 5132 Octavius
1317 5076 1589 5132 falsitatis
1619 5076 1850 5133 eviden-

202 5162 278 5214 ter
302 5164 503 5235 arguit
536 5166 866 5221 venditatas
899 5182 932 5222 a
962 5166 1288 5236 majoribus
1321 5165 1851 5238 nostris,tanquam

207 5249 502 5320 miracula,
556 5253 837 5311 ridiculae
897 5255 968 5311 de
1013 5254 1222 5328 Scylla,
1281 5245 1587 5324 Chimaera,
1638 5253 1852 5327 Hydra,

201 5335 521 5412 Centauris,
552 5341 799 5415 aliisque
829 5343 1012 5400 aniles
1044 5342 1271 5400 fabulas
1303 5347 1360 5399 et
1401 5344 1689 5398 absurdus
1737 5347 1855 5400 tra-

208 5424 473 5485 ditiones.
528 5429 640 5487 Nec
686 5433 885 5489 minus
933 5433 1229 5490 evidenter
1275 5433 1534 5488 ostendit
1563 5431 1856 5490 insulsum

207 5512 579 5592 impiumque
622 5538 856 5594 semper
899 5523 1081 5578 fuisse
1129 5523 1368 5578 deorum
1417 5521 1662 5578 cultum.
1695 5524 1858 5578 Anti-

210 5605 476 5675 quissimi
513 5609 802 5669 enimvero
833 5612 1100 5669 homines
1132 5611 1392 5686 primum
1433 5627 1574 5668 sane
1603 5627 1744 5669 suos
1769 5627 1859 5668 re-

1957 4634 2086 4683 rant
2116 4628 2328 4682 horum
2361 4627 2683 4698 principem
2718 4625 2898 4680 tuisse
2946 4626 3265 4683 Saturnum
3293 4644 3307 4696 ;
3341 4627 3443 4699 qui
3475 4625 3608 4699 qui-

1957 4719 2088 4772 dem
2139 4720 2300 4772 metu
2349 4714 2453 4769 filii
2503 4730 2533 4770 e
2571 4715 2739 4770 Creta
2786 4715 3113 4788 aufugiens,
3148 4722 3322 4789 atque
3354 4719 3410 4772 in
3446 4715 3612 4772 Italia

1957 4823 1989 4861 a
2014 4805 2160 4860 Jano
2193 4807 2528 4876 susceptus,
2581 4803 2835 4876 plurima
2878 4805 3054 4863 rudes
3087 4805 3357 4862 homines
3389 4805 3610 4875 docuit,

1959 4901 2134 4966 atque
2161 4885 2438 4964 imposito
2487 4893 2666 4949 variis
2714 4892 2857 4949 locis
2897 4911 3003 4950 suo
3036 4897 3294 4963 nomine,
3323 4912 3384 4950 se
3416 4895 3612 4964 ipsum

1959 4984 2225 5055 probavit
2255 4999 2384 5038 esse
2414 4982 2732 5037 hominem.
2765 4981 2996 5054 Jupiter
3019 5000 3171 5050 vero,
3206 4983 3305 5053 qui
3339 4983 3394 5036 in
3425 4979 3612 5045 Creta,

1963 5073 2118 5128 unde
2149 5089 2286 5128 eum
2319 5071 2638 5144 expulerat.
2674 5072 2956 5144 regnavit,
2991 5072 3048 5127 in
3080 5071 3187 5126 hac
3220 5070 3412 5126 insula
3457 5083 3614 5124 mor-

1961 5167 2100 5218 tuus
2131 5165 2242 5231 est,
2274 5160 2375 5216 ubi
2405 5159 2741 5232 sepulcrum
2773 5162 2901 5230 ejus
2943 5157 3292 5215 ostenditur.
3327 5158 3618 5214 Praeterea

1966 5249 2256 5307 Romulus
2303 5252 2436 5321 post
2492 5251 2740 5304 mortem
2796 5264 2988 5318 suam,
3027 5247 3322 5319 pejerante
3353 5245 3618 5313 Proculo,

1964 5340 2117 5396 Juba
2147 5338 2370 5395 Mauris
2401 5336 2756 5408 volentibus,
2787 5335 3000 5407 aliique
3031 5335 3208 5390 etiam
3241 5336 3513 5407 quamvis
3533 5333 3622 5391 in-

1968 5430 2066 5484 viti
2099 5435 2157 5484 et
2187 5428 2564 5487 reluctantes,
2597 5425 2677 5479 dii
2709 5425 3024 5480 renuntiati
3058 5431 3217 5481 sunt.
3251 5426 3426 5497 Atqui
3451 5442 3619 5483 verus

1969 5521 2121 5577 Deus
2147 5534 2254 5573 nec
2281 5515 2465 5580 nasci,
2496 5530 2602 5569 nec
2635 5514 2779 5568 mori
2807 5517 3022 5580 potest.
3157 5570 3168 5576 ,

2042 5609 2291 5664 Deorum
2337 5602 2548 5659 deinde
2597 5602 2887 5677 imagines
2918 5609 2974 5660 et
3005 5602 3317 5661 simulacra
3348 5604 3617 5664 Octavius
