4102 6162
457 319 572 378 387

1743 309 1845 370 DE
1889 308 2192 372 MlNUClI
2238 310 2575 374 OCTAVIO

3707 322 3805 384 388

454 448 724 521 exagitat,
758 445 1069 518 palamque
1102 443 1238 499 facit
1264 458 1332 497 ea
1363 441 1447 496 vel
1480 458 1550 497 ex
1579 439 1677 496 vili
1726 441 2100 513 sordidaque,
2132 451 2184 518 Α
2215 442 2392 498 variis
2450 441 2780 508 tormentis,
2835 457 2951 497 non
3001 443 3121 497 tam
3180 441 3247 496 ad
3287 439 3483 498 ﬁctitia
3510 460 3572 501 ea
3593 447 3808 510 crimina

453 538 539 594 vel
597 537 852 609 pretiosa
889 534 1152 597 materia,
1215 531 1489 586 manibus
1549 536 1602 586 et
1653 535 1774 585 arte
1807 531 2105 586 fabrorum

457 643 690 698 quoquo
723 624 894 679 modo
925 622 1192 687 conﬁcta,
1224 623 1297 676 ab
1329 620 1530 676 aribus
1560 619 1808 691 aliisque
1839 619 2108 674 animali-

458 715 568 771 bus
597 730 750 785 saepe
778 713 992 782 saepius
1022 710 1418 780 coinquinata,
1462 708 1643 780 impie
1674 707 1782 764 coli
1814 708 1886 764 ab
1916 707 2106 762 ethni-

459 804 562 874 cis,
591 819 658 868 ac
696 799 965 872 precibus
1009 800 1226 854 frustra
1262 805 1314 853 et
1349 797 1635 854 inutiliter
1667 797 1910 868 fatigari.
1944 795 2109 852 Brevi

457 891 699 963 insuper
745 889 1081 944 inductione
1127 888 1492 943 demonstrat
1538 891 1821 956 quantum
1869 883 1928 939 in
1963 885 2108 940 cele-

457 980 700 1037 brandis
731 979 878 1034 377
933 977 1325 1048 quorumdam
1368 975 1610 1029 deorum
1647 974 1937 1046 mysteriis
1971 973 2110 1029 ridi-

457 1068 568 1125 culi
604 1067 839 1123 obsceni
869 1064 1252 1135 crudelesque
1283 1064 1432 1118 ritus
1461 1063 1927 1118 observarentur.

528 1178 678 1233 Tum
710 1173 922 1229 dehinc
947 1172 1202 1227 ostendit
1231 1172 1304 1226 ab
1343 1169 1566 1226 Caecilio
1599 1185 1901 1241 perperam
1927 1167 2111 1240 jacti-

457 1267 570 1322 tari
605 1265 898 1320 Romanos
929 1259 1268 1331 hujusmodi
1311 1258 1830 1330 superstitionibus
1864 1259 1972 1312 rite
2005 1257 2111 1312 ob-

462 1352 725 1418 servatis,
760 1350 939 1406 totius
969 1349 1125 1404 orbis
1157 1347 1328 1420 potiri
1361 1347 1626 1417 imperio.
1660 1346 1888 1401 Etenim
1925 1345 2112 1416 parri-

463 1443 614 1500 cidio
645 1456 888 1512 regnum
922 1437 1068 1492 illud
1091 1436 1450 1501 inchoatum,
1468 1434 2114 1506 sceleribus,impietate

464 1537 520 1587 et
549 1528 873 1600 sacrilegiis
922 1525 1187 1581 accrevit.
1237 1524 1386 1588 Quid
1439 1540 1588 1590 vero,
1624 1525 1776 1594 quod
1808 1521 2106 1578 vernaculi

462 1621 565 1686 dii,
599 1616 906 1681 Romulus,
939 1615 1127 1680 Picus,
1159 1613 1492 1676 Tiberinus,
1525 1611 2109 1679 Consus.Pilumnus,

464 1709 760 1776 Picumus,
810 1705 1099 1768 Cloacina,
1161 1707 1365 1768 Pavor,
1412 1701 1621 1768 Pallor,
1679 1699 1898 1766 Febris,
1965 1700 2110 1756 Mor-

467 1800 598 1866 bus,
632 1801 781 1850 Acca
813 1793 1138 1859 Laurentia,
1195 1795 1252 1846 et
1300 1790 1465 1846 Flora
1506 1789 1728 1844 nullam
1764 1789 1966 1843 iisdem
2003 1788 2113 1843 Βο-
2147 1823 2192 1887 Β

468 1887 659 1942 manis
687 1901 856 1956 Opem
889 1883 1036 1938 ferre
1065 1879 1427 1952 potuerunt?
1458 1879 1640 1934 Multo
1672 1883 1868 1932 autem
1921 1877 2117 1932 minus

467 1977 715 2031 aliarum
766 1971 1030 2044 gentium
1079 1969 1184 2036 dii,
1237 1985 1385 2039 quos
1432 1967 1512 2022 illi
1562 1984 1676 2022 non
1721 1965 1970 2036 coluere,
2003 1964 2116 2020 nisi

468 2063 618 2120 bello
651 2061 814 2134 prius
861 2059 1066 2126 victos,
1115 2073 1183 2112 ac
1232 2061 1364 2128 post
1405 2059 1600 2112 actum
1632 2056 1703 2112 de
1733 2055 1880 2128 ipsis
1908 2053 2119 2111 trium-

470 2154 674 2226 phum.
729 2150 985 2220 Denique
1028 2145 1227 2202 nullus
1273 2146 1524 2218 ignorat,
1575 2144 1864 2217 Assyrios,
1897 2144 2120 2215 Medos,

472 2243 696 2307 Persas,
729 2240 978 2303 Graecos,
1009 2234 1614 2307 Egyptios,regnasse
1644 2237 1779 2288 ante
1808 2232 2120 2304 quaslibet,

472 2330 809 2399 ceterisque
837 2325 1111 2382 omnibus
1141 2325 1432 2380 detereres
1489 2323 1884 2378 Romanorum
1923 2337 2125 2394 supero

473 2420 713 2476 stiones.

544 2511 622 2562 Ex
643 2507 836 2561 avium
865 2521 1036 2577 porro
1057 2501 1334 2574 auspiciis
1352 2500 1808 2574 atqueauguriis
1831 2499 2122 2555 vibratum

474 2597 676 2654 leviter
705 2613 738 2650 a
767 2594 992 2649 Caecilio
1023 2591 1228 2658 telum,
1259 2595 1460 2646 contra
1494 2591 1685 2662 ipsum
1709 2589 1981 2646 Octavius
2012 2589 2125 2644 Re-

475 2686 619 2754 guli,
672 2683 947 2745 Mancini,
1008 2680 1192 2744 Pauli,
1243 2679 1604 2750 Caesarisque
1637 2677 1899 2750 exempla
1931 2683 2126 2733 retun-

478 2776 583 2840 dit,
642 2772 944 2830 Similibus
1002 2770 1173 2826 etiam
1233 2769 1329 2824 ille
1389 2768 1752 2841 Amphiarai,
1805 2767 2037 2823 Tiresiae
2072 2770 2130 2822 et

487 2862 733 2935 Apolliis
774 2861 960 2933 Pythii
1009 2858 1287 2929 exemplis
1309 2859 1670 2913 demonstrat
1692 2874 1803 2911 non
1830 2855 2016 2927 magis
2037 2871 2130 2910 va-

484 2952 665 3010 lidam
695 2966 822 3006 esse
853 2950 1092 3021 petitam
1123 2964 1190 3003 ex
1233 2945 1487 3002 oraculis
1535 2945 2127 3016 argumentationem.

489 3043 598 3100 Sed
629 3040 765 3112 quia
817 3054 1020 3110 urgere
1067 3036 1280 3107 aliquis
1329 3039 1570 3107 poterat,
1627 3035 1893 3106 quaedam
1922 3035 2128 3088 saltem

480 3148 616 3188 vera
649 3130 828 3186 fuisse
859 3125 1112 3193 oracula,
1147 3124 1359 3180 idcirco
1408 3122 1682 3178 Octavius
1712 3138 1830 3177 rem
1865 3121 2042 3177 altius
2073 3124 2130 3176 et

483 3239 516 3276 a
545 3221 731 3292 prima
755 3233 864 3272 sua
890 3215 1112 3287 origine
1143 3213 1517 3285 repetendam
1550 3227 1677 3268 esse
1707 3210 1954 3266 censuit.
1979 3209 2130 3266 Dicit

477 3310 678 3381 itaque
709 3305 995 3379 quosdam
1029 3319 1158 3358 esse
1189 3302 1449 3373 impuros
1482 3300 1745 3372 spiritus.
1779 3300 1878 3372 qui
1907 3299 2129 3370 cupidi-

479 3405 599 3456 tate
629 3404 685 3453 et
714 3395 868 3451 vitiis
914 3393 1233 3448 substantia
1281 3407 1395 3445 sum
1445 3389 1878 3461 simplicitatem
1915 3388 2124 3444 amise-

481 3493 638 3544 runt.
672 3487 869 3556 Neque
900 3482 958 3538 id
993 3497 1205 3554 negare
1243 3485 1510 3552 poterant
1549 3476 1786 3533 ethnici.
1845 3477 1990 3532 Nam
2018 3476 2126 3533 hos

481 3581 665 3649 poetas
692 3576 988 3630 damonas
1019 3568 1496 3639 vocant,notique
1526 3571 1691 3622 erant
1713 3566 1898 3639 Magis
1927 3582 1993 3622 ac
2023 3566 2125 3622 So-

482 3665 648 3732 crati,
707 3663 800 3735 qui
849 3678 1030 3716 unum
1066 3675 1132 3714 ex
1161 3658 1278 3713 illis
1307 3657 1608 3712 custodem
1641 3663 1697 3710 et
1725 3655 2126 3712 consiliarium

484 3754 707 3811 habuit.
740 3751 846 3818 Qui
878 3767 1009 3806 vero
1040 3748 1124 3802 illi
1157 3747 1296 3813 sint,
1328 3746 1635 3801 Holstanes
1665 3749 1722 3800 et
1769 3744 1931 3799 Plato
1980 3744 2129 3800 edis-

481 3848 703 3903 serunt.
735 3841 908 3914 Atqui
944 3839 1095 3911 Magi
1144 3838 1361 3909 aliique
1389 3837 1596 3891 horum
1629 3835 1987 3906 perditorum
2019 3851 2127 3890 an-

479 3933 764 4007 gelorum,
826 3929 925 4001 qui
985 3928 1253 3984 homines
1299 3941 1500 3980 secum
1550 3924 1790 3995 perdere
1819 3927 2124 3990 conantur,

481 4021 679 4078 afﬂatu
707 4026 762 4076 et
794 4017 1176 4090 inspiratione
1209 4015 1395 4070 varias
1428 4012 1753 4086 praestigias
1783 4012 1982 4066 edunt.

554 4127 667 4200 Ipsi
699 4142 832 4181 vero
863 4123 948 4178 illi
978 4124 1271 4177 daemones
1302 4120 1410 4176 sub
1443 4119 1654 4173 statuis
1676 4121 1732 4173 et
1769 4116 2129 4189 imaginibus

481 4218 846 4279 dilitescunt,
873 4215 1315 4268 commorantur
1343 4209 1401 4263 in
1435 4205 1697 4277 fams,vel
1730 4206 1789 4260 in
1823 4206 2128 4261 hominum

482 4321 725 4379 corpora
747 4305 1026 4374 irrepunt.
1059 4298 1380 4356 naturalem
1417 4297 1804 4369 quarumdam
1830 4312 2020 4350 rerum
2045 4312 2132 4349 or-

483 4397 678 4452 dinem
715 4391 1076 4464 perturbant,
1097 4385 1332 4443 oracula
1364 4386 1523 4442 falsis
1555 4385 1815 4440 involuta
1836 4383 2132 4456 responsis

484 4484 760 4548 fundunt,
794 4480 1024 4552 aliaque
1071 4475 1551 4543 extraordinaria,
1585 4473 1754 4529 sicuti
1783 4489 1868 4542 ea,
1904 4489 2030 4544 quas
2060 4473 2132 4527 de

2217 531 2748 603 confitenda.quam
2781 531 2852 587 ad
2885 532 3225 601 ejurandam
3261 529 3463 586 Christi
3496 533 3654 590 ﬁdem
3683 555 3811 594 com-

2219 620 2432 691 pellere
2463 622 2816 676 nitebantur.

2291 726 2375 780 lbi
2393 730 2591 781 autem
2605 724 3098 780 illeinvictissime
3110 723 3470 781 demonstrat
3490 726 3814 791 Christianos

2219 813 2528 885 sacrilegii,
2559 811 3057 884 incestus,stupri,
3081 811 3376 884 parricidii
3398 818 3512 868 tam
3542 833 3573 871 a
3596 818 3724 875 falso
3743 821 3816 877 in-

2220 903 2508 972 simulari,
2535 919 2713 975 quam
2744 907 2968 957 certum
2997 917 3320 973 verumque
3340 908 3458 957 erat
3475 905 3664 962 eadem
3684 926 3818 980 ριιοιι.

2220 1009 2323 1048 sus
2353 991 2506 1047 378
2539 991 2806 1062 crimina,
2855 994 2958 1046 aut
3005 989 3099 1046 his
3146 991 3383 1046 omnino
3424 991 3648 1059 similia,
3677 1001 3822 1069 atque

2221 1080 2397 1136 etiam
2431 1081 2655 1152 majora
2676 1080 2750 1136 ab
2766 1080 3035 1152 ipsismet
3058 1079 3307 1135 ethnicis
3333 1095 3528 1152 reapse
3549 1085 3822 1142 committi.

2221 1173 2301 1226 Ac
2332 1170 2521 1242 primo
2565 1169 2799 1241 quidem
2849 1168 2944 1238 qui
2979 1173 3175 1240 caput,
3208 1168 3418 1238 inquit,
3451 1170 3594 1225 asini
3628 1189 3658 1226 a
3684 1173 3823 1229 Chri-

2221 1261 2431 1316 stianis
2499 1260 2726 1315 adorari
2789 1263 3136 1332 prapostere
3193 1258 3549 1327 clamitabat,
3608 1261 3661 1316 hi
3715 1279 3826 1321 cum

2222 1350 2420 1420 Epona
2467 1353 2523 1404 et
2570 1349 2721 1404 Iside
2764 1348 3186 1404 consecrabant
3215 1347 3436 1418 asinos,
3467 1349 3651 1421 capita
3677 1351 3828 1408 boum

2223 1455 2288 1493 ac
2339 1453 2643 1493 vervecum
2702 1437 3148 1508 venerabantur,
3213 1437 3470 1507 deosque
3521 1437 3832 1496 dedicabant

2223 1526 2306 1581 vel
2341 1525 2579 1597 caprina
2609 1525 2981 1597 humanaque
3034 1525 3238 1595 forma,
3273 1524 3360 1580 vel
3395 1525 3597 1581 bovino
3627 1527 3834 1583 canino-

2224 1631 2337 1687 que
2368 1615 2530 1669 vultu
2581 1618 3044 1686 repraesentatos.
3094 1615 3176 1669 Ad
3231 1615 3353 1669 haec
3396 1618 3585 1669 autem
3616 1613 3718 1687 ipsi
3742 1615 3832 1672 Ro-

2224 1704 2381 1759 mani
2434 1703 2634 1758 bovem
2696 1705 2889 1776 Apim,
2941 1703 3172 1776 aliaque
3222 1702 3523 1773 animalia,
3551 1708 3836 1775 serpentes,

2225 1813 2382 1862 aves,
2414 1795 2659 1861 belluas,
2695 1795 2884 1866 pisces
2915 1794 3200 1866 colebant,
3241 1794 3417 1850 sicuti
3472 1795 3727 1868 JEgyptii,
3756 1796 3838 1866 qui

2231 1901 2340 1940 non
2375 1884 2564 1956 magis
2598 1884 2806 1939 Isidem
2855 1888 2911 1940 et
2943 1884 3276 1955 Serapidem
3316 1900 3492 1956 quam
3528 1885 3839 1940 acrimonias

2228 1989 2503 2045 ceparum
2535 1977 2591 2027 et
2622 1973 2837 2028 ventris
2868 1971 3125 2044 crepitus
3156 1973 3528 2028 verebantur.

2300 2064 2463 2129 Quod
2495 2063 2744 2118 subinde
2773 2063 2984 2136 objecit
3013 2062 3278 2120 Cecilius
3307 2079 3348 2118 a
3388 2061 3723 2119 Christianis
3749 2061 3841 2117 coli

2230 2152 2516 2210 sacerdoti
2547 2150 2842 2224 genitalia,
2863 2151 3005 2207 illud
3048 2156 3168 2207 tam
3201 2151 3421 2208 falsum
3453 2168 3579 2207 esse
3606 2151 3843 2206 Octavius

2231 2246 2544 2308 asseverat,
2565 2258 2739 2314 quam
2773 2244 2992 2296 certum
3027 2245 3118 2297 est
3146 2241 3417 2297 ethnicos
3447 2238 3846 2297 obscenissimis

2232 2330 2600 2402 constuprari
2655 2329 3144 2402 turpitudinibus,
3183 2345 3336 2401 quas
3364 2329 3534 2385 nobis
3564 2344 3662 2385 nec
3689 2327 3847 2382 nomi-

2232 2436 2372 2476 nare
2401 2436 2507 2476 nec
2538 2420 2740 2475 audire
2772 2420 2857 2474 fas
2887 2435 3149 2490 unquam
3182 2418 3308 2474 fuit.

2305 2509 2418 2564 Nec
2450 2509 2639 2581 magis
2668 2524 2869 2562 verum
2918 2511 3044 2564 erat
3088 2507 3396 2564 hominem
3447 2505 3602 2563 cruci
3647 2509 3852 2579 propter

2235 2599 2482 2653 crimina
2530 2614 2637 2653 sua
2685 2597 2925 2653 affixum
2971 2614 3004 2653 a
3050 2596 3219 2652 nobis
3261 2596 3399 2652 coli.
3433 2595 3576 2651 Nam
3608 2612 3729 2651 eum
3761 2609 3854 2650 non

2235 2689 2408 2745 modo
2439 2688 2946 2757 innocentem,sed
2975 2687 3156 2743 Deum
3190 2704 3325 2744 esse
3351 2687 3554 2744 merito
3575 2687 3856 2743 credimus.

2235 2777 2448 2832 Contra
2492 2794 2622 2833 vero
2670 2775 2919 2849 Egyptii
2971 2775 3193 2830 homini
3243 2793 3276 2830 a
3335 2793 3397 2832 se
3427 2777 3603 2832 electo
3635 2778 3856 2830 mactant

2236 2865 2521 2935 victimas,
2554 2870 2608 2920 et
2638 2864 2923 2921 sacrificia
2955 2863 3192 2918 faciunt.
3221 2863 3338 2918 Alii
3374 2870 3565 2919 autem
3596 2881 3779 2936 regum
3806 2862 3856 2917 in

2237 2955 2384 3010 Deos
2413 2972 2445 3010 a
2492 2971 2555 3009 se
2602 2953 2989 3025 ascriptorum
3033 2952 3308 3008 invocant
3345 2954 3609 3024 numina,
3640 2953 3705 3007 ad
3733 2951 3856 3006 ima-

2237 3043 2402 3115 gines
2433 3041 2786 3114 supplicant,
2820 3047 2995 3113 atque
3015 3057 3214 3101 eorum
3241 3041 3569 3114 implorant
3597 3041 3797 3114 genios.

2309 3131 2517 3186 Cruces
2549 3136 2766 3199 autem,
2800 3130 2987 3201 pergit
3017 3129 3318 3196 Octavius,
3354 3146 3459 3185 nec
3490 3129 3746 3196 colimus,
3771 3141 3857 3182 nec

2238 3227 2528 3294 Optamus.
2553 3220 2662 3275 Sed
2687 3219 2901 3274 ethnici
2934 3235 3032 3274 eas
3059 3218 3311 3274 fortasse
3348 3223 3627 3290 tanquam
3649 3217 3857 3273 deorum

2237 3326 2478 3366 suorum
2508 3314 2703 3381 partes
2733 3312 3100 3363 venerantur.
3134 3306 3348 3363 Crucis
3379 3307 3592 3363 etenim
3628 3307 3795 3379 ligura
3811 3304 3858 3360 in

2235 3402 2520 3474 ipsorum,
2554 3417 2680 3472 quas
2711 3399 2932 3466 colunt,
2968 3398 3172 3468 signis,
3200 3399 3529 3466 cantabris,
3559 3396 3788 3461 vexillis,
3815 3396 3861 3450 et

2234 3490 2490 3562 tropaeis,
2539 3505 2605 3544 ac
2656 3487 2923 3560 pluribus
2950 3486 3101 3555 aliis,
3135 3503 3284 3559 quas
3323 3487 3420 3544 ille
3451 3488 3860 3550 commemorat,

2233 3577 2603 3635 naturalibus
2633 3577 2807 3632 rebus
2837 3575 3212 3648 conspicitur.

2307 3665 2886 3738 Impudentissimam
2949 3680 3179 3736 quoque
3234 3681 3374 3721 esse
3418 3664 3502 3720 ait
3539 3664 3609 3719 de
3639 3664 3813 3736 potato
3837 3675 3864 3714 ι

2235 3754 2579 3811 Christianis
2601 3755 2840 3810 infantis
2863 3771 2896 3808 a
2919 3771 2980 3809 se
3002 3752 3174 3808 occisi
3198 3753 3498 3826 sanguine
3515 3751 3861 3808 calumniam.

2236 3843 2463 3900 Ethnici
2495 3860 2647 3910 vero,
2682 3844 2764 3898 uti
2797 3842 2895 3899 ille
2925 3843 3208 3915 arguit,et
3239 3859 3464 3914 pueros
3498 3857 3694 3898 recens
3724 3842 3865 3893 natos

2237 3933 2550 3989 crudeliter
2575 3937 2888 4004 exponunt,
2921 3936 2978 3987 et
3008 3933 3358 4004 priusquam
3394 3934 3723 3992 nascantur,
3754 3941 3863 3982 cru-

2236 4023 2538 4078 delissimo
2569 4026 2776 4077 necant
2805 4021 3337 4076 abortu.Saturnus
3369 4027 3569 4076 autem
3593 4018 3792 4074 dicitur
3810 4013 3865 4069 fl-

2239 4110 2347 4166 lios
2377 4114 2698 4176 vorasse,et
2726 4107 2978 4164 infantes
3005 4126 3039 4163 a
3059 4102 3864 4180 quibusdam‘Africaaincolis,

2240 4199 2391 4254 sicut
2443 4217 2477 4255 a
2531 4198 2739 4254 Tauris
2795 4202 2852 4253 et
2900 4197 3166 4253 Busiride
3214 4198 3521 4271 Egyptios
3551 4195 3870 4267 hospites,a

2239 4288 2419 4345 Gallis
2450 4293 2508 4344 et
2539 4287 2816 4343 Romanis
2847 4286 3658 4353 homines,immolantur;et
3674 4281 3873 4353 Jupiter

2241 4380 2366 4452 ipse
2395 4377 2502 4433 hac
2533 4393 2786 4448 quoque,
2818 4375 3108 4431 horrenda
3136 4375 3318 4443 dictu,
3364 4375 3586 4431 colitur
3643 4371 3872 4428 victima.

2240 4468 2386 4534 Quid
2421 4464 2591 4538 plura
2616 4469 2639 4521 Ρ
2665 4464 2962 4537 Sanguine
2994 4465 3253 4519 humano
3277 4466 3618 4535 conjuravn
3638 4459 3873 4521 Catilina,

481 4574 642 4640 Jove,
671 4547 1011 4636 Castorib‘us
1060 4574 1117 4624 et
1162 4566 1401 4624 Claudia
1448 4563 1710 4619 Caecilius
1742 4565 2128 4627 recensuerat,
2160 4547 2206 4612 D
2238 4559 2439 4613 litatur
2468 4554 2735 4619 Bellonae,
2768 4559 2826 4608 et
2851 4552 3163 4609 comitialis
3217 4553 3470 4609 morbus
3503 4555 3759 4607 sanatur.
3781 4551 3877 4640 Ane-

486 4659 569 4716 sic
599 4658 885 4721 efﬁciunt,
917 4663 982 4710 ut
1035 4655 1282 4711 ethnicis
1312 4653 1620 4709 videantur
1649 4666 1782 4706 vera
1813 4649 2136 4722 patravisse

488 4749 792 4807 miracula.
847 4751 1256 4803 Verumtamen
1308 4751 1447 4801 tunc
1491 4744 1656 4799 fateri
1696 4745 1988 4814 coguntur
2017 4740 2138 4796 haec

490 4857 606 4896 non
638 4856 671 4894 a
706 4840 836 4904 Deo,
870 4837 969 4908 sed
1002 4853 1035 4890 a
1065 4851 1126 4890 se
1156 4834 1301 4906 ipsis
1336 4835 1482 4887 facta
1517 4832 1715 4899 fuisse,
1749 4847 1882 4886 cum
1915 4848 1948 4885 a
1977 4829 2136 4884 Chri-

490 4927 699 4986 stianis
735 4943 834 4999 per
882 4925 1062 4980 Deum
1112 4937 1314 4977 verum
1363 4920 1636 4991 adjurati,
1675 4924 1734 4974 et
1761 4920 1943 4975 sacris
1974 4934 2139 4974 exor-

490 5017 694 5074 cismis
723 5016 795 5070 ab
827 5013 1083 5069 obsessis
1133 5009 1473 5081 corporibus
1512 5009 1808 5079 fugantur.
1843 5008 2139 5070 Quamob-

492 5124 614 5163 rem
647 5102 1010 5160 Christianos
1062 5101 1132 5156 de
1179 5098 1445 5171 proximo
1497 5095 1767 5167 fugitant,
1797 5099 2140 5166 tantumque

491 5193 800 5269 gentilium
833 5192 892 5249 in
920 5208 1019 5249 eos
1068 5188 1362 5247 concitant
1393 5185 1616 5253 odium,
1648 5189 1713 5240 ut
1738 5183 1869 5241 illos
1899 5201 2015 5242 non
2046 5201 2141 5241 so-

492 5286 616 5342 lum
649 5283 813 5357 prius
864 5281 1079 5349 odisse,
1131 5293 1309 5352 quam
1359 5291 1535 5334 nosse
1569 5273 1873 5346 incipiant,
1905 5273 2006 5331 sed
2037 5289 2143 5332 ne-

492 5373 670 5431 fanda
699 5372 873 5430 etiam
908 5370 1026 5428 illis
1070 5369 1325 5426 inferant
1371 5365 1642 5431 crimina,
1688 5379 1818 5436 qum
1847 5379 1882 5418 a
1910 5362 2145 5421 nemine

493 5462 727 5538 probari
751 5463 1032 5520 hactenus
1067 5457 1482 5534 potuerunt.Et
1502 5460 1651 5512 certe
1681 5453 1951 5511 Octavius
1971 5452 2146 5527 plane

491 5551 838 5609 testiﬁcatur
884 5568 946 5608 se
997 5553 1049 5607 id
1112 5568 1220 5606 sua
1269 5544 1627 5622 experientia
1677 5542 1977 5609 didicisse,
2009 5559 2145 5599 cum

480 5647 617 5717 ipse
660 5638 851 5701 adhuc
913 5640 1205 5711 ethnicus,
1259 5642 1505 5712 ejusque
1563 5633 1726 5704 socii,
1781 5632 2147 5690 Christianos

2244 4647 2422 4717 nique
2453 4643 2681 4700 athletae
2711 4642 2936 4698 belluas
2961 4642 3262 4697 hominum
3288 4657 3503 4696 cruore
3545 4645 3602 4696 et
3629 4631 3878 4694 membris

2245 4735 2435 4792 adhuc
2461 4733 2760 4805 saginatas
2810 4732 3104 4786 devorant.
3153 4732 3224 4784 At
3272 4729 3633 4786 Christianis
3664 4719 3878 4782 homici-

2245 4825 2410 4879 dium
2469 4821 2552 4876 vel
2589 4821 2809 4885 audire,
2843 4819 2928 4874 vel
2963 4835 3193 4874 cernere
3250 4835 3368 4874 non
3413 4819 3570 4887 licet,
3605 4821 3662 4872 et
3687 4814 3878 4870 anima-

2245 4913 2390 4969 lium
2424 4909 2711 4982 sanguine
2740 4907 3135 4963 interdictum.

2321 5002 2406 5056 Ab
2438 5000 2556 5057 omi
2586 4997 2762 5054 etiam
2813 4995 3303 5052 versimilitudine
3335 4999 3462 5051 tam
3510 4993 3764 5050 alienum
3793 4987 3883 5051 est,

2249 5091 2406 5165 quod
2434 5086 2786 5147 Christianis
2816 5085 3109 5157 obiicitur,
3141 5083 3439 5157 pollutum
3475 5085 3698 5139 incesto
3719 5072 3885 5134 convi-

2249 5181 2410 5239 vium
2460 5194 2638 5252 quam
2681 5178 2910 5232 constat
2957 5173 3165 5230 incesti
3211 5189 3347 5231 reos
3389 5173 3593 5246 reipsa
3623 5184 3747 5228 esse
3769 5177 3890 5252 gen:

2251 5269 2406 5326 tiles.
2467 5247 2652 5324 ﬁeres?
2702 5263 2996 5322 enimvero
3055 5279 3191 5322 cum
3258 5263 3592 5333 matribus,
3666 5247 3891 5330 Egyptii

2253 5364 2310 5418 et
2364 5356 2748 5414 Athenienses
2805 5369 2941 5412 cum
3000 5353 3303 5412 sororibus
3347 5353 3701 5411 miscentur.
3731 5345 3893 5402 Poeta

2255 5451 2449 5506 autem
2482 5445 2642 5502 varia
2670 5447 2729 5499 et
2755 5443 3108 5501 exsecranda
3133 5444 3384 5500 deorum
3419 5445 3646 5499 canunt
3691 5431 3891 5494 adulte-

2257 5539 2364 5610 ria,
2394 5551 2642 5608 quorum
2677 5535 2854 5590 etiam
2887 5531 3148 5606 plerique
3177 5532 3436 5607 gentiles
3467 5528 3689 5588 conscii
3732 5521 3896 5610 erant.

2257 5625 2571 5686 Christiani
2630 5640 2763 5680 vero
2795 5623 2972 5679 unius
3012 5606 3380 5678 matrimonii
3415 5619 3655 5678 vinculo
3687 5606 3892 5683 illigati.
