4102 6162
165 0 608 52 ανψά³⁷ῒι⁷

270 264 372 327 389
431 255 444 264 ε

1700 260 2222 328 DISSERTATIO

3543 260 3661 325 390

263 399 406 450 extra
433 393 584 449 illud
617 408 849 466 semper
885 393 1054 458 casti,
1087 394 1184 449 aui
1225 393 1284 448 in
1331 392 1666 466 virginitate
1699 409 1898 467 perse-
1927 396 1982 464 Α
2013 395 2151 452 stris
2183 396 2635 467 comparatione.
2665 396 2721 450 Si
2755 395 2856 468 qui
2903 411 3057 462 vero,
3091 396 3270 451 Deum
3312 397 3658 464 nescientes,

264 490 536 544 verentes.
571 483 784 554 pudica
808 483 1024 548 sobria,
1058 486 1116 537 et
1163 482 1324 554 gravi
1353 482 1645 540 hilaritate
1686 487 1907 555 tempe-

263 578 376 627 rata
405 571 674 628 convivia
704 573 972 643 agebant.

327 661 604 725 Quamvis
636 666 830 716 autem
873 677 1162 733 purpuras
1192 665 1248 716 et
1303 661 1557 717 honores
1614 670 1906 727 recusent,

264 766 368 804 non
399 753 544 804 sunt
572 755 768 804 tamen
801 765 868 804 ex
891 748 1100 805 ultima
1129 748 1317 820 plebis
1363 750 1499 805 faece
1525 750 1651 817 orti,
1687 767 1792 806 nec
1823 751 1906 806 fa-

264 838 446 908 ctiosi,
483 853 588 893 nec
618 839 674 891 in
727 836 960 909 angulis
1015 837 1257 909 garruli.
1295 840 1369 894 De
1400 840 1644 910 probata
1690 839 1906 894 etenim

257 943 454 982 eorum
489 927 606 982 vita
634 926 789 982 haud
814 927 1102 982 incertum
1122 927 1526 982 testimonium
1548 932 1672 983 erat
1692 928 1906 999 saepius

256 1017 405 1072 819
430 1017 676 1087 repetita
716 1016 787 1070 de
835 1021 1129 1070 crescente
1181 1016 1442 1088 quotidie
1485 1015 1748 1088 ipsorum
1795 1033 1905 1071 nu-

255 1121 411 1161 mero
443 1103 832 1175 querimonia.
868 1105 935 1158 Et
963 1109 1116 1160 certe
1147 1121 1261 1160 non
1294 1105 1572 1176 corporis,
1606 1106 1706 1160 sed
1737 1107 1904 1162 inno-

251 1195 452 1250 centia
485 1194 654 1265 signo
686 1209 813 1249 sese
843 1192 1086 1248 invicem
1120 1199 1466 1265 agnoscunt,
1498 1199 1906 1267 quantumque

250 1299 377 1338 sese
434 1285 643 1337 mutuo
700 1285 920 1347 amant,
974 1297 1042 1337 ao
1079 1282 1216 1352 jure
1277 1282 1483 1338 merito
1545 1299 1610 1338 se
1661 1284 1904 1339 fratrum

251 1373 491 1428 nomine
521 1371 890 1442 compellant,
925 1375 1158 1426 tantum
1216 1372 1454 1441 ethnici,
1497 1373 1608 1428 sibi
1657 1373 1904 1429 invicem

249 1463 460 1534 ignoti,
497 1459 718 1516 mutuis
759 1459 910 1515 odiis
943 1461 1000 1514 in
1031 1460 1256 1533 seipsos
1308 1462 1608 1517 crudelius
1637 1463 1902 1517 saeviunt.

319 1569 524 1640 Neque
555 1567 668 1622 dici
699 1571 891 1638 potest
918 1568 1152 1622 eosdem
1197 1566 1556 1623 Christianos
1613 1569 1907 1624 occultare

254 1658 405 1730 quod
471 1656 691 1726 colunt,
750 1656 1025 1726 quoniam
1084 1655 1248 1712 nulla
1293 1655 1539 1712 delubra
1598 1657 1906 1728 nullasque

250 1763 378 1802 aras
408 1745 651 1801 habent.
689 1749 1041 1800 Persuasum
1095 1744 1387 1815 siquidem
1439 1746 1584 1816 ipsis
1635 1755 1758 1800 erat
1788 1763 1903 1801 non
1935 1767 1984 1832 Β

247 1851 417 1907 posse
451 1835 639 1889 Deum
684 1833 804 1889 ullo
861 1833 1077 1904 templo
1134 1835 1558 1900 circumscribi,
1615 1838 1718 1890 aut
1766 1835 1906 1907 ﬁngi

242 1923 404 1980 illius
435 1921 848 1990 simulacrum,
883 1939 948 1977 ac
976 1922 1193 1977 nullam
1250 1939 1394 1994 pura
1442 1928 1500 1978 et
1547 1923 1773 1979 sincera
1807 1925 1907 1980 ho-

245 2014 419 2068 minis
448 2011 814 2068 conscientia
841 2011 1097 2067 hostiam
1146 2011 1259 2083 ipsi
1316 2028 1447 2069 esse
1504 2013 1817 2084 gratiorem
1851 2017 1910 2069 et

244 2101 659 2174 acceptiorem.

310 2191 486 2246 Hunc
518 2205 692 2261 porro
719 2191 895 2244 Deum
920 2187 1152 2246 tametsi
1176 2188 1364 2245 oculis
1386 2189 1911 2262 nostris,quemad-

245 2281 494 2335 modum
536 2284 763 2345 ventos,
815 2276 998 2334 solem
1047 2282 1428 2349 nostramque
1477 2279 1735 2334 animam
1791 2296 1907 2334 non

244 2369 585 2435 videamus,
618 2383 686 2423 ex
716 2368 844 2438 ejus
875 2365 1261 2423 nihilominus
1311 2366 1586 2438 operibus
1615 2366 1912 2423 evidenter

249 2438 688 2530 cognoscimus.
725 2455 948 2528 Ubique
980 2460 1174 2511 autem
1206 2472 1463 2527 praesens
1507 2457 1705 2512 omnia
1733 2457 1908 2524 videt,

251 2549 429 2603 etiam
466 2547 810 2601 secretiores
857 2545 1072 2600 mentis
1130 2548 1340 2600 nostrae
1395 2545 1794 2615 cogitationes,
1845 2563 1912 2602 ac

253 2653 435 2709 prope
469 2652 607 2690 cum
638 2634 761 2706 illo,
794 2640 849 2689 et
897 2635 955 2688 in
1006 2634 1134 2704 ejus
1183 2633 1433 2689 vivimus
1483 2634 1638 2688 sinu.
1671 2635 1830 2698 Quod
1862 2635 1911 2690 si

253 2733 451 2781 tamen
491 2730 641 2779 Deus
688 2724 904 2779 Judreis
936 2722 1081 2778 nihil
1142 2722 1430 2794 profuisse
1477 2723 1723 2790 dicatur,
1757 2730 1913 2780 certe

254 2815 637 2870 Judaicorum
663 2813 960 2868 annalium
985 2811 1296 2883 scriptores
1317 2816 1494 2867 testes
1515 2812 1718 2883 utique
1749 2818 1915 2868 erant

253 2902 730 2976 locupletissimi,
763 2900 896 2956 illos
929 2901 1094 2973 prius
1123 2901 1305 2956 Deum
1348 2900 1699 2970 deseruisse,
1733 2918 1911 2974 quam

253 2993 325 3046 ab
353 2991 486 3062 ipso
518 2990 702 3045 fuisse
733 2990 1013 3044 desertos.

318 3080 610 3134 Caeterum
642 3094 773 3132 cum
799 3078 998 3133 omnia
1019 3094 1144 3149 quae
1167 3077 1632 3144 iuitium,eadem
1659 3083 1715 3133 et
1736 3077 1912 3133 tinem

2016 482 2233 538 divitiis
2257 487 2313 539 et
2343 483 2664 539 honoribus
2695 484 2961 550 afﬂuant,
2991 483 3081 538 vel
3130 485 3202 538 ad
3233 501 3534 539 summum
3568 485 3659 538 di-

2017 571 2309 643 gnitatum
2342 575 2515 644 atque
2536 571 2764 644 imperii
2806 573 3124 628 evehantur
3153 573 3406 640 culmen,
3437 572 3542 628 hos
3564 572 3660 628 ille

2018 661 2228 716 asserit
2254 661 2523 716 victimas
2580 677 2708 716 esse
2738 662 2808 716 ad
2865 661 3222 732 supplicium
3282 660 3580 732 saginatas
3605 665 3663 716 et

2015 754 2341 820 coronatas,
2374 750 2472 822 qui
2507 751 2782 822 profecto,
2815 767 2930 821 quo
2975 751 3142 822 lapsu
3174 751 3434 822 graviore
3468 757 3662 819 ruant,

2015 839 2193 895 altius
2227 837 2531 894 tolluntur.
2564 838 2738 894 Nulla
2767 839 2918 894 enim
2948 840 3170 911 absque
3207 839 3308 894 Dei
3333 841 3663 912 cognitione

2016 932 2205 1000 potest
2233 945 2361 984 esse
2390 927 2578 984 solida
2599 926 2864 983 felicitas.

2087 1015 2445 1087 Spectaculis
2476 1032 2646 1088 porro
2676 1019 2732 1072 et
2759 1015 2990 1088 pompis
3018 1015 3378 1074 Christianos
3396 1017 3523 1074 ideo
3546 1035 3663 1075 non

2017 1105 2298 1162 interesse
2328 1106 2603 1170 declarat,
2627 1106 2766 1177 quia
2794 1122 2862 1161 ea
2891 1121 3006 1161 non
3041 1106 3236 1162 minus
3267 1107 3468 1179 impia,
3485 1124 3663 1178 quam

2016 1193 2275 1251 crudelia
2329 1211 2478 1264 esse,
2536 1199 2691 1251 certo
2746 1193 2962 1251 certius
3018 1200 3317 1251 noverant.
3351 1197 3438 1251 Ab
3480 1197 3666 1252 idolo-

2014 1282 2196 1356 thytis
2225 1283 2380 1339 880
2412 1301 2642 1356 quoque
2669 1283 2848 1339 iidem
2906 1285 3223 1354 abstinent,
3255 1301 3327 1341 ne
3386 1285 3518 1357 quis
3565 1301 3665 1342 eos

2015 1371 2308 1427 existimet
2336 1379 2438 1428 aut
2465 1373 2670 1429 cedere
2717 1373 3040 1443 daamoniis,
3073 1379 3174 1428 aut
3216 1373 3515 1446 religionis
3545 1392 3663 1431 suae

2017 1461 2253 1532 pudere.
2287 1462 2412 1517 Non
2447 1478 2680 1518 omnem
2713 1479 2846 1518 vero
2877 1461 3086 1518 ﬂorum
3117 1462 3368 1518 colorem
3398 1463 3664 1519 odorem-

2017 1565 2130 1621 que
2162 1556 2570 1620 aspernantur.
2603 1553 2834 1623 Sparsis
2867 1551 3263 1621 enim,solutis
3294 1569 3358 1606 ac
3389 1552 3664 1610 mollibus

2016 1638 2102 1693 uti
2131 1638 2340 1705 solent,
2373 1655 2439 1695 ac
2471 1640 2644 1696 sertis
2683 1638 2831 1695 colla
2886 1641 3233 1712 complecti:
3291 1642 3390 1696 sed
3450 1642 3662 1697 mortui

2015 1733 2188 1798 caput
2243 1743 2520 1783 coronare
2593 1728 2959 1799 superﬂuum
3019 1734 3077 1784 et
3129 1729 3337 1785 inutile
3402 1736 3662 1786 censent.

2016 1817 2229 1871 Eadem
2258 1817 2434 1872 etiam
2465 1817 2908 1888 tranquillitate,
2937 1833 3052 1889 qua
3105 1819 3325 1888 vivunt,
3376 1819 3667 1890 sepeliant

2018 1911 2306 1970 mortuos,
2336 1921 2610 1960 coronam
2641 1911 2865 1961 aeternae
2895 1905 3194 1962 felicitatis
3214 1908 3541 1964 certissima
3561 1924 3666 1980 spe

2018 1998 2445 2065 exspectantes.
2495 1995 2882 2060 Quamobrem
2942 1995 3321 2066 quantumvis
3378 1996 3665 2066 Socrates,

2018 2081 2322 2148 Arcesilas,
2349 2084 2694 2148 Carneades,
2726 2083 2967 2156 Pyrrho,
2995 2084 3327 2140 Academici
3371 2090 3428 2140 et
3473 2085 3668 2141 Simo-

2020 2171 2186 2227 nides
2231 2171 2378 2226 nihil
2411 2189 2475 2228 se
2532 2177 2686 2228 certo
2745 2172 2895 2228 scire
2949 2179 3318 2241 asseverant;
3351 2173 3665 2230 Christiani

2019 2263 2213 2314 tamen
2245 2276 2581 2331 eam,quam
2611 2261 2833 2317 frustra
2862 2259 2944 2316 illi
2973 2261 3341 2332 quaesierant,
3366 2264 3667 2318 veritatem

2019 2365 2084 2404 se
2113 2348 2405 2405 invenisse
2436 2348 2593 2404 haud
2625 2348 2921 2404 immerito
2948 2349 3296 2421 gloriantur.
3313 2350 3460 2406 Vera
3490 2351 3670 2424 igitur

2020 2453 2221 2492 eorum
2249 2436 2471 2508 religio,
2505 2437 2733 2508 rejectis
2786 2437 3095 2510 gentilium
3127 2439 3665 2510 superstitionibus,

2021 2526 2093 2581 ab
2126 2526 2403 2582 omnibus
2433 2525 2810 2598 suscipienda
2837 2531 2947 2584 est.

2091 2619 2223 2670 Haec
2255 2632 2424 2687 porro
2454 2631 2587 2670 cum
2620 2615 2891 2672 Octavius
2923 2620 3342 2688 perorasset,ao
3375 2618 3668 2674 Minucius

2022 2703 2080 2757 in
2115 2704 2272 2759 illius
2303 2704 2750 2760 admirationem
2783 2710 2985 2776 raptus
3041 2706 3374 2773 conticeret,
3404 2707 3668 2764 Caecilius

2022 2791 2363 2847 exclamavit
2391 2809 2453 2849 se
2484 2795 2556 2848 ab
2586 2791 2821 2848 Octavio
2853 2794 3089 2864 victum,
3125 2811 3278 2849 nunc
3331 2797 3544 2851 erroris
3575 2797 3670 2853 sui

2023 2898 2151 2937 esse
2183 2882 2478 2947 victorem,
2513 2899 2580 2937 ac
2608 2881 2999 2937 Christianam
3031 2881 3368 2954 religionem
3383 2886 3510 2955 jam
3542 2890 3669 2940 tum

2025 2971 2302 3042 profiteri.
2336 2971 2633 3026 Postremo
2673 2969 2854 3026 dilata
2900 2971 2958 3026 in
3007 2972 3329 3028 crastinum
3360 2973 3514 3029 diem
3547 2974 3673 3030 cla-

2024 3059 2160 3113 riori
2193 3059 2602 3132 mysteriorum
2649 3063 2983 3115 nostrorum
3034 3059 3437 3132 explicatione,
3471 3079 3674 3120 omnes

254 3129 1635 3239 διῦἔέέίιζ’ἔίιίίῖέηῖἶιᾷἷιῖεἷῌιέέζάἰᾷἐῖιῖἷίξιᾷἒ
1665 3129 1914 3224 nisi;
1945 3129 1987 3196 α
2025 3147 2139 3203 laeti
2170 3129 2502 3219 hilaresque
2531 3149 2772 3205 domum
2804 3149 3018 3205 reversi
3047 3129 3208 3206 sint.

257 3256 701 3314 consumendus
734 3256 829 3311 sit.
866 3255 933 3310 Et
964 3260 1117 3311 certe
1147 3255 1421 3311 Octavius
1468 3256 1724 3311 ostendit
1771 3255 1922 3311 hanc

269 3347 340 3402 de
369 3347 474 3402 illo
499 3346 707 3402 mundi
743 3346 1011 3401 incendio
1044 3345 1223 3401 fuisse
1240 3345 1587 3414 Stoicorum,
1619 3347 1921 3420 Epicureo-

265 3451 396 3491 rum
432 3439 492 3490 et
520 3434 782 3491 Platonis
822 3435 1177 3506 opinionem.
1210 3437 1281 3490 At
1328 3434 1441 3504 hic,
1493 3435 1665 3491 sicuti
1716 3436 1920 3506 Pytha-

258 3523 840 3596 goras,dimidiatam
873 3527 1102 3578 tantum
1126 3523 1342 3578 mortui
1369 3524 1626 3579 hominis
1647 3524 1719 3579 ad
1740 3525 1918 3580 vitam

259 3613 705 3669 revocationem
740 3611 992 3684 agnovit.
1026 3616 1264 3668 Constat
1311 3617 1506 3668 tamen
1537 3613 1721 3668 Deum
1752 3629 1922 3684 posse

255 3701 594 3767 hominem,
627 3717 798 3772 quem
831 3717 898 3756 ex
931 3700 1114 3755 nihilo
1145 3701 1332 3766 finxit,
1357 3717 1424 3755 ex
1455 3705 1641 3756 morte
1673 3701 1920 3756 excitare

250 3791 326 3845 ad
349 3791 564 3845 vitam.
597 3791 960 3854 Quibusdam
1005 3806 1138 3845 vero
1197 3789 1475 3860 exemplis
1520 3790 1725 3861 probat
1754 3789 1919 3846 Octa~

245 3881 382 3934 vius
417 3879 684 3934 futuram
719 3895 846 3935 esse
893 3879 1045 3934 hanc
1092 3879 1577 3934 resurrectionem
1611 3895 1918 3950 corporum

247 3983 382 4040 qua:
407 3967 724 4024 Christiani
748 3967 986 4039 antiquo
1009 3973 1064 4023 et
1099 3967 1323 4022 meliori
1349 3984 1508 4022 more
1538 3967 1916 4039 sepeliebant.

244 4057 366 4112 Nec
400 4057 582 4128 longe
614 4055 870 4112 absimili
903 4057 1075 4112 modo
1107 4056 1204 4111 ille
1254 4055 1514 4112 ostendit
1537 4057 1730 4126 justos
1763 4055 1917 4128 pios-

245 4162 369 4216 que
405 4146 680 4201 homines
711 4151 842 4218 post
873 4146 1021 4200 hanc
1051 4145 1228 4200 vitam
1256 4151 1468 4200 aeterna
1498 4145 1790 4217 felicitate,
1828 4147 1920 4200 in-

238 4235 454 4303 justos
486 4251 623 4290 vero
683 4235 868 4306 poenis
928 4235 1303 4306 sempiternis
1363 4234 1721 4290 afﬁciendos.
1768 4235 1916 4290 Tum

248 4324 474 4380 deinde
502 4323 830 4379 luculenter
857 4324 1221 4378 demonstrat
1242 4321 1428 4378 multo
1451 4325 1768 4379 sanctiores
1789 4340 1920 4380 esse

261 4427 461 4467 mores
490 4411 953 4469 Christianorum
988 4429 1163 4484 quam
1197 4411 1526 4483 gentilium.
1577 4413 1690 4467 Nec
1721 4413 1920 4469 minus

261 4503 573 4572 perspicua
598 4503 768 4557 docet
798 4502 998 4557 datum
1035 4500 1179 4556 nihil
1215 4500 1370 4556 aliud
1395 4517 1728 4572 esse,quam
1764 4502 1918 4573 quod
1950 4503 1998 4565 D

249 4591 418 4658 [atus
444 4601 523 4646 est
552 4591 732 4657 Deus,
755 4589 855 4662 qui
888 4606 988 4661 pro
1020 4588 1387 4660 singulorum
1421 4589 1643 4644 meritis
1675 4591 1792 4644 fata
1820 4590 1918 4644 de.

258 4681 564 4735 terminat.
601 4680 684 4735 Ibi
721 4685 912 4734 autem
971 4695 1032 4734 se
1091 4679 1160 4733 de
1211 4677 1326 4733 fato
1386 4679 1575 4734 fusius
1604 4677 1920 4749 aliquando

264 4767 712 4839 disputaturum
743 4767 1063 4839 pollicetur.

351 4874 892 4931 Manifestissimum
953 4879 1085 4946 post
1146 4873 1263 4928 haec
1319 4873 1458 4930 facit
1513 4875 1920 4944 exprobratam

279 4957 622 5021 Christianis
653 4963 986 5036 pauperiem
1019 4979 1132 5018 non
1165 4963 1469 5018 infamiam
1501 4979 1646 5034 esse,
1669 4965 1770 5020 sed
1799 4963 1924 5036 glo-

277 5049 446 5120 riam,
477 5054 979 5125 quemadmodum
1037 5053 1315 5108 adversos
1346 5067 1548 5107 eorum
1608 5070 1804 5123 casus,
1856 5070 1923 5110 ac

275 5143 710 5211 quantumlibet
773 5144 1116 5210 horrendos,
1176 5143 1320 5214 ipsis
1393 5142 1762 5214 iniquissime
1819 5161 1924 5217 pro

276 5231 483 5288 Christi
514 5233 882 5289 confessione
927 5233 1183 5288 inﬂictos
1231 5231 1541 5302 cruciatus,
1571 5249 1637 5289 ac
1675 5239 1924 5290 mortem

276 5318 482 5390 ipsam,
517 5341 635 5380 non
667 5339 870 5394 poenas
919 5338 1068 5390 esse,
1101 5321 1202 5377 sed
1251 5320 1489 5376 virtutis
1532 5322 1924 5393 probationes,

281 5425 345 5464 ac
375 5412 727 5485 triumphos,
763 5411 1056 5484 dignaque
1085 5410 1200 5465 Deo
1232 5408 1755 5481 spectacula.0uod
1789 5410 1924 5480 qui-

283 5499 409 5557 dem
437 5502 714 5559 Octavius
741 5500 1066 5558 luculenter
1094 5498 1351 5555 ostendit
1382 5497 1535 5555 facta
1573 5498 1927 5555 fortissimo-

284 5604 406 5650 rum
434 5592 834 5666 quorumdam
864 5591 1231 5650 ethnicorum
1263 5602 1395 5646 cum
1433 5589 1788 5664 martyribus
1820 5606 1923 5648 no-

96 5871 212 6041 ι
273 6017 280 6022 .

2595 3303 2995 3363 ARTICULUS
3035 3307 3106 3364 ll.

2033 3416 2228 3471 Utrum
2255 3414 2523 3470 Minucius
2543 3413 2840 3557 Felixﬁit’
2858 3413 3026 3542 liuji‘is
3067 3416 3202 3471 libri
3228 3425 3440 3484 auctor,
3473 3422 3524 3474 et
3552 3421 3676 3490 quis

2694 3503 2714 3542 ι
2761 3502 2790 3542 e
2844 3502 3007 3542 ueri.

2694 3502 2790 3542 ιιιε
2817 3502 2837 3542 1
2844 3502 2987 3542 αενιι
2995 3529 3007 3542 .

2100 3628 2422 3684 Minucium
2455 3626 2703 3684 Felicem
2747 3628 2926 3699 hujus
2957 3627 3092 3683 libri
3150 3629 3270 3685 sive
3325 3629 3538 3703 dialogi
3571 3648 3676 3688 au-

2028 3723 2244 3774 ctorem
2276 3733 2404 3774 esse
2423 3721 2541 3772 tam
2575 3716 2793 3773 invicta
2823 3717 3178 3790 scriptorum
3209 3719 3366 3774 omni
3411 3720 3524 3776 fide
3551 3738 3676 3776 ma-

2019 3809 2218 3879 jorum
2277 3806 2621 3862 auctoritate
2679 3807 2980 3877 probatur,
3038 3811 3104 3862 ut
3160 3807 3360 3862 nullus
3391 3825 3457 3863 ea
3514 3811 3584 3864 de
3615 3826 3677 3865 re

2028 3895 2336 3951 dubitandi
2367 3895 2530 3950 locus
2562 3894 2666 3950 ulli
2723 3911 3031 3967 superesse
3088 3897 3292 3967 possit.
3346 3896 3677 3954 Firmianus

2029 3986 2313 4057 siquidem
2362 3985 2718 4051 Lactantius,
2755 3985 2855 4057 qui
2916 3984 3274 4040 Diocletiano
3328 3986 3674 4056 imperante,

2030 4075 2200 4132 sicuti
2231 4078 2394 4130 notat
2423 4073 2808 4148 Hieronymus
2834 4074 3192 4147 (Hieronym.
3216 4073 3452 4144 Catalog.
3487 4075 3674 4145 script.

2029 4165 2200 4236 §80),
2234 4180 2338 4218 nec
2367 4163 2538 4235 longo
2589 4167 2721 4235 post
2767 4162 3088 4218 Minucium
3140 4167 3401 4233 tempore
3455 4162 3675 4234 ﬂoruit,

2031 4255 2150 4308 haec
2182 4254 2252 4308 de
2309 4251 2408 4307 illo
2463 4251 2636 4308 habet
2680 4252 2854 4307 verba
2907 4252 3190 4323 (Lactant.
3250 4250 3350 4304 lib.
3385 4268 3403 4305 1
3437 4252 3508 4305 De
3548 4266 3678 4307 vera

2027 4343 2184 4413 relig.
2219 4358 2345 4413 cap.
2380 4342 2504 4412 il):
2539 4363 2567 4390 «
2610 4340 2895 4395 Minucius
2926 4338 3101 4410 Felix,
3151 4339 3211 4394 in
3265 4353 3332 4392 eo
3389 4339 3534 4394 libro
3575 4338 3678 4410 qui

2029 4430 2302 4486 Octavius
2332 4429 2694 4498 inscribitur,
2729 4428 2812 4484 sic
2843 4431 3288 4499 argumentatus
3313 4430 3438 4482 est:
3474 4428 3678 4484 Satur-

2032 4536 2195 4588 num,
2227 4533 2362 4573 cum
2396 4518 2632 4588 fugatus
2661 4519 2817 4571 esset
2847 4533 2881 4570 a
2911 4515 3049 4584 ﬁlio,
3082 4515 3142 4570 in
3202 4514 3549 4588 Italiamque
3579 4534 3677 4572 ve-

2030 4609 2232 4674 nisset,
2265 4611 2374 4662 etc.
2407 4625 2434 4658 »
2496 4605 2631 4669 Quis
2689 4603 2926 4676 quidem
2970 4605 3028 4658 in
3087 4602 3198 4660 hoc
3257 4604 3494 4660 Minucii
3527 4605 3677 4661 libro

2030 4714 2228 4751 revera
2257 4695 2528 4768 legimus.
2562 4698 2701 4750 Post
2731 4694 2851 4750 haec
2905 4711 3040 4750 vero
3091 4695 3245 4750 idem
3302 4695 3674 4751 Lactantius:

2038 4785 2172 4840 «Ex
2203 4784 2318 4852 his,
2387 4784 2602 4856 inquit,
2650 4783 2747 4856 qui
2809 4783 2952 4838 mihi
3010 4784 3131 4838 noti
3189 4788 3346 4855 sunt,
3387 4784 3679 4839 Minucius

2033 4873 2185 4930 Felix
2211 4889 2326 4929 non
2356 4872 2631 4945 ignobilis
2661 4873 2814 4928 inter
2842 4874 3171 4929 causidicos
3197 4872 3304 4927 loci
3339 4873 3466 4928 fuit.
3492 4873 3676 4938 Hujus

2031 4964 2198 5032 liber,
2229 4963 2322 5018 cui
2353 4961 2623 5018 Octavius
2653 4963 2861 5019 titulus
2899 4967 3008 5032 est,
3041 4962 3296 5017 declarat
3326 4976 3504 5031 quam
3551 4959 3677 5014 ido-

2033 5070 2178 5108 nens
2207 5052 2470 5106 veritatis
2502 5056 2757 5107 assertor
2811 5067 2938 5108 esse
2980 5050 3280 5121 potuisset,
3316 5048 3364 5102 si
3395 5063 3456 5103 se
3484 5051 3676 5102 totum

2033 5143 2103 5198 ad
2137 5141 2193 5195 id
2225 5141 2486 5196 studium
2521 5139 2864 5196 contulisset
2891 5141 3170 5210 (Lactant.
3204 5136 3304 5190 lib.
3340 5152 3372 5190 v
3401 5135 3476 5188 De
3501 5133 3679 5204 justi-

2033 5233 2135 5296 tia,
2168 5245 2295 5301 cap.
2327 5230 2400 5298 1).
2436 5249 2464 5277 »

2107 5319 2491 5390 Hieronymus
2521 5333 2654 5373 vero
2683 5316 2741 5371 in
2775 5331 2881 5371 suo
2929 5314 3009 5370 De
3050 5314 3190 5370 viris
3220 5311 3551 5370 illustribus
3576 5329 3679 5369 seu

2035 5407 2446 5465 ecclesiasticis
2491 5405 2877 5476 scriptoribus
2935 5403 3244 5475 Catalogo:
3307 5422 3330 5451 ε
3392 5401 3682 5458 Minucius

2036 5497 2211 5563 Felix,
2239 5494 2452 5568 inquit,
2504 5495 2690 5548 Romae
2753 5493 2999 5564 insignis
3059 5491 3413 5555 causidicus,
3447 5491 3686 5561 scripsit

2036 5587 2334 5658 dialogum
2365 5582 2677 5640 Christiani
2707 5591 2762 5640 ct
2811 5582 3024 5640 ethnici
3057 5580 3492 5658 disputantium
3521 5578 3691 5654 (auti-
