4102 6162
518 300 629 361 391

1798 295 1899 356 DE
1943 293 2249 358 MINUCII
2293 295 2638 359 OCTAVIO

3765 312 3864 374 392

520 430 844 504 quissimus
875 427 932 483 S.
966 426 1239 484 Germani
1273 426 1524 482 aPratis
1573 428 1750 482 codex
1802 444 1911 484 ms.
1970 428 2157 498 dispu-
2191 431 2238 494 Α
2275 429 2517 495 bamus;
2571 428 2673 482 hos
2733 445 2887 496 vero,
2920 451 2946 476 ››
3005 429 3226 485 scilicet
3281 430 3648 499 Christianos,
3707 460 3725 486 α
3782 458 3865 498 nec

517 522 727 587 tantis),
763 517 858 588 qui
905 517 1175 571 Octavius
1217 516 1621 570 inscribitur...
1676 516 1932 570 Meminit
1985 516 2162 584 hujus

515 607 744 662 Minucii
778 613 834 661 et
891 606 1228 660 Lactantius
1286 605 1340 658 in
1377 605 1544 660 libris
1591 605 1712 661 suis
1745 625 1772 654 »
1807 605 2156 676 (Hieronym.

517 699 592 753 De
618 699 868 766 scriptor.
901 694 1116 758 coclea,
1151 710 1276 765 cap.
1317 694 1431 760 58),
1463 695 1521 748 in
1580 693 1674 748 his
1730 693 1969 759 scilicet,
1999 693 2096 764 qui
2132 709 2166 748 a

516 787 708 851 nobis,
741 785 826 838 uti
863 784 1038 846 vides,
1072 781 1231 836 citati
1263 787 1418 837 sunt.
1449 783 1534 836 Ad
1566 783 1836 852 Magnum
1871 799 2024 848 vero,
2044 781 2164 836 haec

516 876 710 932 adhuc
741 875 814 928 de
853 872 953 927 illo
1011 870 1248 942 scripsit
1301 871 1505 942 (Idem’.
1569 873 1737 942 Epist.
1791 871 1860 926 ad
1917 871 2162 941 Μαση.);

517 988 546 1016 ‹‹
582 961 874 1018 Minucius
909 959 1086 1019 Felix.
1115 959 1448 1015 causidicus
1479 959 1718 1015 Romani
1755 960 1884 1026 fori,
1919 960 1979 1015 in
2018 959 2165 1014 libro

516 1055 606 1111 cui
636 1054 842 1107 titulus
873 1049 1144 1105 Octavius
1167 1054 1277 1113 est,
1316 1052 1374 1104 et
1404 1049 1462 1103 in
1495 1047 1674 1104 altero
1719 1053 1922 1104 contra
1953 1048 2168 1104 Mathe-

515 1141 780 1208 maticos,
815 1139 862 1192 si
895 1143 1085 1192 tamen
1121 1137 1423 1209 inscriptio
1475 1153 1589 1191 non
1641 1137 1922 1192 mentitur
1970 1142 2164 1191 aucto-

513 1248 655 1298 rem,
699 1230 835 1300 quid
884 1226 1189 1299 gentilium
1250 1227 1675 1297 scripturarum
1737 1225 1962 1281 dimisit
2016 1227 2166 1280 inta-

514 1319 718 1375 ctum?
748 1317 829 1372 Ad
866 1315 1237 1371 Heliodorum
1287 1330 1518 1385 quoque
1567 1315 1683 1369 hinc
1741 1316 1812 1370 de
1845 1314 2165 1386 Nepotiano

514 1408 663 1464 381
721 1404 925 1462 scribit
965 1405 1169 1474 (Idem,
1229 1405 1403 1470 Epist.
1451 1403 1517 1458 de
1566 1403 1875 1474 lleliodor.)
1905 1420 1918 1457 ε
1954 1425 1982 1452 ‹‹
2017 1401 2164 1458 Illud

515 1497 706 1552 aiebat
734 1491 1143 1550 Tertulliani...
1171 1491 1265 1546 Sic
1323 1491 1615 1547 Minucius
1653 1492 1830 1557 Felix,
1863 1493 1945 1547 ita
1977 1492 2165 1548 Victo-

515 1587 703 1651 rinus,
737 1584 796 1638 in
829 1581 984 1636 hunc
1016 1581 1254 1635 modum
1281 1583 1370 1633 est
1398 1578 1629 1634 locutus
1661 1582 1968 1636 Arnobius.
2005 1604 2031 1628 »
2058 1581 2164 1636 De-

517 1675 693 1744 nique
749 1673 806 1726 in
869 1669 1146 1741 Apologia
1191 1668 1469 1723 adversus
1522 1669 1898 1724 Jovinianum
1952 1671 2161 1741 (Idem,

2274 518 2594 571 audiendos
2627 520 2680 572 in
2719 524 2901 572 totum
2941 519 3314 589 putabamus.
3347 544 3363 562 η
3391 520 3459 573 Ex
3491 523 3692 592 quibus
3714 527 3871 599 liquet,

2270 606 2460 672 illum,
2495 624 2626 662 cum
2660 607 2929 663 ethnicus
2974 609 3164 663 adhuc
3193 613 3370 676 esset,
3401 611 3665 667 causidici
3691 617 3872 675 obiisse

2274 712 2513 751 munus.

2343 803 2518 857 Nobis
2551 807 2748 858 autem
2795 803 3042 875 ipsemet
3097 803 3261 858 testis
3318 807 3407 859 est
3437 821 3497 860 se
3553 807 3620 860 ab
3665 807 3868 868 ineunte

2273 895 2461 961 aetate,
2493 897 2550 946 et
2582 908 2766 962 usque
2789 892 2859 946 ad
2883 909 3010 947 eam
3026 892 3150 962 jam
3176 891 3320 947 satis
3340 893 3617 964 adultam,
3639 900 3875 956 omnibus

2275 981 2596 1051 obligatum
2655 980 2840 1036 fuisse
2888 979 3195 1053 gentilium
3257 982 3771 1053 superstitionibus,
3820 1005 3874 1044 ac

2274 1071 2480 1124 nuntio
2510 1069 2746 1125 tandem
2795 1069 2878 1125 eis
2926 1068 3130 1136 misso,
3163 1069 3549 1126 Christianam
3583 1071 3744 1129 fidem
3773 1093 3874 1131 am-

2277 1157 2591 1230 plexatum.
2650 1158 2732 1214 De
2789 1174 2850 1214 se
2908 1157 3218 1230 siquidem,
3264 1175 3332 1213 ac
3386 1159 3456 1213 de
3511 1158 3734 1217 Octavio
3783 1162 3880 1220 hac

2275 1247 2508 1318 scriptis
2531 1246 2826 1303 tradiditza
2858 1246 3027 1303 Solus
3056 1247 3113 1302 in
3149 1247 3450 1302 amoribus
3475 1249 3732 1305 conscius
3760 1251 3880 1323 ipse,

2274 1335 2468 1392 socius
2497 1337 2556 1390 in
2588 1335 2923 1401 erroribus;
2957 1340 3014 1390 et
3060 1352 3193 1391 cum
3253 1336 3522 1391 discussa
3579 1336 3805 1409 caligine
3829 1342 3885 1396 de

2274 1425 2646 1480 tenebrarum
2681 1425 2968 1496 profundo
3019 1423 3076 1479 in
3119 1424 3310 1480 lucem
3361 1425 3657 1496 sapientiai
3687 1433 3737 1480 et
3761 1429 3883 1482 veri.

2274 1511 2412 1566 tatis
2443 1527 2820 1583 emergerem,
2857 1528 2972 1566 non
3019 1513 3237 1583 respuit
3286 1510 3585 1578 comitem,
3617 1513 3732 1582 sed,
3761 1518 3885 1585 quod

2273 1599 2586 1672 gloriosius
2611 1599 3374 1669 est,prazcucurrit.»Ceslius
3398 1617 3531 1656 vero
3553 1601 3622 1656 ab
3655 1601 3766 1670 ipso
3783 1619 3886 1657 ora-

2274 1689 2452 1746 tionis
2511 1706 2630 1744 suae
2687 1689 2842 1745 382
2899 1689 3133 1744 exordio
3209 1689 3290 1744 ita
3357 1706 3496 1744 eum
3573 1689 3886 1762 alloquitur:

517 1764 686 1834 Epist.
718 1761 788 1816 30
818 1760 885 1815 ad
937 1758 1254 1813 Pammach.
1312 1773 1408 1812 seu
1463 1758 1684 1828 Apolog.
1745 1760 1877 1814 adv.
1911 1759 2162 1830 Jom’n.):

2281 1780 2512 1844 «Quam
2567 1776 2692 1845 tibi,
2727 1777 2918 1832 Marce
2973 1777 3172 1846 frater,
3205 1778 3276 1832 de
3330 1794 3452 1849 quo
3510 1795 3642 1833 cum
3675 1758 3888 1834 maxime

517 1852 780 1919 «Taceo,
838 1848 1052 1920 inquit,
1110 1847 1180 1901 de
1236 1845 1436 1901 latinis
1499 1846 1884 1918 scriptoribus
1939 1846 2165 1903 Tertul-

517 1942 697 2006 liano,
753 1938 1058 2012 Cypriane,
1117 1935 1393 2000 Minucio,
1477 1935 1789 2006 Victorino,
1845 1935 2165 2008 Lactantio,

518 2028 756 2086 Hilario.
795 2049 815 2075 η

591 2129 852 2196 Longum
888 2139 1025 2179 sane
1056 2127 1110 2178 et
1141 2122 1345 2178 inutile
1380 2123 1522 2178 foret
1548 2122 1745 2177 omnia
1775 2121 2167 2177 recentiorum

518 2216 867 2287 scriptorum
899 2214 969 2268 de
1000 2211 1179 2282 hujus
1209 2211 1339 2265 libri
1373 2216 1606 2266 auctore
1629 2211 1883 2282 proferre
1911 2211 2170 2266 testimo-

518 2305 638 2359 nia.
672 2303 825 2358 Satis
855 2301 1010 2357 enim
1059 2305 1286 2356 constat
1339 2316 1474 2356 eum
1535 2300 1788 2356 Minucio
1845 2305 2044 2355 nostro
2093 2300 2166 2355 ab

518 2392 816 2457 omnibus,
878 2391 1110 2445 nomine
1167 2389 1540 2460 reclamante,
1599 2389 1862 2459 attribui,
1916 2405 1983 2444 ac
2033 2390 2170 2460 jure

517 2481 686 2554 plane
719 2479 923 2535 merito
952 2479 1259 2534 vindicari.

587 2579 647 2634 Ei
681 2583 899 2644 autem,
933 2576 1031 2648 qui
1064 2576 1136 2631 ab
1159 2575 1454 2648 aliquibus
1487 2575 1779 2632 Minucius
1809 2575 2000 2631 littera
2031 2592 2080 2642 c,
2106 2575 2166 2630 in

518 2672 584 2724 ut
601 2665 1422 2736 mutata,nuncupatur,\larci
1441 2680 1726 2735 agnomen
1747 2664 2168 2720 erat.Octavius

518 2757 816 2829 siquidem
843 2756 935 2810 his
977 2771 1110 2810 eum
1140 2754 1333 2816 verbis
1380 2754 1783 2825 compellavit:
1813 2776 1840 2803 ‹‹
1873 2753 1996 2808 Non
2029 2753 2166 2808 boni

516 2846 622 2901 viri
673 2851 779 2909 est,
827 2844 1017 2898 Marce
1071 2844 1268 2911 lrater,
1329 2842 1651 2908 hominem,
1684 2846 1792 2897 etc.
1844 2865 1871 2892 ››
1905 2841 2168 2898 Caecilius

517 2952 689 2992 vero:
724 2955 753 2986 ‹‹
779 2934 1121 3004 Quanquam
1155 2932 1284 3003 tibi,
1318 2933 1508 2987 Marce
1541 2933 1738 3000 frater,
1770 2937 1882 2988 etc.
1917 2955 1944 2982 ››

587 3043 771 3110 Quam
806 3047 941 3096 nota
971 3045 1162 3095 autem
1198 3039 1557 3105 omnibus,et
1579 3039 1790 3095 nobilis
1821 3041 1930 3094 fuit
1961 3058 2168 3097 consu-

517 3130 658 3187 laris
690 3131 842 3202 apud
865 3130 1155 3185 Romanos
1183 3128 1571 3183 Minuciorum
1595 3126 1832 3195 familia,
1854 3135 1972 3184 tam
2007 3128 2168 3185 cuili-

517 3220 616 3274 bet
641 3219 920 3274 hactenus
942 3217 1369 3288 incompertum
1397 3222 1590 3272 utrum
1617 3235 1683 3271 ex
1715 3234 1798 3286 ea,
1819 3221 1921 3272 aut
1955 3235 2070 3289 qua
2099 3234 2168 3273 ex

519 3307 633 3364 alia
663 3325 831 3363 suam
863 3305 1149 3363 Minucius
1181 3310 1376 3360 noster
1402 3307 1685 3379 originem
1711 3307 2167 3378 duxerit.Neque

517 3394 622 3451 ulli
682 3394 870 3466 magis
929 3394 1295 3465 exploratum
1355 3409 1481 3463 qua).
1541 3394 1714 3448 fuerit
1765 3391 1925 3448 illius
1957 3393 2164 3465 patria.

517 3484 762 3547 Quidam
799 3488 994 3537 tamen
1026 3499 1159 3536 eum
1193 3499 1259 3536 ex
1292 3481 1488 3552 hujus,
1516 3481 1584 3534 de
1615 3498 1728 3552 quo
1761 3482 2166 3556 agimus,stylo

519 3573 579 3627 in
616 3572 806 3626 Africa
837 3577 1042 3625 natum
1075 3571 1467 3641 suspicantur.
1501 3570 1610 3625 Sed
1661 3571 1718 3625 hi
1763 3585 1866 3626 nec
1900 3571 2166 3643 probant,

518 3677 625 3716 nec
658 3661 902 3732 probare
933 3664 1179 3731 possunt
1209 3658 1427 3729 aliquid
1480 3658 1731 3714 durioris
1759 3660 2011 3714 Africam
2046 3677 2168 3716 ser-

523 3746 713 3804 monis
743 3748 800 3802 in
833 3765 900 3803 eo
933 3745 1307 3819 deprehendi.
1331 3746 1624 3817 Numquid
1659 3748 1864 3818 potiori
1887 3749 2024 3818 jure
2055 3748 2171 3804 dici

520 3841 719 3910 posset
747 3835 1035 3892 Caecilium
1068 3841 1126 3891 et
1157 3836 1659 3904 Octavium,tanto
1690 3837 1908 3892 amoris
1938 3837 2169 3894 vinculo

521 3926 776 3981 Minucio
806 3925 1328 3990 devinctos,revera
1361 3924 1655 3979 Africanos
1690 3925 1892 3993 fuisse,
1926 3927 2172 3997 ejusque

520 4015 831 4088 populares
851 4014 878 4068 ?
899 4017 968 4068 At
998 4031 1137 4069 sane
1169 4014 1245 4084 id,
1267 4015 1420 4069 sicut
1449 4014 1626 4085 paulo
1659 4019 1791 4085 post
1821 4015 2170 4082 videbimus,

523 4121 708 4176 neque
739 4105 818 4159 ita
849 4108 1069 4158 certum
1105 4109 1212 4173 est,
1249 4120 1434 4174 neque
1464 4119 1532 4156 ex
1588 4102 1820 4157 illorum
1863 4105 2172 4174 quantavis

521 4192 789 4247 amicitias
822 4191 1250 4247 necessitudine
1307 4194 1496 4262 potest
1545 4189 1664 4246 ullo
1723 4192 1944 4263 absque
1994 4193 2173 4248 dubio

519 4280 736 4354 colligi.

591 4370 892 4426 Neminem
917 4386 1048 4425 vero
1083 4369 1199 4424 fore
1231 4373 1532 4440 putamus,
1567 4368 1664 4440 qui
1711 4370 1951 4442 negabit
1985 4371 2176 4426 Minu-

523 4459 677 4516 cium
715 4460 1063 4531 Romac,quie
1095 4463 1235 4512 tunc
1263 4462 1605 4512 cieterarum
1642 4459 1821 4513 totius
1850 4461 2050 4514 mundi
2079 4478 2176 4514 ur-

2276 1866 2618 1939 quaarimus,
2651 1865 2706 1920 id
2741 1869 2847 1932 est,
2878 1866 2950 1920 de
2995 1865 3238 1922 ethnicaa
3297 1871 3356 1922 et
3418 1866 3749 1923 Christianis
3784 1866 3892 1922 reli-

2275 1955 2468 2028 gionis
2496 1953 2758 2022 veritate,
2791 1977 2818 2004 α
2855 1971 2970 2010 non
3013 1955 3090 2010 sit
3146 1955 3498 2026 ambiguum
3525 1972 3539 2022 ;
3568 1959 3758 2027 utpote
3782 1971 3890 2010 cum

2277 2045 2582 2114 diligenter
2637 2042 2697 2097 in
2755 2047 3003 2114 utroque
3072 2043 3299 2098 vivendi
3386 2059 3596 2116 genere
3651 2048 3893 2108 versatus,

2278 2132 2603 2204 repudiaris
2635 2131 2903 2199 alterum,
2959 2131 3206 2186 alterum
3261 2133 3688 2205 comprobaris.
3716 2152 3740 2184 η
3773 2133 3894 2197 Quin

2278 2223 2451 2277 etiam
2481 2221 2756 2277 Octavius
2786 2237 2901 2276 non
2934 2228 3052 2276 tam
3085 2221 3156 2275 de
3189 2220 3314 2293 ipso
3345 2222 3621 2290 fortasse,
3653 2223 3898 2293 quemad-

2278 2311 2520 2366 modum
2560 2309 2836 2375 diximus,
2888 2325 3066 2381 quam
3115 2310 3187 2364 de
3234 2309 3498 2365 Minucio
3556 2310 3731 2366 Felice
3775 2310 3900 2364 hunc

2278 2416 2487 2455 rursus
2518 2397 2848 2468 loquiturin
2873 2399 3133 2452 modum:
3167 2417 3188 2443 α
3217 2399 3414 2462 Quam
3448 2401 3642 2452 autem
3672 2398 3901 2466 iniquum

2278 2487 2356 2544 sit
2385 2489 2458 2544 de
2513 2487 2852 2558 incognitis,
2881 2506 2907 2538 ι
2946 2485 3166 2542 scilicet
3211 2486 3596 2557 Christianis,
3633 2509 3652 2535 ι
3681 2490 3732 2542 et
3767 2486 3904 2540 inex-

2279 2576 2518 2648 ploratis
2541 2576 2828 2647 judicare,
2863 2575 3017 2647 quod
3053 2575 3454 2640 facitis,nobis
3487 2575 3630 2647 ipsis
3662 2574 3904 2643 perniten-

2278 2667 2436 2722 tibus
2468 2665 2704 2721 credite.
2741 2665 2804 2718 Et
2838 2681 2942 2720 nos
2975 2665 3131 2720 enim
3168 2664 3318 2720 idem
3378 2666 3622 2730 fuimus,
3657 2663 3907 2719 eteadem

2277 2755 2576 2810 vobiscum
2611 2755 2906 2825 quondam
2958 2753 3150 2809 adhuc
3179 2754 3311 2810 caeci
3361 2759 3420 2809 et
3468 2754 3698 2810 hebetes
3725 2752 3902 2808 sentie-

2277 2845 2508 2914 bamus,
2542 2843 2710 2914 quasi
2742 2843 3057 2898 Christiani
3089 2848 3370 2900 monstra
3399 2841 3904 2910 colerent,infantes

2277 2937 2566 3003 vocarent,
2599 2931 2858 2987 convivia
2909 2933 3132 2988 incesta
3161 2931 3515 2989 miscerent.
3537 2929 3908 3000 Necintellige—

2275 3021 2487 3076 bamus
2516 3022 2587 3075 ab
2629 3020 2722 3075 his
2781 3020 3008 3076 fabulas
3066 3021 3209 3076 istas
3268 3038 3521 3092 semper
3570 3018 3836 3084 ventilari,
3864 3021 3908 3072 et

2279 3126 2580 3181 nunquam
2635 3110 2719 3164 vel
2783 3109 3247 3180 investigari,vel
3313 3109 3630 3181 probari...
3680 3109 3779 3164 hos
3829 3121 3912 3161 nec

2281 3199 2604 3254 audiendos
2625 3197 2684 3252 in
2709 3203 2894 3252 totum
2920 3199 3742 3270 putabamus.Nonnunquam
3763 3196 3908 3252 etiam

2277 3286 2622 3342 miserantes
2670 3303 2873 3342 eorum
2923 3287 3220 3342 crudelius
3270 3287 3682 3353 saeviebamus,
3715 3289 3774 3341 ut
3805 3289 3907 3338 tor-

2275 3392 2592 3449 queremus
2624 3376 2967 3431 conﬁtentes
3007 3376 3078 3430 ad
3139 3377 3510 3448 negandum,
3545 3374 3819 3443 videlicet,
3846 3385 3904 3427 ne

2277 3465 2556 3538 perirent,
2587 3471 2920 3520 exserentes
2947 3465 3003 3518 in
3037 3463 3128 3519 his
3162 3481 3504 3536 perversam
3541 3464 3910 3538 quastionem,

2278 3571 2392 3610 non
2448 3570 2571 3624 quas
2627 3570 2829 3608 verum
2877 3558 3124 3618 erueret,
3176 3555 3277 3609 sed
3336 3553 3711 3611 mendacium
3764 3565 3904 3621 coge-

2279 3648 2382 3698 ret.
2417 3641 2558 3698 Etsi
2589 3642 2722 3713 quis
2749 3641 3056 3709 infirmior,
3092 3641 3246 3698 malo
3311 3661 3564 3716 pressus
3619 3647 3677 3698 et
3728 3641 3910 3702 victus,

2279 3731 2678 3786 Christianum
2702 3747 2764 3785 se
2787 3730 3437 3800 negasset,favebamus
3466 3729 3716 3802 ei,quasi
3734 3727 3916 3798 ejerato

2283 3820 2539 3888 nomine,
2567 3820 2689 3887 jam
2723 3819 2920 3874 omnia
2963 3819 3110 3874 facta
3162 3836 3272 3875 sua
3323 3819 3429 3876 illa
3482 3819 3784 3891 negatione
3811 3831 3919 3887 pur-

2281 3919 2460 3984 garet.
2524 3911 2930 3983 Agnoscitisne
2965 3911 3167 3965 eadem
3200 3927 3312 3967 nos
3348 3912 3616 3967 sensisse
3660 3916 3713 3963 et
3743 3907 3918 3978 egisse,

2282 4019 2408 4072 quae
2441 4000 2676 4055 sentitis
2706 4004 2763 4054 et
2791 3999 3040 4071 geritis?
3076 4021 3103 4048 ››
3367 4011 3370 4014 ’

2355 4108 2465 4163 Sed
2509 4124 2542 4161 a
2590 4107 2760 4162 nobis
2807 4107 3057 4161 fortasse
3101 4106 3324 4178 aliquis
3386 4107 3636 4178 insuper
3685 4099 3924 4174 inquiret,

2286 4203 2484 4250 utrum
2517 4195 2808 4250 Minucius
2842 4195 2998 4250 Felix
3027 4201 3158 4266 post
3187 4195 3402 4250 datum
3433 4193 3776 4250 Christianae
3819 4188 3928 4255 ﬁdei

2286 4300 2518 4353 nomen,
2550 4283 2608 4338 in
2641 4282 2918 4338 causidici
2950 4299 3192 4338 munere
3235 4285 3521 4339 obeundo
3569 4298 3734 4338 suam
3765 4277 3926 4334 adhuc

2286 4373 2639 4444 impenderit
2669 4389 2928 4444 operam.
2965 4372 3077 4426 Sed
3111 4370 3181 4438 is,
3221 4388 3458 4443 quasso,
3497 4375 3759 4428 animum
3791 4366 3852 4422 ad
3879 4379 3932 4419 ea

2289 4463 2569 4526 advertat,
2604 4477 2730 4533 quae
2767 4460 2937 4533 paulo
2967 4465 3102 4515 ante
3132 4459 3799 4524 observabamus,illum
3820 4466 3928 4509 cum

522 4549 686 4603 bium
721 4553 894 4620 caput
924 4554 1068 4612 erat,
1100 4547 1200 4601 diu
1253 4547 1567 4612 mansisse,
1607 4548 1702 4602 ubi
1745 4548 2026 4603 causidici
2056 4565 2181 4604 mu-
2212 4537 2257 4599 D
2288 4550 2512 4606 Caecilio
2543 4555 2600 4605 et
2631 4549 2864 4604 Octavio
2896 4548 3247 4619 Ostiam,ubi
3285 4549 3652 4623 disputatio,
3677 4563 3796 4620 quis
3825 4545 3931 4608 hoc,

522 4651 658 4690 nere
685 4635 1055 4706 fungebatur.
1089 4634 1254 4690 Citati
1291 4633 1510 4707 quippe
1543 4651 1576 4688 a
1635 4635 1800 4690 nobis
1842 4634 2182 4690 Lactantius

523 4728 699 4795 atque
721 4723 1102 4796 Hieronymus
1125 4722 1268 4778 illud
1286 4722 1478 4794 palam
1497 4728 1731 4794 aperteq
1744 4740 1810 4778 ue
1825 4727 2179 4779 asseverant.

521 4815 776 4887 Ipsemet
805 4829 937 4867 vero
995 4811 1283 4867 Minucius
1347 4813 1525 4881 hujus
1587 4811 1714 4866 libri
1768 4811 1932 4866 initio
1981 4812 2185 4868 scribit

521 4900 820 4958 Octavium
855 4901 924 4956 ad
957 4918 1019 4957 se
1053 4901 1299 4956 Romam
1331 4901 1581 4966 venisse,
1599 4906 1774 4971 atque
1805 4917 1922 4955 una
1951 4917 2083 4957 cum
2115 4917 2182 4956 eo

520 4995 576 5047 et
598 4990 777 5047 altero
800 4991 1011 5046 comite
1035 4991 1206 5062 paulo
1232 4999 1361 5062 post
1388 4989 1614 5044 Ostiam
1641 4990 1945 5059 petivisse:
1982 5013 2008 5039 «
2034 4992 2178 5046 Cum

518 5080 588 5137 ad
623 5081 1000 5149 vindemiam,
1062 5079 1272 5152 inquit,
1339 5077 1492 5134 ferite
1543 5075 1916 5147 judiciarinm
1979 5095 2180 5134 curam

519 5171 936 5238 relaxaverant,
975 5193 1000 5217 ι»
1051 5170 1106 5224 id
1138 5175 1246 5236 est,
1280 5184 1412 5222 cum
1465 5184 1499 5221 a
1554 5165 1769 5220 forensi
1810 5165 2030 5235 labore,
2063 5184 2180 5239 quo

519 5275 624 5331 per
659 5267 842 5316 totum
875 5275 1097 5314 annum
1139 5257 1552 5327 occupabatur,
1583 5254 2008 5316 vindemiarum
2036 5261 2183 5312 tem-

517 5365 656 5421 pore
687 5356 936 5403 vacaret.
970 5347 1173 5402 Nonne
1203 5346 1380 5400 etiam
1413 5343 1693 5399 Octavius
1725 5343 1795 5397 de
1846 5359 1908 5398 se
1940 5344 2087 5417 ipso,
2121 5351 2180 5402 et

517 5439 590 5491 de
648 5436 918 5503 Minucio,
949 5435 1035 5489 vel
1092 5433 1286 5508 potius
1347 5433 1587 5488 Minucii
1649 5437 1880 5487 tantum
1943 5435 2178 5492 nomine

513 5523 698 5578 dixit:
735 5546 762 5574 ‹‹
797 5523 920 5579 Non
957 5528 1150 5581 tamen
1188 5522 1506 5596 sacrilegos
1535 5521 1785 5594 aliquos,
1811 5524 1870 5578 et
1896 5520 2174 5593 incestos,

504 5611 832 5688 parricidas
862 5611 1036 5671 etiam
1085 5615 1484 5674 defendendos
1516 5619 1573 5671 et
1601 5614 1852 5671 tuendos
1886 5614 2177 5688 suscipie-

2291 4657 2408 4711 quo
2431 4641 2501 4694 de
2533 4639 2784 4711 agimus,
2817 4637 2965 4693 libro
3022 4638 3355 4710 exhibetur,
3407 4640 3623 4695 habita
3672 4641 3790 4692 est:
3818 4639 3932 4687 tunc

2293 4729 2540 4797 venisse,
2571 4728 2864 4798 quando,«
2880 4727 2964 4782 Ad
3000 4727 3362 4782 vindemiam
3401 4732 3566 4784 terim
3589 4720 3931 4798 judiciariam

2292 4819 2420 4887 ejus
2450 4833 2650 4871 curam
2685 4815 3139 4870 relaxaverant.»
3171 4817 3347 4887 Atqui
3388 4818 3640 4883 tum,uti
3675 4831 3738 4868 ex
3771 4807 3932 4866 citatis

2293 4906 2464 4978 paulo
2521 4909 2655 4961 ante
2705 4903 2911 4959 Czecilii
2968 4905 3160 4960 verbis
3220 4907 3633 4977 ostendimus,
3680 4896 3936 4958 Minucius

2289 4995 2676 5051 Christianam
2727 4993 3067 5061 religionem
3120 4994 3548 5065 profitebatur.
3612 4991 3939 5062 Quapropter

2294 5085 2391 5139 ubi
2424 5084 2682 5140 Caecilius
2713 5083 2948 5137 obvium
2981 5082 3280 5153 Serapidis
3306 5084 3711 5139 simulacrum
3731 5081 3936 5136 adoras-

2291 5178 2399 5242 set,
2432 5178 2557 5227 tum
2591 5171 2741 5226 illico
2775 5170 2834 5224 in
2882 5169 3206 5226 Minucium
3252 5172 3346 5226 sic
3381 5171 3670 5228 Octavius
3710 5171 3940 5224 invectus

2289 5269 2414 5318 est:
2451 5285 2478 5312 ε(
2513 5261 2636 5316 Non
2669 5257 2804 5314 boni
2855 5257 2959 5312 viri
3009 5263 3118 5328 est,
3171 5259 3370 5314 Marce
3424 5260 3634 5327 frater,
3669 5254 3939 5313 hominem

2288 5351 2448 5406 domi
2481 5349 2734 5419 forisque
2791 5345 2960 5402 lateri
3018 5353 3117 5402 tuo
3174 5347 3575 5405 inhmrentem
3637 5349 3720 5404 sic
3762 5345 3816 5399 in
3848 5341 3939 5395 hac

2289 5438 2591 5512 imperitiae
2622 5434 2882 5508 vulgaris
2913 5437 3168 5492 caecitate
3195 5436 3506 5510 deserere,
3541 5441 3609 5494 ut
3655 5442 3772 5492 tam
3797 5431 3940 5487 lucu-

2287 5528 2443 5584 lento
2474 5526 2568 5581 die
2597 5523 2654 5580 in
2685 5523 2907 5596 lapides
2939 5539 3073 5580 eum
3108 5523 3363 5598 patiaris
3393 5528 3794 5602 impingere...
3824 5530 3939 5576 cum

2288 5619 2440 5675 scias
2471 5615 2647 5686 hujus
2692 5613 2907 5669 erroris
2956 5629 3068 5670 non
3111 5614 3411 5672 minorem
3463 5619 3534 5674 ari
3573 5623 3647 5684 te,
3684 5627 3848 5688 quam
3880 5604 3937 5660 ad
