4102 6162
480 307 597 369 395

1789 295 1887 353 DE
1932 289 2238 354 MlNUClI
2283 293 2626 356 OCTAVIO
3735 311 3830 373 396

476 435 883 504 confessus,ad
909 434 1337 490 Theodotlanos
1352 428 1655 486 haereticos
1676 429 1877 498 postea
1900 423 2128 495 defecit,
2160 425 2214 491 Α
2244 426 2526 497 fantibus,
2561 430 2618 481 et
2647 426 2954 482 dimidiata
2991 425 3163 482 verba
3201 429 3555 489 tentantibus
3625 437 3830 514 relictis,

476 528 537 583 hi
569 527 826 598 profecto
862 540 1027 580 mora
1058 539 1124 578 ac
1165 536 1407 593 prorsus
1437 517 1612 574 debili
1638 517 1992 587 conjectura,
2024 530 2126 570 no-

472 615 652 673 minis
680 613 902 672 scilicet
930 611 1056 669 sola
1081 609 1490 669 simulitudine
1537 606 1824 663 nituntur.

2236 517 2478 572 Romam
2511 515 2725 588 negotii
2759 519 2815 572 et
2860 516 3082 573 visendi
3138 517 3375 573 Minucii
3425 523 3602 591 gratia
3652 526 3833 588 iterum

2234 604 2415 674 venit,
2451 603 2551 660 ubi
2579 621 2814 660 summo
2845 622 2976 661 cum
3017 606 3232 678 gaudio
3255 607 3326 662 ab
3350 606 3444 664 illo
3465 619 3719 683 exceptus
3745 625 3832 676 est.

555 709 632 762 At
658 721 794 761 vero
829 704 1027 775 itaque
1080 699 1322 773 propius
1368 699 1575 754 abesse
1633 696 1970 764 creduntur,
2028 691 2130 764 qui
2237 694 2523 749 Pietatem
2551 709 2685 750 vero
2706 694 3193 767 sanctitatemque
3215 696 3343 766 ejus
3364 697 3503 754 satis
3523 703 3840 771 patefaciunt

479 810 616 851 eum
647 809 778 850 esse
808 789 1170 862 censent,qui
1202 790 1260 845 in
1282 787 1536 845 Africam
1579 801 1866 852 reversus,
1914 786 1973 838 et
2001 797 2130 854 prc-

476 883 674 956 sbyter
701 880 913 938 deinde
947 883 1198 947 creatus,
1232 876 1587 949 Cyprianum
1611 873 2131 946 Carthaginensem

475 972 816 1045 episcopum
848 971 920 1026 ad
950 969 1140 1041 ipsam
1189 966 1566 1022 christianam
1626 963 1966 1037 religionem
2029 960 2130 1016 ad-

479 1060 664 1117 duxit.
684 1065 760 1115 De
790 1058 888 1114 illo
920 1074 1174 1129 namque
1193 1057 1314 1112 haec
1333 1054 1575 1110 Pontius
1593 1053 1885 1110 Diaconus
1902 1051 1962 1106 in
1984 1050 2135 1122 ejus-

479 1151 615 1206 dem
655 1147 925 1220 Cypriani
951 1147 1070 1202 vita
1101 1150 1334 1202 narrat:
1368 1166 1397 1195 «
1429 1144 1564 1200 Erat
1619 1158 1760 1198 sane
1815 1140 1899 1195 illi
1957 1138 2135 1196 etiam

481 1239 553 1295 de
583 1237 753 1294 nobis
783 1233 1235 1291 contubernium
1266 1232 1374 1290 viri
1397 1231 1546 1304 justi
1581 1236 1637 1287 et
1665 1227 1982 1286 laudabilis
2014 1243 2136 1282 me-

481 1325 679 1384 moriae
709 1324 942 1392 Caecilii,
979 1328 1034 1379 et
1063 1328 1232 1379 aetate
1262 1326 1404 1378 tunc
1434 1325 1491 1377 et
1515 1321 1735 1377 honore
1791 1314 2138 1390 presbyteri,

2240 782 2454 839 mentis
2474 782 2647 865 ardor
2675 787 2730 838 et
2760 783 3041 854 studium,
3073 800 3187 856 quo
3218 784 3277 839 in
3317 786 3611 855 gentilium
3665 809 3840 864 super-

2242 872 2514 928 stitiones
2546 875 2772 945 raptus,
2807 872 3121 941 Caecilium,
3153 877 3327 945 atque
3355 875 3526 931 etiam
3558 877 3738 950 ipsum
3756 884 3843 937 Mi-

2242 961 2504 1029 nucium,
2539 961 2611 1017 ob
2644 962 2944 1019 adoratam
2976 963 3048 1018 ab
3078 961 3199 1028 illo,
3231 963 3383 1018 sicut
3411 965 3677 1036 vidimus,
3702 974 3843 1027 Sera-

2243 1051 2398 1124 pidis
2419 1050 2669 1123 efﬁgiem
2701 1055 2821 1107 tam
2854 1052 3062 1108 acriter
3101 1051 3424 1125 castigavit.
3469 1055 3684 1112 Scimus
3736 1061 3846 1131 qui-

2244 1142 2375 1197 dem
2403 1140 2672 1214 Cypriani
2691 1145 2951 1213 tempore
2975 1143 3261 1214 quosdam
3301 1142 3359 1197 in
3381 1144 3569 1200 Africa
3588 1148 3846 1206 exstitisse

2244 1229 2826 1302 episcopos,quorum
2858 1248 3012 1287 unus
3036 1231 3278 1298 Natalis,
3311 1231 3456 1288 alter
3480 1249 3606 1290 vero
3658 1236 3848 1294 Janua-

2247 1319 2370 1375 rius
2390 1318 2735 1391 appellatur.
2769 1320 2880 1376 Sed
2902 1320 3136 1377 eosdem
3158 1319 3291 1377 illos
3321 1337 3470 1389 esse,
3503 1323 3600 1394 qui
3655 1323 3709 1380 in
3760 1325 3850 1382 hoc

481 1415 584 1487 qui
613 1430 749 1471 eum
771 1415 843 1469 ad
875 1412 1233 1485 agnitionem
1279 1427 1424 1467 verae
1455 1408 1778 1466 divinitatis
1811 1425 1845 1464 a
1874 1403 2141 1464 saeculari
2250 1407 2490 1464 Minucii
2514 1407 2680 1478 glibro
2724 1407 3050 1481 disputant,
3100 1409 3437 1481 quicunque
3494 1411 3749 1483 dixerint,
3800 1414 3851 1470 hi

481 1519 680 1561 errore
712 1504 1056 1558 correxerat.
1105 1501 1269 1556 Hunc
1297 1503 1416 1556 toto
1465 1499 1684 1554 honore
1733 1501 1910 1568 atque
1976 1491 2139 1551 omni

481 1591 859 1649 observantia
886 1590 1183 1663 diligebat,
1221 1587 1567 1659 obsequenti
1599 1585 1966 1643 veneratione
2000 1600 2136 1641 sus-

425 1717 430 1720 ~
488 1681 856 1753 cipiens,non
883 1681 1006 1750 jam
1037 1684 1100 1734 ut
1122 1678 1379 1735 amicum
1414 1677 1623 1733 animae
1657 1673 2140 1747 cemqualem,sed

2249 1495 2414 1553 nulla
2441 1513 2682 1569 prorsus
2711 1498 2800 1553 vel
2835 1498 3080 1553 minima
3123 1498 3346 1555 ratione
3373 1498 3523 1570 fulti,
3564 1517 3662 1573 pro
3712 1501 3852 1559 libito

2249 1586 2612 1642 divinabunt.

2322 1680 2499 1732 Porro
2521 1684 2715 1732 autem
2744 1675 3030 1733 Minucius
3058 1677 3304 1750 hujusce
3332 1677 3473 1733 libri
3505 1678 3662 1735 initio
3708 1680 3859 1753 signi-

483 1774 768 1841 tanquam
829 1785 986 1824 novas
1026 1766 1162 1823 vitae
1218 1769 1539 1838 parentem.
1575 1787 1604 1815 »
1659 1766 1720 1820 In
1783 1764 1930 1821 885
1992 1763 2140 1819 tanti
2171 1797 2218 1864 B
2253 1764 2423 1820 ficare
2450 1764 2682 1820 videtur
2712 1765 3014 1822 Octavium
3075 1782 3142 1821 ex
3202 1766 3311 1822 hac
3363 1767 3484 1823 vita
3533 1768 3859 1841 migravisse,

484 1863 678 1916 autem
700 1857 967 1913 beneficii
991 1855 1701 1927 memoriam,Cyprianus
1725 1853 1927 1926 procul
1959 1852 2138 1908 dubio

489 1962 812 2020 cognomen
845 1945 1056 2003 Caecilii
1104 1943 1448 2016 assumpsit.
1500 1944 1647 2009 Quid
1687 1942 1869 2009 enim,
1918 1957 2137 2012 quasso,

487 2037 646 2092 aliud
678 2035 1012 2106 signiﬁcant
1041 2035 1163 2090 haec
1193 2032 1531 2105 Hieronymi
1573 2032 1747 2088 verba
1794 2031 1896 2103 (De
1937 2032 2138 2102 Script.

486 2123 700 2182 Eccles.
747 2141 875 2196 cap.
922 2124 1061 2195 67):
1112 2145 1142 2174 ‹‹
1198 2121 1417 2178 Exinde
1468 2122 1752 2177 suadente
1800 2119 2139 2192 presbytero

488 2213 735 2284 Caecilio,
767 2230 800 2268 a
825 2229 940 2283 quo
971 2215 1028 2268 et
1055 2214 1506 2284 cognomentum
1538 2209 1780 2266 sortitus
1823 2212 1931 2277 est,
1983 2207 2141 2263 Chri-

489 2303 718 2361 stianus
751 2303 941 2358 factus
961 2302 989 2356 ‘I
1019 2322 1046 2352 »
1077 2300 1338 2357 Caecilius
1369 2315 1499 2356 vero
1529 2298 1785 2355 vicissim
1817 2301 1978 2354 tanto
2027 2297 2141 2370 Cy-

486 2392 763 2464 prianum
795 2395 854 2447 et
883 2406 1081 2447 amore
1104 2395 1161 2446 et
1209 2389 1428 2446 honore
1483 2392 1826 2461 prosecutus
1883 2391 1992 2455 est,
2053 2391 2138 2457 ut,

490 2485 639 2538 teste
663 2481 853 2537 adhuc
887 2480 1108 2551 Pontio,
1141 2480 1452 2551 conjugem
1489 2495 1658 2534 suam
1681 2482 1739 2535 et
1792 2477 2007 2533 liberos
2055 2475 2139 2531 illi

489 2571 746 2627 moriens
765 2569 1278 2626 commendaverit.
1293 2592 1312 2617 α
1327 2567 1639 2624 Demulsus
1661 2568 1789 2638 ejus
1816 2565 2140 2639 obsequiis,

491 2661 574 2717 ait
603 2659 865 2731 Pontius,
896 2659 956 2714 in
989 2661 1221 2714 tantum
1245 2656 1576 2713 dilectionis
1598 2657 1898 2713 immensae
1932 2656 2140 2713 merito

491 2753 838 2822 provocatus
868 2752 977 2816 est,
1011 2752 1076 2804 ut
1107 2749 1177 2803 de
1203 2747 1414 2803 saeculo
1444 2746 2143 2817 excedens,accersitione

485 2840 613 2911 jam
644 2837 1370 2910 proxima,commendaret
1389 2835 1476 2891 illi
1497 2837 1807 2908 conjugem
1832 2853 1899 2892 ac
1927 2835 2142 2892 liberos

495 2944 652 2998 suos,
686 2931 744 2985 et
773 2944 946 3000 quem
978 2927 1194 2983 fecerat
1223 2927 1295 2983 de
1334 2930 1506 2982 sectae
1560 2925 1969 2983 communione
2017 2942 2144 2998 par-

492 3017 1138 3090 ticipem,postmodum
1160 3016 1372 3072 faceret
1400 3015 1636 3087 pietatis
1666 3015 1975 3071 heredem.
2015 3018 2146 3081 »_At

2252 1854 2485 1926 quando
2511 1853 2667 1910 hunc
2695 1853 2852 1910 illius
2874 1871 3009 1910 cum
3043 1854 3266 1912 Caecilio
3297 1855 3604 1929 dialogum
3657 1859 3863 1930 scriptis

2249 1942 2509 1998 tradidit.
2535 1937 2717 2007 Quam
2742 1947 2907 2016 grata
2928 1943 3141 2000 etenim
3191 1945 3303 2001 sibi
3361 1950 3518 2002 esset
3564 1946 3711 2003 illius
3762 1964 3864 2003 me-

2251 2033 2871 2105 moria,quantumque
2888 2033 3115 2090 intimis
3137 2035 3262 2091 suis
3285 2036 3568 2092 sensibus
3598 2034 3690 2092 ille
3716 2036 3867 2092 inhae-

2250 2126 2422 2193 reret,
2454 2121 2533 2177 ibi
2557 2121 2830 2193 explicat,
2876 2122 3271 2195 continuoque
3312 2125 3522 2181 addit:
3559 2145 3584 2179 α
3612 2125 3720 2183 Nec
3771 2125 3870 2181 im-

2251 2211 2460 2266 merito
2491 2211 2793 2268 discedens
2813 2211 2901 2267 vir
2920 2212 3170 2268 eximius
3191 2217 3249 2269 et
3269 2215 3870 2280 sanctus,immensum

2249 2301 2343 2357 sui
2375 2301 2528 2357 386
2567 2301 2923 2357 desiderium
2947 2301 3116 2359 nobis
3138 2303 3404 2376 reliquit.
3441 2327 3469 2354 »
3501 2305 3875 2361 Verumtamen

2250 2391 2391 2463 quia
2420 2389 2672 2462 simplici
2715 2391 2890 2446 verbo
2945 2391 3224 2448 discedens
3271 2393 3492 2462 utitur,
3526 2392 3687 2450 nobis
3739 2392 3875 2447 dictu

2252 2496 2365 2535 non
2408 2479 2490 2536 ita
2537 2478 2703 2535 facile
2751 2479 3002 2548 videtur,
3054 2485 3252 2537 utrum
3301 2481 3465 2538 illud
3539 2483 3610 2538 de
3689 2480 3876 2539 Octavii

2251 2572 2456 2638 morte,
2481 2568 2566 2625 vel
2598 2570 2668 2624 de
2693 2569 2853 2625 illius
2885 2570 2958 2625 ab
2988 2569 3114 2643 ipso
3146 2575 3202 2627 et
3242 2571 3445 2627 Roma
3474 2572 3758 2628 discessus
3801 2571 3879 2625 in-

2250 2658 2631 2731 telligendum
2657 2658 2753 2715 sit.
2776 2659 2976 2731 Neque
2996 2664 3192 2716 tamen
3212 2661 3573 2733 ignoramus
3595 2662 3709 2718 haec
3729 2659 3881 2734 priori

2252 2747 2583 2820 significatu
2646 2765 2680 2803 a
2736 2748 2924 2804 doctis
2992 2749 3364 2821 quibusdam
3416 2752 3557 2808 viris
3621 2747 3884 2824 explicari,

2251 2836 2408 2892 haud
2440 2836 2616 2892 dubie
2647 2836 2925 2908 quoniam
2950 2837 3242 2895 Minucius
3290 2841 3559 2913 adjecit:
3594 2860 3622 2891 ε
3665 2841 3885 2895 Immen-

2253 2942 2387 2982 sum
2439 2926 2531 2981 sui
2580 2925 2938 2983 desiderium
2977 2928 3147 2984 nobis
3205 2927 3479 3003 reliquit.
3522 2953 3543 2980 ι
3621 2933 3694 2985 At
3752 2930 3879 2983 certe

2253 3020 2451 3072 utrum
2475 3017 2547 3071 de
2575 3015 2696 3072 viro
2728 3016 2841 3072 sibi
2874 3018 3369 3088 conjunctissimo
3421 3023 3482 3076 et
3533 3016 3879 3084 amicissimo,

494 3108 652 3164 hunc
690 3124 840 3175 esse,
871 3108 942 3162 de
973 3123 1088 3178 quo
1137 3106 1390 3178 agimus,
1446 3105 1735 3161 Caecilium
1792 3105 1929 3160 inde
1986 3104 2145 3160 haud
2182 3171 2216 3180 _
2255 3121 2510 3176 quocum
2544 3121 2662 3159 una
2684 3105 2793 3176 ipsi
2826 3109 2954 3161 erat
2981 3122 3148 3162 mens
3178 3111 3238 3163 et
3268 3105 3881 3180 anima,quiquelongo

494 3195 690 3269 inepte
732 3195 1065 3252 confirmari
1114 3195 1494 3261 arbitrantur,
1528 3194 1683 3266 quod
1715 3194 1918 3249 eadem
1973 3191 2146 3249 fuerit
2174 3171 2217 3239 (ἶ
2254 3197 2545 3250 terrarum
2578 3171 2880 3250 intervallo
2902 3195 3030 3266 jam
3053 3211 3086 3250 a
3115 3212 3177 3252 se
3208 3171 3540 3269 separatus.
3561 3171 3699 3267 erat,
3723 3171 3885 3251 dicere

493 3285 676 3356 hujus
706 3288 763 3340 et
790 3284 1058 3357 Cypriani
1090 3287 1250 3352 tetas,
1287 3291 1462 3355 atque
1489 3282 1824 3355 eadem,juti
1883 3285 2143 3355 apparet,

492 3373 702 3446 patria,
735 3374 796 3429 in
830 3390 1009 3445 quam
1038 3372 1306 3430 Caecilius
1356 3376 1488 3444 post
1529 3373 1729 3428 datum
1777 3371 1990 3428 Christi
2041 3388 2146 3428 no-

495 3480 632 3520 men
663 3463 936 3519 redierat.
972 3467 1095 3518 Huc
1120 3462 1361 3530 accedit,
1397 3463 1553 3534 quod
1583 3461 1771 3532 plura,
1807 3462 1878 3517 de
1933 3460 2146 3532 quibus

495 3569 606 3609 nos
637 3552 899 3619 inferius,
931 3551 1176 3622 hujusce
1206 3550 1339 3606 libri
1373 3551 1718 3623 fragmenta,
1754 3550 1997 3606 totidem
2029 3566 2147 3606 ver-

498 3641 591 3696 bis
622 3640 994 3712 transcripsit
1022 3639 1364 3712 Cyprianus.
1419 3639 1635 3696 Verum
1702 3640 1927 3695 etiamsi
1987 3640 2147 3696 hisce

499 3729 792 3786 rationum
823 3729 1138 3786 momentis
1168 3729 1304 3785 huic
1326 3728 1585 3801 opinioni
1619 3728 1764 3784 nihil
1823 3744 2148 3802 repugnare

503 3817 880 3891 probaveris;
914 3817 1134 3874 nemini
1166 3822 1362 3874 tamen
1423 3833 1684 3889 unquam
1741 3818 2147 3889 persuadebis,

511 3909 734 3980 aliquid
766 3925 1007 3980 prorsus
1030 3907 1170 3965 certi
1201 3907 1252 3964 ei
1275 3905 1592 3963 indubitati
1623 3922 1794 3980 posse
1811 3923 1879 3963 ex
1907 3907 1991 3964 eis
2021 3925 2150 3964 con-

506 3997 682 4054 cludi.

575 4087 849 4144 Octavius
877 4103 1030 4157 vero,
1065 4086 1164 4160 qui
1195 4091 1252 4142 et
1278 4086 1592 4142 Ianuarius
1624 4102 1656 4140 a
1685 4085 1908 4142 Caecilio
1947 4103 2153 4160 cogno-

503 4177 787 4246 minatur,
810 4177 896 4233 vir
931 4177 1067 4246 fuit,
1099 4180 1164 4232 ut
1192 4175 1273 4232 ait
1299 4173 1608 4245 Minucius,
1643 4174 1891 4231 eximius
1932 4181 1988 4231 et
2016 4193 2152 4233 san-

2253 3283 2310 3339 id
2329 3283 2424 3340 ille
2454 3299 2570 3339 non
2601 3283 2873 3356 potuerit,
2908 3287 3078 3341 tuum
3110 3284 3406 3355 sit,lector
3465 3287 3708 3357 erudite,
3755 3282 3886 3356 judi-

2256 3389 2433 3428 etum.

2328 3466 2569 3534 Quoquo
2601 3468 2792 3518 autem
2821 3463 2995 3518 modo
3027 3479 3118 3520 res
3135 3480 3197 3521 se
3226 3465 3470 3535 habeat,
3532 3484 3647 3523 non
3699 3464 3885 3520 desunt

2257 3553 2517 3623 quidam,
2559 3553 2660 3624 qui
2723 3553 3098 3624 suspicantur
3140 3554 3460 3611 Octavium
3511 3561 3570 3613 et
3622 3552 3885 3612 Caecilium

2241 3642 2424 3696 'ﬁctos
2447 3645 2903 3713 personatosque
2919 3658 3046 3698 esse
3064 3643 3221 3700 homi
3233 3647 3478 3718 nes,qui
3506 3644 3792 3701 aMinucio
3809 3657 3890 3695 no-

2259 3734 2378 3785 stro
2408 3729 2468 3785 in
2499 3730 2608 3786 hoc
2629 3729 2776 3786 libro
2800 3730 3168 3803 disputantes
3193 3726 3895 3791 introducuntur.Sedisti

2259 3834 2489 3891 quoque
2544 3819 2768 3874 nullam
2825 3819 3085 3875 omnimo
3143 3823 3510 3893 conjecturas
3574 3841 3689 3880 suae
3738 3819 3897 3893 profe-

2260 3912 2400 3964 runt
2426 3907 2515 3963 vel
2536 3908 2888 3964 levissimam
2935 3910 3476 3968 confirmationem.
3535 3909 3724 3968 Nescii
3752 3920 3896 3981 porro

2261 4016 2375 4054 non
2408 4014 2617 4054 sumus
2643 3997 2856 4069 saepius
2895 4016 2927 4054 a
2958 3998 3135 4054 variis
3186 4001 3612 4073 scriptoribus,
3671 4017 3736 4056 ex
3788 3995 3897 4068 qui-

2260 4089 2373 4144 bus
2412 4087 2563 4143 hanc
2620 4091 2790 4142 autor
2836 4091 3037 4144 noster
3105 4088 3327 4163 dialogi
3419 4092 3675 4147 formam
3747 4084 3896 4142 dubio

2261 4176 2462 4250 procul
2493 4179 2752 4232 mutatus
2783 4179 2891 4243 est,
2924 4177 3049 4233 suis
3080 4177 3137 4232 in
3199 4178 3380 4237 libris
3442 4181 3755 4238 simulatos
3808 4177 3896 4230 hu-

503 4272 654 4339 ctus,
685 4266 920 4340 ipsique
950 4265 1370 4323 amicissimus.
1404 4265 1473 4320 Et
1503 4268 1656 4320 certe
1697 4268 1858 4320 tanto
1909 4269 2154 4338 uterque
2255 4266 2517 4339 jusmodi
2538 4265 2692 4321 viros
2717 4265 2937 4320 induci.
2975 4269 3049 4322 At
3077 4265 3260 4338 hujus
3284 4269 3554 4326 ﬁctionis
3584 4273 3684 4326 aut
3706 4279 3899 4338 expres-

501 4355 564 4413 in
589 4371 652 4413 se
681 4355 927 4412 invicem
959 4371 1155 4412 amore
1173 4354 1514 4426 ﬂagrabat,«
1539 4357 1604 4409 ut
1625 4353 1891 4409 crederes
1914 4371 2151 4423 unam,»

499 4446 696 4516 inquit
719 4445 874 4502 idem
903 4444 1215 4511 Minucius,
1252 4464 1281 4495 κ
1311 4447 1566 4499 mentem
1598 4442 1656 4496 in
1687 4443 1919 4500 duobus
1971 4445 2150 4502 fuisse

2262 4355 2345 4411 sis
2376 4355 2721 4427 plerumque
2748 4353 2939 4415 verbis
2960 4354 3203 4412 lectores
3237 4357 3359 4429 ipsi
3393 4376 3540 4416 suos
3592 4354 3901 4418 admonent,

2264 4449 2368 4500 aut
2396 4445 2454 4499 id
2484 4460 2553 4500 ex
2582 4460 2782 4500 eorum
2813 4460 3082 4501 sermone
3113 4445 3283 4502 facile
3314 4447 3697 4522 intelligitur.
3720 4447 3900 4500 Contra

502 4533 772 4590 divisam.
808 4555 838 4584 »
875 4535 1121 4605 Uterque
1143 4533 1341 4600 etiam,
1385 4537 1446 4588 ut
1467 4532 1896 4599 annotavimus,
1953 4550 2150 4589 oausa-
2185 4540 2229 4604 Ι)
2261 4550 2393 4590 vero
2417 4533 2473 4588 in
2507 4533 2615 4588 hoc
2654 4533 2908 4589 auctoris
2959 4535 3140 4591 nostri
3197 4535 3356 4593 libro
3402 4537 3556 4593 nihil
3612 4537 3902 4610 quidquam

501 4640 634 4679 rum
657 4623 846 4679 fuerat
875 4627 1156 4695 patronus
1187 4627 1245 4678 et
1275 4621 1564 4687 ethnicus,
1607 4624 1664 4676 et
1719 4622 1889 4692 ambo
1948 4622 2147 4691 simul,

501 4714 725 4784 ejurato
757 4713 934 4784 impio
957 4712 1264 4785 gentilium
1302 4711 1484 4775 cultu,
1519 4710 1852 4766 christiana
1886 4710 2150 4783 religioni

499 4801 713 4857 initiati
745 4807 902 4858 sunt.
937 4804 1102 4858 Tunc
1133 4805 1328 4858 autem
1361 4800 1634 4856 Octavius
1666 4798 1904 4853 Minucii
1935 4800 2150 4856 ﬁdelis-

496 4892 690 4950 simus
718 4892 820 4964 (ita
847 4892 1004 4948 enim
1037 4889 1328 4946 Minucius
1359 4889 1486 4960 ipse
1519 4885 1799 4958 loquitur)
1842 4889 2151 4945 contuber-

499 4982 650 5039 nalis
672 4985 814 5051 erat,
850 4981 904 5036 id
939 4985 1045 5047 est,
1083 4981 1277 5036 Romae
1334 4994 1469 5034 cum
1531 4993 1595 5032 eo
1657 4977 2150 5033 commorabatur.

499 5073 638 5128 Inde
672 5076 874 5144 postea
903 5069 1077 5126 rediit
1124 5069 1184 5123 in
1241 5066 1518 5139 patriam,
1550 5063 2044 5137 matrimonioque
2073 5066 2154 5121 ibi

499 5162 829 5234 copulatus,
862 5160 1060 5233 plures
1091 5158 1305 5214 liberos
1327 5152 1726 5226 susce‘pit.Sed
1755 5152 1828 5209 iis
1859 5154 2157 5211 adhucin-

2259 4623 2529 4690 occurrit,
2564 4639 2678 4693 quo
2709 4638 2814 4678 nec
2842 4639 3008 4679 veros
3039 4623 3319 4681 homines
3352 4627 3722 4699 disputasse,
3743 4638 3834 4678 nec
3850 4635 3901 4673 ea

2261 4713 2479 4779 omnia,
2512 4729 2638 4782 quae
2685 4718 3016 4779 narrantur,
3051 4729 3185 4768 vera
3219 4729 3360 4772 esse
3394 4719 3732 4774 credamus.
3763 4714 3907 4767 Caeteo

2261 4818 2392 4857 rum
2423 4801 2709 4873 quidquid
2743 4817 2810 4857 ea
2842 4803 2912 4857 de
2945 4818 3004 4857 re
3034 4803 3528 4879 dixeris,integra
3570 4821 3812 4877 semper,
3863 4800 3906 4851 et

2261 4891 2525 4962 ejusdem
2555 4889 2831 4962 ponderis
2854 4895 3025 4947 erunt
3055 4892 3300 4949 Minucii
3356 4901 3571 4953 contra
3631 4889 3905 4968 gentilium

2262 4978 2429 5046 ritus,
2465 4995 2529 5037 ac
2561 4996 2663 5052 pro
2696 4979 3026 5036 Christianae
3052 4980 3365 5054 religionis
3390 4985 3741 5043 defensione
3767 4993 3906 5051 argu'

2265 5071 2482 5123 menta.
