3962 6176
182 302 282 359 397

1600 299 2141 363 DISSERTA'I‘IO.

3454 299 3575 362 398

1654 458 1888 515 CAPUT
1941 458 2088 515 VIII.

183 550 254 609 De
283 546 471 625 hujus
525 546 674 608 libri
759 548 1180 627 astate,stylo,
1230 549 1437 622 titulo,
1496 554 1894 627 argumento,
1980 548 2411 622 divisionibus,
2468 548 2907 627 manuscriptis
2948 548 3288 622 codicibus,
3328 553 3391 609 et
3437 548 3571 609 edi-

246 628 553 721 tionibus,
589 628 956 721 "variorum
1031 629 1352 721 “inmeum_
1400 628 1962 721 observationibus,
2043 628 2119 689 de
2204 628 2516 708 corruptis
2570 628 2746 704 locis,
2797 633 2885 715 et,
2915 628 3067 708 quid
3136 628 3445 691 Minucius
3500 647 3578 691 ex

259 708 419 784 aliis,
452 715 519 770 et
548 708 657 769 alii
705 725 776 770 ex
824 708 964 788 ipso
1012 708 1451 772 delibaverint.

616 848 1018 906 ARTICULUS
1050 826 1343 907 PRIMUS.

453 957 575 1023 Quo
603 956 845 1027 tempore
871 956 962 1011 hic
989 956 1131 1011 liber
1149 956 1328 1013 editus
1366 957 1538 1027 fuerit

238 1080 359 1143 Quo
390 1080 654 1149 tempore
684 1078 828 1133 illud
861 1078 1071 1135 Caecilii
1117 1084 1171 1136 et
1201 1078 1415 1135 Octavii
1464 1077 1823 1150 colloquium

179 1166 383 1221 litteris
408 1164 708 1224 Minucius
739 1168 1123 1234 mandaverit,
1147 1168 1204 1223 in
1224 1183 1674 1240 eamque,quam
1706 1184 1824 1239 pm

178 1270 231 1311 se
254 1254 387 1326 fert,
418 1254 555 1310 libri
585 1255 836 1312 formam
869 1256 1276 1329 redegerit,res
1297 1259 1387 1312 est
1422 1255 1577 1312 inter
1606 1256 1822 1312 doctis-

180 1344 361 1399 simos
390 1343 573 1415 hujus
600 1344 787 1400 aetatis
817 1345 1129 1417 scriptores
1159 1349 1550 1401 controversa.
1574 1343 1823 1411 Quidam

178 1433 323 1488 enim
354 1432 519 1489 hunc
551 1432 771 1489 librum
802 1450 835 1490 a
862 1434 1114 1491 Minucio
1146 1434 1302 1491 circa
1343 1449 1565 1489 annum
1607 1430 1825 1490 Christi

184 1522 272 1577 160
296 1522 588 1594 scriptum
619 1522 802 1579 fuisse
830 1523 1165 1595 opinantur.
1187 1523 1297 1581 Sed
1316 1522 1377 1579 hi
1400 1522 1562 1579 nulla
1578 1522 1693 1578 alia
1713 1522 1825 1577 du-

184 1615 388 1666 cuntur
419 1610 667 1679 ratione,
699 1628 875 1682 quam
909 1612 1050 1684 quia
1069 1613 1127 1677 in
1156 1613 1421 1669 animum
1448 1611 1560 1668 sibi
1587 1611 1825 1667 induxe-

184 1704 312 1756 runt
336 1700 695 1757 Frontonem
724 1701 1045 1758 Cirtensem
1077 1705 1567 1773 oratorem,quem
1600 1700 1676 1757 M.
1704 1702 1826 1755 Au-

182 1788 298 1845 relii
326 1789 705 1861 imperatoris
736 1791 1088 1864 magistrum
1136 1791 1361 1859 dicunt,
1413 1790 1522 1847 hoc
1569 1789 1628 1845 in
1675 1788 1824 1845 libro

180 1876 355 1932 citari.
386 1878 503 1933 Sed
542 1878 834 1935 incertum
853 1880 1091 1936 omnino
1122 1884 1211 1937 est
1240 1896 1313 1936 an
1342 1884 1553 1935 Fronto
1576 1896 1610 1935 a
1635 1879 1825 1934 Minu-

182 1965 255 2021 cio
283 1965 563 2023 laudatus
586 1967 810 2025 Aurelii
838 1984 1036 2025 revera
1060 1968 1234 2025 fuerit
1254 1972 1589 2041 praceptor.
1609 1967 1827 2024 Deinde

186 2054 313 2126 quid
341 2056 623 2127 prohibet
653 2057 973 2129 quominus
1024 2058 1259 2127 Fronto,
1309 2063 1479 2115 antea
1532 2060 1825 2129 mortuus,

186 2144 250 2199 ab
278 2148 524 2200 auctore
554 2150 755 2202 nostro
786 2147 1160 2219 postmodum
1195 2147 1360 2203 citari
1392 2147 1688 2220 potuerit?
1730 2147 1831 2202 De-

184 2232 354 2332 nique
382 2233 781 2341 Hieronrym‘ps
810 2234 1829 2341 innCatﬂalogoWScriptorumnEcce-
1857 2261 1905 2327 Β
1936 2285 1979 2341 Ο

184 2321 551 2378 siasticorum
583 2323 634 2397 (§
660 2325 733 2379 53
758 2329 816 2380 et
842 2324 972 2393 584)
1001 2324 1388 2393 Tertulliano,
1415 2341 1592 2397 quem
1616 2324 1823 2380 Severo

184 2412 235 2463 et
260 2410 558 2467 Caracalla
590 2412 1018 2484 imperantibus
1049 2429 1349 2486 regnasso,
1385 2413 1539 2469 sicut
1585 2416 1643 2469 et
1699 2411 1823 2480 alii,

184 2500 462 2572 perbibet,
492 2500 667 2574 longe
689 2501 1079 2574 antiquiorem
1110 2518 1289 2574 quam
1339 2501 1597 2558 Minucio
1629 2500 1755 2557 locu

186 2588 461 2661 assignat.

251 2678 498 2744 Quidem
517 2695 547 2734 e
567 2679 858 2736 contrario
870 2680 1093 2753 opinati
1116 2683 1256 2737 sunt
1293 2679 1616 2737 Minucium
1636 2683 1827 2752 poste-

1846 881 1903 949 Α
1933 848 2106 921 Atqui
2160 870 2211 949 α.
2275 848 2793 949 subHZeph'yrino
2873 847 3145 949 Romanas
3213 847 3381 949 urbis
3416 847 3578 949 ‘epi-

1932 953 2110 1009 scopo
2142 958 2172 989 ››
2196 936 2391 1009 inquit
2407 937 2561 993 idem
2584 937 3036 1009 Hieronymus,«
3064 936 3123 992 id
3145 937 3371 1006 est,sub
3402 936 3581 994 Anto-

1932 1024 2096 1093 nino,
2124 1026 2318 1082 Severi
2361 1024 2502 1095 filio,
2558 1025 3015 1098 disputationem
3073 1025 3384 1082 adversum
3436 1025 3582 1082 Pro-

1932 1111 2417 1184 culum,Montani
2437 1117 2782 1170 sectatorem
2796 1114 2966 1171 valde
2981 1113 3271 1186 insignem
3289 1113 3516 1169 habuit.
3549 1133 3579 1164 »

1932 1201 2103 1258 Prius
2131 1219 2264 1259 vero
2291 1202 2572 1259 Eusebius
2603 1202 2782 1259 semel
2813 1207 2870 1259 et
2898 1203 3111 1259 iterum
3144 1201 3371 1258 dixerat
3419 1200 3579 1257 hunc

1935 1289 2137 1347 Caium
2167 1290 2385 1348 vixisse
2398 1292 2507 1347 sub
2552 1290 2861 1365 Zephyrini
2874 1290 3217 1364 pontificatu
3232 1287 3578 1364 (Euseb.lib.

1933 1396 1979 1435 ιι
2009 1380 2207 1436 Histor.
2266 1379 2469 1437 Eccles.
2504 1397 2633 1453 cap.
2689 1382 2781 1451 25,
2813 1385 2871 1438 et
2928 1381 3031 1437 lib.
3080 1397 3160 1449 vr,
3209 1396 3337 1453 cap.
3364 1379 3477 1452 20).
3509 1380 3584 1436 At

1935 1468 2030 1525 hic
2062 1470 2338 1526 Romanae
2388 1470 2659 1527 Ecclesiae
2717 1471 2791 1527 ab
2850 1488 3003 1527 anno
3033 1471 3136 1525 201
3170 1473 3274 1527 aut
3304 1469 3413 1524 202
3433 1483 3582 1541 prm-

1935 1557 2119 1614 fuisse
2150 1558 2510 1630 perhibetur.
2543 1559 2738 1615 Severi
2768 1562 2966 1615 autem
3023 1558 3182 1614 filius
3228 1558 3351 1614 sive
3405 1557 3583 1614 Cara-

1936 1645 2103 1714 calla,
2133 1647 2304 1718 cujus
2348 1647 2736 1721 Hieronymus
2804 1648 3163 1705 mentionem
3223 1646 3383 1714 facit,
3442 1650 3581 1719 post

1937 1735 2214 1792 Severum
2244 1738 2472 1807 patrem
2503 1752 2679 1792 suum
2714 1736 2784 1793 ab
2815 1752 2969 1792 anno
2993 1736 3090 1793 211
3119 1735 3190 1791 ad
3224 1751 3447 1791 annum
3475 1735 3584 1790 217

1936 1823 2263 1896 imperavit.
2288 1824 2489 1880 Nonne
2521 1829 2717 1881 autem
2784 1825 2920 1881 inde
2950 1824 3219 1881 concludi
3250 1827 3443 1897 potest
3473 1823 3582 1880 Mi-

1937 1912 2094 1968 nucii
2132 1912 2318 1968 nostri
2342 1912 2559 1969 librum
2583 1912 2805 1969 editum
2865 1915 2924 1969 in
2983 1913 3175 1970 lucem
3231 1912 3413 1968 fuisse
3471 1912 3582 1968 sub

1936 2000 2241 2057 Caracallae
2272 2000 2541 2073 imperio,
2573 2006 2632 2058 et
2660 2019 2796 2059 cum
2844 2001 3063 2060 ethnici
3110 2001 3171 2057 in
3212 2000 3579 2059 Christianos

1937 2090 2130 2147 adhuc
2181 2090 2604 2163 grassabantur
2628 2094 2651 2147 i’

2008 2197 2121 2252 Sed
2153 2196 2441 2268 objiciunt
2459 2197 2672 2253 eruditi
2694 2197 2799 2252 viri
2820 2197 3116 2254 Caecilium
3147 2158 3586 2269 exprobravisse

1984 2286 2168 2342 ctavio
2200 2285 2365 2342 nulla
2392 2290 2535 2343 tunc
2566 2286 2747 2343 fuisse
2802 2285 3149 2343 Christianis
3204 2284 3446 2358 templa,
3481 2300 3589 2343 nec

1935 2374 1996 2430 id
2026 2375 2227 2447 utique
2256 2375 2329 2431 ab
2360 2374 2597 2432 Octavio
2628 2378 2929 2447 negatum.
2962 2374 3133 2447 Atqui
3166 2372 3471 2446 Origenes,
3502 2373 3592 2430 in-

1937 2463 2170 2556 quiunt,
2205 2464 2264 2519 in
2296 2464 2603 2556 suis,_quas
2643 2464 2915 2556 Philippo
2949 2467 3269 2556 regnante,
3283 2462 3415 2556 hoc
3473 2466 3585 2533 est,

1938 2552 2092 2608 circa
2119 2569 2344 2608 annum
2373 2552 2479 2607 244
2510 2551 2913 2625 composuisse
2940 2552 3143 2620 fertur,
3162 2552 3222 2606 in
3249 2550 3588 2607 Mattheum

1936 2641 2377 2698 rommentariis
2435 2641 2693 2714 (Origen.
2753 2642 2926 2697 Tract.
2988 2642 3049 2696 in
3076 2641 3267 2696 Matth.
3299 2656 3426 2711 cap.
3470 2639 3585 2711 28),

189 2768 387 2823 riorem
422 2769 571 2826 δεῖ
609 2785 735 2825 esse
766 2727 1072 2842 Cypriane,
1116 2770 1216 2841 qui
1272 2786 1424 2826 anno
1481 2727 1695 2826 Chris‘ii
1724 2767 1831 2823 258
1938 2733 2218 2842 fitﬁt???
2250 2728 3581 2842 ³³91³11,ἶθῗὶἶῖηῗῗῗῗὲῗεῖυέῗθῗ,ίῖῗΡδῘὶῗΞἚῩΣὶἮ

193 2858 458 2929 martyrio
489 2858 669 2914 vitam
706 2858 1308 2931 ﬁnivit.llieronymus
1335 2860 1512 2927 enim,
1531 2858 1829 2929 inquiunt,

192 2944 248 3000 in
269 2962 371 3002 sua
395 2948 673 3004 adversus
701 2947 1077 3004 Jovinianum
1096 2947 1394 3021 Apologia,
1412 2947 1531 3003 sive
1564 2947 1637 3004 ad
1660 2948 1836 3003 Pam-

204 3035 488 3093 machium
505 3036 1120 3111 Epistola,Minucium
1134 3041 1400 3094 nostrum
1415 3042 1546 3109 post
1559 3037 1834 3093 eumdem

208 3122 548 3200 Cyprianum
617 3126 958 3183 nominavit.
1020 3126 1161 3182 Inde
1221 3129 1417 3183 autem
1477 3127 1592 3182 duo
1626 3125 1833 3183 confici

212 3235 362 3290 posse
392 3220 621 3290 putant,
654 3233 721 3272 ac
751 3216 941 3289 primo
969 3214 1229 3288 quidem,
1261 3216 1334 3272 ab
1382 3216 1511 3288 ipso
1560 3215 1834 3283 Minucio,

213 3307 295 3361 ubi
318 3308 387 3363 de
404 3305 872 3362 Christianorum
900 3304 1201 3361 vexatione
1261 3304 1543 3377 disputat,
1592 3305 1675 3360 ibi
1696 3304 1841 3361 exci-

216 3486 469 3557 secundo,
502 3482 829 3541 Minucium
860 3483 969 3539 hoc
998 3483 1058 3539 in
1089 3482 1239 3539 libro
1268 3482 1437 3555 plura
1466 3498 1535 3540 ex
1563 3481 1842 3555 Cypriani

222 3573 485 3631 delibasse
536 3571 1155 3629 commentationibus.

288 3630 489 3719 Verum
522 3667 647 3719 tota
688 3662 809 3717 haac
857 3662 1284 3734 argumentatio
1332 3661 1393 3717 in
1452 3660 1598 3717 sola'
1636 3660 1843 3716 nititur
1872 3630 1915 3700 (ἶ

228 3751 533 3826 Hieronymi
564 3751 861 3824 Apologia.
895 3751 1004 3806 Sed
1035 3751 1115 3806 ibi
1147 3750 1245 3807 ille
1292 3751 1484 3808 varios
1532 3750 1844 3822 scriptores

232 3840 566 3911 appellando,
628 3844 961 3911 temporum
1049 3856 1163 3895 non
1218 3839 1489 3911 sequitur
1557 3839 1844 3895 ordinem.

236 3928 421 3986 Eversa
469 3931 651 4004 igitur
688 3928 869 4000 hujus
913 3927 1204 4001 opinionis
1259 3929 1658 3995 fundamento,
1718 3928 1849 3999 ipsa

237 4033 437 4092 quoque
465 4024 597 4074 ruat
631 4034 865 4073 necesse
894 4022 1002 4073 est.
1064 4017 1259 4088 Neque
1318 4016 1493 4072 etiam
1554 4016 1849 4073 Minucius

238 4105 299 4161 de
328 4108 715 4178 persecutione
748 4106 1016 4175 Deciana,
1050 4106 1151 4162 sed
1183 4105 1298 4162 alia
1327 4105 1661 4178 antiquiore
1689 4104 1851 4178 loqui

240 4194 452 4253 videtur.
484 4196 810 4270 Cyprianus
850 4196 1025 4252 etiam
1080 4212 1190 4251 sua
1243 4212 1277 4251 a
1326 4194 1597 4266 Minucio,
1657 4194 1853 4276 potius

241 4298 392 4354 quam
421 4285 712 4342 Minucius
744 4285 817 4340 ab
847 4301 912 4341 eo
942 4283 1098 4340 haud
1140 4283 1315 4340 dubie
1362 4283 1673 4357 excerpsit.

302 4373 670 4436 Quamobrem
704 4373 803 4429 alii
834 4377 1074 4430 censent
1102 4372 1259 4428 hunc
1289 4372 1530 4428 Minucii
1571 4371 1757 4428 nostri
1784 4372 1853 4428 li-

246 4459 395 4517 brum
417 4462 841 4520 editumfuisse
871 4462 1040 4518 initio
1091 4460 1249 4517 tertii
1308 4460 1577 4517 Ecclesiae
1636 4460 1854 4532 saeculi,

247 4563 360 4606 cum
388 4559 506 4624 post
534 4554 675 4609 data
707 4568 741 4607 a
768 4552 976 4607 Severo
1006 4550 1356 4622 imperatore
1387 4549 1577 4606 edicta
1610 4548 1859 4621 gentiles

244 4637 295 4691 in
323 4640 665 4699 Christianos
697 4640 1032 4697 saeviebant.
1061 4640 1207 4695 Nam
1239 4639 1628 4711 Hieronymus
1666 4638 1724 4693 in
1756 4641 1861 4693 Ca-

248 4727 412 4801 talogo
441 4732 792 4804 scriptorum
850 4728 1397 4785 Ecclesiasticorum
1453 4726 1507 4800 (§
1561 4728 1631 4782 58
1661 4731 1719 4783 et
1746 4727 1859 4799 59),

246 4816 330 4870 ubi
360 4820 614 4876 ordinem
644 4826 981 4891 temporum
1017 4817 1347 4874 accuratius
1380 4815 1863 4885 observat,Minu-—

248 4904 385 4962 cium
414 4918 671 4966 nostrum
697 4909 897 4982 posuit
925 4908 1185 4981 proxime
1247 4910 1379 4963 ante
1429 4907 1656 4975 Caium,
1712 4909 1779 4961 ut
1804 4905 1865 4962 in

1940 2818 2237 2876 ecclesias.
2270 2822 2455 2876 Antea
2498 2834 2635 2891 ergo
2682 2817 2936 2890 publicis
2966 2817 3027 2873 in
3074 2816 3217 2874 locis
3270 2820 3581 2873 exstructasI

1943 2907 2190 2964 fuerant.
2224 2908 2324 2963 sed
2356 2922 2471 2963 non
2503 2906 2745 2979 longum
2770 2910 2905 2962 ante
2933 2909 3189 2977 tempus,
3214 2920 3282 2961 ac
3302 2906 3585 2960 duntaxat

1943 3012 2080 3052 cum
2107 2995 2432 3053 Alexander
2455 2999 2721 3065 Severus,
2754 2993 2908 3052 circa
2937 3010 3161 3050 annum
3204 2994 3333 3061 222,
3378 2996 3587 3049 Roma-

1946 3083 2039 3140 nis
2070 3084 2420 3157 imperabat.
2453 3084 2598 3143 Nam
2627 3085 2699 3152 is,
2732 3087 2881 3141 teste
2902 3083 3260 3155 Lampridio,
3294 3104 3324 3133 «
3356 3080 3587 3139 Christo

1944 3172 2234 3245 templum
2266 3174 2457 3231 facere
2477 3173 2939 3245 voluit,eumque
2960 3173 3113 3229 inter
3149 3173 3290 3229 deos
3312 3170 3591 3243 recipere,

1948 3262 2101 3330 quod
2134 3261 2287 3319 388
2313 3265 2370 3318 et
2390 3262 2685 3318 Adrianus
2707 3261 2998 3333 cogitasse
3014 3260 3216 3327 fertur,
3248 3260 3347 3331 qui
3370 3258 3595 3331 templa

583 3347 1836 3420 ζΪζΪ-ξζζ,ξζῗξῖξξ-ζωξζζζξζζη,ξζζξξῖζί
1949 3350 2011 3407 in
2051 3350 2325 3408 omnibus
2382 3349 2717 3407 civitatibus
2766 3349 2892 3407 sine
2949 3347 3281 3406 simulacris
3328 3349 3600 3420 jusserat

214 3399 374 3452 tatam
402 3413 435 3452 a
460 3394 636 3452 Decio
664 3394 1013 3466 imperatore
1042 3394 1507 3466 persecutionem
1554 3394 1799 3449 indicari
1823 3413 1839 3463 ς

2150 3462 2164 3490 ›
2195 3438 2511 3512 (Lamprid.
2544 3439 2605 3495 in
2653 3440 2774 3495 Vita
2821 3439 2979 3495 Alex.
3039 3437 3157 3494 Seu.
3218 3441 3351 3509 post
3416 3435 3597 3509 med.)

1953 3527 2265 3585 Christiani
2322 3526 2501 3599 igitur
2557 3526 2811 3584 oblatam
2894 3526 3003 3582 sibi
3084 3525 3410 3582 Alexandro
3468 3540 3601 3581 con-

1954 3617 2220 3674 struendi
2264 3616 2538 3672 ecclesias
2585 3616 2947 3673 occasionem
3005 3614 3203 3687 procul
3264 3613 3439 3670 dubio
3480 3629 3597 3670 non

1953 3706 2294 3763 amiserunt.
2326 3705 2437 3761 Sed
2465 3722 2589 3773 cur,
2633 3721 2852 3777 quaso,
2913 3705 3109 3761 datam
3166 3703 3277 3761 sibi
3336 3702 3499 3774 prius
3525 3702 3597 3759 ab

1952 3794 2357 3863 Adriano,ubi
2397 3793 2614 3851 ibidem
2674 3799 2870 3850 narrat
2930 3791 3325 3864 Lampridius,
3385 3790 3597 3847 simili-

1954 3885 2071 3941 lem
2084 3885 2447 3941 occasionem
2472 3880 2860 3939 amisissent?
2882 3881 3061 3937 Nutat
3079 3881 3258 3954 igitur
3287 3880 3407 3936 hac
3424 3893 3599 3950 argu-

1957 3972 2258 4041 mentatio,
2291 3971 2557 4043 nihilque
2585 3988 2655 4029 ex
2683 3988 2752 4028 ea
2775 3970 2914 4028 certi
2938 3970 3135 4027 omino
3156 3968 3362 4027 confici
3386 3970 3597 4041 potest.

2029 4079 2246 4152 Urgent
2297 4082 2492 4134 tamen
2562 4076 2858 4133 Caecilium
2915 4077 3192 4132 audacter
3278 4072 3604 4130 asseruisse

1959 4167 2318 4226 Christianos
2348 4182 2417 4222 ex
2446 4165 2652 4222 ultima
2681 4165 2816 4221 faece
2860 4162 3049 4237 plebis
3094 4162 3277 4218 fuisse
3332 4160 3604 4218 homines

1962 4258 2329 4328 summisque
2359 4254 2609 4311 miseriis
2637 4271 2705 4310 ac
2736 4256 3078 4326 paupertate
3108 4250 3327 4322 ubique
3366 4265 3607 4321 oppres-

1963 4364 2081 4404 sos.
2114 4350 2189 4401 At
2217 4346 2325 4401 hoc
2354 4344 2466 4400 dici
2498 4360 2613 4399 non
2642 4342 2851 4414 potuit,
2882 4340 2996 4396 nisi
3029 4338 3202 4412 paulo
3233 4342 3367 4395 ante
3423 4337 3609 4409 impe-

1964 4436 2121 4492 rium
2154 4432 2456 4490 Alexandri
2486 4431 2703 4499 Severi,
2727 4431 2898 4501 cujus
2954 4428 3235 4501 palatium
3264 4425 3613 4484 Christianis

1965 4523 2253 4596 repletum
2284 4524 2427 4590 erat,
2460 4520 2561 4591 qui
2589 4519 2764 4575 vitam
2796 4517 2995 4590 procul
3026 4518 3202 4574 dubio
3251 4516 3312 4573 in
3365 4514 3618 4573 summis

1967 4611 2221 4669 miseriis
2248 4626 2315 4666 ac
2340 4610 2799 4681 paupertatenon
2835 4606 3117 4680 agebant.

2042 4720 2152 4776 Sed
2184 4717 2363 4789 hujus
2393 4713 2917 4787 argumentationis
2950 4730 3067 4771 non
3113 4715 3309 4787 majus
3358 4713 3619 4787 profecto

1970 4814 2061 4869 est
2091 4808 2321 4881 pondus
2351 4809 2409 4861 et
2435 4805 2634 4861 robur.
2667 4804 2799 4860 Jam
2834 4803 2990 4860 enim
3026 4804 3361 4861 audivimus
3389 4799 3622 4859 Tertul-

1974 4901 2199 4956 lianum
2230 4895 2517 4952 dicentem
2549 4893 2745 4963 urbes,
2789 4892 3048 4961 castclla,
3077 4895 3289 4959 forum,
3322 4894 3618 4957 senatum,

249 4996 495 5053 omnibus
524 4978 975 5069 illius—Catalogi
1025 4995 1403 5063 editionibus,
1459 4993 1548 5050 vel
1609 4993 1872 5066 proxime
1901 4997 1948 5063 Ι)
1981 4988 2263 5065 palatium
2296 4983 2528 5057 oppleta
2558 4984 2736 5039 fuisse
2763 4982 3106 5039 Christianis
3148 4982 3245 5054 qui
3302 4978 3623 5069 gentilibus

245 5090 361 5153 post
388 5086 669 5158 ipsum,ut
690 5087 749 5141 in
766 5086 1166 5143 vetustissimo
1189 5084 1389 5141 codice
1406 5087 1605 5140 nostro
1625 5084 1874 5157 Sangar-

246 5176 993 5249 manensi,Longobardicis
1021 5174 1228 5231 litteris
1280 5176 1413 5230 ante
1464 5171 1625 5229 mille
1681 5190 1867 5232 annos

243 5260 536 5336 descripto.
566 5267 638 5321 At
665 5265 723 5321 in
758 5265 1032 5322 omnibus
1092 5264 1272 5336 hujus
1326 5262 1460 5317 libri
1518 5261 1639 5318 sive
1693 5262 1867 5321 editis

241 5353 352 5409 sive
384 5352 617 5409 ineditis
644 5353 943 5412 codicibus
959 5354 1279 5428 Cyprianus
1303 5351 1475 5424 longe
1492 5353 1622 5422 post
1638 5354 1867 5408 utrum-

237 5457 363 5513 que,
394 5442 661 5519 videlioqt
688 5448 822 5517 post
851 5448 1073 5517 septem
1096 5442 1243 5500 alios
1275 5440 1593 5512 scriptores
1623 5438 1870 5497 colloca-
1888 5493 1904 5506 ,

233 5537 342 5587 tur.
373 5531 577 5588 Nonne
602 5538 797 5589 autem
826 5533 963 5590 inde
992 5531 1261 5605 colligere
1297 5529 1433 5585 licet
1460 5528 1782 5587 Minucium
1812 5534 1872 5587 et

230 5620 431 5679 Caium
461 5621 646 5679 fuisse
674 5625 1015 5695 coaetaneos,
1049 5626 1106 5680 et
1143 5618 1427 5695 Cypriano
1477 5618 1823 5678 vetustiores
1843 5619 1873 5676 ?

1985 5076 2133 5136 nihil
2163 5075 2345 5145 aliud,
2374 5089 2552 5146 quam
2575 5071 2855 5129 falsorum
2879 5072 3120 5128 deorum
3143 5068 3363 5141 templa
3384 5066 3628 5138 redque-

1976 5172 2129 5227 rant.
2161 5164 2301 5231 Quis
2332 5166 2528 5219 autem
2572 5161 2919 5218 diffitebitur
2974 5160 3080 5216 hos
3140 5159 3291 5215 sicut
3337 5155 3627 5225 ethnicos,

1976 5276 2094 5317 non
2109 5270 2329 5321 .omnes
2354 5251 2525 5309 sortis
2549 5250 2895 5321 inﬁmsa,sed
2911 5248 3223 5321 cujuslibet
3236 5244 3414 5304 fuisse
3433 5241 3632 5302 condi-

1976 5347 2155 5406 tionis
2175 5345 2203 5401 ?

2048 5435 2198 5502 Quid
2229 5446 2386 5502 vero,
2418 5427 2573 5501 quod
2622 5427 2867 5498 ipsemet
2918 5425 3213 5484 Minucius
3268 5427 3470 5482 noster
3497 5423 3636 5495 post

1977 5524 2308 5585 christiana:
2347 5515 2649 5589 religionis
2705 5514 3129 5586 professionem
3194 5532 3313 5572 non
3364 5510 3633 5578 minoris,

1978 5631 2160 5690 quam
2189 5614 2354 5670 antes
2389 5603 2743 5664 conditionis
2773 5604 2925 5678 fuit;
2956 5607 3058 5665 sed
3089 5604 3345 5679 insignis
3375 5605 3522 5676 erat,
3546 5598 3634 5657 uti
