4102 6162
283 288 397 350 401

1715 303 2261 370 DlSSERTATIO.

3570 323 3691 384 402

281 419 462 519 nibus,
477 438 544 519 ac
560 423 811 497 singulis
831 428 1234 500 providentem
1260 448 1275 502 ;
1298 435 1531 491 sanctos
1551 434 1924 508 illibatosque
1949 439 2006 506 Α
2033 437 2204 496 theca
2222 440 2460 500 Parisiis
2472 443 2611 501 olim
2634 461 2877 503 numero
2902 446 3061 518 1344,
3085 464 3242 507 nunc
3260 450 3422 519 3975,
3446 457 3685 513 notatus

278 510 745 571 Christianorum
764 533 955 575 mores
971 522 1028 575 et
1048 526 1393 590 conventus,
1423 523 1687 582 ethnicos
1717 542 1919 583 eorum

276 600 592 659 criminum
624 621 753 662 reos
783 622 1190 681 esse,quorum
1214 611 1359 668 falso
1384 614 1740 671 accusabant
1759 615 1920 672 Chri-

271 689 517 760 stianos,
576 709 811 768 quoque
847 700 1162 771 contrajus
1218 717 1391 758 omne
1422 706 1480 758 et
1535 703 1623 759 fas
1680 708 1917 777 propter

268 795 442 835 suum
456 779 652 837 solum
672 800 883 841 nomen
900 787 1163 858 quolibet
1178 789 1475 847 dirissima
1492 791 1915 864 suppliciorum

261 883 472 940 genere
498 872 1055 933 excarniﬁcabantet
1083 878 1475 936 trucidabant.
1501 883 1639 947 Quaa
1670 883 1909 954 quidem

264 958 331 1013 ab
359 975 430 1014 eo
459 959 553 1017 vel
574 965 956 1034 argumentis,
989 971 1054 1022 ut
1085 967 1269 1039 aiunt,
1303 970 1376 1025 ad
1431 969 1748 1040 hominem,
1804 972 1915 1029 hoc

261 1048 749 1115 cst,ethnicorum
762 1052 1152 1122 ipsorummet
1174 1057 1285 1113 seri
1293 1061 1625 1130 ptorumtes
1639 1060 1909 1131 timonio,

256 1135 345 1192 vel
366 1136 510 1193 aliis
538 1138 612 1194 ab
627 1139 756 1213 ipsa
777 1143 1029 1200 naturali
1066 1144 1289 1203 ratione
1317 1151 1373 1203 et
1392 1148 1663 1220 mquitate
1693 1148 1911 1221 petitis,

254 1225 641 1285 invictissime
681 1231 1023 1303 probantur.

322 1313 401 1368 At
431 1313 486 1369 si
516 1331 609 1371 res
638 1316 719 1373 ita
743 1335 806 1375 se
837 1318 1069 1389 habeat,
1100 1338 1239 1395 qua,
1270 1323 1498 1397 inquiet
1550 1325 1784 1399 aliquis,
1818 1343 1910 1384 ra-

252 1400 414 1457 tione
425 1402 765 1463 Lactantius
774 1408 1097 1467 Minucium
1110 1415 1380 1469 nostrum
1392 1429 1461 1470 ex
1472 1414 1566 1471 his
1578 1415 1908 1473 christiana;

251 1488 558 1563 religionis
587 1493 993 1555 defensoribus
1049 1517 1235 1557 unum
1266 1518 1396 1559 esse
1416 1503 1583 1572 dicit,
1612 1505 1716 1576 qui
1738 1526 1767 1556 «
1800 1505 1905 1562 de-

252 1577 507 1635 fensioni
559 1583 686 1653 ejus
746 1601 862 1642 non
910 1589 1324 1647 suffecerunt?
1353 1613 1383 1642 »
1439 1593 1723 1664 (Lactant.
1757 1594 1839 1650 lib
1868 1611 1905 1652 ν

248 1666 431 1723 Dicin.
476 1670 658 1727 Imm.
703 1689 828 1745 cap.
864 1675 940 1748 1.)
971 1676 1087 1733 Cur
1141 1678 1319 1736 etiam
1349 1680 1506 1737 haud
1567 1683 1905 1740 dubitanter

248 1762 544 1813 asseverat
571 1759 680 1816 hoc
701 1760 863 1819 illius
878 1780 1059 1836 opere
1081 1767 1362 1825 declarari
1396 1792 1425 1821 «
1452 1788 1627 1841 quam
1649 1772 1895 1830 idoneus

244 1846 511 1903 veritatis
531 1853 786 1907 assertor
805 1852 1032 1925 fuisset,
1062 1855 1111 1912 si
1134 1873 1197 1913 se
1215 1861 1403 1915 totum
1434 1861 1505 1916 ad
1536 1860 1595 1915 id
1628 1862 1893 1918 studium

245 1934 639 2024 contulisset?
668 1960 697 1990 »
729 1940 930 1999 Nonne
954 1943 1047 2000 his
1075 1946 1267 2003 verbis
1296 1948 1442 2004 satis
1471 1955 1668 2022 aperte
1717 1951 1896 2024 signi-

244 2023 376 2079 ﬂeat
394 2025 511 2081 hoc
532 2034 947 2100 argumentum
977 2051 1011 2090 a
1025 2034 1301 2108 Minucio,
1326 2042 1427 2093 aut
1456 2037 1767 2110 levissime,
1786 2023 1894 2098 aut

243 2111 422 2168 animi
454 2115 741 2173 duntaxat
771 2120 1067 2179 relaxandi
1100 2126 1516 2200 recreandique
1543 2129 1731 2201 gratia
1761 2146 1889 2201 per-

244 2206 499 2259 tractum
530 2209 555 2261 P
584 2205 825 2265 Minime
873 2210 1133 2282 quidem.
1165 2214 1248 2270 Ea
1297 2216 1513 2289 quippe
1568 2217 1888 2290 disputatio

241 2294 358 2346 tam
382 2293 561 2364 serio,
588 2297 865 2370 tantoque
895 2301 1093 2357 studio
1122 2303 1194 2358 ab
1216 2303 1342 2375 ipso
1373 2304 1648 2363 instituta
1676 2312 1786 2377 est,
1826 2313 1890 2365 ut

241 2378 338 2436 illa
365 2380 498 2438 sola
518 2382 784 2443 Caecilius
803 2404 867 2444 se
891 2389 1133 2461 victum,
1157 2395 1331 2465 atque
1350 2394 1764 2467 ad'gentilium
1796 2414 1886 2453 er-

240 2485 397 2526 rores
417 2468 1329 2553 ejurandos,amplexandamque
1350 2482 1728 2541 christianum
1750 2485 1885 2543 reli-

242 2558 475 2631 gionem
507 2567 773 2620 coactum
806 2565 989 2623 fuisse
1036 2568 1229 2641 palam
1269 2571 1567 2643 professus
1602 2574 1699 2630 sit.
1730 2574 1886 2630 Nihil

241 2646 435 2719 itaque
466 2649 626 2706 aliud
657 2653 769 2708 sibi
816 2655 1154 2715 Lactantius
1185 2659 1443 2717 voluisse
1469 2662 1719 2733 videtur,
1770 2664 1885 2721 nisi

242 2734 575 2795 christianae
628 2741 930 2816 religionis
980 2746 1376 2805 defensionem
1410 2750 1518 2808 hoc
1548 2751 1793 2808 Minucii
1824 2753 1883 2809 in

244 2823 382 2881 libro
415 2830 626 2897 totam,
683 2829 993 2905 integram,
1055 2840 1231 2910 atque
1274 2839 1457 2908 omni,
1491 2856 1608 2912 qua
1635 2846 1881 2913 poterat.

242 2918 397 2985 parte
426 2918 752 2987 perfectam
815 2927 872 2977 et
902 2924 1231 2983 absolutam
1260 2944 1375 2984 non
1405 2929 1686 2986 exhiberi.
1718 2930 1884 2986 Chri-

242 3003 436 3060 stianae
468 3005 768 3066 enimvero
789 3011 1088 3085 religionis
1136 3015 1350 3074 veritas
1378 3018 1577 3089 variis,
1626 3019 1715 3076 uti
1756 3019 1883 3092 jam

242 3095 583 3152 monuimus
602 3104 657 3153 el
682 3114 886 3157 omnes
908 3101 1060 3160 ultro
1080 3105 1337 3162 fatentur
1366 3107 1883 3181 argumentis,quaa

2031 533 2387 587 asservatur.

2098 616 2263 674 Falso
2278 619 2457 692 hujus
2469 622 2684 680 codicis
2697 623 2867 681 titulo
2881 626 3157 695 deceptus
3169 627 3420 685 Faustus
3439 630 3676 689 Sabaius

2027 704 2354 780 Brixianus,
2385 726 2538 766 anno
2560 712 2699 766 1542
2714 729 2849 769 cum
2878 715 3115 771 Arnobii
3150 718 3406 785 nomine,
3457 722 3514 773 et
3542 724 3673 775 tan-

2026 810 2202 867 quam
2221 802 2488 854 octavum
2503 799 2894 858 illiuslibrum
2916 803 3069 875 typis
3091 804 3182 860 edi
3195 806 3437 863 curavit.
3459 806 3670 879 Elapso

2026 882 2162 939 inde
2191 888 2467 956 triennio,
2502 888 2611 945 hoc
2653 894 2762 961 est,
2814 908 2966 947 anno
3028 893 3186 965 1545,
3249 894 3671 967 Sigismundus

2025 971 2300 1030 Gelenius
2320 992 2527 1033 novam
2542 977 2721 1050 hujus
2743 978 2897 1049 libri,
2920 981 3124 1037 eodem
3149 982 3318 1037 titulo
3334 988 3392 1038 et
3412 984 3668 1055 nomine,

2024 1062 2261 1118 Basileas
2279 1064 2433 1137 typis
2452 1066 2719 1123 Frobenii
2742 1068 3055 1126 editionem
3072 1069 3227 1141 juris
3248 1071 3404 1138 fecit];
3424 1072 3668 1143 publici.

2094 1169 2311 1226 Eodem
2332 1176 2536 1244 postea
2565 1190 2759 1231 errore
2791 1175 2953 1232 ducti
2984 1180 3148 1246 sunt,
3168 1175 3209 1231 ii
3247 1194 3282 1233 a
3311 1177 3528 1250 quibus
3558 1179 3669 1237 hoc

2022 1256 2172 1315 liber
2199 1260 2403 1316 eodem
2428 1262 2601 1320 modo
2632 1263 2848 1321 iterum
2879 1264 2941 1323 in
2963 1265 3274 1325 Germania
3329 1282 3581 1325 excusus
3608 1272 3666 1326 et

2021 1346 2354 1421 divulgatus
2385 1356 2496 1408 est.

2087 1455 2658 1530 Sicigiturhicliber,
2682 1460 2935 1517 Arnobio
2966 1465 3316 1535 praepostere
3344 1463 3658 1537 ascriptus,

2013 1544 2220 1600 tandiu
2271 1547 2506 1603 nemine
2567 1550 3088 1620 animadvertente,
3128 1551 3305 1609 variis
3332 1551 3393 1607 in
3452 1554 3659 1610 mundi

2011 1633 2298 1703 partibus,
2319 1634 2508 1705 Italia,
2527 1636 2735 1710 Gallia,
2763 1638 3073 1696 Germania
3099 1638 3493 1697 volutabatur.
3518 1642 3654 1699 Om-

2009 1736 2113 1777 nes
2143 1737 2377 1796 quoque
2405 1724 2550 1781 alios
2582 1726 2759 1783 etiam
2787 1728 3052 1785 doctores
3081 1728 3348 1785 homines
3369 1729 3465 1785 hic
3495 1747 3656 1786 error

1926 1809 1973 1875 B
2003 1810 2145 1868 adeo
2178 1811 2487 1883 invaserat,
2521 1819 2586 1871 ut
2638 1816 2919 1873 Erasmus
2968 1816 3114 1890 ipse,
3146 1819 3205 1873 in
3229 1817 3493 1890 legendis
3524 1835 3654 1874 san-

2002 1903 2233 1956 ctorum
2263 1902 2532 1960 Ecclesiae
2564 1904 2807 1962 Patrum
2852 1904 3019 1962 libris
3048 1906 3414 1975 exercitatus,
3449 1923 3649 1965 verum

2000 1987 2238 2045 Minucii
2270 1991 2553 2049 Octavium
2584 2010 2699 2051 non
2734 1994 2990 2068 amplius
3020 2000 3247 2052 exstare
3311 1998 3647 2064 asseruerit,

2000 2077 2111 2134 Sed
2133 2079 2184 2134 si
2210 2080 2507 2137 attentiori
2530 2081 2626 2139 ille
2656 2082 2854 2140 animo
2888 2084 3123 2141 ethunc
3152 2086 3408 2141 auctoris
3437 2086 3646 2156 nostri,

1999 2170 2169 2239 atque
2198 2167 2342 2225 alios
2372 2171 2611 2227 Arnobii
2670 2172 2851 2229 libros
2871 2171 3129 2246 legisset,
3160 2190 3277 2229 non
3309 2173 3509 2230 minus
3530 2173 3644 2246 ipsi

1997 2272 2175 2329 quam
2198 2257 2338 2315 olim
2360 2259 2706 2333 Nepotiane.
2728 2265 2794 2318 ut
2814 2261 3201 2335 Hieronymus
3223 2266 3466 2320 testatur
3486 2263 3646 2334 (Hie-

1995 2361 2223 2417 ronym.
2255 2347 2426 2419 epist.
2459 2349 2548 2417 35,
2580 2350 2651 2405 ad
2680 2350 2891 2406 Heliod.
2926 2367 2983 2423 p.
3015 2353 3164 2422 271),
3198 2351 3364 2407 facile
3402 2366 3644 2424 promp-

1992 2436 2240 2507 tumque
2257 2436 2779 2506 fuisset,diversam
2794 2439 2966 2512 plane
2982 2441 3291 2513 utriusque
3310 2440 3641 2497 discernere

1993 2522 2223 2580 dicendi
2246 2527 2553 2583 rationem.
2587 2528 2656 2584 Et
2681 2544 2837 2601 vero,
2870 2528 3011 2601 quid
3063 2531 3306 2586 Erasmo
3328 2530 3637 2601 caaterique

1994 2612 2271 2671 omnibus
2290 2615 2544 2683 facilius,
2565 2632 2744 2688 quam
2765 2617 2923 2673 hunc
2943 2616 3161 2674 librum
3181 2617 3638 2688 volvendo,con-

1993 2701 2189 2759 festim
2221 2704 2653 2777 deprehendere
2708 2707 2945 2762 Arnobii
2976 2706 3159 2763 libros
3191 2723 3306 2762 non
3330 2707 3391 2763 in
3423 2706 3640 2779 dialogi

1994 2792 2269 2863 formam,
2299 2793 2452 2851 sicut
2484 2793 2579 2851 hic
2610 2794 2851 2851 Minucii
2882 2794 3154 2868 Octavius,
3178 2796 3446 2869 styloque
3465 2795 3639 2870 longe

1994 2881 2221 2938 diverso
2243 2899 2372 2941 esse
2402 2882 2777 2956 compositos.

2062 2992 2138 3045 At
2168 2990 2388 3062 optime
2418 2991 2658 3062 quidem
2689 2990 2746 3047 id
2798 2989 3084 3048 intellexit
3111 2990 3458 3049 Franciscus
3508 2989 3639 3048 Bal-

1993 3077 2236 3148 duinus,
2275 3084 2448 3152 atque
2480 3080 2589 3137 hac
2620 3080 2751 3154 ipsa
2772 3082 2843 3137 de
2867 3098 3066 3153 causa,
3098 3080 3407 3149 Lactantii,
3432 3079 3640 3137 Hiero—

236 3182 351 3239 sola
378 3189 771 3260 separataque
798 3191 1119 3261 sufﬁciunt,
1148 3166 1537 3254 demonstrari
1559 3166 1883 3271 potest.Mi-
1914 3180 1956 3249 C
1995 3166 2287 3271 Emi?”
2316 3185 2468 3271 ,quos
2489 3186 2676 3270 supra,
2717 3168 3046 3241 Citavimus’
3070 3168 3412 3271 alienat?
3431 3170 3638 3271 ﬁfty!

237 3272 403 3329 nncio
429 3272 631 3346 itaque
662 3277 862 3335 nullus
893 3280 1033 3338 vitio
1057 3286 1469 3357 unquamjure
1499 3287 1706 3343 merito
1762 3303 1889 3343 ver-

232 3362 382 3429 terit,
419 3364 580 3435 quod
603 3366 674 3420 ad
698 3367 963 3427 funditus
984 3374 1324 3447 avertendos
1371 3375 1679 3448 gentilium
1739 3393 1890 3432 erro-

229 3452 420 3521 res,ad
446 3454 879 3526 propulsandae
900 3459 1134 3519 illorum
1146 3463 1293 3519 391
1318 3463 1377 3520 in
1398 3464 1760 3523 Christianos
1780 3465 1886 3521 fal-

226 3541 505 3598 sissimas
546 3544 1007 3616 criminationes,
1040 3567 1105 3606 ac
1123 3551 1534 3610 stabiliendum
1549 3554 1886 3611 christiana:

226 3630 544 3703 religionis
573 3634 897 3707 veritatem,
922 3654 991 3693 ex
1020 3638 1292 3711 pluribus
1322 3643 1684 3716 argumentis
1710 3660 1778 3700 ea
1801 3660 1887 3700 se-

218 3717 455 3792 legerit,
492 3722 714 3793 quibus
745 3723 865 3780 haac
895 3727 1041 3784 satis
1063 3744 1358 3801 superque
1380 3731 1882 3788 demonstrantur.

216 3812 307 3864 Ita
334 3826 487 3866 sane
512 3808 693 3883 aliqui
717 3811 873 3869 haud
898 3814 1069 3887 plane
1092 3818 1379 3891 ignobiles
1404 3819 1735 3877 christiana
1757 3821 1884 3877 reli-

214 3896 421 3968 gionis
442 3897 970 3973 defensores,illius
986 3905 1289 3963 veritatem
1314 3908 1795 3966 demonstrarunt
1814 3926 1883 3966 ex

217 3986 574 4056 adimpletis
596 3987 927 4048 divinorum
944 3994 1368 4067 prophetarum
1400 3998 1672 4071 oraculis,
1694 3999 1791 4054 alii
1813 4015 1882 4055 ex

214 4071 443 4131 Christi
476 4076 1022 4155 discipulorumque
1050 4085 1179 4156 ejus
1230 4087 1551 4158 miraculis,
1593 4088 1692 4145 alii
1748 4105 1880 4145 vero

215 4162 357 4219 aliis
389 4166 788 4238 argumentis,
812 4185 938 4240 quae
961 4171 1055 4228 hic
1075 4173 1450 4232 dinumerare
1474 4177 1618 4233 nihil
1642 4192 1879 4235 necesse

213 4257 330 4319 est,
352 4254 494 4325 quis
527 4258 725 4312 tamen
773 4257 905 4317 illos
931 4277 1038 4318 suo
1090 4262 1419 4322 defensoris
1470 4283 1714 4325 munere
1761 4284 1879 4325 non

190 4376 191 4379 η
217 4339 338 4398 rite
368 4342 710 4414 perfunctos
739 4346 932 4406 dicere
962 4366 1227 4423 unquam
1251 4370 1432 4412 ausus
1461 4359 1551 4413 est
1579 4356 1609 4412 ‘I

780 4514 1182 4576 ARTICULUS
1226 4521 1323 4578 III.

222 4616 315 4671 De
371 4613 537 4689 hujus
604 4626 1001 4751 manuscripttis
1057 4626 1340 4754 .godicibm
1402 4631 1683 4703 variisque
1761 4631 1879 4687 edi-

945 4712 1063 4754 zom
1101 4714 1184 4754 us.

945 4712 1184 4756 ιοηεοαδ.

290 4818 465 4879 Unus
488 4822 656 4883 nobis
671 4826 793 4899 jam
818 4844 852 4885 a
869 4828 1044 4905 longo
1066 4836 1325 4907 tempore
1347 4838 1579 4892 tantum
1609 4840 1879 4908 superest

218 4905 413 4980 hujus
431 4910 568 4970 libri
600 4919 1042 4992 manuscriptus
1071 4905 1251 4980 codex
1280 4925 1630 4999 octingentis
1662 4905 1875 4982 abhinc

221 4999 405 5056 annis
432 5000 686 5076 eleganti
718 5023 859 5064 sane
889 5008 1238 5084 charactere,
1267 5015 1367 5069 sed
1400 5015 1470 5071 ab
1502 5014 1775 5088 imperito
1806 5014 1873 5069 1i-

220 5084 423 5178 brario
452 5090 804 5166 descriptus.
830 5098 1069 5155 Arnovii
1091 5105 1287 5157 autem
1310 5104 1548 5161 nomine
1579 5084 1711 5178 post
1739 5121 1871 5178 sep-

220 5176 345 5232 tem
378 5177 537 5237 illius
569 5183 849 5242 adversus
875 5191 1078 5259 gentes
1107 5189 1289 5248 libros
1309 5192 1419 5251 hoc
1439 5176 1609 5249 titulo
1639 5176 1873 5251 exhibe-

222 5266 613 5327 turzArnobii
656 5274 803 5330 liber
834 5277 921 5332 VII
952 5280 1224 5350 explicat:
1304 5284 1507 5352 Incipit
1564 5284 1704 5340 liber
1758 5282 1874 5339 VIII

226 5353 478 5441 feliciter.
510 5360 795 5419 Summus
820 5371 1016 5423 autem
1062 5368 1326 5427 Pontifex
1381 5372 1538 5427 hunc
1592 5373 1869 5441 codicem,

230 5439 425 5503 Romae
452 5447 517 5504 in
548 5449 905 5510 bibliotheca
924 5455 1205 5514 Vaticana
1226 5464 1543 5531 repertum,
1565 5439 1873 5517 Francisco

230 5532 417 5602 primo
445 5536 769 5599 Galliarum
792 5542 914 5616 regi
945 5559 1079 5601 cum
1100 5563 1217 5603 uno
1248 5548 1449 5621 primae
1477 5549 1637 5607 illius
1664 5550 1873 5606 editio-

232 5622 327 5682 nis
352 5627 673 5703 exemplar,
694 5631 846 5689 dono
876 5633 1040 5693 dedit
1072 5651 1085 5692 :
1111 5637 1357 5711 jamque
1385 5639 1445 5696 in
1476 5640 1637 5714 regia
1665 5639 1875 5700 biblio-

1998 3255 2279 3312 Octavium
2316 3257 2474 3314 hunc
2504 3258 2760 3331 genuino
2791 3275 2898 3314 suo
2931 3258 3155 3330 parenti
3180 3257 3432 3315 Minucio
3465 3256 3642 3313 Felici

1996 3344 2271 3401 restituit.
2305 3347 2693 3413 Quamobrem
2725 3363 2878 3402 anno
2910 3345 3259 3418 1560,illum,
3290 3347 3419 3418 ipso
3448 3345 3639 3402 Minu-

1996 3433 2070 3489 cii
2104 3435 2257 3491 892
2291 3435 2525 3491 nomine
2556 3435 2929 3507 inscriptum,
2979 3434 3203 3491 curavit
3240 3434 3641 3507 Heidelbergae

1994 3522 2149 3595 typis
2181 3523 2453 3579 Ludovici
2486 3524 2646 3580 Lucii
2673 3524 2899 3582 excudi.

2066 3630 2372 3687 Tredecim
2411 3635 2607 3688 tamen
2639 3634 2843 3704 postea
2899 3631 3093 3699 annis,
3147 3629 3430 3687 nimirum
3488 3646 3640 3687 anno

2000 3718 2155 3786 1583,
2184 3736 2331 3775 nova
2362 3719 2543 3792 hujus
2572 3720 2707 3776 libri
2726 3737 2862 3777 cum
2884 3725 3107 3793 septem
3129 3718 3485 3775 Arnobianis
3516 3720 3639 3775 edi-

1990 3806 2072 3863 tio
2103 3825 2136 3863 a
2160 3807 2355 3863 Fulvio
2387 3807 2599 3865 Ursino
2634 3809 2829 3865 Romae
2859 3810 3140 3866 adornata
3163 3813 3271 3876 est,
3304 3809 3364 3863 in
3404 3825 3521 3880 qua
3540 3807 3638 3865 ille

1991 3895 2064 3951 ab
2094 3895 2189 3952 his
2211 3896 2291 3952 ita
2315 3898 2617 3969 sejunctus
2639 3898 2769 3965 fuit,
2793 3902 3071 3970 tanquam
3099 3896 3349 3953 Ursinus
3372 3896 3429 3950 id
3462 3896 3638 3951 fecis-

1989 3988 2078 4041 set
2109 3985 2373 4041 omnium
2398 3985 2645 4058 primus,
2669 4003 2776 4043 nec
2802 3985 2960 4042 ullus
2987 3987 3058 4041 de
3079 3985 3189 4042 hoc
3218 3983 3453 4041 Minucii
3485 3983 3635 4039 libro

1989 4075 2060 4131 ab
2090 4075 2442 4132 Arnobianis
2473 4076 2837 4149 sejungendo
2851 4075 3135 4131 hactenus
3157 4072 3488 4146 cogitasset.
3522 4072 3634 4128 Sed

1988 4162 2257 4220 Balduini
2280 4164 2596 4222 editionem
2630 4165 2677 4220 si
2708 4164 2951 4232 viderat,
2975 4164 3190 4220 bonam
3223 4161 3381 4217 illius
3413 4161 3629 4230 ﬁdem;

1986 4253 2038 4309 si
2060 4270 2175 4309 non
2198 4258 2456 4322 noverat,
2478 4253 2842 4328 diligentiam
2863 4253 3021 4310 haud
3039 4252 3211 4325 plane
3225 4251 3518 4308 immerito
3531 4251 3632 4306 de-

1984 4341 2292 4401 siderabis.

2054 4446 2339 4522 Deinceps
2365 4465 2500 4506 vero
2522 4466 2557 4506 a
2583 4447 2805 4505 casteria
2833 4447 3108 4504 omnibus
3137 4446 3233 4503 hic
3253 4446 3401 4503 liber
3445 4446 3633 4504 Minu-

1907 4550 1957 4617 D
1988 4536 2062 4593 cii
2094 4538 2331 4593 nomine
2360 4537 2556 4594 editus
2589 4541 2697 4593 est.
2736 4536 2883 4592 Nam
2908 4535 3161 4608 posthaec
3183 4535 3377 4593 studio
3407 4538 3465 4592 et
3494 4552 3635 4592 cura

1988 4625 2279 4683 Johannis
2301 4643 2334 4695 a
2354 4626 2595 4682 Wovver
2615 4623 2850 4682 Basileae
2874 4641 2944 4682 ex
2961 4624 3225 4683 Frobenii
3249 4624 3635 4699 typographia

1986 4731 2139 4772 anno
2164 4716 2297 4771 1603
2313 4715 2547 4788 prodiit.
2572 4719 2689 4772 Nos
2713 4718 2909 4771 autem
2939 4714 3036 4771 ille
3061 4715 3337 4772 admonet
3356 4730 3420 4772 se
3438 4714 3632 4771 Minu-

1984 4803 2137 4860 ciani
2168 4808 2363 4860 textus
2394 4807 2585 4861 errata
2605 4804 2925 4861 correxisse
2966 4820 3036 4861 ex
3064 4803 3165 4861 illa
3194 4803 3383 4862 Fulvii
3414 4803 3631 4861 Ursinii

1984 4893 2261 4964 editione,
2282 4897 2458 4966 atque
2479 4911 2547 4951 ex
2577 4894 2690 4951 alio
2716 4894 2970 4966 quodam
2992 4894 3161 4952 libro.
3189 4896 3357 4967 cujus
3376 4891 3627 4964 margini

1984 4982 2278 5040 variantes
2298 4983 2577 5041 lectiones
2599 4999 2667 5039 ex
2687 4984 3086 5056 manuscripto
3109 4984 3287 5056 regio,
3306 4987 3482 5054 atque
3494 4978 3628 5035 aliis

1983 5086 2051 5128 ex
2080 5070 2247 5128 libris
2279 5072 2484 5129 Petrus
2514 5071 2717 5129 Daniel
2755 5071 3085 5145 collegerat.

2052 5178 2376 5251 Hamburgi
2431 5194 2568 5237 vero
2627 5177 2807 5235 semel
2850 5181 2909 5233 et
2960 5177 3170 5233 iterum
3204 5174 3374 5231 annis
3405 5174 3544 5228 1610
3573 5177 3631 5231 et

1985 5269 2124 5325 1612
2152 5267 2309 5323 idem
2330 5267 2431 5325 ille
2458 5266 2691 5323 Minucii
2724 5265 2907 5322 nostri
2928 5264 3077 5321 liber
3105 5263 3177 5318 ab
3210 5262 3506 5319 Gebharto
3535 5261 3629 5317 El-

1982 5357 2344 5414 menhorstio
2377 5373 2512 5413 cum
2544 5358 2768 5427 septem
2796 5352 3037 5410 Arnobii
3069 5351 3235 5443 libris
3293 5350 3626 5424 publicatus

1985 5445 2114 5503 fuit.

2054 5551 2243 5609 Simili
2258 5565 2488 5624 quoque
2503 5549 2674 5607 modo
2696 5548 2811 5606 alia
2827 5544 2989 5605 illius
3011 5547 3187 5608 editio
3207 5547 3447 5607 Parisiis
3482 5563 3635 5607 anno

1984 5639 2125 5698 1613
2154 5657 2188 5697 a
2224 5638 2524 5699 Desiderio
2548 5636 2794 5697 Heraldo
2840 5637 2943 5694 sed
2966 5636 3104 5696 ullis
3127 5641 3350 5711 absque
3377 5638 3441 5695 in
3470 5639 3639 5695 Octa-
