4102 6162
460 302 581 366 403

1740 295 1845 356 DE
1888 292 2194 358 MINUGII
2239 293 2587 359 OCTAVIO

3673 272 3815 372 ’4οι

458 437 619 495 vium
642 430 1167 499 observationibus,
1222 428 1308 487 uti
1337 443 1473 485 mox
1502 427 1750 499 dicetur,
1807 428 2107 498 adornata,
2139 427 2196 495 Α
2224 425 2430 484 merito
2490 427 2717 497 habuit,
2777 427 2886 485 hac
2934 427 3182 486 lectione
3239 428 3617 493 adolescentes
3668 456 3816 512 posse

466 527 528 583 in
560 522 857 598 publicam
889 522 1080 578 lucem
1112 519 1330 576 emissa
1350 522 1459 575 est.

534 613 725 671 Aliam
755 611 935 683 huius
964 609 1098 667 libri
1142 608 1478 677 editionem,
1498 607 1569 664 ab
1588 606 2000 664 Oxoniensium
2026 612 2109 679 ty-

466 702 900 780 pographorum
918 699 1151 757 ofﬁcina
1163 699 1504 772 profectam,
1531 698 1631 754 sed
1651 697 1721 753 ab
1750 696 1881 753 aliis
1902 712 2111 769 parum

469 795 901 866 discrepantem
930 789 1101 845 nobis
1128 789 1352 844 indicat
1379 785 1671 843 Ouzelius.

538 902 745 957 Postea
772 914 906 954 vero
962 895 1236 951 Nicolaus
1286 892 1574 966 Rigaltius
1602 892 1768 948 illum
1802 893 1872 949 ad
1901 891 2115 948 codicis

471 990 637 1063 Regii
658 989 831 1045 ﬁdem
855 987 1046 1042 denuo
1069 982 1746 1057 castigatum,variisque
1773 981 1833 1036 in
1858 980 2022 1051 locis,
2050 985 2116 1037 ut

471 1079 596 1153 ipse
625 1078 726 1145 ait,
759 1078 1080 1133 correctum
1111 1077 1167 1129 et
1189 1073 1564 1129 emendatum
1596 1071 1837 1127 Lutetiae
1865 1069 2114 1127 Parisio-

474 1184 607 1227 rum
631 1167 783 1239 apud
804 1165 1041 1222 viduam
1067 1161 1388 1219 Mathurini
1413 1160 1634 1232 Dupuis
1652 1158 1894 1232 protulit
1913 1159 1973 1215 in
1990 1158 2116 1216 vul-

473 1273 604 1331 gus.
635 1257 708 1312 Et
737 1259 889 1312 certe
917 1254 978 1309 in
1032 1254 1141 1308 hoc
1172 1250 1330 1325 regio
1352 1251 1545 1307 codice
1576 1248 1980 1321 manuscripto
2017 1249 2116 1305 de-

475 1344 894 1420 prehendimus
923 1341 1159 1416 Rigaltii
1190 1344 1379 1407 notas,
1418 1338 1634 1411 quibus
1665 1338 1904 1394 Minucii
1945 1338 2121 1394 verba

474 1434 765 1509 separavit
791 1432 1174 1504 correxitque,
1225 1446 1291 1485 ac
1347 1428 1540 1485 varias
1594 1425 2117 1500 interpunctiones,

477 1525 696 1599 quibus
713 1525 1006 1580 commata
1022 1525 1078 1577 et
1091 1519 1336 1592 phrases
1352 1516 1598 1573 credidit
1620 1533 1747 1573 esse
1760 1516 2122 1589 distinguen-

477 1615 569 1672 da.
600 1616 683 1671 Ex
712 1614 819 1670 hac
849 1616 1046 1669 autem
1077 1607 1330 1666 editione
1357 1606 1515 1663 idem
1536 1605 1686 1661 liber
1700 1604 2120 1662 Amstelodami

477 1721 631 1762 anno
657 1703 816 1770 4645,
848 1705 905 1757 et
933 1701 1086 1756 inter
1114 1695 1385 1770 Cypriani
1416 1694 1601 1767 Opera
1621 1710 1771 1750 anne
1807 1695 1939 1749 1666
1960 1697 2120 1766 post-

478 1794 720 1851 modum
755 1806 1006 1847 excusus
1034 1790 1140 1845 est.
1177 1786 1388 1841 Verum
1419 1783 1594 1841 editio
1620 1800 1655 1839 a
1674 1782 1927 1856 Rigaltio
1958 1783 2123 1838 ador—
2152 1799 2202 1866 Β

479 1886 618 1941 nata
644 1880 904 1955 plurium
934 1874 1417 1950 vituperationem
1442 1872 1694 1945 effugere
1738 1888 1856 1927 non
1913 1870 2121 1944 potuit,

554 1969 830 2041 Quamvis
857 1967 1013 2025 enim
1060 1965 1312 2022 Jacobus
1366 1961 1639 2019 Ouzelius
1686 1978 1803 2018 non
1860 1960 2125 2017 minimis

480 2060 644 2118 illam
675 2057 911 2116 extollat
938 2054 1250 2122 laudibus;
1285 2051 1462 2108 aliam
1494 2054 1711 2118 tamen,
1737 2050 1820 2106 uti
1854 2050 2123 2122 putabat,

478 2150 779 2207 meliorem
800 2147 925 2220 ipse
947 2145 1135 2201 adhuc
1152 2141 1489 2199 adolescens
1511 2156 1663 2195 anno
1681 2139 1821 2194 l652
1854 2137 2127 2211 Lugduni

477 2240 829 2297 Batavorum
858 2235 1013 2308 apud
1043 2232 1372 2290 Johannem
1402 2228 1456 2285 le
1504 2229 1681 2284 Maire
1711 2226 2122 2300 promulgavit.

476 2329 625 2387 Nam
644 2327 706 2383 in
744 2324 906 2381 illius
949 2320 1288 2395 praefatione
1308 2318 1597 2375 monitum
1616 2316 1891 2372 lectorem
1904 2316 2045 2371 facit
2065 2331 2127 2371 se

475 2416 732 2476 auctoris
756 2413 954 2481 verba,
994 2412 1067 2467 ab
1100 2409 1231 2465 aliis
1260 2424 1329 2464 ex
1356 2406 1515 2479 regio
1538 2405 1735 2461 codice
1755 2409 1908 2461 recte
1928 2420 2124 2461 emen-

474 2499 1127 2576 data,retinuisse,alias
1137 2496 1431 2570 vulgatam
1449 2493 1777 2567 praetulisse
1793 2493 2123 2549 lectionem.

474 2596 858 2668 Conjecturas
885 2606 1020 2647 vero
1049 2605 1209 2657 suas,
1245 2602 1480 2658 easque,
1516 2588 1581 2640 ut
1607 2583 1734 2656 ipse
1787 2583 1890 2653 ait,
1923 2583 2126 2638 certis-

475 2685 660 2744 simae
680 2680 861 2741 semel
888 2683 1117 2737 tantum
1141 2680 1242 2733 aut
1261 2674 1352 2731 bis
1373 2672 1708 2731 Minuciano
1733 2671 1984 2728 inseruit
2005 2676 2122 2727 tex-

476 2773 829 2843 tui,cwteras
851 2768 975 2826 suis
1001 2764 1298 2823 commisit
1317 2760 2123 2819 animadversionibueDeni-

479 2879 594 2937 que
623 2859 878 2936 plurima
907 2857 965 2913 in
998 2871 1175 2930 prava
1203 2852 1515 2909 verborum
1544 2849 2017 2923 interpunctione
2057 2865 2123 2906 ac

478 2948 858 3008 distinctione
887 2962 949 3004 se
970 2946 1319 3001 immutasse
1357 2939 1727 2997 testiﬁcatur.

549 3042 628 3097 Ea
647 3043 845 3096 autem
869 3034 1087 3092 Ouzelii
1109 3032 1283 3089 editio
1306 3046 1511 3087 recusa
1530 3028 1691 3085 estin
1723 3025 1956 3083 ofﬁcina
1977 3026 2122 3083 Hac-

474 3130 653 3189 kiana
677 3125 943 3200 Lugduni
972 3124 1319 3180 Batavorum
1341 3134 1494 3176 anno
1517 3117 1659 3173 4672
1683 3141 1696 3184 ;
1721 3117 1822 3172 sed
1847 3132 1962 3187 quo
1983 3132 2121 3171 auc-

2218 514 2386 572 latini
2417 518 2706 574 sermonis
2735 519 2921 575 nitore
2950 522 3008 575 et
3055 518 3359 591 elegantia,
3389 538 3453 577 ac
3482 523 3606 581 fidei
3634 535 3818 589 nostra

2221 606 2611 675 documentis,
2644 625 2874 664 morum
2908 608 3236 681 sanctitate,
3287 625 3351 666 ac
3407 610 3637 670 historia
3662 620 3816 678 eccle.

2223 694 2461 752 siastica
2488 696 2667 752 simul
2697 698 2883 754 imbui
2915 702 2973 755 et
3002 699 3335 754 informari.

2294 784 2558 857 Denique
2586 785 2681 841 hic
2702 786 2848 844 liber
2876 804 3029 843 anno
3062 789 3201 843 1709
3223 789 3487 862 Lugduni
3513 791 3820 856 Batavorum

2224 893 2253 922 «
2288 887 2357 928 ex
2386 874 2722 930 recensione
2749 876 2949 932 Jacobi
2981 876 3249 933 Gronovii
3284 898 3310 925 δ)
3340 878 3489 950 typis
3546 886 3824 944 mandatus

2225 964 2335 1018 est.
2370 962 2592 1028 Quibus
2612 968 2805 1020 autem
2829 964 3155 1022 rationibus
3172 966 3245 1021 ad
3271 981 3402 1022 eum
3426 985 3623 1025 rursus
3657 975 3823 1043 publi-

2226 1051 2480 1107 candum
2507 1052 2794 1109 adductus
2840 1053 3034 1124 fuerit,
3068 1055 3150 1111 sic
3180 1054 3278 1111 ille
3306 1056 3377 1112 ab
3397 1057 3520 1134 ipso
3573 1063 3824 1132 praefatio-

2227 1139 2319 1195 nis
2350 1156 2468 1196 suae
2499 1142 2734 1200 exordio
2764 1141 3048 1214 explicat:
3085 1166 3111 1194 ει
3145 1143 3460 1216 Repetenta
3487 1153 3605 1203 erat
3633 1149 3687 1205 in
3737 1152 3827 1210 hac

2226 1229 2371 1285 urbe
2391 1229 2567 1286 editio
2590 1230 2665 1285 M.
2699 1229 2938 1287 Minucii
2968 1231 3195 1303 Felicis,
3240 1250 3374 1289 cum
3414 1237 3567 1292 vario
3594 1255 3829 1298 sermone

2229 1317 2300 1373 ad
2334 1316 2709 1375 librariorum
2742 1319 3007 1377 notitiam
3031 1321 3189 1377 venit
3218 1338 3349 1378 mea
3379 1323 3641 1397 frequens
3684 1327 3835 1400 hujus

2229 1404 2412 1462 libelli
2444 1408 2900 1477 commendatio,
2930 1413 2987 1464 et
3043 1409 3183 1466 olim
3215 1426 3281 1466 ac
3307 1426 3535 1482 semper
3563 1412 3735 1481 lectio,
3782 1421 3835 1473 ut

2228 1495 2353 1551 ﬁeri
2382 1497 2670 1567 nequiret,
2705 1497 2845 1569 quin
2884 1498 3069 1554 iretur
3108 1500 3180 1554 ad
3211 1515 3327 1555 me.
3361 1521 3391 1552 »
3423 1499 3611 1557 Multis
3664 1504 3834 1577 itaque

2229 1584 2569 1641 nominibus
2590 1586 2639 1642 ei
2656 1585 2859 1658 procul
2882 1587 3057 1643 dubio
3079 1588 3360 1644 obstricta
3380 1592 3468 1645 est
3484 1589 3833 1650 litteratorum

2228 1673 2580 1746 respublica,
2613 1677 2768 1747 quod
2789 1693 2958 1732 suam
2982 1675 3145 1733 hisce
3176 1676 3455 1746 librariis,
3504 1695 3604 1736 seu
3664 1682 3834 1752 potius

2228 1762 2636 1835 typographis,
2666 1780 2781 1821 non
2814 1765 3108 1839 negaverit
3136 1782 3399 1839 operum.
3430 1767 3560 1824 Sine
3587 1785 3649 1824 ea
3677 1771 3834 1826 enim-

2230 1868 2364 1908 vero
2395 1856 2591 1909 actum
2614 1858 2739 1910 erat
2761 1854 2833 1910 de
2854 1871 3001 1911 nova
3023 1855 3235 1913 Octavii
3249 1856 3525 1925 editione,
3554 1862 3650 1914 aut
3669 1859 3835 1916 minus

2233 1941 2419 1998 doctis
2450 1943 2727 2000 manibus
2760 1943 3066 2016 inquinata
3096 1946 3315 2017 potius,
3349 1962 3527 2019 quam
3560 1954 3836 2021 repurgata

2232 2030 2565 2103 prodiisset.

2304 2119 2520 2176 Omnes
2551 2136 2683 2178 vero
2712 2122 3002 2195 vituperat
3030 2125 3363 2197 superiores
3392 2124 3569 2196 hujus
3594 2125 3715 2182 libri
3741 2127 3839 2182 edi-

2233 2208 2446 2280 tiones,
2501 2209 2844 2284 nullamque
2897 2229 3026 2270 esse
3056 2214 3289 2281 asserit,
3325 2214 3385 2269 in
3429 2232 3544 2287 qua
3563 2215 3718 2288 plura
3746 2232 3840 2271 non

2234 2298 2662 2355 desiderentur.
2695 2303 2767 2357 At
2796 2300 2927 2357 illas
2958 2301 3019 2358 in
3062 2302 3270 2375 primis
3302 2303 3585 2360 infamare
3614 2307 3838 2372 conatur,

2235 2403 2362 2458 quas
2394 2387 2563 2444 annis
2600 2388 2756 2459 1645,
2786 2392 2966 2461 11652,
2997 2396 3054 2447 et
3084 2392 3243 2460 4672,
3267 2409 3304 2447 a
3362 2392 3607 2465 Rigaltio
3655 2397 3707 2448 et
3746 2393 3841 2449 Ou-

2233 2474 2378 2530 zelio
2401 2476 2756 2534 concinnatae
2788 2483 2946 2535 sunt.
2977 2479 3133 2536 Nihil
3158 2484 3361 2536 tamen
3384 2480 3542 2536 aliud
3572 2480 3841 2553 reprehen-

2234 2563 2339 2632 dit,
2365 2565 2477 2620 nisi
2499 2567 2681 2636 [quod
2734 2567 2985 2641 vulgatae
3016 2569 3078 2624 in
3109 2569 3183 2625 iis
3239 2570 3643 2626 annotationes
3670 2592 3697 2620 «
3746 2569 3843 2624 sint

2233 2652 2433 2720 nimis,
2460 2654 2673 2727 inquit,
2707 2656 2954 2729 c0piosre
2985 2661 3043 2713 et
3073 2657 3377 2729 loquaces,
3410 2662 3514 2715 aut
3531 2658 3695 2714 nimis
3723 2675 3843 2731 pau-

2232 2757 2329 2797 cae.
2359 2763 2389 2792 »
2423 2743 2799 2817 Longioribus
2829 2746 3046 2819 quippe
3076 2763 3192 2803 non
3223 2747 3422 2804 solum
3455 2748 3774 2805 obscuratur
3796 2750 3842 2802 et

2230 2832 2522 2888 evanescit
2549 2836 2670 2890 tota
2728 2834 3044 2892 Minuciani
3092 2837 3389 2893 sermonis
3428 2842 3707 2908 venustas,
3759 2837 3840 2892 sed

2231 2919 2549 2990 ejusetiam
2564 2926 2780 2991 textus,
2813 2924 2871 2980 in
2890 2924 3007 2980 illis
3028 2941 3285 2996 mersus,
3314 2943 3525 2999 magno
3556 2926 3672 2982 sine
3699 2924 3841 2980 tedio

2228 3006 2322 3063 vix
2353 3026 2386 3064 a
2415 3027 2713 3084 quoquam
2745 3013 2961 3086 perlegi
2985 3018 3195 3087 potest.
3256 3015 3434 3071 Plura
3461 3015 3692 3086 insuper
3741 3014 3845 3068 loca

2232 3112 2539 3170 superesse
2603 3106 2771 3173 putat
2846 3118 2972 3174 qua:
3026 3103 3262 3159 tametsi
3322 3104 3667 3160 correctione
3720 3101 3844 3156 indi-

474 3167 653 3189 ιιιαυυι
678 3167 760 3184 μμ
802 3167 943 3183 μω..
973 3167 1319 3180 μων-νων..
1341 3167 1491 3176 η..-
1525 3167 1653 3173 ηπ
1684 3167 1696 3184 ,
1722 3167 1822 3172 _-_
1852 3167 1956 3187 γ-
1986 3167 2089 3171 η-
2308 3167 2325 3170 -
2603 3167 2621 3173 ,
2863 3167 2882 3174 _

474 3226 623 3287 tore,
646 3167 887 3289 cujnfsve
910 3212 1103 3270 studio
1125 3214 1181 3267 et
1203 3209 1419 3279 labore,
1444 3206 1677 3279 penitus
1696 3208 1935 3261 tacetur.
1969 3206 2122 3261 898
2154 3167 2197 3235 Ο
2236 3191 2430 3292 ὅθεξῑιξ»
2649 3190 2731 3292 ab.
2779 3207 2984 3292 earum
3041 3196 3240 3292 tamen
3306 3191 3844 3292 animadversionum

475 3278 640 3366 Brevi
663 3278 878 3363 etenim
909 3305 1141 3359 tantum
1175 3278 1725 3355 monitodeclarant
1754 3294 2119 3367 typographi,

2237 3278 2624 3349 scriptoribus
2653 3278 2870 3336 intacta
2926 3281 3187 3351 omnino,
3220 3298 3293 3338 ac
3341 3280 3719 3355 praetermissa
3744 3279 3845 3335 fue-

475 3415 540 3455 se
570 3395 780 3452 dubios
838 3391 1159 3463 anxiosque
1189 3387 1453 3453 haesisse,
1523 3385 1694 3456 cujus
1748 3383 2126 3456 potissimum
2238 3369 2395 3463 Pulli-

476 3484 780 3558 scriptoris
829 3496 1005 3555 opera
1057 3478 1220 3535 novis
1270 3476 1425 3549 typis
1480 3473 1767 3541 cuderint,
1819 3473 2125 3529 doctorum

476 3575 716 3631 tandem
735 3572 964 3628 viorum
995 3567 1241 3624 consilio
1284 3566 1442 3621 hunc
1471 3562 1721 3620 edidisse
1742 3560 1979 3618 Minucii
2022 3563 2127 3620 Fc-

476 3663 610 3720 licis
640 3659 964 3725 Octavium,
1014 3656 1311 3722 omnibus,
1373 3652 1458 3709 uti
1489 3651 1676 3720 aiunt,
1710 3650 1976 3707 numeris
2006 3651 2129 3708 suis

478 3750 836 3819 absolutum,
859 3764 927 3803 ac
957 3743 1317 3818 quibuslibet
1336 3741 1660 3810 variorum,
1684 3756 1811 3812 quas
1844 3738 2127 3796 hactenus

479 3839 835 3915 prodierant,
862 3836 1015 3892 notis
1037 3838 1094 3890 et
1110 3829 1721 3889 animadversionibus
1742 3827 2125 3885 illustratum.

548 3950 621 4004 At
648 3943 954 4012 Gronovio,
983 3940 1155 3998 sicuti
1179 3938 1352 4012 paulo
1375 3939 1506 4010 post
1535 3935 1783 4003 dicetur,
1817 3934 1988 4008 longe
2022 3935 2127 3992 ali-

2308 3459 2386 3511 At
2401 3459 2554 3512 certe
2584 3473 2702 3513 non
2751 3456 2863 3514 alio
2889 3458 3212 3515 Gronovius
3244 3460 3448 3517 animo
3478 3460 3679 3520 harum
3729 3456 3844 3513 alia-

2238 3560 2487 3616 rumque
2512 3545 2834 3603 editionum
2864 3547 3008 3604 vitia
3034 3564 3389 3622 exaggerare
3409 3549 3651 3615 videtur,
3673 3544 3771 3603 nisi
3797 3546 3850 3599 ut

2237 3633 2556 3706 unicuique
2578 3636 2928 3708 persuadeat
2957 3654 3126 3693 suam
3159 3640 3387 3696 caeteris
3436 3638 3565 3696 aliis
3584 3653 3703 3694 esse
3727 3650 3845 3707 pra:-

2202 3742 2207 3747 ~
2238 3723 2603 3791 stantiorem,
2637 3725 3029 3798 omnibusque
3080 3728 3351 3785 numeris
3375 3727 3715 3785 absolutam.
3757 3721 3847 3776 Ve-

2236 3816 2568 3869 rumtamen
2591 3830 2715 3886 quas
2746 3813 2805 3870 in
2828 3815 3064 3871 Minucii
3118 3819 3306 3873 nostri
3340 3821 3501 3874 textu
3526 3815 3736 3873 mendis
3760 3811 3846 3867 ad-

2236 3898 2351 3956 huc
2372 3901 2640 3973 pluribus
2671 3903 2900 3973 fcsdata,
2935 3908 3037 3960 aut
3090 3905 3436 3964 obscuriora
3486 3922 3611 3963 esse
3663 3902 3844 3965 censet,

2235 3990 2357 4046 haac
2388 3991 2609 4048 nullius
2638 3993 3025 4066 manuscripti
3087 3994 3311 4051 codicis
3372 3994 3725 4061 auctoritate,
3763 3988 3845 4045 sed

2236 4080 2361 4137 suis
2382 4083 2771 4149 tatummodo,
2789 4082 2877 4139 vel
2905 4082 3154 4140 aliorum
3175 4086 3537 4156 conjecturis
3558 4082 3843 4141 enucleare,

2232 4169 2321 4224 vel
2353 4172 2507 4242 quod
2540 4170 2732 4228 rarius
2761 4175 2867 4243 est,
2916 4173 3229 4229 emendare
3261 4174 3603 4230 connititur.
3663 4165 3843 4237 Quanti

2234 4275 2405 4330 porro
2434 4260 2552 4316 haec
2572 4261 2918 4333 conjectura:
2940 4260 3059 4317 sint
3091 4264 3401 4333 momenti,
3433 4263 3585 4319 infra
3613 4276 3711 4319 suo
3739 4257 3841 4313 loco

480 4042 570 4097 ter
597 4037 787 4093 visum
821 4037 929 4090 est.
990 4030 1231 4087 Nullum
1286 4027 1579 4084 enimvero
1636 4041 1766 4081 esse
1796 4028 1986 4096 putat,
2019 4025 2127 4082 hac

473 4126 605 4199 ipsa
634 4127 869 4197 propter
899 4121 1134 4177 easdem
1166 4116 1385 4175 Ouzelii
1408 4118 1575 4171 notas
1607 4114 1866 4186 pejorern
1897 4114 2125 4171 minus-

475 4231 588 4289 que
610 4211 993 4287 probandam.
1027 4208 1202 4264 Porro
1237 4209 1436 4262 autem
1467 4201 1703 4260 tametsi
1733 4201 1834 4258 illa
1889 4201 2127 4274 elegan-

472 4302 744 4369 tioribus,
779 4315 954 4372 quam
985 4301 1200 4353 caetera.-
1222 4310 1447 4361 omnes,
1481 4291 1633 4365 typis
1666 4308 1880 4347 excusa
1912 4290 2124 4360 {videa-

472 4396 591 4460 tur,
625 4390 797 4463 plura
827 4386 1216 4443 nihilominus
1247 4399 1314 4439 ac
1346 4380 1726 4455 potissimum
1759 4380 1819 4435 in
1851 4380 2124 4436 observa-

471 4480 733 4537 tionibus
764 4482 821 4534 et
850 4476 1023 4542 nolis,
1049 4474 1149 4530 ubi
1198 4476 1504 4530 auctorum
1540 4469 1675 4539 libri
1707 4470 1983 4539 citantur,
2035 4473 2121 4543 ty-

474 4567 912 4643 pographorum
938 4540 1130 4620 errata
1150 4560 1669 4634 deprehendimus.
1693 4558 1853 4623 Quod
1879 4540 2120 4630 quidem
2152 4540 2197 4605 D
2230 4543 2297 4584 °°

473 4657 693 4714 idcirco
722 4654 1082 4711 monendum
1132 4668 1260 4708 esse
1286 4650 1583 4718 duximus,
1644 4664 1717 4704 ne
1748 4647 1884 4719 quis
1923 4646 1981 4701 in
2014 4664 2116 4719 po-

473 4751 720 4811 sterum,
768 4744 962 4799 iisnon
984 4740 1126 4797 satis
1151 4740 1460 4814 diligenter
1480 4737 1850 4805 examinatis,
1873 4736 1933 4791 in
1956 4753 2118 4793 erro-

472 4853 597 4894 rem
629 4835 963 4890 inducatur.

540 4925 729 4983 Aliam
753 4927 1028 4996 praaterea
1047 4919 1293 4991 hujusce
1316 4914 1632 4975 Minuciani
1652 4913 1783 4970 libri
1801 4913 2115 4969 editionem

469 5013 924 5086 Christophorus
954 5008 1235 5066 Gellarius
1283 5007 1344 5062 in
1404 5004 1734 5061 christiana).
1784 5001 2115 5073 juventutis

467 5105 717 5180 gratiam
740 5101 983 5167 curavit,
1010 5097 1186 5154 Hallae
1209 5111 1360 5152 anno
1380 5094 1538 5161 1699,
1557 5091 1778 5166 perﬁci.
1804 5091 1933 5147 Hac
1954 5092 2112 5180 enim

466 5178 654 5265 illius,
686 5192 911 5249 utinam
944 5192 1002 5245 et
1025 5185 1313 5249 omnium,
1360 5182 1471 5238 fuit
1498 5180 1806 5247 sententia,
1865 5178 2115 5251 optimos

466 5281 778 5341 latinitatis
805 5283 1095 5343 auctores,
1126 5274 1482 5340 Ciceronem,
1514 5269 1798 5342 aliosque,
1830 5268 1931 5340 qui
1964 5267 2112 5323 nihil

467 5373 585 5432 nisi
607 5370 887 5444 pudicum
910 5371 968 5422 et
984 5366 1294 5429 honestum
1317 5360 1609 5432 exhibent,
1633 5359 1705 5415 ab
1725 5356 2109 5415 adolescenti-

468 5464 581 5519 bus
604 5456 942 5514 christianis
962 5453 1237 5530 legendos
1258 5466 1419 5519 sane,
1442 5451 1541 5507 sed
1570 5449 1641 5506 iis
1667 5448 2110 5519 conjungendos

466 5548 802 5607 christiana:
830 5543 1098 5600 Ecclesiae
1124 5541 1567 5616 antiquissimos
1590 5545 1648 5596 et
1693 5538 1943 5612 purioris
1974 5536 2112 5593 lati-

458 5637 664 5697 uitatis
696 5634 1028 5707 scriptores.
1050 5636 1408 5693 Persuasum
1432 5630 1724 5703 siquidem
1746 5628 1843 5686 ille
1861 5644 1967 5684 nec
1998 5626 2108 5682 im-

2233 4349 2630 4418 ostendemus,
2663 4351 2975 4423 palamque
3005 4367 3137 4407 mox
3167 4352 3638 4409 faciemusillum
3660 4348 3772 4406 suis
3796 4345 3842 4399 in

2232 4436 2388 4493 notis
2414 4437 2474 4493 in
2506 4440 2711 4495 eadem
2774 4439 3053 4496 incidisse
3107 4440 3268 4510 vitia,
3301 4458 3434 4514 quae
3465 4441 3523 4497 in
3556 4439 3680 4498 aliis
3706 4437 3843 4493 tanta

2302 4527 2585 4583 nﬁdentia
2602 4528 2950 4599 redarguere
2975 4544 3160 4584 ausus
3188 4534 3297 4584 est.

2299 4615 2737 4672 Observandum
2769 4616 2960 4671 adhuc
3010 4620 3099 4672 est
3124 4619 3413 4687 quasdam
3470 4634 3541 4672 ex
3592 4614 3840 4670 hactenus

2226 4705 2533 4762 recensitis
2562 4705 2809 4777 hujusce
2828 4704 3169 4774 iMinuciani
3201 4704 3339 4761 libri
3368 4704 3720 4762 editionibus
3746 4713 3839 4755 non

2226 4795 2429 4863 semel,
2461 4796 2561 4851 sed
2618 4793 2895 4861 secundo,
2954 4793 3148 4863 tertio,
3179 4799 3357 4866 atque
3407 4795 3585 4852 etiam
3615 4788 3839 4862 amplius

2224 4885 2377 4958 typis
2406 4900 2650 4942 excusas
2681 4883 2883 4939 fuisse.
2933 4882 3045 4940 Sed
3080 4883 3181 4955 qui
3212 4884 3365 4940 nihil
3396 4884 3483 4941 eis
3515 4882 3643 4940 novi
3673 4892 3837 4936 acces-

2226 4975 2321 5042 sit,
2356 4972 2487 5030 illas
2517 4972 2612 5028 hic
2635 4988 3023 5029 annumerare
3052 4976 3110 5027 et
3134 4987 3442 5030 recensere
3474 4986 3676 5045 parum
3704 4964 3838 5029 utile,

2225 5067 2328 5120 aut
2358 5062 2550 5136 potius
2582 5062 2754 5135 plane
2783 5077 3210 5134 supervacuum
3241 5062 3415 5120 nobis
3444 5061 3687 5118 videtur.

2773 5221 3172 5280 ARTICULUS
3235 5222 3304 5280 IV

2220 5336 2295 5393 De
2321 5335 2611 5390 variorum
2638 5332 2701 5387 in
2728 5330 2872 5386 hunc
2900 5329 3104 5456 librizm
3131 5330 3272 5387 notis
3329 5335 3384 5386 et
3405 5352 3415 5358 ι
3438 5322 3837 5385 animadversio-

2954 5418 3017 5456 m
3055 5417 3137 5456 us.

2954 5417 3137 5457 1220118.

2293 5534 2371 5588 Ex
2391 5533 2464 5588 iis
2489 5529 2787 5597 omnibus,
2829 5541 3082 5599 quorum
3113 5541 3288 5598 opera
3318 5525 3478 5581 hunc
3508 5524 3711 5579 librum
3757 5520 3835 5586 ty-

2220 5622 2310 5696 pis
2337 5622 2563 5679 editum
2587 5619 2865 5687 diximus,
2889 5614 3059 5689 pauci
3081 5618 3239 5681 sunt,
3262 5614 3367 5687 qui
3392 5612 3611 5673 multas
3638 5609 3693 5665 in
3717 5616 3832 5663 eum
