4102 6162
294 256 404 319 ιοδ

1718 259 2267 326 DISSEBTA’I‘IO.

3576 253 3696 318 406

288 392 449 446 notas
482 391 541 445 et
568 387 1004 447 observationes
1036 405 1154 446 non
1182 390 1625 464 publicaverint.
1657 395 1793 460 Qua:
1822 393 1940 450 ita-
1965 395 2021 462 Α
2050 395 2307 453 auctoris
2353 396 2536 454 nostri
2566 398 2747 467 textu,
2802 392 2893 450 vel
2940 393 3011 450 de
3057 406 3124 449 co
3181 389 3531 462 conjecturis
3570 388 3697 445 suis

290 495 418 551 que,
454 477 729 551 qualesve
759 495 826 534 ac
885 480 1054 551 cujus
1092 481 1324 553 generis
1362 481 1503 548 sint,
1543 482 1671 554 jam
1694 501 1729 538 a
1766 482 1937 539 nobis

287 566 693 639 explicandum
725 571 834 647 est.
867 567 1061 624 Primo
1092 566 1328 642 quidem
1356 572 1613 628 Joannes
1645 570 1937 629 Meursius

296 655 609 714 nonnullas
640 656 699 712 in
730 652 887 712 hunc
912 656 1214 714 Octavium
1238 659 1497 731 protulit,
1529 677 1673 732 quas
1702 661 1762 715 in
1793 677 1937 733 quo-

296 747 426 804 dam
461 746 747 818 opusculo
778 747 1167 819 Hypocriu'cus
1194 749 1577 821 Minucianus,
1601 753 1717 806 sive
1774 749 1941 806 Criti-

288 850 375 891 σω
395 833 732 902 subsecivm,
763 834 1043 907 inscripo,
1110 852 1356 893 excusas
1406 837 1709 895 habemus.
1757 839 1821 894 In
1862 838 1937 895 iis

282 928 476 981 autem
510 922 750 980 nonulla
770 924 1026 981 auctoris
1058 925 1403 998 nostri,qum
1434 927 1937 1000 corruptaipsivi-

282 1013 593 1083 debentur,
626 1013 752 1070 loca
781 1014 1131 1085 conjecturis
1162 1014 1290 1072 suis
1320 1015 1628 1089 corrigere,
1652 1017 1752 1073 sed
1785 1031 1937 1089 saepe

282 1102 498 1175 saepius
536 1101 734 1158 minus
765 1102 1013 1159 feliciter
1043 1107 1099 1158 et
1128 1103 1395 1176 apposite
1423 1109 1667 1161 conatus
1698 1105 1938 1162 est.Alia

280 1208 411 1248 vero
442 1191 713 1264 quaedam
734 1208 921 1264 pauca
949 1191 1201 1250 aliorum
1238 1192 1593 1266 scriptorum
1617 1194 1809 1252 verbis
1838 1210 1935 1251 ex-

281 1280 460 1354 plicat
491 1283 548 1336 et
576 1280 1017 1353 interpretatur.

350 1370 698 1427 Franciscus
710 1374 906 1427 autem
919 1370 1243 1428 Balduinus
1261 1371 1320 1428 in
1333 1372 1531 1429 suisin
1546 1373 1703 1430 hunc
1717 1373 1936 1430 librum

284 1458 742 1531 Prolegomenis,
774 1464 1083 1534 postquam
1114 1460 1281 1518 illum
1312 1462 1566 1520 Minucio
1598 1462 1771 1520 Felici
1809 1462 1937 1519 vin-

287 1548 519 1618 dicavit,
550 1549 817 1621 qutedam
848 1550 920 1605 de
950 1550 1078 1622 ejus
1108 1553 1298 1619 aetate,
1322 1550 1566 1618 familia,
1586 1551 1937 1624 patria,pro-

282 1637 559 1709 fessione,
591 1637 926 1707 causidicis,
956 1639 1335 1712 Romanoque
1349 1641 1472 1697 foro
1485 1641 1934 1713 praefatumTum

2047 485 2387 559 corrigendo
2418 486 2700 559 disputat.
2750 484 2815 541 In
2846 482 2979 541 aliis
3031 498 3164 538 vero
3226 497 3335 537 nos
3374 478 3473 534 ille
3502 478 3589 534 vel
3623 478 3697 533 ad

2047 590 2186 631 suas
2217 574 2464 632 remittit
2493 578 2662 631 notas
2680 573 2740 629 in
2764 570 3219 638 Arnobiilibros,
3243 570 3331 625 vel
3356 566 3700 624 Tertulliani

2044 663 2503 737 Apologeticum,
2536 664 2706 734 cuius
2731 667 2927 719 tamen
2966 660 3063 719 vix
3090 659 3212 715 ulla
3237 657 3404 714 ullibi
3432 656 3571 712 citat
3600 672 3696 711 ca-

2045 751 2187 824 pita.
2222 756 2284 807 In
2315 752 2535 809 caeteris
2591 752 2827 809 tandem
2887 750 3039 806 notis
3097 747 3415 805 sententias
3455 743 3697 801 Minucii

2045 855 2114 897 ex
2143 840 2275 898 aliis
2305 841 2688 914 scriptoribus
2743 840 3091 897 confirmare
3140 840 3403 894 conatur.
3437 836 3549 891 Sed
3580 832 3693 888 illa:

2045 929 2297 1002 primam
2329 929 2508 1002 hujus
2539 928 2673 985 libri
2704 933 2954 1002 partem,
3006 926 3286 984 nimirum
3332 922 3543 981 Caecilii
3573 939 3694 978 ser-

2045 1034 2304 1086 monem,
2333 1023 2391 1075 et
2418 1018 2579 1076 illius
2629 1018 2689 1074 in
2746 1016 3105 1076 Christianos
3136 1013 3462 1071 calumnias
3507 1010 3698 1084 magis

2045 1111 2329 1180 spectant.
2362 1108 2734 1165 Paucissimaa
2763 1111 2961 1164 autem
3010 1102 3303 1177 ejusmodi
3332 1104 3473 1158 sunt
3502 1100 3562 1155 in
3595 1100 3698 1156 0c-

2043 1196 2181 1255 tavii
2210 1197 2672 1271 responsionem,
2705 1201 2762 1252 et
2793 1195 2855 1253 in
2884 1195 3131 1267 rejectos
3169 1196 3345 1266 atque
3376 1189 3696 1263 exagitatos

2045 1286 2119 1343 ab
2147 1285 2246 1344 illo
2277 1285 2492 1360 impios
2522 1284 2893 1343 ethnicorum
2924 1284 3094 1340 ritus.

2114 1394 2479 1462 Quibusdam
2510 1398 2707 1450 autem
2733 1391 3163 1450 observationes
3186 1387 3423 1461 Rigaltii
3453 1386 3513 1442 in
3535 1385 3695 1441 hunc

2045 1483 2262 1541 librum
2291 1484 2535 1540 erudita:
2567 1500 2673 1539 nec
2730 1498 2939 1555 parum
2999 1480 3241 1537 curiosas
3296 1477 3589 1533 videntur.
3624 1474 3698 1531 Ut

2043 1571 2202 1629 enim
2232 1571 2378 1628 alios
2406 1571 2777 1637 omittamus,
2808 1568 3079 1626 Ouzelius
3122 1568 3183 1623 in
3214 1583 3323 1623 sua
3350 1565 3423 1621 ad
3456 1580 3591 1620 eum
3622 1562 3700 1618 1i-

2044 1659 2220 1716 brum
2269 1659 2603 1732 praefatione
2660 1659 2875 1715 fatetur
2925 1656 3113 1713 multa
3159 1655 3219 1711 in
3276 1654 3361 1710 eis
3418 1651 3698 1725 praeclara

273 1728 481 1784 deinde
506 1727 745 1833 disserit
774 1728 845 1784 de
875 1729 1003 1800 ejus
1052 1728 1189 1785 libri
1223 1729 1395 1803 stylo,
1426 1735 1795 1803 argumento,
1821 1747 1926 1786 va-

2044 1727 2311 1815 inveniri,
2342 1752 2401 1805 et
2430 1747 2560 1821 plus
2594 1745 3107 1803 caeterisomnibus
3132 1746 3206 1800 ab
3227 1743 3329 1799 illo
3361 1742 3696 1798 restitutam

271 1817 355 1871 ria
382 1815 594 1871 Caecilii
629 1816 969 1889 Octaviiqne
998 1818 1341 1890 disputandi
1371 1819 1615 1889 ratione,
1657 1836 1723 1876 ac
1755 1818 1927 1892 plura

2044 1838 2258 1897 Octavio
2275 1815 2605 1907 sanitatem,
2617 1836 2931 1909 Rigaltium
2946 1839 3143 1891 tamen
3156 1836 3457 1905 propterea
3474 1830 3697 1903 arguit,

269 1906 445 1979 hujus
478 1905 899 1979 disputationis
927 1907 1117 1979 capita
1143 1908 1399 1964 breviter
1427 1909 1683 1981 exponit.
1716 1911 1796 1965 Ea
1824 1926 1928 1965 au-

268 1998 383 2052 tem
415 2011 487 2050 ex
505 1994 637 2051 aliis
654 1995 1010 2066 quibusdam
1037 1996 1446 2069 scriptoribus,
1469 2014 1537 2053 ac
1551 1996 1928 2069 potissimum

272 2101 334 2141 ex
365 2084 700 2141 christiana;
732 2084 1033 2156 religionis
1062 2086 1488 2155 defensoribus,
1511 2086 1741 2143 Justino
1772 2103 1928 2142 mar-

278 2178 422 2246 tyre,
454 2173 847 2246 Athenagora,
878 2173 1200 2247 Theophilo
1224 2175 1604 2245 Antiocheno,
1637 2174 1930 2231 Clemente

275 2261 685 2330 Alexandrino,
734 2261 1010 2332 Arnobio,
1068 2263 1389 2332 Lactantio,
1449 2262 1774 2331 Ambrosio,
1811 2265 1927 2319 Au-

279 2351 512 2424 gustino
542 2351 881 2419 confirmat;
917 2351 1020 2407 sed
1052 2350 1264 2408 nullibi
1315 2352 1432 2408 fere
1462 2351 1685 2408 indicat
1712 2352 1928 2425 quibus

281 2440 338 2495 in
369 2439 537 2496 libris
565 2439 653 2495 vel
685 2455 801 2511 qua
830 2438 1118 2496 librorum
1175 2440 1236 2495 in
1293 2444 1457 2513 parte
1511 2440 1634 2497 haec
1691 2457 1817 2514 quae
1847 2442 1929 2498 ci-

282 2528 420 2586 tavit
448 2528 579 2585 loca
608 2530 991 2601 reperiantur.
1028 2529 1285 2602 Denique
1314 2531 1386 2586 ad
1427 2529 1784 2603 prtefationis
1812 2529 1930 2587 cal-

279 2635 401 2676 cem
432 2617 797 2675 Christianos
825 2618 896 2673 ad
927 2620 1271 2675 venerandae
1304 2619 1642 2676 exhortatur
1670 2619 1931 2692 antiqui-

282 2708 414 2764 tatis
446 2706 854 2764 ecclesiasticte
886 2707 1169 2765 studium.

345 2814 661 2872 Wowerus
691 2830 824 2870 vero
856 2813 915 2868 in
950 2812 1077 2869 suis
1129 2813 1284 2869 notis
1316 2812 1586 2870 brevitati
1617 2813 1761 2870 satis
1792 2830 1932 2871 con-

280 2902 480 2960 suluit.
513 2903 619 2958 His
650 2907 847 2959 autem
877 2902 967 2958 vel
998 2905 1191 2959 textus
1245 2902 1459 2959 menda
1488 2902 1775 2975 corrigere
1796 2903 1932 2959 niti-

280 2996 393 3059 tur,
422 2991 514 3048 vel
545 2991 787 3048 Minucii
817 2990 1022 3061 Felicis
1074 2991 1250 3048 verba
1280 3008 1345 3047 ac
1390 2992 1548 3047 dicta
1576 2990 1930 3065 quibusdam

282 3081 527 3139 aliorum
560 3082 917 3154 scriptorum
946 3079 1304 3137 testimoniis
1329 3080 1617 3153 explicare
1645 3085 1748 3137 aut
1776 3080 1928 3137 395

282 3172 648 3229 conﬁrmare.
682 3170 898 3227 Verum
940 3170 1222 3242 majorem
1276 3169 1336 3226 in
1394 3169 1467 3227 iis
1516 3169 1766 3227 citandis
1796 3171 1932 3241 jure

279 3265 427 3319 certe
460 3260 668 3317 merito
712 3259 1077 3333 diligentiam
1135 3259 1209 3316 ab
1268 3259 1397 3332 ipso
1446 3259 1725 3332 requiras.
1782 3260 1930 3316 Nam

276 3350 492 3408 alicubi
524 3350 781 3423 appellat
808 3352 1039 3405 tantum
1062 3349 1364 3422 scriptoris
1392 3365 1625 3418 nomen,
1648 3350 1748 3406 sed
1771 3348 1932 3405 illius

271 3439 513 3511 librum,
540 3438 628 3495 vel
659 3438 794 3493 libri
817 3437 1033 3510 locum,
1067 3437 1168 3494 ubi
1190 3439 1368 3495 citata
1389 3439 1463 3495 ab
1492 3437 1593 3494 illo
1623 3438 1800 3495 verba
1829 3455 1929 3494 oc-

272 3532 534 3600 currant,
568 3528 827 3585 indicare
857 3544 974 3584 non
1004 3531 1189 3585 curat.
1222 3529 1383 3595 Quod
1415 3528 1654 3600 quidem
1686 3528 1759 3583 ab
1776 3543 1843 3584 eo
1870 3528 1930 3585 in

265 3618 482 3693 primis
521 3618 856 3675 factitatum
887 3615 1432 3686 animadvertimus,
1462 3617 1563 3673 ubi
1593 3618 1666 3673 ad
1696 3616 1933 3673 Tertul-

260 3706 407 3763 liani
432 3705 621 3762 libros
654 3709 827 3777 atque
855 3704 915 3761 in
947 3704 1155 3777 primis
1176 3704 1338 3761 illius
1356 3704 1794 3778 Apologeticum
1824 3722 1930 3762 nos

260 3797 472 3854 mittit.
506 3793 843 3867 Aliquando
873 3794 1048 3851 etiam
1079 3798 1327 3867 vagatur
1355 3797 1516 3850 extra
1544 3795 1930 3867 propositum.

252 3884 550 3959 Exemplo
580 3884 661 3941 sit
687 3882 787 3940 ille
816 3882 1001 3957 locus,
1036 3882 1137 3940 ubi
1168 3882 1438 3941 Octavius
1468 3900 1503 3939 a
1529 3882 1755 3942 Caecilio
1775 3906 1805 3935 «
1837 3883 1931 3956 pi-

256 3981 501 4034 storum
534 3972 890 4048 praecipuus,
926 3995 956 4024 »
990 3989 1108 4029 non
1140 3972 1267 4030 sine
1297 3971 1553 4029 convicio
1583 3972 1929 4046 appellatur.

253 4067 342 4123 Ibi
375 4066 547 4123 enim
580 4066 893 4120 Wowerus
926 4062 1136 4131 multa,
1162 4078 1290 4136 quae
1304 4062 1378 4118 ad
1395 4061 1649 4119 auctoris
1670 4060 1932 4135 proposi-

247 4159 388 4213 tum
423 4153 580 4211 nihil
611 4152 850 4227 penitus
882 4151 1126 4221 faciunt,
1168 4167 1476 4225 perperam
1505 4150 1821 4226 congessit.

325 4258 760 4320 Elmenhorstii
813 4263 1010 4316 autem
1049 4262 1199 4316 notae
1232 4258 1627 4317 Wowerianis
1658 4257 1931 4332 prolixio-

252 4369 362 4410 res
393 4354 558 4419 sunt,
598 4354 774 4422 atque
804 4348 866 4405 in
894 4348 968 4406 iis
1007 4347 1194 4423 multo
1227 4348 1561 4406 accuratius
1591 4365 1769 4422 quam
1800 4351 1935 4406 Wo-

254 4457 480 4498 werus
506 4442 752 4497 annotat
778 4442 1084 4496 auctorum
1115 4456 1151 4495 a
1178 4454 1241 4495 se
1265 4437 1578 4495 citatorum
1604 4437 1749 4495 loca.
1783 4442 1923 4495 Fru-

2038 1928 2196 1999 quod
2222 1926 2573 1998 conjecturis
2629 1925 2751 1981 suis
2811 1924 3064 1980 nimium
3122 1921 3444 1994 indulgeat,
3477 1935 3695 1990 easque

2038 2016 2275 2074 Minucii
2302 2015 2493 2072 verbis
2522 2014 2998 2079 intermiscendo,
3031 2010 3199 2068 illum
3256 2027 3324 2066 ea
3354 2010 3692 2082 loquentem

2037 2106 2230 2173 faciat,
2265 2122 2393 2178 quis
2423 2105 2483 2161 in
2515 2108 2769 2160 mentem
2802 2102 2914 2175 ipsi
2934 2118 3050 2158 non
3076 2103 3372 2157 venerant.
3405 2097 3693 2154 Gronovio

2037 2199 2234 2253 autem
2266 2194 2316 2251 si
2347 2195 2572 2266 credas,
2594 2193 2718 2250 haec
2734 2191 2975 2249 Minucii
2995 2190 3204 2247 Felicis
3225 2188 3544 2261 disputatio
3576 2203 3693 2243 me-

2037 2285 2296 2352 rebatur,
2332 2304 2361 2334 ‹‹
2410 2288 2475 2340 ut
2505 2284 2841 2356 procederet
2870 2280 3251 2348 reverentius,
3283 2281 3341 2335 et
3370 2278 3563 2334 acrius
3595 2293 3694 2332 ex-

2038 2373 2220 2448 polita
2246 2389 2313 2429 ac
2342 2371 2577 2429 meliore
2607 2371 2668 2427 in
2698 2369 2922 2427 lumine
2965 2369 3173 2443 posita,
3232 2390 3254 2419 ι
3291 2383 3470 2441 quam
3501 2366 3561 2422 in
3592 2365 3695 2422 illa

2037 2461 2274 2537 Rigaltii
2312 2461 2585 2518 editione.

2108 2555 2185 2607 At
2212 2554 2365 2608 certe
2395 2549 2664 2623 quisquis
2695 2548 2874 2621 hujus
2919 2546 3350 2604 observationes
3381 2544 3604 2619 legerit,
3637 2544 3691 2602 is

2039 2638 2348 2697 manifeste
2377 2637 2715 2711 comperiet,
2746 2637 2807 2692 in
2838 2635 2956 2692 illis
2976 2635 3267 2692 emendati
3294 2638 3488 2692 textus
3516 2634 3693 2691 ratio-

2040 2745 2173 2786 nem
2202 2728 2517 2801 aliquando
2546 2726 2760 2795 afferri,
2794 2725 2993 2797 aliqua
3021 2725 3360 2781 obscuriora
3388 2724 3563 2779 verba
3592 2740 3691 2779 ex-

2041 2817 2290 2891 planari,
2323 2834 2390 2874 ac
2438 2816 2606 2890 plura
2634 2814 2872 2873 Minucii
2920 2813 3049 2870 loca
3105 2813 3356 2870 aliorum
3384 2816 3692 2869 auctorum

2039 2907 2265 2964 ﬂrmari
2295 2906 2660 2964 auctoritate.
2688 2908 2817 2960 Non
2840 2902 3039 2959 minus
3058 2906 3257 2960 tamen
3286 2901 3440 2958 clare
3462 2901 3693 2973 perspi-

2040 2996 2155 3054 ciet
2182 2995 2394 3053 horum
2424 3011 2576 3067 sepe
2602 3008 2709 3050 nec
2736 2993 2942 3063 libros,
2998 3008 3106 3049 nec
3160 2991 3445 3047 librorum
3476 2991 3691 3063 capita,

2042 3086 2146 3143 sed
2194 3084 2386 3143 solum
2418 3099 2628 3141 nomen
2656 3082 2842 3139 citari.
2884 3082 3070 3139 Multa
3098 3096 3333 3154 quoque
3363 3079 3692 3153 deprehen-

2042 3175 2139 3232 det
2166 3175 2238 3231 ab
2280 3173 2431 3232 389
2482 3171 2582 3230 illo
2632 3172 2872 3229 omnino
2919 3169 3331 3244 praetermissa,
3392 3185 3518 3242 qua
3574 3185 3692 3224 non

2041 3263 2260 3332 minus,
2305 3277 2485 3335 quam
2523 3265 2749 3330 caetera,
2809 3259 3213 3333 explanatione
3267 3257 3467 3331 aliqua
3522 3273 3692 3330 egere

2037 3352 2363 3409 videantur.
2397 3354 2696 3408 Postremo
2736 3350 2983 3423 quilibet
3039 3365 3109 3406 ex
3164 3352 3369 3422 postea
3423 3348 3690 3405 dicendis

2041 3457 2355 3514 agnoscere
2384 3434 2619 3512 poterit,
2650 3456 2827 3514 quam
2859 3438 3082 3496 levibus
3137 3454 3291 3511 saepe
3337 3437 3687 3509 conjecturis

2038 3534 2261 3588 textum
2292 3530 2531 3587 Minucii
2560 3530 2868 3586 emendare
2895 3528 3162 3587 voluerit.

2110 3637 2385 3705 Quamvis
2414 3636 2772 3710 longissimas
2802 3637 3058 3710 profecto
3088 3635 3209 3693 sint
3222 3634 3436 3693 Ouzelii
3456 3634 3516 3691 in
3530 3635 3689 3691 hunc

2038 3726 2256 3784 librum
2286 3725 2843 3795 animadversiones,
2876 3742 2976 3783 eas
3015 3730 3213 3782 tamen
3244 3742 3279 3781 a
3306 3741 3370 3782 se
3400 3744 3429 3775 «
3452 3723 3691 3796 juveni-

2038 3816 2194 3874 libus
2223 3817 2414 3884 annis,
2446 3838 2477 3868 »
2508 3832 2574 3872 ac
2630 3838 2661 3868 «
2719 3820 2987 3873 currente
3024 3815 3201 3887 praalo
3259 3835 3290 3866 ››
3338 3814 3692 3887 compositas

2038 3906 2271 3963 fatetur.
2301 3907 2387 3963 Ad
2416 3905 2541 3963 haec
2568 3921 2701 3962 vero
2731 3905 2988 3962 declarat
3014 3904 3075 3961 in
3106 3903 3179 3961 iis
3218 3920 3279 3960 se
3324 3904 3395 3959 ab
3440 3902 3692 3959 aliorum

2040 3995 2277 4053 tametsi
2300 3994 2777 4052 doctissimorum
2816 3994 3073 4051 virorum
3101 3992 3395 4050 sententia
3424 4008 3694 4047 nonnun-

2041 4101 2240 4158 quam,
2273 4084 2376 4141 sed
2423 4084 2571 4140 citra
2597 4082 3036 4154 contumeliam,
3078 4080 3439 4139 discessisse.
3472 4080 3690 4135 Verum

2040 4190 2138 4232 eas
2170 4173 2510 4247 prolixiores
2567 4188 2696 4230 esse
2752 4187 2925 4229 nemo
2982 4188 3125 4228 sane
3182 4168 3495 4243 negaverit.
3528 4168 3691 4241 Smpe

2039 4263 2197 4320 enim
2228 4280 2261 4319 a
2293 4261 2589 4337 proposito
2620 4260 2874 4318 auctoris
2895 4264 3053 4317 textu
3075 4275 3318 4331 prorsus
3338 4257 3685 4330 digreditur,

2040 4359 2096 4409 et
2121 4352 2311 4426 plura,
2344 4368 2470 4423 qum
2518 4351 2590 4407 ad
2647 4350 2815 4406 illum
2862 4348 3009 4405 nihil
3056 4347 3289 4420 penitus
3340 4345 3581 4412 faciunt,
3613 4347 3687 4403 ad

2040 4456 2323 4499 nauseam
2354 4453 2541 4511 usque
2570 4437 2853 4511 congerit.
2884 4437 3061 4493 Visne
3109 4435 3378 4507 quaedam
3407 4434 3690 4491 harumce

253 4534 410 4588 stre.
440 4534 627 4586 tamen
661 4528 984 4601 quidquam
1005 4528 1066 4584 in
1086 4527 1928 4600 tamlongisobservationibus
1958 4511 2004 4577 Ῑ)
2035 4529 2467 4603 digressionum
2499 4527 2606 4584 tibi
2634 4525 2881 4599 proferri
2911 4524 3177 4597 exempla
3211 4524 3240 4580 ‘I
3267 4523 3433 4595 Vide,
3466 4540 3685 4596 quaeso,

250 4635 527 4693 queres,
556 4618 710 4692 quod
743 4618 815 4675 ad
843 4615 1161 4673 Minuciani
1178 4620 1374 4674 textus
1402 4615 1797 4690 integritatem
1827 4620 1929 4674 aut

245 4707 745 4766 emendationem
775 4705 1103 4779 pertineat;
1161 4722 1299 4762 nam
1354 4704 1417 4762 in
1452 4704 1572 4763 illis
1600 4720 1666 4762 eo
1696 4709 1928 4763 tantum

246 4796 567 4863 collineat,
599 4798 666 4852 ut
692 4795 866 4869 plura
894 4810 1023 4866 quae
1054 4795 1125 4850 ab
1156 4801 1392 4850 auctore
1420 4794 1578 4850 dicta
1607 4798 1767 4853 sunt.
1787 4793 1927 4850 alio-

248 4904 405 4943 rum
436 4884 1162 4953 testimoniisﬁasserantur,
1193 4886 1251 4939 et
1279 4882 1925 4940 stabiliantur.Demum

252 4993 380 5033 nos
412 4975 725 5049 aliquando
756 4974 830 5030 ad
862 4989 1003 5029 suas
1035 4971 1214 5029 mittit
1244 4972 1305 5028 in
1335 4972 1597 5043 Arnobii,
1655 4977 1757 5029 aut
1784 4972 1925 5028 Wo-

256 5066 425 5123 weri
452 5066 511 5121 in
537 5064 694 5121 hunc
724 5061 965 5118 Minucii
996 5061 1180 5118 nostri
1221 5061 1439 5118 librum
1471 5061 1927 5119 animadversio-

264 5170 405 5211 nes.
434 5158 648 5212 Omnes
659 5169 830 5227 porro
858 5150 994 5207 illas
1006 5149 1420 5208 Elmenhorstii
1434 5152 1931 5208 notasGronovius

276 5244 453 5301 solito
482 5260 647 5302 more
684 5258 792 5298 suo
823 5240 1165 5307 contemnit,
1223 5256 1546 5312 verumque
1600 5240 1747 5296 illud
1801 5256 1929 5296 esse

280 5338 595 5402 asseverat,
629 5332 784 5405 quod
809 5331 882 5386 de
909 5329 982 5385 iis
1012 5346 1047 5385 a
1075 5328 1368 5402 Scaligero
1397 5329 1767 5386 anteafuerat
1798 5346 1929 5403 pro-

281 5425 619 5481 nuntiatum
649 5420 944 5495 (Scaliger.
977 5417 1145 5491 epist.
1179 5419 1285 5474 260
1314 5423 1370 5476 et
1397 5419 1545 5492 261).

351 5516 486 5581 Quae
514 5528 654 5570 vero
684 5510 756 5566 ab
786 5508 1032 5567 Heraldo
1062 5507 1328 5581 profectae
1358 5512 1520 5577 sunt,
1550 5507 1611 5566 in
1641 5507 1934 5582 plerisque

280 5602 401 5664 illis
447 5606 520 5662 de
578 5600 908 5672 emendato,
976 5599 1362 5672 manuscripti
1392 5599 1536 5672 regii
1565 5598 1930 5670 auctoritate,

2035 4622 2325 4692 quantum
2356 4635 2389 4673 a
2414 4616 2709 4690 proposito
2764 4614 2955 4671 aliena
2985 4614 3127 4683 sint,
3158 4630 3285 4687 qua;
3324 4614 3397 4670 ad
3446 4612 3687 4669 Minucii

2034 4709 2108 4766 de
2137 4706 2430 4779 lapidibus
2458 4704 2731 4780 efﬁgiatis
2759 4708 2817 4760 et
2832 4703 3370 4760 unctissermonem
3399 4702 3689 4774 explican-

2034 4798 2178 4853 dum
2209 4794 2425 4867 retulit,
2451 4796 2521 4851 de
2552 4793 2722 4851 idolis
2752 4793 2814 4849 in
2836 4793 3108 4850 Meccano
3124 4793 3446 4849 Turcarum
3476 4789 3688 4862 templo

2035 4884 2415 4944 constitutis?
2446 4884 2595 4952 Quid
2625 4899 2758 4941 vero
2788 4884 2861 4939 ad
2884 4881 3125 4939 Minucii
3156 4880 3519 4953 propositum
3550 4895 3690 4934 con-

2036 4974 2201 5033 ducit
2229 4974 2458 5046 longior
2488 4972 2708 5032 Ouzelii
2739 4972 3073 5045 disquisitio
3105 4971 3177 5026 de
3206 4986 3383 5043 opera
3411 4985 3446 5025 a
3474 4967 3687 5023 Roma-

2037 5064 2130 5121 nis
2160 5064 2219 5120 in
2249 5063 2509 5120 delubris
2538 5061 2901 5130 dedicandis,
2937 5060 3024 5117 vel
3063 5060 3135 5115 ab
3166 5058 3296 5114 aliis
3326 5056 3686 5130 quibusdam

2037 5153 2100 5209 in
2133 5152 2514 5209 observandis
2542 5150 2807 5225 auguriis
2834 5151 2992 5221 data,
3026 5165 3091 5205 ac
3112 5148 3182 5203 de
3210 5146 3397 5218 primo
3422 5144 3693 5218 augurio-

2042 5258 2173 5298 rum
2207 5241 2532 5309 inventore,
2556 5244 2613 5296 et
2659 5241 2730 5295 de
2761 5236 2991 5294 delubri
3022 5234 3373 5309 etymologia
3393 5234 3421 5289 ‘I
3449 5233 3523 5291 Ut
3551 5234 3692 5306 quid

2039 5331 2214 5387 etiam
2246 5330 2364 5401 ille,
2395 5330 2593 5387 oblata
2624 5327 2736 5385 sibi
2766 5328 2836 5383 de
2868 5327 3112 5382 deorum
3144 5328 3376 5380 tantum
3398 5322 3693 5380 natalibus

2040 5420 2269 5477 dicendi
2300 5420 2623 5489 occasione,
2656 5416 2729 5474 ad
2785 5413 3181 5487 explanandos
3228 5412 3539 5470 hominum
3570 5418 3693 5471 tam

2037 5509 2395 5585 principum,
2426 5524 2605 5581 quam
2628 5504 3010 5580 privatorum,
3042 5508 3218 5576 atque
3244 5502 3424 5561 etiam
3454 5506 3693 5561 urbium

2041 5600 2268 5660 natales
2289 5597 2751 5672 dies,variosque
2767 5611 2971 5656 eorum
3009 5593 3495 5654 celebrandarum
3523 5593 3693 5662 ritus,
