4102 6162
404 283 523 345 4οἸ

1696 291 1800 353 DE
1846 291 2155 356 MINUGII
2201 292 2540 357 OCTAVIO

3701 296 3818 359 408

401 429 686 489 perquam
715 415 1060 491 longissime
1088 421 1343 479 excurrit
1373 424 1397 479 Ρ
1439 422 1555 480 Nec
1610 425 1867 483 minores
1918 428 2058 482 sunt
2088 427 2145 495 Α
2174 428 2397 483 textum
2431 429 2827 502 representst,
2862 444 3185 503 omnesque
3205 445 3345 488 suas
3377 430 3823 490 animadversio-

400 502 561 560 illius
590 505 983 577 digressiones
1014 509 1084 564 de
1131 509 1400 567 Mercurii
1432 513 1666 569 nomine
1723 518 1780 571 et
1820 514 2051 586 ofﬁciis,

400 591 501 648 ubi
533 609 567 649 a
597 593 850 651 Minucio
884 596 1229 670 simpliciter
1244 600 1462 657 dicitur
1481 603 1728 673 pedibus
1752 602 1923 659 alatis
1953 604 2056 659 de-

400 681 630 753 pictus:
664 685 736 740 de
767 688 1208 756 sternutatione,
1241 690 1341 745 ubi
1396 691 1650 748 Socratis
1694 693 2053 749 daemonium

403 778 896 830 commemoratur
929 793 943 831 :
985 780 1160 850 atque
1192 782 1258 834 ut
1286 779 1402 835 alia
1437 780 1582 837 bene
1613 782 1799 837 multa
1830 787 2061 854 prseter-

403 860 727 929 mittamus,
760 864 831 920 de
852 881 993 921 cane
1014 866 1260 940 aliisque
1282 869 1635 926 animalibus
1664 888 1790 943 quas
1806 871 2059 944 Egyptii

403 949 689 1020 colebant,
720 969 972 1025 quorum
1000 956 1292 1014 Minucius
1315 958 1538 1015 nullam
1571 961 1783 1016 fecerat
1814 960 2060 1017 mentio-

401 1055 557 1095 nem.
588 1042 696 1097 Sed
729 1042 851 1099 haso
875 1044 1120 1101 fortasse
1144 1046 1501 1118 quibusdam
1530 1049 1887 1106 videbuntur
1916 1048 2059 1107 faci-

396 1126 512 1184 lius
538 1131 923 1189 condonanda
959 1134 1335 1206 adolescenti,
1369 1140 1470 1209 qui
1502 1155 1636 1194 cum
1688 1156 1897 1195 vanam
1928 1156 2059 1195 eru-

396 1217 675 1276 ditionem
706 1238 875 1278 suam
908 1228 1199 1281 ostentare
1217 1226 1410 1295 vellet,
1440 1228 1874 1284 observationes
1898 1246 2060 1287 suas,

396 1328 427 1357 «
459 1308 715 1379 praelo,»
760 1319 822 1367 ut
852 1312 980 1384 ipse
1035 1314 1136 1386 ait,
1200 1336 1230 1366 «
1288 1320 1555 1373 currente
1587 1339 1616 1369 »
1676 1318 1887 1388 editas,
1942 1336 2058 1376 non

397 1398 588 1468 potuit
617 1398 803 1456 facere
832 1400 1145 1459 breviores.
1176 1405 1287 1461 Sed
1345 1404 1570 1461 nullam
1604 1410 1801 1462 tamen
1833 1406 2055 1464 Grono-

396 1484 529 1542 vius
561 1488 612 1543 ei
641 1489 870 1547 veniam
901 1492 1039 1547 dare
1068 1494 1276 1565 potuit.
1311 1493 1458 1553 Nam
1482 1495 1651 1551 illum
1685 1496 1943 1569 appellat
1973 1496 2058 1551 vi-

400 1590 534 1631 rum
563 1576 751 1634 ferum
781 1583 839 1635 et
868 1580 1142 1649 ferreum,
1163 1599 1230 1638 ac
1243 1587 1761 1641 oommentatorem
1780 1584 2058 1657 impium,

402 1664 501 1737 qui
532 1665 679 1722 falso
710 1669 970 1726 venditat
987 1670 1641 1741 animadversionesfsibi
1656 1673 1838 1731 fuisse
1862 1697 1882 1724 ι
1910 1690 2058 1746 pras-

402 1752 459 1810 lo
490 1761 761 1813 currente
793 1780 815 1808 »
865 1762 1053 1817 natas.
1106 1760 1431 1819 Scelestum
1488 1764 1806 1833 enimvero,
1865 1763 2061 1835 inquit
2092 1798 2140 1863 Β

403 1842 497 1863 ει.-
900 1851 909 1863 .
1032 1848 1046 1863 .
1887 1853 1908 1863 -
1983 1857 1993 1863 .

403 1842 523 1916 ille,
552 1848 694 1902 sunt
723 1848 1178 1924 receptaculum,
1227 1868 1343 1924 quo
1402 1869 1512 1909 sua
1567 1852 1827 1909 condidit
1882 1853 2061 1923 furta,

408 1948 534 2006 quas
560 1934 704 1991 diris
734 1938 927 2009 potius
951 1940 1334 2008 debebantur,
1377 1941 1492 1998 nisi
1525 1940 1723 2015 aliqua
1752 1958 1821 1999 ex
1849 1943 1944 1999 sul
1974 1944 2063 2016 ip-

405 2022 655 2081 siusmet
684 2025 956 2083 Gronovii
987 2031 1169 2101 patre,
1223 2030 1570 2103 Boxhornio,
1604 2032 1814 2088 Vossio
1844 2035 1904 2089 et
1938 2032 2065 2090 Elia

407 2112 646 2171 Schevio
676 2116 1018 2189 accepisset.
1056 2118 1169 2175 Sed
1201 2119 1300 2191 qui
1352 2136 1468 2176 non
1521 2120 1803 2177 fatebitur
1835 2122 2064 2194 gravio-

406 2217 553 2269 rem,
584 2206 642 2260 et
669 2201 775 2260 viri
809 2206 998 2279 magis
1026 2206 1136 2264 feri
1158 2224 1225 2265 ao
1252 2208 1445 2278 ferrei,
1476 2225 1655 2282 quam
1671 2211 1821 2283 aequi
1839 2210 2064 2283 judicia

407 2290 559 2348 hano
589 2308 719 2350 esse
750 2310 1085 2353 censuram.

478 2398 761 2457 Cellarius
784 2416 918 2459 vero
950 2402 1062 2459 tria
1092 2403 1151 2458 in
1183 2403 1306 2460 suis
1337 2404 1491 2461 notis
1525 2421 1587 2461 se
1615 2406 1959 2478 praestitisse
1992 2407 2070 2463 si-

408 2486 671 2561 gniﬁcat.
704 2489 896 2547 Primo
910 2491 1194 2548 redditam
1213 2496 1456 2549 textusa
1483 2510 1545 2550 se
1576 2495 1867 2551 emendati
1888 2495 2068 2552 ratio-

411 2593 568 2633 nem.
601 2578 866 2636 Secundo
896 2580 1169 2638 historias
1209 2586 1268 2638 et
1322 2581 1573 2653 fabulas,
1617 2584 1667 2639 si
1698 2600 1825 2656 quae
1856 2585 2069 2641 obscu-

413 2666 595 2723 riores
622 2672 779 2739 sunt,
826 2668 1133 2739 illustrari,
1190 2686 1256 2727 ac
1314 2672 1550 2728 tandem
1600 2671 1783 2729 latina
1837 2674 2072 2736 Minucii

414 2757 611 2828 verba,
642 2758 691 2814 si
723 2759 955 2830 quando
986 2759 1182 2817 minus
1216 2760 1436 2818 usitata
1464 2765 1565 2818 aut
1594 2762 1926 2819 difﬁciliora
1973 2780 2072 2821 oo-

419 2849 657 2904 ourrant
686 2846 900 2904 clarius
930 2847 1246 2905 enucleari.
1278 2853 1355 2905 At
1384 2849 1445 2905 in
1494 2850 1588 2907 his
1614 2851 2071 2909 animadversio-

420 2936 619 3003 nibus,
648 2939 751 2992 aut
779 2936 949 3009 plura
990 2938 1061 2994 ab
1108 2937 1239 2994 aliis
1268 2939 1425 2995 dicta
1453 2940 1681 3012 repetit,
1739 2945 1840 2997 aut
1887 2941 2074 2999 multa

419 3028 602 3086 tacita
647 3025 939 3099 relinquit,
973 3044 1103 3101 quas
1141 3027 1289 3085 nihil
1318 3028 1543 3086 caeteris
1598 3029 1796 3086 minus
1852 3031 2073 3104 exposi-

422 3118 579 3176 tione
598 3118 954 3189 indigebant.

2167 532 2271 572 nes
2301 518 2370 573 ad
2402 516 2562 574 illius
2594 516 2814 574 calcem
2850 518 3094 590 rejecit?

2236 606 2449 671 Quanti
2481 610 2677 663 autem
2710 608 3015 676 momenti,
3074 612 3131 663 et
3183 612 3399 680 quanto
3429 610 3654 665 caeteris
3686 626 3827 682 pras-

2167 694 2477 750 stantiores
2516 695 2636 751 sint
2687 697 2951 768 ejusdem
3010 696 3280 753 Gronovii
3340 702 3509 765 notae,
3564 698 3613 754 si
3671 699 3815 756 scire

2168 798 2355 850 aveas,
2392 783 2450 838 id
2482 784 2586 839 tibi
2627 785 2979 857 quibusdam
3036 786 3317 857 exemplis
3350 788 3815 859 patefaciendum

2167 875 2276 926 est.
2323 871 2581 928 Primum
2616 873 2811 946 itaque
2860 880 3103 931 annotat
3152 875 3244 931 his
3301 875 3540 933 Minucii
3588 878 3817 933 verbis:

2169 981 2198 1011 «
2235 961 2294 1015 In
2337 961 2626 1032 praeterita
2672 963 2919 1029 rendire,
2975 983 3002 1015 ιι
3043 965 3510 1021 efﬁcacissimam
3560 965 3822 1022 exhiberi

2168 1062 2315 1102 verae
2337 1048 2747 1122 jucunditatis,
2779 1051 3087 1123 praeteritis
3117 1052 3348 1124 gaudiis
3388 1058 3690 1125 perceptas,
3724 1054 3825 1110 de—

2168 1136 2569 1208 scriptionem.
2603 1139 2765 1204 Quod
2800 1139 3038 1212 quidem
3072 1139 3167 1196 ille
3197 1140 3373 1196 Tullii
3394 1145 3449 1197 et
3477 1141 3822 1214 Vespasiani

2169 1225 2470 1298 exemplis,
2520 1227 2667 1283 nihil
2728 1229 2936 1301 magis,
2996 1246 3171 1303 quam
3232 1229 3347 1286 alia
3384 1230 3714 1299 innumera,
3748 1232 3821 1288 ad

2170 1316 2535 1387 propositum
2594 1316 2963 1389 facientibus,
3024 1319 3273 1392 probare
3340 1324 3600 1375 conatur.
3660 1321 3826 1377 Tunc

2170 1404 2441 1461 continuo
2472 1405 2557 1461 sic
2588 1406 2999 1479 prosequitur:
3039 1429 3068 1458 «
3120 1408 3285 1465 Certe
3331 1409 3487 1481 quod
3521 1408 3614 1463 hic
3643 1409 3819 1478 oculi,

2168 1492 2229 1549 in
2261 1492 2393 1549 aliis
2424 1498 2614 1566 potest
2644 1495 2871 1552 efﬁcere
2914 1497 3223 1569 cogitatio;
3258 1496 3376 1553 imo
3408 1514 3479 1553 ne
3524 1498 3737 1568 vivam,
3771 1499 3823 1554 si

2170 1597 2283 1637 non
2316 1581 2437 1638 haec
2469 1582 2716 1640 felicitas
2748 1600 2839 1640 me
2871 1601 2975 1657 per
3025 1602 3209 1642 annos
3266 1602 3428 1642 meos
3471 1587 3825 1658 comitetur;

2170 1674 2235 1726 ut
2263 1676 2322 1727 et
2350 1672 2672 1729 domestica
2701 1689 2796 1730 me
2827 1674 3071 1731 felicitas
3130 1674 3482 1747 consoletur,
3527 1680 3585 1733 et
3613 1676 3827 1734 Canta-

2168 1758 2368 1831 hrigiaa
2398 1760 2587 1817 vivam
2644 1777 2780 1818 cum
2836 1762 2927 1819 Jo.
2987 1763 3325 1833 Pearsonio,
3388 1764 3630 1820 Lutetia)
3690 1783 3824 1822 cum

2170 1848 2344 1905 Henr.
2375 1848 2625 1920 Valesio,
2657 1851 2958 1908 Florentia:
3000 1868 3135 1909 cum
3192 1854 3327 1909 Ant.
3379 1854 3822 1927 Magliabequio,

2170 1936 2311 1993 viris
2350 1938 2423 1994 ab
2454 1939 2613 1995 omni
2644 1940 2919 1997 doctrinas
2950 1939 3124 1998 laude
3175 1942 3534 2000 beatissimis
3576 1944 3637 2001 in
3662 1952 3825 2002 aeter-

2173 2042 2338 2082 num.
2367 2048 2395 2078 »
2421 2031 2609 2099 Papae,
2640 2045 2814 2100 quam
2845 2029 3143 2102 praclara,
3175 2047 3355 2103 quam
3387 2032 3819 2104 erudita,quam

2174 2116 2505 2173 necessaria
2534 2121 2658 2174 erat
2684 2117 2807 2176 hmo
2860 2119 3223 2177 observatio!
3269 2120 3410 2186 Quis
3445 2137 3725 2195 unquam,
3757 2139 3827 2179 ea

2175 2206 2585 2277 praetermissa,
2617 2207 2934 2265 Minucium
2964 2208 3119 2266 clare
3158 2208 3394 2266 omnino
3425 2213 3482 2267 et
3519 2211 3829 2283 perspicue

2174 2292 2510 2365 loquentem
2542 2296 2743 2353 audire
2760 2296 3087 2369 potuisset?

2249 2401 2357 2458 Ubi
2407 2418 2535 2459 vero
2592 2404 2856 2460 Caecilius
2911 2405 3058 2461 dixit
3086 2427 3114 2457 «
3144 2406 3390 2463 nebulas
3427 2424 3658 2481 semper
3688 2409 3830 2465 ado-

2176 2490 2412 2563 lescere,
2444 2513 2474 2543 »
2503 2492 2582 2549 ibi
2615 2493 2784 2565 plura
2831 2494 2904 2550 de
2958 2495 3168 2552 Gracia
3197 2496 3534 2554 nominibus
3565 2515 3600 2554 a
3626 2496 3827 2575 νεφέλη

2176 2586 2235 2638 et
2260 2581 2443 2655 νέφος,
2474 2582 2603 2638 ideo
2625 2584 2901 2655 congerit,
2935 2602 3051 2641 non
3083 2590 3147 2641 ut
3167 2586 3421 2642 auctoris
3452 2588 3546 2644 sui
3603 2592 3833 2644 textum

2178 2671 2443 2742 explicet,
2477 2672 2579 2728 sed
2611 2676 2674 2727 ut
2704 2672 3003 2746 Pricaeum,
3035 2678 3092 2731 et
3147 2674 3435 2733 Gallicum
3493 2676 3669 2748 hujus
3700 2676 3837 2733 libri

2179 2759 2553 2832 interpretem
2585 2762 2916 2834 redarguat.

2252 2850 2364 2906 Sed
2396 2850 2627 2923 longius
2658 2850 2850 2906 adhuc
2878 2856 3079 2924 postea
3108 2857 3407 2927 evagatur,
3440 2854 3538 2911 ubi
3570 2855 3833 2913 Caecilius

2179 2937 2524 2995 Christianis
2553 2939 2770 3011 objecit
2814 2939 3045 2997 nullum
3095 2956 3165 2997 ex
3183 2941 3384 2999 inferis
3412 2943 3500 2999 vel
3532 2944 3838 3001 Protesilai

2182 3032 2338 3086 sorte
2368 3044 2679 3097 remeasse,
2718 3051 2739 3079 ι
2775 3028 3052 3087 horarum
3084 3031 3290 3087 saltem
3343 3034 3628 3105 permisso
3680 3050 3841 3090 com-

2185 3121 2405 3173 meatu.
2439 3140 2468 3168 »
2500 3118 2765 3174 Primum
2796 3119 2952 3175 enim
2991 3135 3097 3176 nos
3124 3120 3220 3177 ille
3250 3121 3527 3178 admonet
3556 3121 3702 3177 nihil
3728 3122 3839 3179 hac

489 3169 775 3264 Praeterea
802 3206 1051 3263 Iacobus
1080 3206 1405 3263 Gronovius
1455 3206 1608 3263 hanc
1665 3206 1948 3275 omnium,
2000 3210 2071 3265 de
2104 3169 2146 3237 C
2185 3206 2390 3263 Latina
2418 3207 2816 3263 enuntiatione
2847 3224 2978 3265 esse
3019 3212 3122 3264 aut
3172 3208 3501 3279 venustius,
3533 3215 3636 3267 aut
3678 3212 3837 3283 quod

416 3297 632 3370 quibus
678 3296 962 3353 hactenus
992 3296 1244 3369 egimus,
1284 3300 1560 3353 notarum
1615 3295 2073 3355 animadversio-

412 3402 675 3458 numque
706 3384 1111 3442 collectionem
1145 3384 1290 3441 nihil
1322 3384 1481 3443 aliud
1524 3401 1653 3465 esse
1693 3386 1924 3457 asserit,
1957 3387 2073 3443 nisi

411 3475 765 3549 indigestam
796 3474 945 3531 897
984 3473 1227 3543 molem,
1270 3473 1572 3531 colluviem
1622 3474 1937 3547 inﬁnitam,
1988 3480 2073 3532 at-

410 3580 524 3636 que
554 3565 793 3620 insanas
832 3582 867 3619 a
895 3563 1131 3620 Minucii
1167 3567 1328 3619 textu
1367 3564 1790 3637 digressiones.
1821 3567 1895 3622 At
1924 3573 2074 3623 certe

411 3653 685 3727 quamvis
707 3652 956 3708 fateatur
984 3653 1240 3708 absurda
1267 3652 1369 3709 illa
1388 3657 1446 3709 et
1470 3653 1670 3710 inutili
1703 3654 2071 3711 animadver-

413 3742 649 3800 sionum
680 3742 908 3798 luxurie
936 3742 1209 3798 eumdem
1262 3742 1503 3800 Minucii
1553 3747 1772 3800 textum
1832 3744 2072 3801 omnino

326 3847 339 3853 '
415 3836 764 3906 praepostere
793 3831 958 3887 obrui
990 3848 1057 3888 ac
1084 3832 1403 3905 submergi,
1463 3831 1632 3903 plura
1661 3836 1860 3889 tamen
1894 3833 1953 3887 in
1984 3833 2071 3891 eis

416 3922 638 3979 omissa
665 3921 845 3977 fuisse
890 3922 1175 3993 deplorat,
1238 3921 1454 3993 quibus
1482 3920 1830 3993 Salmasius,
1865 3922 2070 3978 Brum-

414 4026 634 4078 merus,
665 4012 992 4075 Ernestius,
1025 4015 1081 4067 et
1111 4010 1489 4084 potissimum
1505 4008 1797 4066 Iohannes
1823 4010 2071 4069 Priceus

410 4100 621 4157 alienis
650 4102 709 4156 in
741 4099 908 4167 locis,
960 4100 1211 4156 obscura
1267 4099 1538 4171 quaedam
1592 4098 1849 4155 auctoris
1880 4099 2067 4156 nostri

410 4188 541 4248 loca
569 4189 883 4246 emendem
912 4192 1015 4244 aut
1040 4187 1347 4245 enucleare
1376 4190 1769 4244 tentaverunt.

479 4297 867 4365 Quamobrem
901 4296 951 4351 is
984 4296 1110 4367 ipse
1125 4293 1471 4363 Gronovius,
1504 4294 1565 4351 in
1597 4310 1706 4350 sua
1734 4292 2067 4365 hujuslibri

411 4385 675 4444 omnium
702 4384 911 4441 ultima
942 4385 1215 4451 editione,
1274 4382 1681 4456 superioribus
1721 4382 1837 4439 illis
1867 4384 2064 4441 obser-

410 4476 766 4545 vationibus,
800 4474 849 4529 si
882 4474 1170 4547 quaedam
1199 4472 1419 4529 Ouzelii
1459 4472 1777 4545 exceperis,
1809 4472 1918 4529 has
1937 4471 2064 4529 Sal-

2182 3295 2296 3369 ipsi
2354 3297 2545 3368 magis
2604 3296 2904 3368 placuerit.
2961 3296 3181 3353 Deinde
3237 3314 3371 3354 vero
3430 3300 3558 3355 fuse
3612 3299 3845 3373 lateque

2182 3385 2411 3457 prohat,
2443 3383 2553 3440 hoo
2583 3383 2707 3440 solo
2737 3389 2794 3440 et
2823 3384 3073 3457 eleganti
3109 3386 3363 3458 genitivo
3422 3409 3453 3437 «
3499 3386 3783 3444 horarum
3813 3411 3841 3438 »ι

2179 3472 2499 3546 signiﬁcari
2532 3473 2802 3547 exiguam
2823 3474 3107 3547 temporis
3129 3479 3510 3549 partem,quaa
3537 3494 3655 3534 non
3686 3479 3846 3534 ultra

2180 3579 2365 3619 unum
2396 3563 2551 3619 diem
2578 3563 2945 3635 processerit.
2980 3564 3119 3632 Quis
3178 3581 3461 3637 unquam,
3515 3567 3727 3622 amabo
3759 3571 3840 3635 te,

2182 3651 2298 3709 nisi
2330 3656 2603 3708 monente
2635 3651 2787 3708 398
2820 3652 3126 3725 Gronovio,
3146 3653 3204 3709 id
3227 3654 3424 3711 animo
3454 3656 3846 3729 percepisset?

2188 3741 2447 3815 Denique
2500 3741 2718 3798 Janum
2772 3742 3229 3812 Brouxhusium,
3290 3744 3389 3816 qui
3445 3747 3580 3801 ante
3643 3762 3851 3802 vocem

2183 3852 2212 3882 α
2242 3830 2521 3887 horarum
2558 3854 2581 3884 ι
2646 3829 2822 3886 scribi
2879 3830 3059 3887 voluit
3089 3851 3119 3881 «
3174 3848 3515 3904 paucarum,
3574 3854 3603 3885 »
3637 3834 3853 3891 acriter

2179 3918 2446 3992 castigat,
2477 3919 2752 3991 additque
2782 3935 2844 3975 se
2899 3920 2973 3976 ab
3031 3919 3133 3975 illo
3196 3922 3357 3977 omni
3398 3924 3848 3981 mendaciorum

2178 4006 2737 4080 calumniarumque
2768 4023 2981 4080 genere
3027 4013 3319 4065 vexatum.
3362 4009 3588 4068 Siccine
3616 4028 3758 4085 ergo
3793 4015 3853 4070 ei

2178 4097 2400 4169 potius,
2440 4113 2617 4169 quam
2647 4095 2803 4164 aliis,
2834 4097 2921 4154 fas
2951 4097 3062 4153 fuit
3113 4099 3268 4154 notis
3310 4099 3675 4173 longioribus
3724 4119 3849 4159 non

2176 4184 2367 4243 solum
2397 4184 2624 4258 digredi
2654 4184 2726 4242 ab
2757 4186 3009 4244 auctoris
3031 4186 3155 4243 suis
3184 4188 3502 4262 proposito,
3527 4191 3628 4247 sed
3648 4191 3852 4264 priva-

2177 4277 2269 4332 tas
2293 4291 2533 4348 quoque
2563 4274 2812 4346 injurias
2843 4274 3095 4331 ulcisci?

2246 4383 2357 4439 Sed
2394 4383 2650 4455 agedum
2683 4382 2888 4455 quisin
2910 4382 3090 4453 hujus
3110 4382 3241 4439 libri
3267 4384 3624 4443 editionibus
3654 4388 3856 4444 anim-

2182 4471 2583 4528 adversionem
2614 4470 2875 4543 aliquam
2916 4470 3157 4542 protulit
3212 4488 3277 4528 ea
3329 4471 3681 4547 longiorem,
3712 4491 3851 4548 qum

414 4564 587 4623 masii
618 4545 1007 4635 aliorumque,
1053 4567 1109 4618 et
1165 4579 1303 4618 suas
1334 4563 1564 4635 adjecit.
1597 4562 1815 4619 Verum
1845 4562 1905 4617 in
1953 4578 2075 4619 eas-
2102 4545 2150 4611 D
2183 4562 2254 4617 ab
2286 4559 2385 4617 illo
2416 4560 2635 4633 scripta
2681 4564 2770 4616 est
2798 4560 2856 4615 in
2890 4560 3010 4615 hmo
3058 4577 3245 4633 pauca
3272 4545 3508 4619 Minucii
3539 4564 3610 4620 de
3640 4545 3852 4622 Dianae

416 4656 571 4721 dem,
605 4670 751 4726 quas
809 4653 869 4708 in
901 4652 1033 4709 aliis
1081 4656 1243 4708 tanta
1285 4651 1640 4708 conﬁdentia
1697 4651 2066 4720 condemnat,

414 4742 808 4801 aberrationes
838 4742 1243 4815 imprudenter
1288 4741 1528 4797 omnino
1587 4739 1884 4798 dilabitur.
1919 4741 2069 4797 Lon-

414 4832 676 4906 gioribus
723 4832 938 4888 etenim
1000 4829 1187 4903 ipsius
1261 4830 1649 4902 aliorumque,
1709 4846 1853 4901 quas
1909 4833 2071 4885 tran-

415 4922 673 4995 scripsit,
691 4919 1189 4991 annotationibus,
1206 4922 1396 4974 textus
1420 4916 1661 4973 Minucii
1682 4918 1854 4990 longe
1881 4917 2071 4990 magis

415 5028 593 5085 quam
625 5012 683 5067 in
715 5006 1117 5083 superioribus
1149 5006 1505 5064 editionibus
1548 5005 1720 5079 plane
1760 5006 2067 5078 mergitur.

412 5101 618 5158 Plures
649 5099 942 5172 siquidem
972 5096 1168 5152 videre
1200 5100 1288 5152 est
1316 5094 1582 5167 paginas,
1614 5093 1676 5150 in
1708 5095 1923 5167 quibus
1937 5094 2071 5151 nul-

412 5190 537 5246 lum
594 5193 783 5246 exstat
839 5186 1079 5243 Minucii
1119 5183 1401 5251 verbum;
1460 5182 1520 5237 in
1572 5181 1704 5239 aliis
1758 5198 1891 5238 vero
1951 5200 2072 5239 una

411 5284 661 5343 tantum,
694 5280 797 5331 aut
825 5275 956 5329 dum
984 5272 1071 5328 vel
1110 5276 1251 5333 tres,
1317 5271 1378 5325 in
1425 5270 1647 5327 caeteris
1700 5270 2070 5343 paucissimas

415 5366 602 5441 ipsius
634 5368 823 5420 textus
852 5363 1037 5419 lineas.
1074 5360 1216 5427 Quis
1257 5358 1439 5431 igitur
1469 5358 1817 5416 ditﬁtehitur
1872 5359 2069 5432 ipsum

418 5454 743 5520 Ouzelium,
777 5452 948 5519 cujus
979 5453 1148 5504 notas
1174 5448 1496 5503 Gronovius
1552 5453 1716 5502 tanto
1749 5450 2066 5520 despicatui

413 5542 717 5601 ducendas
748 5541 1086 5610 arbitratur,
1144 5539 1314 5611 longe
1370 5540 1551 5595 fuisse
1604 5539 2066 5611 prudentiorem,

409 5631 519 5706 qui
552 5647 664 5688 sua
716 5630 778 5690 in
839 5630 1067 5687 editone
1118 5633 1306 5688 totum
1361 5628 1774 5701 integrumque
1830 5628 2067 5687 Minucii

2179 4648 2495 4706 simulacro
2528 4650 2700 4705 verba
2749 4667 2825 4706 :«
2860 4648 3135 4705 Mammis
3181 4650 3404 4718 multis,
3464 4655 3523 4708 et
3579 4654 3853 4711 verubus

2177 4738 2515 4795 exstructa?
2546 4738 2625 4794 Ex
2654 4737 2811 4793 enim
2842 4736 3002 4793 illius
3032 4737 3162 4793 libri
3195 4738 3516 4813 etamplius
3546 4741 3672 4797 hac
3702 4746 3860 4799 nota

2180 4827 2424 4900 paginas
2455 4825 2680 4899 implet,
2711 4830 2769 4883 et
2821 4824 3050 4898 integra
3078 4826 3159 4883 ibi
3214 4827 3500 4885 Holstonii
3557 4830 3858 4903 Epistola,

2179 4917 2335 4972 haud
2378 4915 2557 4973 semel
2615 4915 2791 4984 edita,
2850 4915 3284 4973 transcribitur.
3350 4917 3553 4975 Nonne
3607 4924 3855 4991 poterat

2179 5021 2329 5077 eam,
2362 5004 2412 5061 si
2441 5019 2679 5061 necesse
2707 5006 2881 5072 esset,
2914 5008 3016 5060 aut
3044 5004 3104 5060 in
3165 5004 3299 5061 libri
3351 5006 3568 5063 calcem
3625 5025 3860 5066 aman-

2180 5094 2338 5165 dare,
2373 5098 2475 5151 aut
2506 5110 2576 5150 ex
2604 5092 2703 5149 illo
2745 5093 3244 5165 quemadmodum
3295 5111 3363 5151 ex
3418 5098 3700 5167 Woweri,
3740 5098 3858 5156 E13

2180 5181 2546 5250 menhorstii,
2577 5180 2940 5252 aliorumque
2996 5181 3525 5252 observationibus,
3566 5188 3850 5258 quaedam

2180 5270 2454 5338 delibare,
2488 5286 2614 5343 quae
2647 5270 2719 5325 ad
2741 5269 2995 5326 auctoris
3026 5271 3685 5344 nostri-explicationem
3718 5292 3857 5333 ma-

2178 5358 2268 5432 gis
2299 5358 2719 5415 conducebant.

2248 5448 2460 5502 Verum
2492 5450 2550 5501 et
2579 5462 2686 5502 nos
2716 5445 2829 5519 ipsi
2862 5445 3158 5517 longiores
3204 5449 3408 5522 utique
3460 5467 3763 5522 essemus,
3799 5454 3854 5510 si

2178 5537 2292 5593 alia
2347 5535 2619 5594 Gronovii
2677 5536 2769 5591 his
2799 5536 3025 5593 similes
3056 5544 3222 5593 notas
3252 5539 3597 5611 singillatim
3630 5559 3851 5600 recen-

2177 5642 2303 5685 sere
2329 5624 2635 5696 vellemus,
2666 5628 2843 5697 atque
2873 5624 3005 5683 illas
3035 5625 3094 5682 in
3126 5626 3353 5699 primis,
3384 5629 3599 5701 quibus
3632 5647 3849 5691 recen-
