4102 6162
287 285 404 348 409

1705 296 2083 361 DlSSERTA
2120 296 2259 358 ιἸΟ.

3568 296 3690 360 410

285 417 441 474 tiaris
468 418 781 491 cuiusdam
813 422 1113 497 scriptoris
1142 426 1482 486 testimonia
1510 427 1717 501 gallico
1774 427 1920 485 idio-
1949 433 2005 500 Α
2034 426 2551 486 contubernalibus
2581 427 2900 501 disputare,
2920 444 3095 500 quam
3116 442 3419 486 conserere
3439 426 3679 501 sapien-

287 511 430 563 mate
500 508 720 582 scripta
775 512 1090 583 interserit,
1141 520 1317 589 atque
1376 516 1595 575 Ouzelii
1656 519 1812 573 furta
1869 520 1927 574 et

284 597 723 670 compilationes
754 603 972 673 passim
1004 604 1219 677 ubique
1252 606 1493 664 indicat.
1530 608 1704 675 Quasi
1763 623 1921 679 vero,

280 685 366 741 his
396 689 831 759 praetermissis,
864 696 1056 749 textus
1085 695 1320 751 Minucii
1354 696 1601 769 intelligi
1637 714 1753 753 non
1812 712 1921 769 po-

284 775 455 831 tuerit
478 776 507 831 ?

347 867 550 936 Neque
579 870 776 925 tamen
799 869 837 924 ii
860 887 1090 941 sumus,
1121 873 1221 945 qui
1246 872 1494 931 aliorum
1527 874 1814 943 omnium,
1842 874 1923 931 si-

281 952 391 1007 cuti
422 956 771 1023 Gronovius,
832 963 999 1015 notas
1053 965 1108 1017 et
1156 963 1689 1020 animadversiones
1719 980 1925 1035 asper-

279 1057 509 1112 nemur,
560 1048 661 1099 aut
712 1062 951 1117 prorsus
982 1048 1373 1121 explodcndas
1404 1069 1531 1109 esse
1552 1069 1923 1110 conseamus.

279 1130 601 1187 Fatendum
634 1134 789 1189 enim
818 1139 906 1191 est
935 1138 1154 1193 variam
1189 1140 1249 1194 in
1282 1141 1370 1196 eis
1417 1158 1553 1198 cum
1613 1141 1925 1214 ipsiusmet

274 1218 571 1287 Gronovii,
605 1226 730 1279 tum
761 1223 1009 1281 aliorum
1036 1228 1445 1296 eruditionem]
1469 1229 1787 1287 identidem
1817 1232 1922 1288 de-

273 1308 581 1380 prehendi,
600 1311 789 1384 iisque
805 1314 1077 1386 explicari
1112 1318 1429 1375 nonnullos
1446 1320 1687 1377 Minucii
1709 1321 1922 1378 obscu-

274 1397 455 1454 riores
488 1398 766 1471 loquendi
793 1405 1018 1473 modos,
1040 1423 1105 1461 ac
1123 1408 1297 1464 verba
1326 1410 1593 1480 quaedam
1617 1427 1651 1466 a
1680 1410 1917 1467 librario

273 1486 421 1543 finde
454 1495 751 1561 corrupta.
782 1491 893 1548 Sed
926 1492 1039 1550 alia
1059 1495 1250 1552 adhuc
1280 1504 1617 1570 supersunt,
1651 1516 1777 1571 quae
1801 1516 1922 1556 me-

275 1576 467 1631 dicam
504 1594 741 1635 manum
773 1583 1091 1653 postulant,
1123 1589 1180 1641 et
1211 1603 1336 1658 quas
1357 1587 1734 1659 explicatione
1756 1603 1922 1659 egere

2032 517 2181 573 tium
2214 518 2387 573 modo
2417 516 2475 572 in
2506 516 2661 584 istis,
2693 520 2800 573 etc.
2834 540 2860 567 ››
2895 516 3031 580 Quae
3086 516 3323 587 quinem
3356 516 3675 587 depravata

2035 606 2304 680 pluribus
2333 611 2649 679 apparent;
2669 607 3057 673 Quamobrem
3090 604 3267 677 aliqui
3295 603 3514 676 opinati
3536 608 3677 662 sunt

2034 696 2366 768 legendum,
2397 718 2426 747 ‹‹
2461 712 2639 767 quam
2697 710 2998 751 conserere
3028 693 3277 765 sapienti
3326 709 3607 750 manum:
3643 714 3674 743 »

2033 785 2132 841 alii
2162 802 2294 842 vero
2325 808 2353 836 «
2382 802 2557 857 quam
2589 799 2891 841 conserere
2928 783 3283 855 sapientium
3326 782 3519 849 modo,
3558 801 3584 834 ι
3613 781 3672 838 id

2033 878 2143 942 est,
2175 875 2329 930 sicut
2376 874 2670 946 sapientes
2708 873 2860 928 inter
2888 889 2951 928 se
2981 871 3230 943 colloqui
3262 876 3320 926 et
3372 870 3671 942 disputare

2033 963 2241 1021 solent.
2290 967 2364 1019 At
2421 963 2521 1035 qui
2579 962 2690 1017 hoc
2719 962 2960 1017 verbum
2990 984 3010 1010 ι
3039 976 3361 1028 conserere,
3392 982 3420 1010 ιι
3451 959 3669 1031 solum,

2033 1068 2098 1108 ac
2146 1052 2273 1108 sine
2330 1052 2525 1108 addito
2580 1050 2773 1122 aliquo
2804 1049 3058 1122 nomine,
3093 1054 3233 1123 puta
3261 1066 3508 1118 manum,
3562 1065 3671 1121 pu-

2030 1141 2445 1214 gnam,bellum,
2479 1144 2581 1196 aut
2609 1140 2748 1212 quid
2782 1139 2992 1210 simile,
3026 1139 3119 1194 vix
3150 1154 3408 1210 unquam
3440 1155 3474 1193 a
3502 1138 3673 1195 bonis

2030 1230 2409 1303 scriptoribus
2464 1230 2796 1297 adhibetur,
2856 1228 3003 1284 nihil
3040 1227 3449 1300 proculdubio
3505 1227 3669 1299 certi,

2032 1320 2159 1377 sine
2185 1319 2425 1377 alterius
2470 1318 2851 1392 manuscripti
2910 1318 3127 1374 codicis
3169 1316 3383 1373 auxilio
3438 1315 3669 1373 deliniri

2033 1414 2241 1484 potest.

2104 1498 2285 1556 Paulo
2319 1502 2450 1571 post
2478 1497 2740 1554 Caecilius
2770 1514 2803 1552 a
2834 1496 3084 1552 Minucio
3116 1495 3284 1569 petit,
3331 1497 3398 1551 ut
3441 1494 3505 1551 in
3568 1510 3676 1552 sua

2032 1605 2168 1645 cum
2199 1588 2435 1644 Octavio
2464 1587 2857 1659 disputatione
2885 1586 3096 1641 libram
3126 1589 3322 1641 teneat
3350 1582 3676 1656 aequissimi

274 1680 445 1720 nemo
479 1682 624 1722 sane
650 1671 962 1741 negaverit.
1004 1672 1157 1729 Nova
1186 1690 1317 1746 ergo
1349 1676 1528 1747 hujus
1558 1676 1693 1732 libri
1743 1676 1921 1733 editio
2022 1676 2263 1749 judicis.
2289 1699 2318 1728 «
2350 1682 2433 1732 Ac
2468 1676 2612 1732 mihi
2636 1675 2804 1749 quasi
2826 1676 3089 1748 ignarus,
3111 1692 3139 1726 ι
3170 1674 3251 1729 ita
3272 1689 3403 1730 eum
3426 1671 3676 1744 alloqui-

275 1754 501 1810 caateris
587 1757 774 1830 magis
827 1766 1099 1818 accurata
1154 1768 1213 1819 et
1262 1766 1536 1837 perfecta,
1595 1766 1666 1822 ab
1725 1765 1922 1838 aliquo
1959 1814 2004 1838 η
2033 1770 2221 1822 tur:«
2247 1765 2430 1838 partis
2452 1763 2760 1836 utriusque
2785 1764 3078 1821 considas.
3105 1785 3133 1815 η
3155 1762 3371 1818 Verum
3403 1760 3675 1818 Ouzelius

273 1844 507 1899 erudito
580 1845 922 1919 sinceroque
975 1850 1237 1909 veritatis
1293 1856 1572 1925 amatore,
1630 1871 1735 1911 nec
1790 1872 1925 1927 par-

272 1932 433 1989 tibus
464 1933 595 1990 suis
625 1935 874 1993 nimium
906 1939 1187 2013 studenti,
1221 1942 1489 1999 adornari
1512 1944 1714 2016 procul
1743 1944 1924 2003 dubio

274 2026 489 2092 potest.

849 2186 1241 2247 ARTICULUS
1272 2190 1339 2246 V.

272 2291 347 2344 De
374 2291 657 2361 corruptis
712 2300 808 2349 aut
848 2297 1228 2371 corruptionis,
1262 2298 1525 2369 suspectis
1584 2299 1922 2371 quibusdam

847 2368 1012 2438 hujus
1040 2367 1176 2423 libri
1205 2366 1360 2426 locis.

340 2502 492 2560 Cum
534 2522 691 2561 unus
716 2510 946 2565 tantum
977 2510 1146 2568 nobis
1166 2512 1425 2584 supersit
1449 2511 1628 2585 hujus
1648 2512 1782 2570 libri
1809 2531 1927 2573 ma-

276 2594 623 2666 nuscriptus
689 2598 868 2653 codex
918 2599 1133 2672 regius,
1193 2618 1307 2657 non
1342 2602 1556 2659 mirum
1589 2620 1750 2673 sane,
1784 2604 1835 2660 si
1864 2604 1926 2662 in

278 2684 537 2739 auctoris
568 2688 729 2741 textu
770 2687 932 2744 varia
960 2694 1267 2746 occurrant
1298 2691 1557 2765 imperiti
1618 2698 1677 2750 et
1730 2693 1931 2752 Latine

277 2771 599 2829 nescientis
652 2774 875 2831 librarii
907 2782 1117 2847 errata,
1150 2796 1275 2852 quae
1304 2784 1390 2836 tot
1418 2780 1776 2838 scholiorum
1831 2798 1932 2839 no-

278 2864 599 2934 tarumque
629 2864 879 2921 editores
909 2866 997 2922 vel
1027 2866 1249 2925 intacta
1279 2869 1625 2942 praeteriere,
1656 2870 1747 2926 vel
1790 2888 1927 2929 con-

272 2950 523 3020 jecturis
583 2958 685 3008 aut
732 2971 942 3025 parum
1000 2957 1174 3013 certis
1229 2966 1331 3014 aut
1389 2958 1552 3016 falsis
1610 2961 1929 3019 emendare

278 3041 471 3095 conati
506 3045 669 3097 sunt.
694 3044 767 3099 De
798 3043 891 3099 his
922 3044 1119 3117 itaque
1150 3046 1291 3103 locis
1322 3048 1613 3120 corruptis
1668 3054 1772 3106 aut
1803 3066 1929 3108 cor-

278 3129 578 3199 rnptionis
607 3132 915 3204 suspectis,
974 3139 1184 3206 praeter
1211 3153 1299 3205 ea,
1346 3153 1470 3209 quas
1522 3138 1788 3206 inferius,
1824 3138 1926 3196 ubi

1958 1814 2005 1879 B

2035 1858 2237 1911 contra
2267 1854 2482 1910 codicis
2512 1854 2655 1926 regii
2686 1852 2859 1909 fidem
2892 1853 2994 1925 ibi,
3024 1840 3194 1909 'sicut
3244 1851 3303 1907 in
3363 1849 3675 1908 Oxonicnsi

2035 1944 2306 2012 editione,
2331 1942 2739 2016 corrigendum
2761 1946 2959 1999 censet
2991 1959 3004 1998 :
3028 1963 3057 1991 ‹‹
3083 1939 3288 1997 Mihi...
3319 1939 3580 1995 confidas
3604 1955 3618 2008 ;
3644 1960 3674 1987 »

2034 2033 2511 2105 quandoquidem
2568 2031 2969 2104 grammaticis
3021 2030 3177 2086 lectu
3202 2028 3506 2085 insitatum
3537 2030 3673 2085 est:

2037 2141 2067 2172 α
2086 2121 2294 2191 Judex,
2326 2121 2471 2177 mihi
2502 2120 2781 2177 confidas.
2811 2138 2839 2172 ι
2867 2123 2940 2175 At
2962 2134 3154 2175 nonne
3185 2119 3339 2191 apud
3360 2116 3672 2189 Virgilium

2035 2225 2187 2283 saepe
2216 2209 2432 2283 legitur
2485 2208 2659 2279 arvis,
2720 2208 2964 2274 mensis,
3009 2207 3284 2264 transtris
3315 2205 3615 2263 considere
3643 2204 3671 2261 Τ

2034 2299 2152 2356 Cur
2178 2314 2313 2371 ergo
2362 2299 2449 2355 fas
2506 2298 2760 2355 Minucio
2784 2315 2899 2355 non
2930 2297 3043 2353 fuit
3092 2297 3374 2354 scribere:
3410 2316 3439 2347 ι(
3479 2294 3669 2352 Judex

2036 2387 2181 2444 mihi
2232 2387 2544 2458 considas;
2577 2404 2761 2444 »cum
2811 2404 2846 2445 a
2902 2387 3174 2443 Cicerone
3226 2385 3404 2443 etiam
3426 2383 3676 2455 aliisque

2036 2476 2408 2549 politissimis
2440 2476 2827 2550 scriptoribus
2847 2476 3071 2534 dictum
3103 2475 3213 2532 fuit
3238 2492 3260 2541 ;
3287 2498 3316 2527 «
3350 2474 3493 2532 Mihi
3524 2472 3680 2531 assi-

2038 2565 2156 2635 det,
2187 2565 2315 2622 Jovi
2345 2565 2581 2622 assidet.
2614 2588 2643 2617 »

2107 2672 2270 2738 Quod
2322 2672 2565 2746 insuper
2609 2672 2669 2730 in
2693 2672 3091 2745 manuscripto
3148 2671 3345 2729 codice
3396 2669 3682 2742 scriptum

2037 2767 2157 2818 est:
2181 2784 2209 2812 «
2234 2764 2369 2829 Quae
2391 2778 2571 2835 supra
2584 2779 2710 2830 nos,
2729 2761 2870 2818 coelo
2893 2779 3197 2835 suspensa,
3222 2758 3456 2817 sublata
3475 2762 3635 2829 sunt,
3650 2778 3680 2807 »

2037 2850 2249 2906 erroris
2280 2856 2618 2923 suspectum
2651 2852 3007 2923 quibusdam
3031 2851 3281 2906 videtur.
3315 2854 3423 2904 Pro
3450 2847 3678 2903 sublata

2037 2938 2217 3011 igitur
2246 2939 2668 2995 restituendam
2723 2944 2934 3012 putant
2963 2938 3283 2995 sublimata
3313 2954 3327 2993 :
3357 2937 3508 3010 quod
3541 2934 3676 3007 qui-

2038 3028 2171 3084 dem
2204 3031 2269 3083 ut
2299 3027 2607 3084 conﬁrmet
2636 3028 2944 3101 Rigaltius,
2978 3027 3119 3083 citat
3147 3026 3267 3082 haec
3296 3024 3429 3081 libri
3477 3024 3680 3095 cujus-

2039 3116 2197 3185 dam,
2229 3120 2576 3189 praapostere
2594 3116 2903 3173 Ambrosio
2934 3116 3194 3188 ascripti,
3224 3114 3417 3182 verba,
3448 3135 3477 3165 «
3529 3113 3682 3177 Qua-

277 3218 503 3273 occasio
518 3184 906 3292 opportunior
925 3184 1251 3297 serdederit,
1284 3184 1571 3294 discatur,
1585 3226 1680 3284 hic
1702 3184 1924 3301 aliquid
1956 3184 2000 3253 α
2036 3202 2343 3301 ut???“
2372 3205 2481 3261 hoc
2511 3205 2721 3261 omlum
2745 3222 2936 3301 cui?“
2967 3206 3131 3301 9u_°d_
3158 3205 3474 3275 cemimus’
3497 3201 3681 3301 at?!“

274 3308 693 3377 promendum,
753 3315 809 3367 et
838 3312 1086 3381 medica,
1106 3313 1175 3384 {si
1207 3315 1331 3370 ﬁeri
1362 3316 1570 3387 possit,
1606 3333 1817 3375 manus
1837 3318 1924 3377 eis

272 3394 626 3453 adhibenda.

338 3484 611 3542 Primum
644 3488 822 3561 igitur
864 3490 1276 3562 suspicabatur
1329 3493 1638 3563 Meursius,
1704 3495 1764 3552 in
1813 3496 1925 3554 hoc

271 3573 494 3633 Octavii
529 3576 683 3641 loco,
712 3577 814 3633 ubi
848 3578 1135 3636 Minucius
1175 3581 1319 3637 dixit
1352 3600 1366 3639 :
1401 3604 1430 3632 ‹‹
1464 3585 1608 3640 Cum
1665 3583 1924 3642 diluculo

268 3668 335 3723 ad
367 3682 537 3723 mare
571 3664 1011 3736 inambulando,
1046 3672 1155 3726 etc.
1192 3692 1221 3719 »
1253 3670 1461 3727 Caecilii
1531 3672 1779 3730 aliorum
1837 3690 1928 3732 co-

266 3757 425 3813 mitis
484 3770 707 3810 nomen
762 3756 1070 3813 omissum.
1105 3758 1216 3815 Sed
1258 3777 1585 3834 perperam.
1616 3763 1765 3818 Nam
1792 3779 1927 3821 mox

266 3861 397 3901 eum
432 3843 734 3900 Minucius
764 3845 998 3903 nomine
1030 3865 1135 3905 suo
1167 3849 1461 3922 appellat;
1493 3856 1549 3907 et
1579 3851 1752 3923 paulo
1795 3857 1928 3926 post

263 3934 548 3991 Octavius
604 3932 774 3988 illum
831 3940 996 3990 vocat
1023 3960 1050 3985 «
1085 3937 1361 3995 hominen
1418 3940 1576 3995 domi
1608 3939 1864 4012 forisque
1893 3962 1924 3993 »

256 4023 504 4079 Minucii
542 4044 571 4073 «
606 4023 775 4079 lateri
801 4025 953 4079 899
987 4025 1390 4084 inharentem.
1426 4050 1455 4079 ››
1486 4031 1558 4084 At
1586 4029 1723 4085 inde
1780 4030 1925 4088 satis

251 4113 451 4185 liquet
482 4111 671 4183 priori
706 4112 831 4167 loco
862 4112 1029 4169 facile
1058 4116 1269 4173 Caecilii
1301 4132 1514 4174 nomen
1542 4119 1614 4174 ab
1646 4118 1925 4175 omnibus

247 4219 440 4275 posse
471 4199 762 4272 suppleri.

324 4288 686 4347 Observavit
710 4288 996 4361 Rigaltius
1026 4290 1372 4362 Minucium,
1407 4294 1773 4359 deptluctibus
1796 4313 1925 4354 ma-

249 4379 344 4433 ris
366 4378 782 4445 disserentem,
806 4378 1023 4434 dixisse
1043 4395 1056 4433 :
1076 4380 1336 4453 «Crispis
1355 4383 1684 4456 torosisque
1704 4384 1924 4441 ibidem

258 4465 572 4521 erroribus
600 4464 894 4521 delectati.
935 4485 958 4514 σ
982 4470 1197 4523 Verum
1221 4469 1280 4524 in
1305 4472 1706 4545 manuscripto
1728 4473 1925 4530 codice

2032 3293 2394 3351 sublimitate
2416 3311 2773 3368 suspensum
2794 3294 2920 3365 (lib.
2945 3295 3010 3351 de
3028 3295 3321 3352 Salomone
3340 3290 3621 3365 append.).
3648 3310 3677 3340 »

2031 3384 2141 3441 Sed
2174 3384 2536 3457 potiorijure
2568 3402 2670 3458 pro
2695 3384 3081 3458 manuscripti
3111 3384 3254 3457 regii
3276 3383 3523 3439 lectione
3545 3396 3674 3453 pos-

2033 3490 2243 3530 sumus
2270 3491 2471 3530 verum
2503 3474 2744 3531 laudare
2794 3475 3148 3545 Ciceronem,
3180 3473 3278 3544 qui
3308 3476 3511 3528 contra
3540 3469 3676 3527 Rul-

2030 3561 2157 3619 lum
2189 3579 2293 3635 pro
2314 3561 2439 3635 lege
2465 3562 2708 3636 Agraria
2737 3562 2918 3620 dixit:
2944 3586 2971 3615 ‹‹
3006 3563 3252 3619 Romam
3284 3561 3344 3617 in
3375 3560 3677 3617 montibus

2034 3650 2284 3723 positam
2326 3654 2383 3706 et
2410 3650 2775 3708 convallibus
2794 3650 3115 3709 cmnacuiis
3147 3650 3439 3707 sublatam
3507 3653 3683 3721 atque

2034 3755 2383 3812 suspensam
2414 3739 2617 3813 (Cicer.
2652 3741 2799 3799 Orat.
2831 3741 2888 3809 2,
2937 3756 3037 3814 pro
3097 3742 3211 3812 lege
3264 3742 3488 3812 Agrar.,
3538 3753 3684 3811 page

2032 3828 2182 3900 309).
2219 3850 2248 3879 »

2104 3918 2170 3973 In
2202 3916 2508 3973 nonnullis
2564 3917 2922 3974 editionibus
2979 3918 3101 3974 haec
3130 3919 3304 3975 verba
3327 3917 3517 3990 legere
3547 3919 3674 3978 est:

2037 4024 2067 4057 ιι
2088 4004 2246 4063 Licet
2266 4010 2482 4062 terram
2499 4005 2874 4062 fundaverint
2894 4007 3171 4079 pondera.
3200 4029 3229 4057 ››
3262 4007 3325 4061 In
3346 4005 3477 4062 aliis
3504 4018 3635 4059 vero
3656 4019 3671 4059 :

2033 4115 2063 4145 «
2096 4094 2253 4152 Licet
2266 4098 2481 4152 terram
2505 4095 2833 4153 fundaverit
2857 4097 3109 4168 pondus.
3134 4119 3156 4148 ι
3188 4096 3300 4153 Sed
3333 4093 3510 4151 meris
3534 4108 3673 4149 con-

2026 4183 2274 4255 jecturis
2304 4183 2606 4241 immutari
2638 4202 2753 4241 non
2784 4185 2986 4241 debuit
3026 4186 3147 4242 haec
3187 4183 3401 4241 codicis
3462 4196 3675 4238 manu-

2033 4272 2234 4345 scripti
2265 4272 2434 4330 lectio
2466 4288 2480 4328 :
2519 4296 2540 4323 ι
2578 4274 2736 4331 Licet
2762 4278 2976 4331 terram
2995 4273 3329 4330 fundaverit
3349 4271 3621 4345 pondere.
3647 4289 3676 4320 »

2032 4361 2182 4419 Nam
2210 4362 2293 4419 ibi
2323 4364 2480 4420 κίοθ
2508 4362 2813 4420 subaudiri
2842 4363 3075 4433 [debent
3128 4362 3251 4418 haec
3305 4362 3421 4417 duo
3480 4359 3676 4430 verba,

2039 4473 2062 4502 ι
2097 4468 2207 4509 sua
2233 4452 2496 4520 materia,
2534 4474 2564 4503 »
2594 4456 2770 4523 atque
2793 4468 2862 4508 ex
2882 4451 2976 4508 his
3006 4450 3289 4524 suppleri,
3314 4466 3440 4523 quis
3461 4447 3562 4505 illa
3591 4447 3677 4505 sic

250 4553 433 4627 regio
465 4553 657 4625 prima
688 4553 899 4626 prioris
926 4556 1182 4611 nominis
1211 4558 1404 4630 crispis
1452 4539 1645 4617 littera
1700 4562 1761 4633 C,
1802 4579 1925 4619 cor-
1954 4545 2003 4611 D
2034 4541 2385 4633 “9’39?th
2415 4558 2430 4598 ³
2468 4561 2497 4591 “
2526 4539 2748 4633 0°31“?
2778 4539 3305 4633 1_i°°‘3_“spend_°rit
3332 4557 3442 4596 sua
3464 4629 3474 4633 _
3496 4542 3675 4633 φαῖε-

248 4647 432 4699 recta
462 4642 597 4709 fuit,
631 4646 688 4697 et
721 4641 837 4698 alia
864 4659 988 4715 quis
1018 4644 1168 4700 hanc
1198 4648 1577 4717 praseedebat,
1612 4650 1801 4707 deleta
1836 4649 1923 4706 vi-

248 4732 461 4801 detur,
506 4732 1007 4802 quemadmodum
1042 4739 1098 4788 et
1155 4734 1252 4790 illa
1283 4752 1408 4807 quas
1437 4736 1497 4791 in
1540 4754 1677 4795 voce
1730 4740 1924 4796 torosis

248 4821 464 4875 media
486 4824 632 4876 erat.
665 4820 1054 4886 Quamobrem
1086 4821 1326 4893 quidam
1360 4824 1441 4879 ibi
1459 4824 1771 4898 legendum
1818 4842 1924 4900 pu-

256 4913 472 4965 tarunt
525 4912 782 4965 tortuosis
817 4951 830 4977 ,
873 4908 971 4965 alii
1029 4910 1177 4967 bene
1228 4929 1262 4968 a
1300 4911 1538 4970 librario
1596 4920 1920 4973 correctum

262 5002 493 5053 torosis.
516 4997 653 5063 Quae
682 4997 919 5070 quidem
949 4997 1119 5056 lectio
1161 5001 1445 5073 probatur
1471 5002 1739 5077 Rigaltio.
1771 5005 1919 5061 Nam

270 5102 539 5143 cenarum
578 5086 793 5158 inquit,
842 5093 994 5144 toros
1048 5089 1253 5146 medici
1279 5090 1493 5160 dixere,
1553 5097 1608 5148 et
1652 5094 1922 5166 jubarum

276 5180 422 5232 toros
437 5185 631 5243 poeta.
653 5176 765 5232 Sed
790 5177 978 5250 magis
1000 5179 1068 5233 ad
1092 5178 1331 5235 Minucii
1356 5181 1720 5253 propositum
1742 5182 1922 5239 citare

280 5270 507 5336 poterat
538 5264 945 5338 huncy'l‘irgilii
976 5283 1227 5325 versum:

398 5381 761 5447 Riparumque
794 5383 957 5444 toros,
993 5384 1045 5433 et
1078 5387 1229 5447 prata
1258 5384 1496 5435 recentia
1528 5384 1656 5434 rivis

396 5444 702 5494 Incolimua.

348 5566 355 5583 η,
1068 5508 1267 5573 (Virgil.
1298 5509 1333 5558 ι.
1367 5524 1414 5561 v1
1450 5509 1663 5560 xEneid.
1701 5524 1751 5561 v.
1785 5513 1918 5578 674.)

344 5622 549 5681 Postea
572 5635 715 5679 vero,
730 5620 789 5679 in
816 5620 1013 5680 codice
1032 5623 1191 5697 regio
1210 5624 1462 5699 legimus
1485 5643 1499 5686 :
1533 5646 1561 5682 α
1583 5626 1836 5687 Facilius
1856 5627 1917 5688 in

2030 4629 2138 4701 ria,
2192 4630 2326 4685 licet
2379 4634 2597 4686 terram
2669 4629 2998 4688 fundaverit
3054 4631 3397 4703 ponderezn
3461 4629 3520 4685 id
3558 4632 3671 4699 est,

2030 4718 2241 4776 ccslum
2268 4719 2515 4775 materia
2544 4735 2652 4775 sua
2667 4719 3062 4791 suspenderit,
3094 4724 3151 4777 et
3169 4724 3385 4777 terram
3402 4736 3510 4777 suo
3528 4734 3675 4791 quo-

2029 4823 2140 4881 que
2169 4807 2434 4881 materia,
2452 4823 2580 4880 quis
2602 4824 2803 4866 crassa
2835 4812 2893 4866 et
2916 4810 3245 4883 ponderosa
3274 4813 3385 4879 est,
3416 4810 3673 4883 pondere

2027 4896 2378 4954 fundaverit.

2099 5002 2595 5076 Corruptissimus
2615 5018 2749 5060 vero
2769 5006 2858 5060 est
2872 5003 2965 5060 bic
2985 5005 3170 5075 locus,
3195 5005 3255 5062 in
3275 4985 3674 5076 manuscripto

2030 5093 2188 5166 regio
2236 5092 2433 5149 codice
2489 5092 2573 5149 ita
2636 5094 3014 5167 descriptus:
3070 5118 3101 5147 ‹‹
3148 5095 3425 5151 At’etiam
3479 5094 3671 5168 xpinai

2029 5185 2236 5256 quanta
2261 5184 2387 5254 ηνᾶ,
2419 5198 2549 5254 quas
2573 5186 2838 5255 portenta
2865 5184 3209 5257 confingunt
3226 5184 3254 5239 ?
3280 5203 3308 5236 ιι
3344 5182 3491 5249 Quid
3514 5182 3672 5238 enim

2030 5271 2150 5328 hate
2179 5272 2355 5328 verba
2384 5272 2902 5344 signiﬁcent,dictu
2925 5272 3363 5328 difficillimum.
3383 5270 3671 5344 Rigaltius

2028 5365 2225 5418 autem
2256 5376 2327 5417 ea
2382 5360 2468 5416 sic
2527 5359 2807 5417 reddidit:
2841 5382 2870 5410 «
2895 5364 2969 5414 At
2998 5360 3172 5416 etiam
3202 5360 3515 5417 Christiani
3548 5377 3670 5434 qua

2027 5450 2088 5507 in
2115 5454 2233 5507 tam
2266 5454 2486 5515 nostra,
2534 5464 2664 5520 quae
2714 5452 2985 5519 portenta
3014 5450 3404 5523 contingunt?
3435 5473 3464 5501 ››
3486 5466 3670 5522 eaque

2027 5541 2101 5597 ab
2132 5541 2259 5612 ipso
2290 5537 2374 5594 sic
2404 5536 2765 5609 explicantur
2792 5552 2805 5592 :
2841 5558 2868 5587 ‹‹
2900 5536 3212 5595 Christiani
3269 5558 3387 5612 qua
3416 5544 3557 5597 sunt
3610 5538 3673 5593 in

2027 5630 2203 5689 urbes
2228 5626 2403 5688 Italia
2426 5625 2487 5683 in
2543 5623 2744 5702 populi
2776 5626 3022 5686 Romani
3053 5629 3402 5703 provincias,
3433 5630 3498 5687 in
3554 5632 3677 5685 tam
