4102 6162
464 231 581 293 411

1751 227 1855 290 DE
1894 226 2201 293 MINUOII
2244 226 2582 292 OCTAVIO
3720 246 3813 308 M2

462 364 663 419 nostra
693 360 911 429 dlﬁ‘usi,
945 377 1071 435 quas
1101 364 1369 435 portenta
1398 362 1744 435 conﬁngunt
1766 362 1795 419 Ἰ
1828 384 1858 413 ››
1890 366 2109 420 Verum
2137 363 2193 431 Α
2219 362 2401 419 libere
2451 362 2816 419 nundinetur
2848 378 2862 419 :
2895 381 2923 415 ιι
2961 362 3020 418 id
3077 369 3185 431 est,
3237 362 3373 422 ideo
3414 367 3713 447 evehuntur,
3756 370 3810 435 ut

464 452 613 509 hanc
644 450 948 507 lectionem
980 456 1037 507 et
1067 453 1460 522 conjecturam
1498 468 1667 509 nemo
1725 457 1965 509 secutus
1999 456 2110 508 est.

466 540 854 607 Quamobrem
877 539 973 595 alii
995 556 1199 596 omnes
1219 541 1518 597 emendari
1532 541 1842 597 voluerunt
1865 558 1879 601 :
1905 564 1933 593 «
1957 542 2118 606 Quaa-

469 646 606 685 nam
639 633 921 701 monstra,
956 645 1083 702 quas
1130 633 1402 701 portenta
1431 630 1775 702 conﬁngunt
1802 630 1830 686 ?
1858 652 1887 682 η
1910 630 1976 686 Et
1994 630 2118 686 haec

470 717 707 790 quidem
740 717 1140 790 superioribus
1172 723 1227 775 et
1258 719 1758 790 subsequentibus
1777 719 2114 792 magiscon-

390 868 393 873 λ
464 808 706 863 veniunt
735 808 944 863 verbis.
979 807 1090 863 Sed
1122 808 1264 879 quid
1297 807 1536 864 deﬁnire
1568 809 1803 880 audeas,
1838 809 1937 864 ubi
1978 808 2116 863 uni-

466 912 570 951 cus
591 901 680 951 est
700 895 1140 967 manuscriptus
1166 896 1367 965 codex,
1392 896 1561 968 isque
1586 896 1759 970 plane
1782 901 2115 969 corruptus,

466 983 580 1041 nisi
613 984 793 1039 alium
828 984 1127 1040 meliorem
1158 984 1494 1041 inveneris?

538 1072 647 1129 Ubi
688 1090 819 1130 vero
849 1073 1136 1129 Minucius
1167 1089 1235 1129 ex
1264 1074 1547 1131 creaturis
1582 1073 1767 1131 Deum
1798 1078 2118 1131 creatorem

467 1162 742 1219 exsistere
773 1164 1047 1233 ostendit,
1081 1163 1163 1218 ibi
1199 1163 1378 1220 dixit:
1413 1186 1441 1215 «
1475 1164 1727 1220 Hiberna
1761 1163 1991 1220 olivitas
2021 1180 2117 1220 ne-

470 1250 741 1307 cessaria.
776 1272 806 1301 »
828 1252 939 1307 Sed
963 1252 1378 1324 quorsumhec
1393 1253 1464 1308 ad
1484 1252 1724 1308 Minucii
1751 1252 2113 1322 institutum,

468 1340 662 1413 inquit
680 1340 966 1414 Rigaltius
981 1341 1009 1396 ?
1028 1341 1326 1413 Plerisque
1348 1342 1577 1398 enimin
1599 1342 1935 1415 regionibus
1956 1340 2115 1397 olives

469 1446 584 1486 non
616 1430 980 1502 proveniunt.
1009 1430 1239 1501 Melius,
1294 1430 1481 1504 pergit
1536 1431 1653 1495 ille.
1687 1431 1864 1488 scribi
1914 1431 2119 1487 debuit

468 1542 497 1570 «
521 1519 773 1576 Hiberna
830 1519 1003 1592 uligo,
1039 1542 1067 1569 »
1099 1536 1215 1591 qua
1245 1520 1462 1576 humus
1505 1520 1720 1591 hieme,
1776 1520 1932 1577 velut
1967 1520 2117 1577 olivo

468 1609 722 1681 perfusa,
756 1608 1022 1681 quiescit.
1056 1613 1129 1665 At
1175 1608 1318 1665 satis
1374 1609 1470 1664 ille
1528 1626 1644 1665 non
1702 1609 2118 1666 animadvertit

2224 451 2527 525 ingenium
2557 451 2795 526 perditas
2844 468 3045 510 eorum
3077 452 3288 508 mentis
3317 457 3647 516 uundinetur
3670 471 3801 535 pota-

2224 541 2393 598 statis
2428 541 2621 598 liberas
2649 541 2975 599 licentiam.
3001 541 3322 598 Gronovius
3338 545 3577 616 tandem,
3604 555 3804 613 retentis

2223 630 2464 687 vocibus
2496 654 2524 682 ‹‹
2554 630 2807 698 licentia,
2830 635 2884 687 et
2915 630 3108 686 liberae
3126 632 3445 703 potestatis,
3473 638 3643 695 totum
3679 640 3806 700 hunc

2225 719 2418 775 locum
2452 718 2535 775 sic
2563 720 2813 792 explicat
2840 736 2853 775 :
2887 719 3327 777 Dominationes
3355 726 3410 777 et
3431 722 3655 796 imperia
3682 745 3809 787 nun-

2223 808 2504 865 dinantur
2540 825 2742 866 eorum
2788 809 3089 882 ingenium
3120 809 3353 881 perdite
3380 812 3598 881 mentis,
3618 814 3812 876 licentia

2222 896 2417 953 liberes
2456 897 2781 970 potestatis.
2805 898 2917 954 Sed
2948 898 3083 971 quis
3104 914 3428 955 asseverare
3450 903 3645 959 audeat
3680 909 3813 965 tanta

2223 985 2637 1057 perspicuitate
2665 990 2724 1043 et
2778 985 3067 1059 elegantia
3122 987 3335 1060 ubique
3366 987 3675 1061 loquentem
3721 996 3812 1052 Mi-

2225 1074 2487 1145 nucium,
2520 1074 2581 1131 in
2629 1078 2852 1131 tantam
2887 1075 3235 1148 prolapsum
3266 1092 3393 1134 esse
3424 1081 3687 1138 sermonis
3733 1085 3816 1141 ob-

2223 1164 2562 1221 scuritatem
2580 1163 2610 1219 ‘I
2637 1163 2834 1221 Satius
2855 1164 3139 1237 igiturest
3161 1166 3234 1220 ad
3264 1165 3418 1223 hunc
3443 1166 3621 1225 locum
3641 1187 3815 1229 sanan-

2224 1253 2367 1309 dum
2400 1251 2657 1309 melioris
2697 1255 2847 1309 notas
2878 1253 3096 1309 codicis
3110 1269 3282 1327 opem
3308 1261 3646 1328 exspectare,
3673 1274 3820 1331 quam

2222 1342 2391 1399 vanis
2419 1341 2765 1415 levibusque
2795 1342 3098 1415 indulgere
3126 1344 3496 1414 conjecturis.

2294 1431 2444 1487 Tum
2474 1430 2687 1487 deinde
2714 1431 3083 1487 continenter
3112 1432 3385 1489 Octavius
3412 1448 3427 1489 :
3452 1454 3481 1484 «
3507 1433 3718 1508 Absque
3741 1453 3824 1494 no-

2223 1519 2357 1576 titia
2384 1519 2511 1586 Dei,
2548 1520 2762 1593 inquit,
2820 1538 2947 1591 quae
2982 1525 3175 1593 potest
3230 1538 3360 1579 esse
3387 1520 3567 1579 solida
3593 1523 3824 1595 felicitas,

2226 1625 2362 1666 cum
2396 1625 2555 1667 mors
2574 1609 2652 1667 sit
2672 1609 2898 1667 somnio
2925 1609 3137 1667 similis
3163 1613 3531 1683 9Antequam
3578 1616 3826 1682 teneatur,

468 1698 624 1800 quod
657 1699 809 1800 apud
843 1697 1224 1799 Columellam
1272 1698 1526 1800 legimus
1558 1716 1571 1755 :
1606 1722 1633 1750 «
1669 1699 1862 1800 Media
1890 1702 1979 1755 est
2008 1698 2117 1755 oli-
2148 1736 2197 1800 B
2228 1699 2502 1757 elabitur.
2528 1720 2557 1750 ››
2617 1699 3294 1800 Suspicanturuquidam
3355 1700 3437 1755 ibi
3463 1717 3648 1757 vocem
3692 1717 3829 1770 mors,

466 1787 615 1844 vitas
644 1787 991 1860 plerumque
1017 1788 1253 1844 initium
1290 1788 1510 1845 mensis
1570 1788 1939 1856 Decembris;
1980 1805 2117 1844 nam

468 1880 525 1934 et
582 1880 716 1933 ante
770 1877 881 1934 hoc
938 1882 1175 1950 tempus
1205 1878 1482 1934 acerbum
1559 1878 1752 1934 oleum
1810 1877 2121 1934 conﬁcitur

468 1964 715 2038 (Colum.
745 1965 845 2023 lib.
878 1983 981 2038 x11,
1002 1983 1125 2039 cep.
1185 1966 1255 2022 50
1278 1965 1404 2021 init.
1440 1982 1573 2039 pag.
1601 1966 1750 2035 484).
1782 1987 1811 2016 ››
1844 1966 2121 2033 Quamvis

471 2058 667 2111 autem
687 2054 745 2111 id
771 2054 1066 2127 aliquibus
1087 2059 1318 2111 tantum
1339 2055 1400 2110 in
1427 2054 1765 2128 regionibus
1796 2054 2119 2127 contingat,

472 2144 596 2201 haec
613 2144 998 2201 nihilominus
1014 2143 1347 2201 Columellas
1368 2145 1544 2201 verba
1564 2146 1634 2200 ad
1659 2144 1913 2201 auctoris
1935 2144 2122 2201 nostri

475 2234 841 2307 probandam
873 2232 1183 2289 lectionem
1211 2233 1381 2306 plane
1411 2232 1800 2290 sufﬁciebant.
1834 2233 1928 2290 Sic
1960 2233 2119 2289 enim

473 2322 703 2379 olivitas
734 2326 824 2380 est
851 2322 1409 2394 menseﬁecembri,
1460 2338 1655 2380 nonne
1703 2322 1951 2379 hiberna
2004 2321 2120 2379 dici

471 2413 663 2485 potuit
689 2411 718 2468 ?
746 2411 835 2466 Ad
865 2412 988 2469 haec
1017 2428 1153 2469 vero
1186 2412 1384 2469 Cicero
1415 2429 1484 2469 ex
1519 2412 1735 2469 vitibus
1766 2416 1823 2468 et
1870 2411 2116 2481 olivetis,

473 2518 602 2576 quae
622 2518 738 2558 non
759 2502 819 2557 in
838 2502 1113 2558 omnibus
1134 2509 1297 2558 terras
1314 2502 1583 2574 partibus
1607 2504 1899 2570 crescunt,
1913 2502 2117 2558 eodem

472 2590 665 2665 plane,
715 2607 831 2663 quo
889 2590 1181 2648 Minucius
1238 2592 1413 2647 modo
1463 2594 1912 2663 argumentatur
1951 2589 2118 2661 (Cic.,

470 2679 573 2736 lib.
632 2695 675 2736 ιι
703 2680 770 2737 de
808 2682 939 2737 Nat.
966 2682 1127 2737 Deor.
1178 2696 1312 2753 pag.
1343 2679 1470 2752 238,
1500 2678 1606 2736 lin.
1634 2681 1742 2752 16).
1770 2700 1798 2729 ››
1830 2684 1905 2735 At
1970 2679 2118 2736 Gro-

476 2772 683 2825 novius
716 2768 998 2825 ariolatur
1026 2770 1099 2825 ab
1123 2771 1324 2826 eodem
1349 2768 1604 2825 Minucio
1627 2768 1908 2840 scriptum
1935 2767 2118 2826 fuisse

470 2857 712 2927 hiberni,
744 2857 803 2913 id
861 2862 950 2915 est
981 2858 1194 2914 hiemis
1253 2859 1475 2914 olivitas
1502 2875 1516 2926 ;
1548 2858 1650 2913 sed
1682 2855 1833 2913 futili
1874 2873 2115 2929 prorsus

466 2962 754 3019 vanaque,
785 2962 851 3003 ac
880 2951 1083 3003 contra
1113 2946 1501 3019 manuscripti
1531 2944 1748 3003 codicis
1774 2944 1950 3002 ﬁdem
1981 2961 2111 3002 con-

460 3036 714 3109 jectura.

2232 1804 2361 1846 esse
2392 1805 2905 1861 supervacaneam.
2938 1787 3055 1843 Alii
3079 1806 3251 1862 porro
3282 1806 3354 1845 ea
3386 1805 3591 1845 nomen
3618 1805 3693 1846 res
3719 1791 3829 1846 sub-

2230 1876 2400 1933 stltui
2429 1876 2650 1934 volunt.
2683 1879 2754 1933 At
2786 1876 3106 1949 prudenter
3134 1877 3281 1933 nihil
3308 1878 3370 1933 in
3393 1882 3545 1933 textu
3566 1882 3832 1934 mutatum.

2230 1965 2388 2023 Satis
2419 1967 2577 2023 enim
2607 1965 2819 2039 planus
2868 1982 2935 2023 ac
2993 1967 3346 2039 perspicuus
3375 1972 3462 2023 est
3498 1966 3588 2024 hic
3615 1967 3832 2023 auctoris

2230 2056 2415 2112 nostri
2429 2072 2638 2112 sensus
2662 2073 2675 2113 :
2701 2056 2931 2128 Absque
2948 2056 3045 2112 Dei
3066 2055 3273 2112 notitia
3302 2070 3421 2112 non
3443 2061 3621 2128 potest
3638 2072 3833 2111 essese-

2229 2144 2350 2201 lida
2379 2143 2649 2213 felicitas,
2671 2145 2774 2201 sed
2792 2144 2950 2201 ﬂuxa
2969 2148 3204 2201 tantum
3225 2150 3282 2202 et
3292 2162 3449 2202 vana
3471 2164 3485 2214 ;
3510 2145 3833 2217 quandoqui-

2230 2234 2365 2290 dem
2385 2233 2506 2289 hasc
2527 2232 2771 2290 felicitas
2785 2250 2944 2290 mors
2965 2237 3260 2306 est,quam
3280 2233 3649 2305 somnio,sive
3661 2250 3833 2290 somno

2229 2321 2483 2379 similem
2505 2324 2661 2395 apud
2690 2323 3129 2396 Xenophontem
3170 2323 3363 2397 Cyrus
3412 2323 3665 2380 dicebat:
3711 2320 3836 2397 ἐγγύα

2225 2428 2381 2486 τερον
2480 2410 2575 2483 μὲν
2650 2414 2730 2482 τῷ
2806 2408 3133 2486 ἀνθρωπίτῳ
3209 2412 3433 2485 θανάτῳ
3506 2408 3649 2467 οὐδέν
3720 2409 3833 2464 ἐστιν

2228 2497 2397 2554 ὕπνου
2430 2500 2712 2573 (Xenoph.
2744 2499 2846 2558 lib.
2878 2500 3057 2558 vmde
3083 2502 3352 2574 Expedit.
3385 2502 3533 2575 Cyr.,
3564 2517 3684 2574 pag.
3709 2499 3833 2572 237).

2296 2608 2619 2680 Suspectus
2646 2607 2885 2664 tandem
2908 2607 3264 2681 quibusdam
3285 2608 3559 2665 fortassis
3586 2607 3685 2665 erit
3713 2622 3836 2663 unus

2225 2712 2295 2754 ex
2319 2697 2412 2753 his
2445 2697 2678 2754 duobus
2709 2697 2873 2765 locis,
2906 2714 3155 2771 quorum
3186 2698 3358 2770 prior
3409 2697 3540 2754 libri
3595 2697 3741 2752 initio
3773 2694 3838 2751 sic

2225 2785 2503 2844 habetur:
2528 2809 2557 2838 ‹‹
2582 2787 2783 2859 Itaque
2804 2803 2939 2843 cum
2963 2786 3222 2844 diluculo
3241 2786 3663 2844 inambulando
3685 2784 3842 2841 littore

2224 2880 2743 2949 pergeremus,etc.
2766 2897 2795 2927 »
2820 2876 3046 2945 Quibus
3067 2875 3259 2932 verbis
3280 2876 3581 2934 Minucius
3597 2873 3843 2948 signiﬁcat

2223 2982 2287 3023 se
2319 2981 2550 3023 summo
2582 2980 2755 3022 mane
2785 2982 2919 3021 cum
2950 2965 3183 3022 duobus
3217 2966 3405 3023 sociis
3428 2966 3549 3023 suis
3596 2965 3663 3021 ad
3714 2976 3843 3018 mare

2220 3040 2643 3113 1nambulando
2674 3053 3019 3128 perrexisse,
3047 3071 3113 3111 ac
3135 3056 3267 3127 post
3292 3072 3415 3113 non
3438 3054 3661 3127 longam
3684 3053 3842 3108 deam-

542 3126 679 3182 Post
709 3125 911 3181 hacin
940 3124 1111 3182 editis
1172 3124 1427 3214 legimus
1456 3125 1578 3181 haec
1623 3123 1845 3214 Octavii
1900 3123 2112 3193 verba:
2145 3103 2190 3173 α
2227 3103 3842 3214 {iﬁ'Jt—iSASE,‘th'eXEciéiJﬁuiQLIiBE{Aginatius-

471 3236 501 3267 ‹‹
532 3215 678 3272 Aves
709 3214 837 3271 sine
869 3213 1223 3287 patrimonio
1255 3213 1476 3283 vivunt,
1508 3218 1566 3270 et
1595 3214 1653 3269 in
1686 3213 1839 3270 diem
1898 3229 2118 3285 pascua

470 3308 814 3378 pascuntur.
848 3324 878 3355 »
965 3306 1037 3360 At
1092 3304 1153 3359 in
1225 3303 1424 3360 codice
1479 3302 1637 3376 regio
1685 3302 1969 3374 scriptum
2025 3306 2117 3359 est

472 3415 503 3446 «
536 3410 757 3467 pascua
787 3397 1127 3465 pascuntur.
1162 3413 1192 3443 ››
1224 3392 1358 3457 Quae
1418 3396 1572 3449 certe
1629 3392 1882 3448 auctoris
1942 3390 2116 3448 lectio

476 3499 591 3539 non
614 3482 815 3539 debuit
842 3487 1006 3539 tanta
1034 3482 1309 3539 facilitate
1358 3481 1680 3539 immutari.
1710 3481 1930 3538 Pascua
1957 3480 2117 3538 enim

472 3576 616 3629 sunt
643 3571 790 3641 loca,
823 3572 883 3627 in
912 3572 1127 3644 quibus
1149 3572 1400 3643 pecudes
1430 3576 1771 3644 pascuntur.
1812 3571 1928 3627 Cur
1979 3585 2116 3643 ergo

477 3661 550 3717 ab
575 3661 960 3718 Octavio’dici
993 3677 1108 3717 non
1140 3660 1351 3734 potuit.
1378 3682 1408 3713 α
1462 3676 1682 3733 pascua
1739 3663 2064 3733 pascuntur
2086 3680 2117 3711 »

478 3750 974 3824 quemadmodum
1004 3767 1039 3807 a
1066 3749 1288 3824 Virgilo
1321 3765 1335 3805 :

736 3875 1031 3926 Pascuntur
1059 3888 1189 3926 vero
1217 3874 1391 3989 vivas
1422 3876 1476 3924 et
1504 3886 1715 3924 summa
1742 3873 1933 3937 Lycmi.

1193 3941 1207 3989 l
1263 3938 1397 3989 imil.
1426 3936 1518 3988 lib.
1542 3951 1593 3987 ιιι
1626 3936 1810 3989 Georg.
1843 3938 1933 3987 v.2

1193 3935 1397 4002 (Virgil.
1426 3936 1518 3988 lib.
1542 3951 1593 3987 ιιι
1626 3935 1810 4000 Georgi.
1843 3950 1897 3986 ν.
1917 3935 2061 3999 314.)

550 4059 696 4115 Tam
726 4056 1012 4113 obscurus
1033 4054 1224 4111 adhuc
1241 4070 1417 4127 quam
1438 4036 1790 4126 depravatus
1811 4054 1902 4109 est
1922 4050 2017 4109 hic
2035 4050 2124 4109 lo-

479 4165 606 4220 cus,
637 4163 813 4219 quem
871 4144 1309 4218 manuscriptus
1337 4144 1519 4201 codex
1548 4143 1632 4199 sic
1660 4141 1892 4199 exhibet
1922 4158 1937 4199 :
1974 4163 2005 4193 «
2058 4142 2123 4199 In

480 4237 589 4295 hoc
613 4238 755 4294 adeo
787 4236 1026 4310 quidam
1058 4233 1324 4308 imperiis
1380 4249 1448 4290 ac
1478 4231 1980 4288 dominationibus
2012 4230 2125 4287 eri-

478 4341 718 4410 guntur;
752 4338 816 4391 ut
834 4332 1138 4407 ingenium
1158 4348 1362 4390 eorum
1388 4329 1624 4405 perditze
1645 4329 1860 4387 mentis
1878 4328 2123 4386 licentiae

481 4425 787 4499 potestatis
819 4424 998 4481 libere
1027 4422 1449 4479 nundinentur.
1482 4440 1511 4471 »
1545 4420 1675 4475 Hec
1725 4422 1923 4476 autem
1986 4434 2122 4475 cum

482 4514 669 4571 ullum
698 4515 793 4571 vix
823 4529 1063 4570 sensum
1096 4512 1311 4569 habere
1341 4511 1698 4581 viderentur,
1725 4509 1811 4566 sic
1841 4509 1901 4566 in
1951 4508 2125 4566 editis

480 4603 790 4661 emendata
814 4606 953 4658 sunt
982 4619 996 4659 :
1031 4625 1059 4653 «
1095 4606 1160 4658 1n
1182 4601 1291 4658 hoc
1320 4601 1461 4658 adeo
1492 4599 1734 4673 quidam
1765 4597 2029 4670 imperiis
2060 4614 2126 4655 ac

486 4692 989 4751 dominationibus
1002 4692 1150 4747 ΑΜ
1172 4691 1501 4763 eriguntur,
1523 4695 1589 4745 ut
1608 4688 1909 4762 ingenium
1921 4704 2125 4745 eorum

481 4783 722 4859 perdite
768 4786 992 4839 mentes
1048 4778 1284 4837 licentia
1312 4778 1616 4852 potestatis
1674 4776 1853 4833 libere
1911 4777 2123 4834 nundi-

481 4878 761 4931 nentur.»
786 4870 1077 4945 Rigaltius
1096 4873 1315 4938 autem,
1337 4890 1366 4919 «
1389 4866 1625 4941 perditas
1648 4870 1894 4938 mentes,
1922 4888 1943 4915 ι
1968 4866 2124 4923 idem

481 4963 820 5038 signiﬁcare
839 4963 1059 5029 censet,
1088 4962 1265 5031 atque
1286 4954 2123 5025 calumniatores,adulatores,

479 5060 538 5112 et
551 5051 891 5127 hujusmodi
908 5049 1054 5107 alias
1075 5047 1305 5123 generis
1325 5044 1570 5102 humani
1592 5046 1806 5118 pestes.
1824 5043 1939 5101 Nec
1956 5042 2127 5115 plura

480 5144 719 5217 quidem
752 5141 848 5198 ille
902 5140 985 5197 ibi
1042 5139 1329 5195 observat.
1356 5132 1591 5189 Minucii
1616 5149 1787 5205 porro
1810 5133 2007 5201 verba,
2038 5131 2127 5188 sic

479 5236 757 5298 correcta,
784 5231 943 5287 hunc
988 5227 1251 5285 efﬁciunt
1280 5239 1520 5281 sensum
1551 5238 1565 5278 :
1601 5220 1969 5288 Adulatores,
2033 5222 2125 5278 vel

480 5320 930 5378 calumniatores
960 5316 1264 5391 ingenium
1312 5312 1645 5385 principum
1678 5315 1735 5367 et
1792 5326 2018 5383 regum,
2052 5310 2124 5365 li-

476 5411 673 5467 centia
721 5407 1050 5481 potestatis,
1083 5420 1263 5476 quam
1282 5403 1342 5457 in
1366 5418 1464 5458 eos
1495 5401 1736 5468 habent,
1766 5400 1948 5456 libere
1972 5416 2121 5456 nun-

476 5498 778 5556 dinentur.
806 5498 919 5553 Alii
960 5512 1092 5551 vero
1120 5493 1434 5566 legendum
1466 5490 1707 5547 mallent
1739 5506 1753 5546 :
1791 5511 1819 5541 ‹‹
1849 5489 1925 5547 Ut
1954 5489 2122 5562 inge-

469 5586 637 5646 nium
671 5602 873 5645 eorum
933 5584 1172 5658 perditae
1202 5581 1419 5643 mentis
1464 5580 1760 5639 licentiam
1816 5577 2123 5654 potestatis

2225 3233 2447 3289 sedisse
2476 3231 2622 3289 loco.
2654 3232 2814 3288 Alter
2833 3248 2965 3288 vero
2994 3231 3178 3300 locus,
3225 3234 3338 3305 qui
3389 3232 3524 3290 huic
3563 3243 3841 3304 repugnare

2221 3322 2476 3390 videtur,
2520 3320 2581 3377 in
2632 3321 2765 3378 libri
2817 3320 2933 3378 ﬁne
2981 3320 3066 3378 sio
3094 3321 3398 3379 habetur:
3436 3342 3458 3371 ι
3490 3321 3668 3377 Etiam
3714 3332 3841 3374 nunc

2223 3415 2421 3468 tamen
2450 3409 2649 3483 aliqua
2678 3410 3223 3468 consubsidunt.....
3246 3412 3328 3469 de
3360 3412 3572 3485 quibus
3592 3407 3837 3472 crastino;

2224 3500 2380 3574 quod
2402 3500 2530 3572 jam
2561 3500 2649 3556 sol
2678 3499 2911 3557 occasui
2941 3500 3177 3557 declivis
3199 3504 3319 3559 est.
3345 3524 3374 3552 »
3396 3499 3662 3572 Nunquid
3689 3496 3840 3559 enim,

2225 3588 2452 3661 inquiet
2502 3588 2739 3660 aliquis,
2770 3588 2981 3646 Caecilii
3036 3589 3386 3664 Octaviique
3433 3587 3755 3654 ambulatio,
3790 3600 3842 3640 ac

2227 3679 2573 3751 disputatio,
2605 3678 2851 3751 quaehoc
2883 3695 3059 3751 parvo
3079 3678 3325 3736 Minucii
3348 3680 3499 3737 libro
3533 3678 3845 3741 continetur,

2229 3784 2331 3841 per
2362 3773 2546 3827 totam
2577 3769 2936 3826 duraverunt
2955 3767 3111 3824 diem
3143 3768 3489 3843 ?|Nunquid
3522 3765 3845 3841 praeterhanc

2231 3860 2713 3935 disputationem,
2743 3863 2803 3916 et
2832 3844 2991 3916 haud
3043 3858 3283 3932 longam
3328 3856 3843 3921 deambulationem,

2231 3950 2379 4007 nihil
2410 3950 2567 4006 aliud
2599 3947 2891 4006 Minucius
2913 3966 3045 4006 cum
3070 3948 3244 4006 sociis
3270 3949 3419 4023 egit,
3441 3960 3741 4016 omnesque
3766 3958 3847 4014 pa-

2232 4040 2372 4097 riter
2399 4043 2585 4096 totam
2616 4038 2769 4095 diem
2802 4042 2903 4095 aut
2933 4038 3332 4111 ambulantes,
3366 4044 3471 4095 aut
3500 4036 3844 4109 disputantes,

2230 4134 2407 4203 atque
2435 4128 2719 4202 impransi
2775 4130 2833 4185 et
2851 4127 3041 4200 jejuni
3074 4130 3417 4200 transegere
3439 4126 3467 4182 ?
3500 4124 3736 4184 Delenda
3760 4120 3851 4175 ita-

2232 4235 2367 4292 que,
2398 4218 2666 4289 forsitan,
2697 4215 2908 4273 ultima
2935 4215 3049 4273 loci
3079 4215 3256 4289 hujus
3290 4214 3630 4289 posterioris
3683 4207 3846 4272 verba,

2230 4308 2319 4365 vel
2350 4307 2563 4380 priore,
2595 4322 2707 4363 vox
2736 4305 3007 4363 diluculo.

2304 4414 2417 4473 Sed
2438 4415 2547 4471 hoc
2576 4413 2809 4471 dicendi
2839 4426 3025 4487 genus
3056 4412 3323 4484 adjuris,
3357 4415 3426 4470 ut
3476 4411 3657 4478 aiunt,
3687 4405 3851 4479 apices

2232 4521 2348 4563 non
2381 4520 2624 4578 prorsus
2652 4502 3059 4576 accipiendum
3092 4505 3201 4560 est.
3235 4500 3536 4559 Minucius
3592 4496 3849 4571 siquidem

2233 4612 2351 4653 non
2383 4593 2586 4651 omnia
2614 4592 2833 4666 scripto
2866 4591 3131 4663 tradidit,
3162 4607 3292 4664 quas
3324 4607 3394 4649 eo
3424 4591 3522 4647 die
3549 4590 3621 4646 ab
3650 4587 3851 4659 ipsasa-

2233 4683 2612 4757 ciisquejsuis
2642 4686 2773 4740 acta
2794 4684 2958 4739 sunt.
2991 4681 3060 4737 Et
3087 4696 3242 4753 vero,
3264 4696 3406 4737 cum
3431 4679 3535 4737 ille
3563 4678 3707 4735 hanc
3755 4671 3851 4730 dis-

2234 4774 2596 4848 putationem
2654 4770 2790 4841 alio,
2848 4786 3029 4843 quam
3104 4768 3305 4826 habita
3362 4770 3476 4836 est,
3534 4770 3778 4838 tempore
3804 4773 3854 4848 se

2233 4845 2655 4936 conscripsisse
2704 4862 2951 4919 testetur
2981 4876 2997 4930 ;
3030 4858 3185 4915 402
3214 4874 3283 4914 ea
3336 4860 3573 4914 tantum
3629 4869 3749 4927 qua
3796 4845 3854 4904 ad

2234 4952 2410 5011 aliam
2441 4950 2755 5019 faciebant,
2777 4948 3004 5007 caeteris
3033 4946 3474 5021 prastermissis,
3509 4943 3725 5019 putavit
3750 4951 3855 4995 esse

2233 5042 2549 5100 narranda.
2572 5040 2833 5113 Denique
2860 5037 3258 5096 Tertullianus
3286 5031 3855 5094 similiChristiannm

2230 5130 2386 5189 inter
2414 5135 2473 5187 et
2500 5129 2860 5204 proselytum
2898 5128 3170 5185 Judaeum
3229 5125 3640 5199 disputatione
3691 5121 3855 5204 totum

2231 5220 2388 5278 diem
2447 5202 2521 5276 ad
2576 5202 2880 5291 vesperam
2933 5233 3123 5291 usque
3169 5215 3549 5287 insumptum
3581 5209 3753 5268 fuisse
3778 5202 3854 5261 his

2230 5309 2439 5384 primis
2467 5307 2603 5366 libri
2632 5307 2725 5365 sui
2747 5308 3028 5365 adversus
3053 5306 3288 5363 Judaaos
3318 5303 3517 5359 verbis
3538 5303 3727 5374 aperte
3779 5294 3860 5348 de-

2231 5383 2459 5455 clarat:
2496 5420 2527 5449 ‹‹
2577 5397 2843 5456 Proxime
2901 5395 3132 5466 accidit,
3192 5391 3524 5466 disputatio
3568 5386 3756 5446 habita
3779 5383 3856 5438 est

2231 5487 2559 5547 Christiano
2606 5492 2661 5545 et
2718 5485 3016 5560 Proselyto
3057 5483 3280 5543 Judmo.
3338 5479 3602 5539 Alternis
3656 5474 3856 5533 vicibus

2230 5576 2595 5638 contentiosa
2624 5575 2763 5638 fune
2791 5579 3037 5649 uterque
3082 5572 3240 5631 diem
3270 5571 3334 5629 in
3364 5581 3667 5643 vesperam
3693 5566 3857 5621 traxe-
