4102 6162
290 277 408 339 H3

1716 272 2263 337 DISSERTATIO.

3571 283 3692 345 414

286 414 423 468 runt
460 410 722 484 (Tertull.
756 410 858 467 llb.
891 408 1103 467 advers.
1137 409 1376 478 Iudaeos,
1418 423 1543 481 cap.
1577 408 1691 481 2).»
1750 407 1932 464 Nemo
1963 409 2018 475 Α
2046 410 2168 463 tam
2200 407 2612 481 oppletamque
2636 410 3043 481 tenuerit,tum
3074 412 3690 488 recedit,mollitosque

288 507 482 558 tamen
508 501 644 557 inde
685 504 785 557 aut
806 504 1008 556 contra
1054 500 1232 571 hujus
1292 503 1485 556 textus
1536 496 1935 554 sinceritatem

288 596 388 648 aut
408 596 612 647 contra
630 590 1051 662 disputationis
1073 589 1369 645 veritatem
1399 586 1795 659 argumentari
1824 603 1937 641 un-

290 697 472 753 quam
509 696 690 736 ausus
715 684 820 735 est.
856 679 915 735 Si
942 695 1068 751 quas
1111 694 1282 750 porro
1314 676 1429 734 alia
1459 678 1579 733 sint
1622 677 1939 748 depravata

284 769 527 825 Minucii
564 770 759 840 verba,
810 772 913 824 aut
962 767 1353 839 corruptionis
1410 769 1703 839 suspecta,
1757 764 1828 821 de
1864 763 1937 820 iis

286 860 386 914 ubi
408 858 637 914 occasio
669 874 731 914 se
764 857 987 926 offeret,
1012 856 1165 911 infra
1194 854 1648 928 disputabimus.

861 990 1263 1046 ARTICULUS
1292 990 1386 1045 VI.

282 1083 429 1151 Quid
459 1083 744 1138 Minucius
774 1097 846 1136 ea:
877 1082 1006 1136 aliis
1036 1080 1397 1151 scriptoribus
1424 1078 1697 1151 Cicerone,
1723 1093 1933 1151 saneea,

355 1155 721 1221 Tertulliano,
755 1169 818 1208 ac
838 1154 1086 1209 vicissim
1112 1148 1181 1207 ei:
1209 1150 1308 1207 hoc
1336 1150 1575 1221 ejusdem
1601 1149 1828 1205 Minucii
1865 1148 1937 1204 li-

354 1227 451 1281 bro
494 1225 805 1298 Cyprianus
862 1224 1073 1295 aliique
1123 1223 1506 1287 delibaverint.

351 1342 863 1409 Quemadmodum
898 1339 1066 1413 plura
1080 1338 1141 1394 in
1158 1338 1269 1394 hoc
1286 1336 1525 1393 Minucii
1556 1335 1704 1392 libro
1721 1352 1789 1392 ex
1804 1333 1937 1391 aliis

280 1428 694 1502 scriptoribus,
728 1431 869 1500 puta
897 1426 1193 1493 Cicerone,
1223 1427 1459 1493 Seneca,
1491 1428 1547 1481 et
1578 1422 1938 1480 Tertulliano

279 1518 542 1576 drlibata
565 1543 580 1586 ;
612 1517 696 1573 ita
717 1516 892 1571 etiam
916 1514 1106 1570 multa
1128 1530 1196 1569 ex
1212 1512 1311 1570 illo
1333 1531 1366 1569 a
1388 1512 1674 1586 Cypriano
1695 1512 1937 1567 totidem

278 1608 493 1676 verbis,
518 1608 579 1662 in
637 1622 812 1662 suum
860 1604 1179 1678 praesertim
1238 1604 1303 1659 dc
1353 1602 1632 1659 [dolorum
1694 1602 1939 1659 Vanitatc

277 1695 817 1762 librum,translata
838 1692 1383 1750 animadvertimus.
1403 1690 1697 1748 Nonnulla
1714 1706 1849 1747 vero
1869 1705 1939 1745 ex

2045 500 2101 553 et
2132 497 2442 554 oblimatos
2474 515 2646 571 agros
2675 501 2746 556 ad
2780 502 3094 558 serendum
3126 503 3689 577 relinquit.Mesopo-

2044 586 2285 641 tamiam
2317 587 2564 642 fertilem
2596 588 2775 645 efficit
2813 590 3158 663 Euphrates,
3211 593 3269 647 in
3319 609 3494 664 quem
3544 610 3688 665 quo-

2045 674 2241 730 tannis
2273 676 2439 746 quasi
2473 693 2653 732 novos
2683 694 2854 749 agros
2884 678 3122 735 invehit.
3159 681 3341 736 Indus
3372 698 3525 750 vero,
3586 682 3686 754 qui

2046 766 2135 819 est
2164 764 2430 819 omnium
2463 765 2773 821 fluminum
2811 768 3122 837 maximus,
3154 786 3269 825 non
3301 787 3455 842 aqua
3499 770 3690 827 solum

2046 869 2218 927 agros
2248 852 2501 909 laetificat
2533 858 2589 910 et
2620 854 2874 927 mitigat,
2907 857 3006 913 sed
3038 873 3135 913 eos
3177 859 3351 915 etiam
3402 859 3689 931 conserit;

2046 957 2322 1013 magnam
2352 942 2509 998 enim
2540 942 2655 999 vim
2716 945 3010 1002 seminum
3070 963 3271 1003 secum
3324 949 3602 1005 frumenti
3634 952 3693 1005 et

2046 1030 2331 1088 similium
2363 1031 2577 1088 dicitur
2598 1034 2902 1106 deportare
2925 1034 3065 1107 (Cic.
3100 1035 3238 1092 ibid.
3272 1054 3403 1110 pag.
3425 1037 3556 1108 234,
3585 1038 3691 1096 lin.

2043 1120 2159 1192 20).
2196 1142 2225 1171 ,ι

2117 1228 2267 1283 Tum
2289 1228 2653 1286 continenter
2680 1230 3009 1288 Minucius:
3049 1232 3212 1297 Quod
3272 1233 3321 1289 si
3389 1233 3691 1306 ingressus

2046 1314 2305 1388 aliquam
2336 1318 2600 1385 domum,
2634 1320 2833 1375 omnia
2863 1321 3113 1390 exculta,
3147 1322 3453 1395 disposita,
3484 1330 3692 1381 ornata

2043 1405 2312 1474 vidisses,
2347 1407 2549 1479 utique
2581 1425 2831 1480 praeesse
2875 1410 2926 1465 ei
2951 1411 3216 1467 crederes
3266 1411 3598 1483 dominum,
3628 1417 3688 1469 et

2046 1493 2161 1550 illis
2218 1494 2389 1550 bonis
2447 1497 2621 1552 rebus
2687 1498 2869 1554 multo
2949 1499 3273 1568 meliorem,
3332 1501 3416 1557 ita
3470 1501 3529 1558 in
3579 1501 3692 1561 hac

2045 1582 2253 1639 mundi
2282 1584 2477 1652 domo,
2522 1601 2656 1641 cum
2701 1586 2913 1643 oculum
2963 1592 3297 1662 terramque
3349 1590 3692 1662 perspicias,

2046 1672 2493 1745 providentiam,
2526 1674 2810 1742 ordinem,
2852 1677 3063 1750 legem,
3095 1679 3266 1734 crede
3299 1694 3429 1735 esse
3463 1679 3697 1735 univer-

276 1787 394 1842 illis
425 1760 590 1842 nunc
628 1784 979 1857 seligemus;
1004 1786 1209 1839 cetera
1232 1798 1304 1837 ne
1351 1782 1549 1837 eadem
1602 1783 1941 1853 repetantur
1968 1784 2016 1850 Β
2046 1760 2236 1857 ἓίίῗξὶίίε
2266 1762 2571 1857 ἀοωίιῇυω
2610 1768 3062 1857 γρῄἃτθηίθφίίιξθυ
3112 1766 3259 1839 iPais
3315 1767 3609 1857 Sideribus
3635 1772 3695 1857 οι

274 1876 401 1933 suis
426 1874 599 1946 locis,
616 1874 713 1929 ubi
736 1890 863 1945 quae
880 1872 1166 1929 Minucius
1188 1869 1725 1938 docet,excutienda
1740 1872 1932 1940 erunt,

274 1965 653 2022 commodius
703 1962 1079 2020 revervaturi.

342 2055 624 2110 Primum
679 2053 875 2124 itaque
924 2049 1215 2109 Minucius
1272 2065 1458 2105 unum
1491 2048 1677 2105 Deum
1737 2063 1935 2104 revera

273 2144 564 2201 exsistere
595 2142 707 2198 hoc
728 2141 933 2214 probat
956 2142 1301 2212 argumento
1332 2155 1345 2194 :
1373 2160 1402 2191 «
1423 2137 1570 2205 Quid
1594 2140 1786 2210 potest
1806 2152 1935 2194 esse

270 2236 396 2288 tam
429 2235 728 2303 apertum,
752 2233 872 2285 tam
905 2229 1505 2299 confessum,tamque
1534 2225 1933 2298 perspicuum,

275 2338 411 2378 cum
448 2321 514 2376 in
532 2320 740 2377 coelum
756 2317 1170 2390 suspexeris,et
1191 2334 1317 2389 quas
1339 2321 1478 2372 sunt
1497 2316 1650 2371 infra
1665 2316 1933 2388 circaque

273 2410 470 2468 oculis
533 2407 897 2477 lustraveris,
959 2423 1136 2481 quam
1202 2422 1333 2463 esse
1416 2404 1654 2478 aliquod
1712 2421 1932 2462 numen

273 2498 790 2575 prastantissimaa
820 2496 1058 2568 mentis,
1088 2512 1202 2569 quo
1246 2495 1441 2552 omnis
1483 2498 1696 2550 natura
1750 2494 1932 2567 inspi-

273 2595 465 2659 retur,
499 2592 827 2654 moveatur,
849 2586 1060 2657 alatur,
1093 2586 1498 2659 gubernetur?
1533 2603 1555 2633 ι
1583 2583 1777 2640 Cicero
1827 2600 1932 2640 au-

272 2684 396 2737 tem
415 2679 581 2735 idem
638 2680 1060 2751 argumentum
1120 2676 1321 2732 eodem
1378 2672 1548 2746 plane
1604 2673 1799 2745 modo,
1828 2672 1930 2729 sed

271 2770 519 2826 brevius
548 2766 633 2824 sic
661 2770 829 2839 urget
853 2784 873 2823 :
906 2787 935 2817 ‹‹
968 2764 1117 2832 Quid
1149 2767 1342 2838 potest
1370 2779 1499 2820 esse
1520 2766 1642 2819 tam
1664 2766 1929 2834 apertum

270 2864 524 2931 tamque
552 2856 955 2929 perspicuum,
988 2871 1122 2911 cum
1163 2853 1371 2909 ccelum
1405 2851 1800 2924 suspeximus,
1824 2868 1933 2909 cce-

272 2948 573 3019 lestiaque
612 2943 989 3018 contemplati
1021 2960 1251 3015 sumus,
1284 2958 1463 3015 quam
1511 2956 1641 2998 esse
1695 2941 1930 3013 aliquod

269 3053 499 3094 numen
532 3034 1031 3107 praestantissimae
1062 3032 1299 3101 mentis,
1333 3048 1448 3105 quo
1477 3031 1599 3087 haec
1648 3034 1933 3102 reguntur

267 3128 483 3200 (Cicer.
514 3125 621 3180 lib.
655 3141 697 3179 ιι
724 3123 930 3180 ιίθΝαι·
965 3127 1125 3179 Deor.
1159 3122 1288 3189 init,
1319 3118 1692 3193 pag.214,lin.
1716 3119 1804 3189 10)
1825 3119 1874 3192 ?)
1894 3138 1921 3172 ι

266 3214 531 3270 Videsne
562 3213 839 3285 pleraque
868 3212 1067 3268 eadem
1101 3210 1394 3268 Ciceronis
1441 3210 1637 3277 verba,
1697 3224 1825 3281 quae
1856 3209 1929 3265 ab

265 3304 532 3360 Minucio
569 3302 935 3375 amplificata
973 3300 1158 3357 sunt?

340 3395 505 3449 Tum
528 3392 739 3447 deinde
760 3389 1049 3448 Minucius
1075 3406 1089 3445 :
1113 3411 1141 3440 «
1173 3387 1573 3460 Relinquenda
1591 3404 1725 3444 vero
1746 3390 1931 3444 astro-

262 3485 423 3556 logis
460 3480 744 3555 prolixior
774 3482 845 3537 de
874 3479 1165 3537 sideribus
1190 3477 1464 3534 oratio....
1518 3494 1644 3549 quas
1701 3476 1932 3549 singula

268 3590 388 3628 non
425 3572 610 3627 modo
643 3573 710 3625 ut
756 3572 1113 3639 crearentur,
1168 3567 1391 3633 fierent,
1454 3566 1926 3639 disponerentur,

260 3661 499 3719 summi
524 3659 772 3716 artificis
794 3662 853 3715 et
882 3658 1148 3732 perfectas
1178 3655 1424 3712 rationis
1454 3658 1776 3728 eguerunt;
1824 3670 1928 3710 ve-

255 3769 394 3808 rum
426 3750 613 3807 etiam
642 3748 866 3815 sentiri,
899 3746 1170 3821 perspici,
1216 3745 1462 3818 intelligi
1510 3745 1637 3801 sine
1695 3760 1931 3801 summa

254 3840 512 3899 solertia
553 3843 612 3895 et
660 3838 884 3894 ratione
933 3854 1049 3893 non
1093 3839 1358 3909 possunt.
1390 3856 1418 3885 ››
1470 3833 1697 3890 Tullius
1749 3849 1925 3892 vero:

254 3953 287 3981 α
321 3932 467 3987 Hmc
506 3928 704 3984 omnis
732 3926 1049 3999 descriptio
1068 3925 1394 3981 siderum...
1415 3923 1528 3979 alia
1551 3940 1675 3996 qua
1693 3926 1923 3995 natura,

251 4020 489 4076 mentis
511 4033 741 4090 expers,
775 4017 895 4072 haec
922 4016 1151 4072 efficere
1180 4014 1393 4087 potuit,
1425 4030 1552 4085 quas
1583 4030 1696 4068 non
1751 4013 1924 4068 modo

248 4116 323 4166 ut
352 4110 599 4172 ﬁerent,
632 4106 859 4162 ratione
908 4108 1213 4177 eguerunt,
1269 4104 1369 4159 sed
1429 4102 1675 4173 intelligi
1726 4101 1925 4174 qualia

249 4200 404 4266 sint,
442 4198 577 4253 sine
609 4210 847 4251 summa
888 4194 1111 4250 ratione
1138 4210 1252 4249 non
1285 4196 1534 4265 possunt
1562 4190 1700 4263 (Cic.
1719 4192 1921 4249 eodem

248 4288 361 4345 lib.
400 4302 539 4360 pag.
571 4285 699 4353 231,
732 4283 837 4340 lin.
871 4283 1009 4356 41)?
1039 4305 1068 4333 ››
1416 4288 1421 4293 λ

331 4377 601 4431 Rursum
630 4373 921 4430 Minucius
948 4389 960 4428 :
997 4394 1027 4422 »
1057 4372 1269 4444 quidve
1300 4369 1692 4426 animantium
1716 4369 1921 4442 loquar

263 4464 551 4520 adversus
581 4480 710 4520 sese
740 4460 985 4518 tutelam
1004 4460 1425 4517 multiformem
1448 4459 1476 4514 ?
1490 4458 1638 4515 alias
1658 4462 1918 4515 armatas

2042 1850 2222 1907 totius
2254 1851 2480 1906 mumdi
2493 1852 2762 1924 partibus
2775 1852 3187 1925 pulchriorem.
3213 1877 3242 1905 »
3264 1856 3576 1913 Praeiverat
3597 1856 3690 1915 his

2040 1940 2232 1996 verbis
2263 1939 2457 1998 Cicero
2483 1957 2496 1995 :
2530 1964 2559 1993 «
2587 1941 2661 1997 Ut
2693 1941 2741 1997 si
2773 1943 2925 2016 quis,
2946 1944 3005 2000 in
3028 1945 3272 2001 domum
3289 1944 3687 2018 aliquam,aut

2039 2028 2103 2086 in
2149 2030 2542 2103 gymnasium,
2595 2031 2779 2087 autin
2811 2032 3002 2088 forum
3032 2034 3272 2102 venerit,
3329 2051 3465 2091 cum
3495 2035 3690 2093 videat

2044 2118 2310 2174 omnium
2340 2135 2536 2175 rerum
2567 2121 2871 2193 rationem,
2896 2122 3691 2196 modum,discipliuam,non

2043 2207 2229 2280 possit
2255 2225 2323 2264 ea
2350 2208 2476 2265 sine
2506 2226 2683 2266 causa
2709 2210 2832 2266 fieri
2858 2210 3255 2283 judicare,sed
3278 2226 3406 2269 esse
3435 2212 3689 2285 aliquem

2041 2296 2349 2370 intelligat,
2383 2298 2487 2370 qui
2517 2299 2733 2371 praesit,
2765 2304 2822 2357 et
2850 2300 3235 2374 cuipareatur
3258 2301 3472 2371 ;multo
3504 2304 3689 2375 magis

2042 2386 2101 2443 in
2127 2387 2308 2444 tantis
2350 2388 2630 2458 motibus,
2688 2389 2990 2462 tantisque
3035 2390 3538 2449 vicissitudinibus
3566 2396 3689 2449 tam

2042 2476 2363 2532 multarum
2414 2492 2632 2546 rerum,
2686 2482 2861 2544 atque
2914 2482 3215 2536 tantarum
3275 2480 3606 2551 ordinibus,
3629 2481 3691 2537 in

2042 2566 2261 2638 quibus
2288 2565 2434 2622 nihil
2476 2583 2737 2638 unquam
2761 2568 3049 2625 immensa
3079 2572 3139 2625 et
3172 2568 3403 2626 infinita
3430 2573 3692 2627 vetustas

2041 2655 2288 2712 mentita
2316 2655 2419 2725 sit,
2442 2659 2661 2712 statuat
2691 2672 2929 2713 necesse
2972 2661 3058 2713 est
3095 2657 3167 2713 ab
3227 2657 3425 2731 aliqua
3494 2662 3691 2716 mente

2039 2748 2235 2801 tantos
2265 2748 2486 2801 natura;
2517 2748 2715 2802 motus
2744 2746 3053 2817 gubernari
3099 2744 3304 2820 (Cicer.
3359 2746 3496 2805 ibid.
3550 2764 3685 2822 pag.

2037 2834 2163 2903 216,
2198 2833 2302 2889 lin.
2335 2835 2410 2906 3).
2446 2855 2476 2884 ››

2110 2927 2188 2978 Ex
2210 2924 2422 2979 Seneca
2443 2922 2619 2979 etiam
2641 2922 2832 2980 multa
2846 2924 3170 2981 Minucium
3187 2925 3547 2996 decerpsisse
3559 2941 3690 2999 pro-

2036 3011 2179 3068 batu
2210 3012 2375 3068 facile
2404 3012 2816 3070 eat.Ctecilium
2832 3013 3292 3071 eteniminducit
3305 3014 3687 3085 Christianos;

2040 3102 2141 3173 qui
2168 3105 2398 3157 mortua
2426 3101 2732 3157 hominum
2764 3118 3005 3174 corpora
3034 3103 3191 3175 rogis
3222 3103 3473 3160 cremari
3526 3103 3688 3163 nole-

2040 3191 2204 3259 bant,
2238 3190 2322 3246 sic
2360 3190 2793 3263 exagitantem:
2827 3213 2855 3242 «
2889 3191 3066 3257 Quasi
3098 3208 3201 3248 nec
3226 3192 3456 3249 intersit
3484 3196 3685 3251 utrum

2040 3279 2171 3335 ferae
2201 3278 2503 3352 diripiant,
2534 3295 2606 3334 an
2655 3280 2842 3336 maria
2901 3286 3275 3352 consumant,
3334 3298 3407 3338 an
3464 3282 3685 3341 humus

2038 3372 2326 3441 contegat,
2362 3384 2435 3423 an
2457 3369 2697 3426 ﬂamma
2725 3369 3034 3426 subducat.
3072 3393 3094 3420 ι
3129 3371 3349 3427 Seneca
3368 3387 3501 3429 vero
3520 3372 3685 3429 dixe-

2039 3461 2164 3514 rat:
2206 3456 2370 3513 «Ille
2404 3456 2639 3513 divinus
2689 3458 2927 3515 animus
2972 3475 3318 3533 egressurus
3360 3460 3679 3533 hominem,

2040 3563 2155 3619 quo
2214 3546 2646 3619 receptaculum
2710 3564 2887 3604 suum
2947 3549 3299 3621 conferatur,
3334 3550 3487 3623 ignis
3533 3549 3681 3607 illud

2038 3639 2263 3702 exurat,
2296 3652 2369 3692 an
2399 3635 2530 3691 feras
2561 3636 2913 3705 distrahant,
2947 3654 3019 3694 an
3050 3642 3207 3695 terra
3235 3642 3528 3711 contegat,
3565 3655 3680 3695 non

2036 3724 2225 3798 magis
2254 3725 2325 3781 ad
2351 3741 2414 3780 se
2436 3724 2665 3797 judicat
2703 3727 2992 3798 pertinere
3051 3744 3228 3799 quam
3287 3730 3579 3786 secundas
3612 3728 3685 3785 ad

2034 3814 2261 3870 editum
2292 3814 2575 3870 infantem
2607 3815 2829 3885 (Senec.
2863 3816 3037 3889 epist.
3068 3818 3158 3886 92,
3184 3834 3319 3891 pag,
3352 3817 3501 3891 381).
3528 3839 3558 3869 ››

2106 3920 2380 3978 Octavius
2409 3931 2607 3978 autem
2640 3922 2713 3978 ad
2745 3923 3035 3993 objectam
3065 3923 3412 3981 Christianis
3442 3939 3687 3997 pauper-

2031 4012 2212 4067 tatem
2248 4011 2600 4082 respondet:
2633 4034 2663 4063 «
2694 4016 2873 4068 Nemo
2904 4016 3025 4069 tam
3058 4030 3279 4087 pauper
3306 4030 3434 4071 esse
3465 4016 3680 4085 potest,

2032 4116 2211 4173 quam
2268 4103 2442 4156 natus
2496 4104 2606 4157 est.
2636 4120 2665 4152 »
2727 4100 2921 4157 Simili
2978 4101 3150 4174 plane
3209 4102 3386 4159 modo
3414 4106 3676 4162 Seneca:

2030 4210 2061 4241 ‹‹
2092 4189 2271 4245 Nemo
2301 4192 2422 4245 tam
2454 4206 2674 4261 pauper
2703 4188 2860 4258 vivit,
2898 4206 3075 4263 quam
3110 4195 3284 4247 natus
3314 4207 3404 4247 est
3451 4191 3681 4263 (Senec.

2030 4277 2134 4336 lib.
2167 4283 2358 4351 Quare
2377 4280 2513 4336 viris
2533 4279 2714 4349 bonis,
2743 4282 2879 4348 etc.,
2910 4296 3014 4337 seu
3043 4279 3109 4337 de
3133 4280 3462 4338 Provident.
3494 4296 3599 4352 cap
3621 4278 3677 4349 6,

2030 4385 2164 4442 pag.
2194 4369 2322 4424 504.
2349 4387 2376 4421 ι

2102 4459 2259 4514 Idem
2293 4456 2569 4515 Octavius
2600 4456 2775 4529 paulo
2806 4462 2939 4530 post
2970 4473 2984 4515 :
3011 4481 3041 4511 «
3075 4459 3235 4526 Quod
3268 4458 3526 4531 corporis
3564 4458 3683 4515 hu-

265 4551 569 4620 cornibus,
604 4550 750 4608 alias
780 4549 1054 4607 dentibus
1077 4551 1357 4620 septas,et
1387 4546 1662 4602 fundatas
1680 4544 1919 4617 ungulis
1948 4533 1996 4599 D
2029 4562 2206 4602 mana
2233 4544 2370 4601 vitia
2397 4545 2706 4615 sentimus,
2744 4562 2859 4602 non
2891 4551 2979 4604 est
3009 4562 3204 4619 pcsna,
3240 4548 3341 4604 sed
3400 4546 3681 4606 militia...

261 4646 323 4698 et
350 4642 611 4714 spicatas
641 4639 885 4707 aculeis,
917 4642 1018 4695 aut
1070 4638 1283 4709 pedum
1334 4634 1627 4692 celeritate
1683 4633 1918 4705 liberas,

264 4735 369 4788 aut
398 4730 653 4787 elatione
681 4730 987 4802 spinarum
1007 4727 1035 4783 τ
1067 4748 1095 4777 ››
1116 4724 1678 4799 ExplicatiusCicero
1701 4740 1716 4781 :
1741 4724 1919 4779 «Jam

264 4818 369 4875 illa
398 4819 724 4889 cernimus,
774 4823 840 4873 ut
897 4820 1101 4873 contra
1149 4818 1371 4871 metum
1414 4818 1473 4870 et
1511 4812 1650 4885 vim,
1701 4812 1827 4871 suis
1856 4829 1921 4870 se

266 4910 450 4965 armis
480 4911 576 4966 41
614 4922 858 4980 quaeque
897 4905 1188 4963 defendat.
1211 4904 1499 4961 Cornibus
1545 4903 1719 4972 tauri,
1783 4902 1908 4976 apri

270 4998 566 5067 dentibus,
594 5014 795 5053 morsu
829 4995 1048 5064 leones,
1078 4994 1206 5052 alite
1243 4995 1379 5065 fuga
1408 4992 1635 5061 se,aliae
1676 4991 1923 5050 occulta-

268 5088 425 5145 tione
444 5091 718 5144 tutantur
745 5086 886 5159 (Cie.
914 5084 1051 5141 ibid.
1085 5101 1214 5157 pag.
1249 5084 1377 5155 233,
1409 5082 1489 5138 lin
1528 5083 1642 5155 59).
1676 5103 1710 5136 ι

336 5181 623 5234 Praeterea
642 5174 930 5231 Minucius
961 5173 1277 5246 aliquando
1300 5171 1694 5228 contractione
1715 5170 1775 5227 id
1796 5171 1921 5239 bre,

278 5265 400 5321 vius
432 5266 597 5332 facit,
667 5264 822 5337 quod
872 5263 1069 5320 Cicero
1117 5262 1350 5335 longius
1404 5261 1787 5333 produxurat.
1828 5259 1923 5316 Sic

276 5355 437 5411 enim
484 5354 622 5411 ille:
656 5375 685 5405 «
732 5352 963 5425 Egypti
1029 5352 1352 5409 siccitatem
1400 5354 1687 5423 temperat
1732 5348 1921 5418 Nilus,

279 5444 405 5500 colit
448 5443 781 5516 Euphrates
822 5441 1328 5513 Mesopotamiam,
1386 5440 1566 5495 Indus
1623 5442 1680 5494 et
1732 5454 1925 5494 serere

277 5532 555 5590 Orientem
605 5532 821 5587 dicitur
851 5535 910 5587 et
940 5530 1147 5604 rigare.
1182 5552 1210 5579 »
1236 5529 1445 5586 Fusius
1477 5531 1672 5584 autem
1688 5527 1925 5608 Cicero;

280 5628 580 5698 digyptum
613 5620 777 5679 Nilus
809 5620 1036 5694 irrigat,
1068 5623 1124 5678 et
1151 5635 1285 5679 cum
1326 5622 1447 5677 tota
1492 5620 1691 5676 aestate
1749 5617 1923 5676 obru-

2030 4635 2332 4693 calamitas
2361 4650 2575 4705 smptus
2606 4634 2918 4707 disciplina
2954 4636 3186 4693 virtutis
3235 4641 3344 4694 est.
3380 4659 3410 4688 »
3464 4638 3681 4695 Seneca

2029 4740 2201 4782 vero:
2235 4745 2264 4775 «
2292 4724 2563 4782 Verberat
2590 4740 2697 4781 nos
2726 4729 2783 4780 et
2806 4723 3022 4782 lacerat
3068 4726 3321 4783 fortuna.
3353 4728 3676 4798 Patiamur,

2030 4830 2149 4873 non
2179 4821 2265 4870 est
2293 4812 2535 4881 saavitia,
2567 4817 2862 4870 certamen
2894 4819 3004 4873 est.
3039 4836 3069 4867 »
3100 4816 3171 4872 Et
3198 4815 3373 4889 paulo
3402 4820 3536 4872 ante
3558 4816 3676 4872 haec

2030 4902 2250 4961 verba:
2287 4923 2316 4953 ι(
2362 4900 2679 4958 Calamitas
2740 4902 2970 4960 virtutis
3044 4904 3271 4962 occasio
3320 4908 3410 4962 est
3448 4904 3675 4977 (Senec.

2031 4991 2165 5049 ibid.
2193 5008 2320 5065 cap.
2354 4993 2407 5059 4,
2441 5007 2573 5065 pag.
2600 4991 2747 5062 409).

2104 5081 2296 5154 Pergit
2326 5081 2596 5137 Octavius
2620 5097 2633 5137 :
2658 5103 2678 5130 ι
2698 5081 2989 5139 Deus...in
3003 5082 3265 5140 adversis
3290 5097 3682 5153 unumquem-

2032 5186 2146 5244 que
2176 5172 2332 5228 404
2360 5170 2623 5243 explorat
2650 5174 2709 5227 et
2736 5171 3065 5229 examinat:
3100 5172 3401 5244 ingenium
3415 5169 3679 5243 singulo-

2032 5277 2164 5317 rum
2186 5258 2461 5334 periculis
2474 5259 2729 5332 pensitat
2752 5276 2766 5316 :
2790 5276 2977 5331 usque
2997 5261 3069 5317 ad
3093 5265 3409 5316 extremam
3428 5267 3673 5316 mortem

2033 5349 2387 5416 sciscitatur,
2420 5348 2567 5405 nihil
2598 5348 2713 5405 sibi
2744 5365 2916 5421 posse
2948 5349 3136 5421 perire
3168 5366 3429 5406 securus.
3465 5370 3493 5400 ››
3539 5349 3672 5407 Jam

2032 5456 2225 5512 quasso
2255 5438 2391 5494 audi
2424 5438 2701 5494 Senecam
2729 5456 2742 5488 ι
2777 5460 2803 5487 ‹‹
2840 5436 2955 5492 Hos
2979 5438 3173 5510 itaque
3198 5444 3345 5495 Deus
3368 5456 3514 5511 quos
3544 5455 3678 5511 pro-

2033 5530 2153 5596 bat,
2181 5545 2328 5601 quos
2358 5530 2539 5595 amat,
2570 5525 2828 5597 indurat,
2860 5528 3547 5599 recognoscit,excercet;
3578 5544 3679 5585 eos

2035 5623 2231 5678 autem
2264 5616 2481 5692 quibus
2502 5614 2809 5690 indulgere
2851 5614 3105 5690 videtur,
3162 5616 3377 5692 quibus
3433 5633 3679 5691 parcere
