4102 6162
445 262 565 325 415

1728 266 1831 327 DE
1875 259 2183 326 MINUCII
2226 262 2572 325 OCTAVIO

3696 279 3799 339 ΗΒ

442 394 725 468 judicatis
755 399 1082 469 exceptum.
1109 397 1313 455 Veniet
1334 399 1406 455 ad
1420 398 1588 457 illum
1612 398 1710 456 diu
1734 398 1961 456 felicem
1985 411 2093 453 sua
2118 396 2175 464 Α
2203 395 2366 452 nium
2398 395 2896 469 recognoscentln
2934 394 3174 469 templis
3217 396 3495 457 adulteria
3542 412 3795 482 componi,

448 484 654 557 portio.
689 485 967 557 Quisquis
998 487 1225 543 videtur
1244 488 1523 546 dimissus
1553 506 1702 558 esse,
1755 488 1973 545 dilatus
2004 488 2093 542 est

449 573 670 646 (Senec.
706 574 845 630 ibid.
879 592 1005 648 cap.
1039 576 1096 645 4,
1127 592 1258 649 pag.
1312 578 1458 651 408).
1494 602 1516 631 ι

516 689 697 746 Addit
729 691 999 748 Octavius
1025 710 1038 748 :
1070 715 1099 743 «
1132 694 1332 766 Itaque
1363 698 1428 749 ut
1458 710 1667 750 aurum
1717 693 1974 767 ignibus,
2007 691 2091 746 sic

446 794 554 835 nos
586 779 1027 837 discriminibus
1059 781 1420 855 arguimur.»
1440 785 1511 839 Et
1527 783 1744 839 Seneca
1767 786 1897 855 post
1912 781 2090 837 citata

447 882 482 923 θ.
512 868 678 923 nobis
708 868 837 939 ejus
866 870 1039 925 verba
1066 888 1079 938 ;
1110 891 1135 922 ιι
1175 872 1332 944 Ignis
1360 888 1567 926 aurum
1602 873 1831 944 probat,
1854 868 2091 925 miseria

444 955 624 1012 fortes
656 956 809 1013 viros
841 959 1064 1030 (Senec.
1098 960 1232 1015 ibid.
1262 977 1391 1033 cap.
1422 962 1477 1031 5,
1512 977 1643 1034 pag.
1697 960 1843 1032 301).
1878 980 1907 1009 ››

514 1063 662 1127 Quid
694 1064 864 1135 plura
888 1067 910 1119 Ρ
933 1066 1307 1138 Prosequitur
1329 1067 1619 1123 Octavius.
1644 1071 1701 1123 et
1727 1067 1845 1123 ait:
1872 1066 2090 1130 «Quam

444 1151 758 1224 pulchrum
791 1154 1192 1224 spectaculum
1225 1160 1359 1227 Deo,
1392 1173 1524 1211 cum
1556 1155 1927 1211 Christianus
1955 1170 2091 1211 cum

442 1240 641 1297 dolore
672 1243 1202 1315 congreditur,cum
1225 1246 1504 1301 adversus
1527 1245 1715 1301 minas
1732 1249 1787 1300 et
1803 1243 2093 1316 supplicia

445 1332 503 1386 et
532 1333 823 1385 tormenta
852 1331 1269 1404 componitur?
1300 1354 1328 1383 »
1362 1333 1529 1390 Prius
1559 1335 1780 1390 Seneca
1807 1334 2009 1389 eodem
2031 1332 2091 1387 in

447 1417 597 1475 libro
628 1419 847 1475 dixerat
873 1436 886 1474 :
922 1443 949 1470 «
977 1421 1119 1477 Ecce
1138 1423 1534 1492 spectaculum
1558 1422 1904 1495 dignum,ad
1935 1420 2091 1495 quod

452 1508 696 1581 rspiciat
734 1509 992 1565 intentus
1039 1510 1198 1583 operi
1250 1529 1356 1567 suo
1415 1513 1583 1568 Deus.
1640 1513 1783 1568 Ecce
1841 1528 1946 1583 par
1975 1511 2091 1566 Deo

452 1596 722 1669 dignum,
750 1598 837 1653 vir
864 1598 1029 1654 fortis
1060 1616 1195 1655 cum
1241 1600 1397 1657 mala
1452 1601 1687 1657 fortuna
1734 1598 2091 1672 compositus

447 1685 674 1759 (Senec.
732 1686 869 1743 ibid.
925 1705 1030 1761 cap
1086 1692 1140 1761 2,
1198 1706 1329 1763 pag.
1381 1690 1527 1763 492).
1576 1713 1597 1740 ι
1631 1690 1881 1746 Videsne
1912 1704 2091 1761 quam

2200 484 2353 542 inter
2381 503 2512 542 aras
2550 486 2837 543 lenocinia
2875 485 3137 554 tractari,
3189 485 3247 541 in
3298 486 3438 559 ipsis
3493 492 3800 569 plerumque

2200 574 2543 631 aedituorum
2575 580 2634 631 et
2663 575 3032 632 sacerdotum
3056 576 3463 649 tabernaculis,
3485 582 3588 637 sub
3618 583 3797 645 iisdem

2198 664 2381 734 vittis,
2415 668 2471 720 et
2500 663 2786 737 apicibus,
2818 668 2875 720 et
2894 664 3367 737 purpuris,thure
3395 666 3806 741 ﬂagrante,libi-

2201 753 2394 809 dinem
2427 753 2676 826 expungi
2705 753 2971 824 (Tertull.
3003 753 3755 836 Apologet.cap.15.pag.16).
3776 784 3799 817 ι

2270 860 2352 916 De
2382 859 2771 933 gladiatorum
2797 864 3073 933 praterea
3094 860 3312 917 crudeli
3338 879 3571 935 prorsus
3600 867 3797 928 feritate

2201 949 2322 1005 haec
2351 955 2492 1004 sunt
2520 948 2737 1005 Octavii
2778 949 2985 1005 verba:
3020 950 3148 1005 Non
3177 950 3493 1007 dissimiles
3528 958 3584 1010 et
3620 957 3711 1028 qui
3737 959 3795 1016 de

2202 1055 2377 1094 arena
2408 1038 2560 1093 feras
2604 1038 2904 1109 devorant,
2964 1037 3144 1094 illitas
3201 1042 3259 1095 et
3312 1038 3552 1097 infectas
3610 1059 3809 1117 cruore,

2201 1125 2291 1183 vel
2324 1126 2608 1182 membris
2636 1125 2896 1183 hominis
2951 1130 3009 1183 et
3054 1127 3273 1183 viscere
3329 1129 3636 1201 saginatas.
3668 1155 3695 1184 ››
3743 1135 3811 1194 De

2200 1214 2410 1271 iisdem
2438 1213 2834 1271 Tertullianus
2860 1230 2874 1271 :
2908 1237 2938 1266 «
2973 1214 3060 1271 Illi
3091 1215 3190 1288 qui
3222 1216 3293 1272 de
3324 1233 3499 1274 arena
3518 1219 3703 1279 ferinis
3722 1225 3813 1281 ob-

2204 1303 2390 1361 soniis
2420 1308 2672 1376 coenant,
2704 1304 2804 1377 qui
2834 1305 2906 1362 de
2937 1321 3101 1377 apro,
3131 1305 3231 1378 gui
3278 1307 3350 1362 de
3394 1323 3558 1366 cervo
3610 1315 3812 1382 petunt.

2200 1395 2353 1466 Aper
2376 1392 2474 1449 ille
2516 1409 2692 1466 quem
2747 1392 3093 1461 cruentavit,
3152 1393 3521 1453 colluctando
3575 1400 3806 1470 detersit,

2202 1486 2414 1538 Cervus
2445 1481 2542 1539 ille
2574 1481 2632 1537 in
2664 1480 3005 1554 gladiatoris
3027 1482 3316 1555 sanguine
3341 1485 3527 1555 jacuit
3556 1491 3813 1560 .Ipsorum

2202 1587 2467 1629 ursorem
2516 1570 2662 1627 alvei
2717 1575 3097 1644 appetuntur,
3156 1572 3516 1631 cruditantes
3566 1575 3740 1633 adhuc
3766 1578 3817 1635 in

2202 1660 2525 1717 visceribus
2546 1659 2847 1717 humanis.
2867 1664 3153 1717 Ructatur
3172 1677 3349 1733 porro
3370 1663 3443 1719 ab
3462 1662 3687 1722 homine
3705 1683 3817 1724 caro

447 1748 601 1832 recte
629 1776 922 1833 Minucius
954 1748 1042 1847 ea,
1074 1748 1469 1850 quassaneca,
1490 1748 1588 1834 Ivir
1626 1780 1779 1834 inter
1826 1748 2092 1833 ethnicos
2124 1769 2172 1834 B
2203 1753 2370 1850 Ρδξίῗ
2391 1749 2462 1850 fle
2519 1748 3032 1850 δοωίηξςΓθῗίυΠσ
3062 1751 3354 1850 Apfw“;
3377 1767 3505 1850 σφ’
3525 1752 3581 1850 Ῠν
3602 1758 3817 1850 933:1?-

449 1864 711 1936 Optimus
742 1869 798 1920 et
820 1866 1275 1925 honestissimus
1304 1868 1636 1940 scripserat,
1665 1871 1867 1923 contra
1905 1866 2095 1939 ipsos-

453 1957 575 2009 met
603 1953 953 2023 ethnicos,et
984 1957 1054 2012 ad
1086 1957 1365 2012 tuendam
1397 1957 1858 2014 Christianorum
1880 1955 2095 2011 doctri-

452 2057 590 2099 nam
622 2043 825 2117 gentili
852 2043 1021 2119 longe
1056 2046 1407 2103 sanctiorem
1462 2044 1831 2103 traduxerit?

520 2159 611 2214 Ab
642 2159 892 2218 ethnicis
923 2161 1309 2234 scriptoribus
1339 2163 1413 2218 ad
1439 2162 1804 2220 Christianos
1824 2160 1875 2217 si
1905 2165 2095 2217 trans-

452 2262 680 2317 eamus,
705 2248 876 2321 plura
904 2265 1139 2323 quoque
1167 2250 1720 2320 animadvertemus,
1751 2268 1878 2323 quas
1904 2251 2095 2307 Minu-

449 2334 576 2393 cius
605 2353 675 2393 ex
702 2337 1049 2396 Tertulliani
1081 2339 1267 2408 libris,
1300 2350 1366 2397 ac
1404 2340 1777 2413 potissimum
1808 2356 1879 2396 ex
1932 2339 2095 2397 illius

447 2424 825 2499 Apologetico
856 2428 1165 2502 decerpsit.
1202 2430 1287 2486 Ad
1335 2429 1395 2486 id
1454 2434 1648 2487 autem
1703 2430 2093 2503 probandum,

452 2515 719 2588 quaedam
751 2520 983 2574 tantum
1017 2534 1087 2575 ex
1117 2520 1190 2576 iis
1224 2519 1479 2592 proferre
1527 2536 1682 2576 nunc
1711 2519 1983 2575 sufficiet.
2016 2524 2094 2575 De

450 2602 570 2661 Deo
601 2604 799 2679 itaque
828 2606 948 2663 haec
979 2606 1249 2665 Octavius
1278 2608 1459 2665 dixit:
1492 2608 1799 2666 Universae
1819 2624 2096 2681 quacun-

455 2709 569 2766 que
598 2698 756 2763 sunt,
779 2696 956 2752 verbo
980 2697 1167 2767 jubet,
1218 2698 1443 2754 ratione
1500 2698 1824 2769 dispensat,
1883 2698 2097 2754 virtute

458 2788 850 2841 consummat.
883 2805 911 2834 ››
948 2786 1025 2841 De
1064 2802 1130 2841 eo
1179 2787 1354 2843 etiam
1402 2786 1835 2843 Tertullianus:
1869 2808 1898 2838 «
1931 2787 2095 2854 Quod

455 2871 726 2943 colimus,
760 2874 911 2930 Deus
942 2891 1097 2931 unus
1124 2880 1233 2943 est,
1268 2877 1369 2949 qui
1401 2880 1586 2933 totam
1618 2876 1831 2933 molem
1848 2876 2095 2933 istam...

454 2961 652 3030 verbo,
693 2979 810 3035 quo
832 2963 1054 3035 jussit;
1088 2964 1329 3034 ratione,
1363 2982 1481 3038 qua
1508 2966 1847 3039 dispensat:
1882 2966 2099 3023 virtute

453 3066 573 3123 qua
605 3051 815 3124 potuit,
839 3052 909 3109 de
940 3052 1126 3110 nihilo
1157 3054 1443 3127 expressit
1488 3053 1752 3128 (Tertull.
1812 3053 2096 3127 Apologet.

455 3156 586 3213 cap.
625 3141 713 3209 17,
750 3156 880 3215 pag.
933 3142 1041 3215 14).
1071 3161 1100 3195 ι

530 3256 788 3313 Rursum
818 3257 889 3314 de
918 3258 1122 3315 eodem
1152 3258 1269 3315 Deo
1299 3259 1609 3327 Qctavius:
1644 3282 1672 3311 α
1695 3259 1865 3328 Quid,
1917 3258 2097 3331 quod,

464 3345 729 3404 omnium
760 3347 832 3404 de
862 3348 973 3404 isto
1007 3348 1190 3405 habeo
1220 3364 1575 3406 consensum
1599 3349 1628 3406 ?
1652 3349 1837 3406 Audio
1866 3347 2099 3421 vulgus,

459 3451 594 3492 cum
617 3436 686 3491 ad
715 3435 926 3493 ccslum
958 3454 1169 3495 manus
1206 3440 1474 3507 tendunt,
1516 3438 1662 3495 nihil
1711 3437 1868 3495 aliud
1923 3453 2101 3511 quam

459 3523 647 3581 Deum
672 3524 912 3582 dicunt:
945 3530 1022 3593 et,
1054 3527 1208 3584 Deus
1238 3544 1487 3599 magnus
1507 3532 1634 3596 est;
1669 3527 1909 3583 et.Deus
1928 3542 2103 3583 verus

459 3616 586 3681 est;
620 3617 697 3671 et.
737 3613 793 3668 Si
832 3615 979 3671 Deus
1006 3616 1248 3672 dederit.
1283 3616 1448 3690 Vulgi
1472 3616 1582 3673 iste
1604 3616 1887 3673 naturalis
1912 3631 2103 3673 sermo

464 3704 579 3768 est,
614 3718 686 3757 an
727 3701 1044 3760 Christiani
1090 3705 1421 3762 conﬁtentis
1479 3706 1770 3762 oratio?»
1828 3704 2108 3761 Similiter

464 3789 862 3849 Tertullianus
891 3808 904 3848 :
937 3815 967 3844 ‹‹
999 3794 1277 3851 Anima...
1302 3795 1489 3851 Deum
1530 3794 1795 3852 nominat
1843 3794 1954 3851 hoc
1982 3793 2105 3851 solo

466 3879 725 3949 nomine,
758 3882 898 3954 quia
926 3881 1160 3955 proprio
1189 3882 1289 3939 Dei
1317 3882 1436 3939 veri
1464 3882 1655 3939 :Deus
1677 3882 2109 3955 magnus,Deus

464 3969 689 4039 bonus;
729 3974 804 4041 et,
839 3972 994 4042 quod
1028 3972 1181 4029 Deus
1210 3970 1473 4029 dederit:
1506 3971 1773 4028 omnium
1834 3987 1942 4027 vox
1997 3975 2106 4027 est.

464 4057 733 4116 Judicem
762 4075 994 4132 quoque
1025 4064 1388 4118 contestatur
1406 4060 1612 4117 illum:
1646 4060 1802 4117 Deus
1830 4059 2026 4129 videt;
2053 4062 2112 4116 et

464 4150 580 4204 Deo
610 4150 997 4219 commendo;
1026 4153 1083 4207 et
1110 4150 1265 4207 Deus
1296 4149 1439 4206 mihi
1488 4150 1712 4206 reddet.
1746 4148 1791 4206 Ο
1844 4149 2110 4206 testimo-

466 4236 633 4294 nium
664 4236 875 4294 animze
906 4239 1252 4297 naturaliter
1280 4238 1649 4296 christianasl
1696 4238 1958 4310 Denique
1988 4255 2115 4311 pro-

466 4327 749 4383 nuntians
780 4328 901 4383 haec
932 4344 1046 4384 non
1079 4329 1150 4384 ad
1208 4328 1579 4401 Capitolium,
1640 4329 1739 4385 sed
1775 4329 1846 4384 ad
1902 4326 2113 4384 cmlum

466 4415 708 4487 respicit
735 4416 1001 4489 (Tertull,
1031 4416 1216 4486 ibid.).
1251 4438 1281 4469 π
1320 4418 1538 4473 Eadem
1568 4416 1668 4473 ille
1719 4417 1823 4473 sed
1880 4415 2114 4473 brevius

2273 1839 2364 1893 Ad
2394 1837 2515 1894 hme
2544 1854 2679 1894 vero
2704 1826 3018 1895 Octaviusi
3068 1861 3099 1891 «
3148 1839 3265 1896 Nec
3327 1840 3575 1913 factiosi,
3632 1843 3819 1917 inquit,

2203 1944 2431 1996 sumus,
2462 1925 2512 1983 si
2532 1942 2736 1983 omnes
2768 1943 2951 1982 unum
2982 1927 3203 1984 bonum
3243 1928 3535 2002 sapimus,
3583 1932 3817 1989 eamdem

2203 2015 2537 2091 congregati
2569 2014 2787 2087 quiete,
2820 2031 2938 2088 qua
2966 2015 3204 2088 singuli.
3236 2038 3265 2069 η
3298 2017 3691 2076 Tertullianus
3730 2037 3821 2077 au-

2202 2111 2358 2165 tem:
2390 2128 2421 2156 «
2452 2110 2586 2161 Hac
2618 2104 2790 2161 coitio
2820 2104 3385 2175 Christianorum..,.
3420 2107 3471 2163 si
3500 2107 3629 2180 quis
3656 2108 3721 2164 de
3770 2125 3825 2165 ea

2203 2196 2470 2267 queritur
2496 2211 2562 2251 eo
2591 2193 2786 2261 titulo,
2818 2209 2934 2267 quo
2963 2194 3035 2250 de
3065 2193 3429 2252 factionibus
3469 2194 3691 2267 querela
3716 2199 3822 2253 est:

2204 2286 2266 2343 in
2297 2287 2465 2357 cujus
2519 2282 2832 2357 perniciem
2888 2282 3205 2354 aliquando
3253 2284 3687 2342 convenimus?
3730 2286 3828 2341 Hoc

2202 2391 2413 2432 sumus
2445 2372 2801 2445 congregati,
2832 2372 2989 2444 quod
3020 2374 3079 2428 et
3106 2371 3395 2444 dispersi‘
3443 2372 3552 2429 hoc
3597 2372 3825 2429 universi

2203 2464 2359 2537 quod
2389 2467 2449 2518 et
2477 2460 2718 2534 singuli,
2751 2458 3045 2516 neminem
3076 2458 3387 2531 lmdentes,
3408 2461 3695 2517 neminem
3713 2476 3828 2517 con-

2154 2582 2164 2591 -
2201 2553 2504 2610 tristantes
2532 2548 2798 2621 (Tertull.
2826 2546 3055 2621 Apolog.
3086 2564 3215 2622 cap.
3245 2548 3348 2620 39,
3382 2549 3571 2623 p.36).
3604 2570 3633 2600 »

2278 2639 2537 2711 Denique
2566 2640 2631 2693 ut
2660 2635 2778 2693 alia
2819 2636 2968 2693 bene
3021 2635 3230 2705 multa,
3299 2636 3548 2694 inferius
3600 2636 3828 2703 citanda,

2205 2746 2361 2787 nunc
2394 2727 2579 2784 missa
2608 2726 2914 2794 faciamus,
2946 2725 3088 2781 dicit
3115 2724 3436 2785 Octavius:
3466 2748 3495 2777 ‹‹
3530 2726 3695 2797 Vicit,
3746 2723 3830 2796 qui

2206 2819 2363 2892 quod
2404 2815 2725 2884 contendit,
2776 2813 3048 2871 obtinuit.
3082 2835 3112 2865 »
3168 2814 3578 2871 Tertullianus
3630 2816 3832 2870 autem:

2212 2930 2233 2960 ι
2269 2906 2517 2965 Victoria
2546 2908 2654 2972 est,
2688 2920 2794 2977 pro
2824 2919 2940 2975 quo
2991 2903 3343 2973 certaveris,
3392 2904 3649 2960 obtinere
3701 2902 3837 2974 (Ter-

2206 2995 2611 3069 tull.,Apolog.
2644 3009 2772 3065 cap.
2803 2993 2895 3061 59,
2928 3007 3059 3064 pag.
3093 2991 3204 3061 44).
3229 3012 3265 3043 »

2279 3086 2412 3144 Jam
2442 3100 2574 3141 vero
2603 3084 2676 3140 ad
2708 3098 2776 3139 ea
2802 3081 3108 3138 veniamus
3137 3096 3270 3151 quis
3302 3081 3630 3153 Cyprianus
3657 3096 3721 3135 ex
3751 3077 3839 3132 Ili-

2211 3175 2386 3232 nucio
2416 3176 2615 3229 nostro
2643 3171 3056 3243 transcripsit:
3093 3191 3123 3222 «
3156 3171 3418 3235 Quando
3474 3184 3747 3242 unquam,
3775 3166 3842 3222 ait

2209 3267 2416 3322 auctor
2444 3264 2664 3333 noster,
2694 3260 2862 3333 regni
2892 3260 3140 3316 societas
3170 3263 3285 3316 aut
3314 3276 3454 3316 cum
3510 3259 3621 3315 fide
3674 3256 3840 3329 coepit,

2211 3356 2313 3412 aut
2341 3352 2468 3409 sine
2495 3366 2702 3406 cruore
2730 3348 3047 3405 discessit?
3068 3370 3097 3399 ››
3116 3347 3401 3405 Totidem
3423 3347 3615 3405 verbis
3642 3345 3846 3420 Cypria—

2212 3458 2363 3509 nus;
2396 3439 2636 3504 Quando
2666 3453 2925 3508 unquam
2956 3436 3120 3510 regni
3150 3436 3439 3500 societas,
3472 3440 3575 3493 aut
3593 3452 3720 3492 cum
3750 3432 3846 3488 ﬁde

2212 3530 2407 3604 ccepit,
2438 3531 2542 3585 aut
2566 3527 2694 3583 sine
2720 3542 2928 3583 cruore
2957 3525 3133 3581 desiit
3160 3524 3471 3599 (Cyprian.
3504 3524 3607 3581 lib.
3648 3524 3710 3581 de
3750 3520 3849 3579 ldo-

2217 3619 2305 3678 Ior
2337 3620 2520 3678 Vanit.
2551 3632 2685 3689 pag.
2721 3615 2814 3686 14)
2834 3614 2862 3671 ‘f
2894 3636 2925 3665 »
2952 3613 3116 3670 Unde
3144 3614 3404 3672 forsitan
3432 3614 3672 3687 colligas
3698 3614 3753 3667 in
3767 3609 3852 3665 lli-

2215 3708 2375 3766 nucii
2405 3710 2568 3764 textu
2593 3704 2888 3771 similiter,
2920 3718 3023 3775 pro
3072 3702 3361 3772 discessit,
3419 3702 3727 3776 legendum
3775 3697 3852 3755 de-

2214 3800 2332 3864 siit,
2370 3796 2527 3868 quod
2558 3794 2729 3850 verbo
2752 3792 2916 3865 mpii
2950 3789 3161 3847 melius
3208 3792 3563 3864 opponitur.

2289 3884 2615 3953 Minucius;
2647 3883 2763 3939 Rex
2792 3896 2949 3937 unus
2979 3880 3212 3952 apibus,
3246 3881 3377 3936 dux
3416 3878 3576 3937 unu's
3631 3878 3689 3935 in
3743 3889 3853 3950 gre-

2218 3976 2413 4051 gibus,
2464 3974 2525 4028 in
2594 3969 2875 4028 armentis
2950 3972 3140 4025 rector
3189 3985 3381 4026 unus.
3422 3992 3445 4020 ιι
3518 3966 3855 4042 Cyprianus;

2296 4085 2326 4117 ‹‹
2354 4067 2472 4120 Rex
2501 4078 2655 4118 unus
2685 4064 2775 4117 est
2794 4076 2827 4115 a
2845 4058 3038 4131 pibus,
3070 4060 3128 4114 et
3158 4056 3284 4113 dux
3313 4074 3478 4115 unus
3498 4058 3560 4114 in
3583 4054 3853 4131 gregibus,

2223 4156 2283 4211 et
2309 4153 2369 4209 in
2396 4149 2680 4208 armentis
2708 4152 2896 4206 rector
2924 4163 3079 4204 unus
3110 4149 3309 4219 (Cypr,
3353 4147 3527 4219 ibid.)
3555 4168 3585 4197 ››

2292 4257 2624 4326 Minucius;
2679 4278 2701 4307 ι
2755 4254 2904 4324 Quid
2963 4253 3235 4310 universa
3297 4267 3673 4327 quaecunque
3718 4248 3858 4315 sunt,

2222 4348 2397 4407 verbo
2419 4348 2608 4421 jubet,
2641 4344 2866 4402 ratione
2895 4342 3218 4417 dispensat,
3250 4342 3481 4401 virtute
3493 4338 3860 4402 consummat,

2226 4438 2326 4495 hic
2352 4453 2458 4495 nec
2488 4434 2670 4493 videri
2701 4437 2912 4508 potest,
2941 4432 3070 4490 visu
3102 4430 3326 4489 clarior
3368 4436 3506 4501 est;
3564 4446 3681 4487 non
3735 4438 3865 4483 com-

471 4502 619 4601 dixit
651 4504 883 4561 duobus
904 4505 1036 4562 aliis
1064 4506 1125 4562 in
1154 4505 1321 4563 libris
1350 4505 1527 4578 (idem
1558 4505 1663 4562 lib.
1702 4506 1773 4563 de
1828 4506 2102 4563 Testimon.

2226 4525 2527 4601 prehendi,
2558 4528 2619 4581 ta
2631 4502 2729 4581 ctu
2760 4521 2963 4596 purior
2988 4524 3080 4578 est
3108 4536 3121 4576 :
3155 4536 3264 4577 nec
3285 4515 3865 4589 metimari,sensibus

470 4592 678 4649 animae
702 4609 829 4665 cap.
861 4596 916 4659 2,
950 4611 1083 4667 pag.
1122 4596 1212 4653 81.
1271 4600 1329 4652 et
1376 4594 1477 4652 lib.
1529 4594 1596 4652 de
1647 4596 1882 4653 Resurr.
1934 4611 2116 4665 carm,

472 4697 600 4755 cap.
635 4682 689 4752 3,
721 4698 852 4755 pag.
885 4684 1031 4756 381).
1062 4686 1135 4740 At
1164 4683 1482 4741 Minucium
1513 4685 1585 4742 ad
1616 4684 1757 4757 haec,
1789 4701 1915 4757 qua
1957 4688 2117 4741 retu-

472 4770 675 4842 limus,
700 4773 965 4845 ejusdem
990 4773 1334 4831 Tertulliani
1366 4774 1543 4833 verba
1575 4773 1917 4847 respexisse,
1968 4772 2118 4831 nulli

474 4861 720 4920 dubium
752 4878 883 4921 esse
932 4863 1122 4921 debet.

547 4979 750 5036 Nonne
780 4978 954 5037 etiam
987 4979 1058 5037 ad
1091 4978 1207 5037 alia
1236 4979 1364 5051 ejus
1393 4978 1569 5035 verba
1599 4976 1968 5049 collineabat,
2020 4977 2117 5034 ubi

467 5067 590 5125 haec
616 5067 933 5141 gentilibus
956 5070 1091 5142 jure
1124 5068 1334 5124 merito
1364 5068 1609 5139 objecit:
1645 5089 1673 5117 «
1708 5066 1816 5124 Ubi
1866 5066 2055 5139 magis
2084 5083 2119 5122 a

471 5157 1073 5230 sacerdotibus,quam
1098 5158 1251 5212 inter
1270 5172 1403 5211 aras
1424 5160 1483 5211 et
1504 5155 1766 5228 delubra,
1781 5155 2117 5212 conducun-

475 5248 575 5302 tur
602 5252 827 5317 stupra,
851 5249 1179 5302 tractantur
1200 5242 1507 5312 lenocinia,
1533 5242 1818 5301 adulteria
1838 5243 2120 5300 meditan-

477 5337 595 5389 tur.
637 5335 787 5390 405
835 5332 1220 5405 Frequentius
1251 5330 1503 5402 denique
1533 5330 1592 5386 in
1631 5331 1979 5387 aedituorum
2010 5329 2120 5387 cel-

473 5421 635 5487 lulis,
671 5438 848 5492 quam
880 5421 937 5477 in
972 5420 1117 5491 ipsis
1156 5419 1564 5491 lupanaribus,
1622 5420 1878 5493 flagrans
1935 5418 2115 5476 libido

467 5509 828 5580 defungitur.
861 5532 889 5558 ››
920 5511 1063 5566 Nam
1095 5509 1494 5567 Tertullianus
1525 5509 1704 5566 simili
1728 5509 1902 5585 plane
1940 5510 2114 5566 modo

457 5598 677 5659 iisdem
708 5597 961 5659 ethnicis
991 5599 1154 5675 prius
1182 5600 1514 5674 objecerat:
1544 5620 1572 5652 α
1593 5599 1971 5660 Conscientiae
1993 5612 2115 5659 cm-

2226 4618 2415 4689 major
2442 4620 2599 4673 est...
2631 4618 2691 4669 et
2730 4612 2862 4669 ideo
2922 4610 3007 4668 sic
3063 4624 3200 4667 eum
3256 4610 3448 4684 digne
3503 4608 3862 4669 aestimamus,

2226 4707 2368 4763 dum
2411 4700 2885 4761 inestimabilem
2932 4698 3267 4767 dicimus,»
3317 4699 3660 4773 Cyprianus
3713 4705 3863 4752 vero:

2231 4819 2253 4846 ιι
2289 4794 2399 4861 Qui
2429 4794 2703 4851 universa
2734 4805 3101 4864 quaecunque
3128 4791 3299 4857 sunt,
3330 4788 3519 4846 verbo
3570 4786 3749 4859 iubet,
3786 4796 3865 4836 ra-

2225 4884 2382 4942 tione
2414 4883 2740 4957 dispensat,
2766 4880 2982 4938 virtute
3011 4882 3435 4947 consummat;
3468 4876 3568 4934 hic
3589 4891 3695 4933 nec
3708 4866 3868 4929 videri

2227 4976 2436 5046 potest,
2467 4972 2597 5029 visu
2629 4969 2843 5027 clarior
2879 4972 3007 5037 est;
3059 4983 3164 5023 nec
3218 4964 3679 5040 comprehendi,
3726 4962 3866 5017 tactu

2227 5062 2429 5135 purior
2456 5065 2582 5130 est;
2609 5075 2716 5117 nec
2746 5056 3044 5125 aestimari,
3076 5071 3257 5113 sensu
3280 5056 3487 5128 major
3515 5058 3609 5113 est
3633 5074 3663 5105 ››
3681 5056 3736 5109 et
3756 5049 3869 5135 ideo

2226 5134 2312 5207 sic
2342 5166 2479 5207 eum
2500 5150 2675 5222 digne
2701 5148 3081 5215 aestimamus,
3114 5145 3256 5201 dum
3287 5141 3772 5202 inaestimabilem
3794 5134 3869 5192 di-

2226 5240 2415 5296 cimus
2442 5240 2635 5313 (Cypr.
2667 5240 2750 5295 loc
2787 5236 2929 5309 cit).
2964 5234 3047 5291 Ibi
3090 5237 3288 5291 autem
3338 5233 3677 5307 Cyprianus
3728 5241 3871 5302 quaa—

2226 5324 2362 5386 dam
2392 5328 2632 5385 Minucii
2660 5327 2862 5397 verba,
2896 5342 2931 5383 a
2962 5323 3132 5382 nobis
3161 5323 3415 5396 omissa,
3448 5328 3512 5380 et
3548 5322 3704 5379 400
3758 5314 3869 5388 qui-

2224 5419 2473 5476 busdam
2504 5417 2741 5491 punctis
2771 5413 2990 5484 notata,
3014 5413 3322 5471 brevitatis
3333 5411 3502 5470 haud
3520 5410 3697 5470 dubie
3712 5417 3870 5465 causa

2222 5508 2611 5583 praetermisit.

2225 5598 2434 5659 molles
2456 5594 2718 5659 venturis
2746 5593 2931 5656 malis
2948 5594 3157 5666 servat,
3174 5588 3407 5651 Emtls
3437 5588 3868 5661 animatque!!!
