3962 6176
236 318 324 379 417
1551 302 2094 369 DlSSERTATIO.
3404 307 3523 371 418

270 441 490 503 Minucius
515 456 528 507 ;
556 459 583 489 ‹‹
613 436 727 493 Nec
755 450 966 492 nomen
996 436 1113 492 Deo
1141 451 1388 508 quaeras,
1450 436 1604 492 Deus
1654 451 1758 492 no-
1788 441 1844 507 Α
1874 442 2075 508 partus
2106 438 2167 493 in
2196 439 2427 496 Junone
2448 439 2678 498 defecit.
2710 462 2739 493 »
2772 439 2853 497 De
2906 439 3117 497 iisdem
3161 440 3521 512 Cyprianus:

220 554 314 594 men
336 537 416 590 est.
444 529 547 586 Illic
572 525 865 583 vocabulis
894 542 1043 597 opus
1072 525 1179 597 est,
1211 542 1343 581 cum
1365 542 1467 597 per
1495 524 1760 597 singulos
1877 546 1905 579 ι
1932 526 1989 582 Si
2020 531 2213 584 autem
2243 530 2391 583 407
2431 527 2745 600 aliquando
2779 528 2857 584 dii
2890 529 3009 584 nati
3062 535 3221 595 sunt,
3275 547 3379 586 cur
3409 546 3527 587 non

216 623 398 700 propriis
420 616 851 692 appellationum
894 614 1229 687 insignibus
1273 614 1592 671 multitudo
1620 613 1764 669 diri-
1871 614 2162 688 hodieque
2193 620 2542 685 nascuntur,
2592 618 2705 674 nisi
2728 618 2875 673 forte
2922 617 3151 690 Jupiter
3178 619 3393 688 senuit,
3426 623 3529 676 aut

216 711 369 770 menda
389 710 475 764 est.
503 710 605 761 Deo
635 703 733 775 qui
764 703 926 759 solus
955 707 1065 769 est,
1119 702 1223 759 Dei
1264 701 1618 758 vocabulum
1674 704 1764 757 to-
1873 711 2073 776 partus
2105 704 2164 761 in
2187 706 2421 763 Junone
2452 706 2660 763 defecit
2689 706 2882 779 (Cypr.
2922 706 3056 762 ibid.
3086 709 3123 779 ).
3161 728 3190 757 »

214 807 300 857 tum
326 801 469 855 est....
498 793 673 851 Audio
699 791 1006 865 vulgus....
1034 792 1120 861 Et,
1160 792 1311 849 Deus
1342 808 1597 865 magnus
1628 794 1717 848 est
1746 808 1762 859 ;

2010 810 2279 868 inucius:
2313 831 2346 865 ι
2379 812 2772 868 Romanorum
2820 812 2959 869 deos
2988 813 3329 871 vernaculos
3360 815 3532 871 novi-

214 896 264 957 et,
286 888 405 944 Deus
428 900 577 940 verus
597 886 686 939 est
734 899 749 951 ;
780 886 855 951 et,
889 881 948 938 Si
989 881 1143 937 Deus
1192 881 1436 951 dederit,
1468 880 1628 953 vulgi
1657 879 1767 936 iste

2008 919 2033 957 ι.
2082 899 2393 972 Romulus,
2427 901 2619 970 Picus,
2652 902 2942 970 Tiberius,
2992 907 3050 957 et
3078 902 3326 971 Consus,
3358 907 3416 960 et
3444 904 3539 960 Pi-

1878 989 2099 1061 lumus,
2153 1006 2220 1047 ac
2278 990 2559 1047 Picumus
2642 990 2743 1047 dii.
2820 991 3153 1048 Cloacinam
3216 992 3421 1050 Tatius
3478 997 3538 1051 et

1878 1078 2099 1134 invenit
2128 1082 2186 1135 et
2206 1080 2408 1136 coluit.
2441 1080 2714 1136 Pavorem
2764 1080 3069 1150 Hostilius,
3112 1084 3289 1154 atque
3345 1081 3538 1139 Pallo-

1880 1183 2038 1223 rem:
2074 1184 2210 1225 mox
2238 1186 2273 1225 a
2303 1168 2498 1225 nescio
2530 1186 2645 1240 quo
2674 1169 2873 1225 Febris
2903 1170 3169 1226 dedicata
3193 1173 3372 1226 est....
3397 1187 3540 1228 sane

1882 1260 1941 1314 et
1970 1258 2118 1314 Acca
2148 1257 2438 1324 Larentia,
2471 1264 2528 1314 et
2557 1258 2724 1315 Flora
2753 1258 3107 1315 meretrices.
3143 1280 3172 1309 »
3194 1259 3541 1333 Cyprianus:

1884 1367 1914 1397 ‹‹
1963 1348 2361 1402 Romanorum
2411 1348 2551 1403 deos
2582 1346 2925 1404 vernaculos
2981 1347 3279 1405 novimus.
3313 1352 3413 1405 Est
3435 1350 3544 1406 Ro-

208 1418 470 1478 naturaliter
494 1416 885 1475 confitetur....
922 1414 1045 1471 Dici
1093 1415 1424 1505 frequenter
1453 1414 1773 1505 audimus:
1886 1434 2155 1492 mulus”.
2189 1435 2386 1501 picus,
2416 1440 2474 1491 et
2501 1434 2794 1505 Tiberius,
2829 1439 2887 1491 ει
2940 1436 3252 1493 pilumnus
3310 1445 3367 1493 et
3396 1437 3549 1494 Con-

205 1507 397 1566 ΟΠθυεῖ
424 1511 492 1573 εἴ,
522 1506 676 1562 D8113
706 1505 895 1573 Videt;
955 1508 1034 1595 ei,
1090 1504 1225 1595 D_3°_
1269 1504 1655 1595 εοῐῖιωθῦἀᾼοξ
1698 1506 1775 1570 θ’θ’
1890 1539 2085 1580 sus....
2121 1523 2300 1579 Deam
2336 1540 2569 1595 quoque
2598 1504 2931 1580 Cloacinam
2979 1525 3187 1582 Tatius
3216 1529 3273 1581 et
3302 1525 3544 1595 invenit,

206 1600 311 1655 Deus
330 1596 448 1653 mihi
478 1596 709 1664 reddet,
742 1598 819 1661 et,
850 1594 1013 1659 Quod
1043 1592 1165 1649 vult
1196 1593 1390 1663 Deus;
1422 1598 1503 1662 et,
1535 1592 1591 1648 Si
1622 1593 1780 1649 Deus

2008 1611 2149 1668 cluit
2175 1628 2188 1668 :
2226 1592 2505 1668 Pavorem
2534 1611 2819 1668 Hostilius
2850 1618 3025 1684 atque
3043 1614 3331 1671 Pallorem
3359 1630 3374 1671 :
3408 1592 3544 1671 moi

206 1685 381 1742 dederit.
415 1706 440 1734 »
467 1686 655 1757 (Cypr.
703 1682 839 1738 ibid.
873 1698 1006 1755 pag.
1056 1681 1168 1755 15.)
1208 1682 1457 1739 Videsne
1487 1680 1778 1773 quomodo

2008 1702 2155 1758 escio
2194 1717 2309 1773 quo
2369 1701 2565 1757 Febris
2614 1702 2879 1758 dedicata
2911 1680 2948 1757 ε-
2987 1707 3045 1759 et
3082 1706 3233 1760 Acca
3275 1708 3333 1760 et
3379 1704 3548 1761 Flora

205 1776 310 1831 inter
331 1773 539 1873 Minucii
601 1772 781 1880 verbja
834 1771 1158 1844 Cyprianus
1214 1788 1322 1880 sua
1380 1768 1783 1872 interjeceriti
1820 1815 1867 1880 Β
1899 1768 2232 1848 meretrice;
2262 1792 2450 1864 (εγω,
2474 1791 2609 1847 ibid.
2644 1808 2769 1863 pag.
2807 1792 2914 1862 12),
2949 1814 2977 1841 ,,

206 1864 427 1955 Minucius
453 1863 693 1955 ίῐξξυρθξ
722 1861 793 1917 de
824 1864 1191 1955 ωῼτωοςυω
1241 1860 1550 1955 ξιοωίαξιω
1580 1858 1784 1955 ίωθὲξ*
1821 1858 1867 1880 υ
1970 1858 2295 1937 Minucius:
2327 1858 2549 1936 It—Mars
2577 1858 2883 1952 Thracius,
2909 1882 2997 1937 vel
3026 1882 3251 1955 Jupiter
3269 1881 3553 1951 Creticus,

208 1954 332 2010 nibus
363 1952 468 2009 haec
494 1949 707 2008 litteris
736 1949 1100 2044 mandaverit
1130 1967 1144 2007 :
1174 1950 1417 2044 «_Sacra
1442 1950 1593 2044 facta
1624 1952 1787 2044 sunt,
1894 1970 1982 2026 vel
2010 1970 2162 2026 Juno
2194 1986 2348 2025 nunc
2377 1969 2606 2042 Argiva,
2666 1985 2823 2025 nunc
2863 1949 3121 2041 Samia"
3146 1987 3302 2027 nunc
3352 1949 3551 2044 pwna;

210 2058 296 2114 qua
321 2043 522 2097 fuerant
541 2044 852 2112 assumpta
881 2038 1111 2095 solatia.
1138 2061 1167 2090 »
1198 2039 1279 2096 De
1310 2038 1520 2095 iisdem
1549 2036 1791 2111 Cypria-

2008 2075 2054 2115 lC
2082 2058 2269 2115 Diana
2299 2036 2545 2115 Taurica
2572 2036 2662 2115 vel
2694 2062 2880 2115 mater
2909 2059 3041 2127 Idae,
3072 2036 3081 2041 γ
3106 2059 3197 2116 vel
3262 2036 3551 2134 jEygptia,

208 2131 711 2222 θυείαῗδίξίειβιωξ
766 2145 1135 2222 εαοῗξιτμίίυεθ
1192 2127 1397 2222 infimis
1437 2128 1668 2185 fuerant
1695 2143 1788 2184 ⁸⁸·
1898 2146 2001 2203 illa
2059 2164 2175 2204 non
2228 2146 2496 2217 numina,
2550 2147 2652 2203 sed
2711 2152 3000 2219 portenta.
3062 2169 3092 2198 »
3148 2127 3472 2222 Cyprianus

207 2224 381 2292 sumpta
405 2218 606 2277 solatia
640 2218 831 2291 (Cypr.
864 2217 1002 2274 ibid.
1031 2233 1169 2292 pag.
1196 2217 1306 2289 11).
1342 2239 1371 2268 ››

2008 2253 2110 2292 ars
2130 2236 2415 2292 Thracius
2461 2240 2520 2292 et
2572 2217 2801 2308 Jupiter
2855 2235 3139 2303 Creticus,
3192 2217 3255 2294 et
3282 2238 3436 2295 Juno
3464 2236 3553 2294 vel

252 2326 529 2383 Minucius:
562 2348 592 2378 ιι
630 2324 955 2381 Alexander
1009 2324 1107 2381 ille
1149 2340 1401 2398 magnus
1432 2324 1668 2382 Macedo
1699 2322 1788 2378 in-
1898 2324 2110 2397 Argiva
2159 2324 2249 2381 vel
2277 2324 2475 2381 Samia
2503 2324 2592 2380 vel
2621 2325 2797 2380 Poena
2845 2329 2906 2381 et
2958 2325 3146 2381 Diana
3199 2325 3468 2394 Taurica,
3500 2328 3559 2383 et

206 2415 314 2489 signi
336 2416 617 2473 volumine
652 2415 724 2471 ad
756 2419 1000 2471 matrem
1030 2412 1289 2486 scripsit,
1326 2416 1486 2470 metu
1539 2429 1658 2469 suae
1689 2428 1790 2483 po-
1902 2420 2086 2471 Deum
2116 2418 2295 2470 Mater
2322 2415 2476 2470 Idaea
2505 2417 2563 2470 et
2603 2414 2873 2487 {Egyptia
2926 2418 3214 2487 portenta,
3277 2432 3392 2473 non
3450 2432 3558 2472 nu-

202 2506 374 2561 testatis
400 2506 698 2578 proditum
729 2502 841 2559 sibi
898 2504 970 2559 de
999 2502 1112 2559 diis
1167 2501 1506 2559 hominibus
1538 2518 1572 2557 a
1598 2516 1793 2557 sacer-
1905 2503 2065 2559 mina
2094 2502 2381 2576 (Cyprian.
2412 2502 2547 2559 ibid.
2579 2520 2711 2575 pag.
2746 2503 2855 2575 15).
2887 2524 2918 2554 ››

204 2594 297 2650 dote
321 2600 611 2651 secretum.
651 2615 678 2644 »
740 2592 1096 2666 Cyprianus:
1135 2612 1162 2645 ι
1191 2591 1517 2649 Alexander
1546 2590 1795 2663 Magnus
1974 2592 2306 2649 Minucius:
2340 2614 2370 2643 ‹‹
2401 2592 2548 2648 Ante
2578 2609 2697 2661 eos,
2746 2593 2860 2649 Deo
2908 2592 3306 2664 dispensante,
3339 2593 3441 2650 diu
3473 2610 3562 2651 re-

204 2683 368 2756 insigni
392 2683 687 2740 volumine
742 2684 811 2738 ad
842 2686 1089 2738 matrem
1136 2698 1308 2738 suam
1365 2680 1590 2749 scribit,
1636 2683 1797 2736 metu
1906 2698 2023 2755 gna
2050 2685 2369 2738 tenuerunt
2397 2681 2832 2754 Assyrii,Medi.
2854 2686 2913 2737 et
2938 2686 3143 2753 Persae,
3175 2682 3355 2738 Graeci
3387 2682 3563 2739 etiam

206 2774 452 2842 potestatis
473 2772 777 2845 proditum
835 2768 949 2827 sibi
997 2771 1069 2827 de
1127 2770 1240 2827 diis
1268 2769 1610 2827 hominibus
1640 2787 1675 2827 a
1703 2785 1797 2827 sa-
1907 2775 1966 2827 et
1988 2770 2263 2843 ZEgyptii.
2298 2791 2328 2820 ››
2358 2770 2721 2843 Cyprianus:
2754 2791 2784 2822 ι(
2816 2769 3135 2842 Imperium
3186 2774 3320 2826 ante
3358 2775 3561 2828 tenue-

205 2859 381 2917 cerdote
398 2867 712 2918 secretum.
745 2860 935 2932 (Cypr.
969 2858 1103 2915 ibid.
1141 2874 1275 2932 pag.
1306 2859 1417 2931 12).
1446 2880 1477 2909 »
1911 2864 2049 2916 runt
2079 2864 2138 2915 et
2165 2859 2412 2933 Assyrii,
2450 2863 2509 2915 et
2564 2857 2736 2927 Medi,
2771 2865 2829 2915 et
2860 2860 3082 2915 Persae:
3144 2863 3203 2915 et
3230 2858 3456 2917 Graecos
3506 2863 3565 2916 et

258 2966 509 3023 Minucius
534 2984 548 3023 :
573 2989 604 3019 ‹‹
644 2966 911 3022 Castores
971 2963 1210 3021 alternis
1241 2964 1592 3033 moriuntur,
1625 2968 1693 3021 ut
1722 2963 1803 3020 vi-

2008 2948 2207 3021 :yptics
2236 2964 2513 3019 regnasse
2541 2947 2920 3021 cognovimus
2941 2948 3133 3020 (Cypr.
3175 2946 3331 3020 ibid).
3357 2969 3380 2998 ι

207 3059 324 3126 rant,
348 3055 712 3129 Esculapius
743 3058 811 3111 ut
862 3053 923 3109 in
953 3054 1129 3110 deum
1175 3058 1402 3126 surgat,
1433 3052 1803 3110 fulminatur.
1985 3054 2309 3111 Minucius:
2343 3076 2373 3105 «
2403 3055 2552 3122 Quid
2584 3054 2883 3127 Regulus?
2926 3054 3128 3110 Nonne
3167 3054 3412 3127 auguria
3441 3070 3565 3112 ser-

209 3144 428 3202 Hercules
456 3149 520 3201 ut
548 3143 853 3201 hominem
907 3146 1098 3210 exuat,
1158 3142 1362 3200 OEtaeis
1409 3142 1647 3215 ignibus
1674 3157 1808 3197 con-
1837 3180 1878 3217 ρ
1916 3144 2094 3211 vavit,
2125 3148 2334 3215 captus
2364 3148 2454 3200 est
2477 3147 2500 3199 Ρ
2527 3143 2834 3199 Mancinus
2881 3142 3221 3216 religionem
3269 3144 3478 3217 tenuit,
3510 3147 3570 3203 et

208 3238 462 3290 crematur.
493 3255 523 3285 »ο
553 3233 886 3306 Cyprianus
914 3231 1125 3288 iisdem
1154 3232 1344 3288 adhuc
1377 3231 1601 3288 verbis:
1635 3252 1665 3283 α
1696 3231 1802 3288 Ca-
1838 3230 1879 3249 “
1917 3233 2029 3290 sub
2050 3233 2266 3304 jugum
2296 3231 2517 3289 missus
2549 3235 2657 3304 est,
2712 3236 2770 3288 et
2802 3231 3057 3289 deditus.
3119 3230 3314 3289 Pullos
3360 3234 3567 3290 edaces

207 3325 296 3375 stor
332 3326 381 3377 et
431 3322 638 3378 Pollux
705 3319 946 3377 alternis
1018 3320 1373 3391 moriuntur,
1443 3324 1510 3376 ut
1566 3318 1798 3389 vivant;
1912 3320 2118 3379 habuit
2148 3324 2206 3377 et
2228 3320 2446 3377 Paulus
2477 3322 2630 3393 apud
2660 3324 2927 3389 Cannas;
2959 3325 3155 3377 tamen
3187 3338 3322 3378 cum
3344 3325 3566 3395 majore

201 3406 530 3483 Esculapius,
565 3415 636 3467 ut
666 3411 724 3466 in
757 3409 931 3465 deum
971 3413 1193 3481 surgat,
1242 3407 1629 3477 fulminatur;
1666 3410 1803 3464 Her-
1914 3409 2248 3484 reipublicae
2278 3414 2441 3482 parte
2478 3413 2814 3482 prostratus
2851 3413 2958 3466 est.
2993 3409 3166 3467 Caius
3222 3414 3431 3480 Caesar,
3489 3425 3563 3467 ne

1915 3505 2051 3558 ante
2080 3500 2351 3555 brumam
2382 3499 2439 3555 in
2474 3499 2726 3555 Africam
2760 3498 2990 3571 navigia
3005 3499 3563 3570 transmitteret,au-

1914 3589 2097 3662 guriis
2129 3594 2185 3644 et
2235 3588 2515 3660 auspiciis
2571 3588 2978 3659 renitentibus,
3035 3589 3277 3661 sprevit,
3335 3604 3401 3644 eo
3432 3588 3574 3645 faci-

1916 3678 2032 3735 lius
2062 3684 2119 3734 et
2148 3677 2435 3750 navigavit
2465 3682 2521 3734 et
2550 3677 2704 3734 vicit.
2742 3700 2770 3728 ››
2826 3677 3185 3751 Cyprianus:
3234 3699 3263 3728 «
3309 3677 3571 3751 Regulus

208 3761 325 3821 denti
368 3784 564 3824 muros
616 3766 927 3837 Neptunus
986 3764 1266 3831 instituit,
1316 3780 1422 3821 nec
1480 3764 1809 3821 mercedem
1920 3766 2185 3839 auspicia
2239 3766 2488 3822 servavit
2534 3770 2590 3824 et
2645 3769 2854 3840 captus
2908 3769 3017 3822 est.
3078 3765 3385 3823 Mancinus
3438 3765 3573 3822 reli-

206 3855 349 3925 Operis
379 3857 571 3914 infelix
587 3858 851 3911 structor
881 3853 1124 3925 accepit.
1152 3874 1180 3904 »
1198 3853 1517 3927 Cyprianus
1541 3872 1591 3910 :«
1607 3853 1812 3926 Apollo
1921 3857 2153 3931 gionem
2183 3855 2371 3912 tenuit
2400 3859 2461 3912 et
2496 3855 2608 3911 sub
2629 3856 2844 3928 jugum
2891 3855 3110 3912 missus
3140 3858 3264 3911 est:
3298 3859 3355 3911 et
3382 3854 3577 3927 puilos

208 3943 388 4001 Admeti
420 3962 599 4018 pecus
636 3943 814 4018 pavit.
859 3942 1237 3999 Laomedonti
1279 3959 1481 4001 muros
1509 3942 1815 4017 Neptunus
1924 3946 2132 4002 edaces
2161 3944 2379 4001 Paulus
2409 3944 2637 4012 habuit,
2668 3948 2726 4001 et
2763 3944 2918 4017 apud
2975 3944 3204 4001 Cannas
3235 3947 3429 3999 tamen
3461 3958 3579 4000 cas-

212 975 427 1036 naturalis
454 988 629 1030 sermo
660 974 769 1028 est.
818 992 847 1021 ››
880 970 1238 1043 Cyprianus:
1298 992 1326 1021 «ι
1387 969 1503 1027 Nec
1552 984 1769 1025 nomen

212 1067 281 1123 Dei
317 1079 536 1136 queres;
566 1062 716 1117 Deus
774 1075 986 1115 nomen
1016 1064 1107 1115 est
1157 1058 1264 1114 illi.
1299 1058 1423 1115 Illic
1470 1056 1769 1115 vocabulis

211 1172 312 1228 opus
334 1158 422 1219 est,
472 1150 562 1206 ubi
618 1149 869 1222 propriis
925 1147 1383 1221 appellationum
1435 1146 1771 1220 insignibus

208 1241 447 1302 multitudo
473 1238 794 1295 dirimenda
834 1240 941 1294 est.
973 1237 1091 1293 Deo
1121 1237 1223 1310 qui
1252 1235 1416 1294 solus
1474 1239 1588 1305 est,
1618 1235 1771 1291 Deus

206 1330 470 1390 vocabulum
497 1332 683 1385 totum
736 1330 914 1384 est....
947 1325 1176 1399 Vulgus
1208 1326 1266 1382 in
1325 1325 1532 1382 multis
1586 1329 1772 1381 Deum

203 3497 337 3568 cules,
368 3506 427 3556 ut
453 3501 763 3557 hominem
780 3501 971 3567 exuat,
994 3497 1201 3555 OEtaais
1222 3497 1458 3571 ignibus
1471 3513 1803 3554 concrema-

204 3590 272 3641 tur
296 3589 464 3662 (Cypr.
500 3590 648 3645 ibid.
682 3605 815 3661 pag.
849 3587 957 3659 11).
994 3607 1022 3637 ››

250 3678 540 3736 Minucius:
580 3702 610 3729 ‹‹
646 3676 847 3750 Apollo
876 3674 1107 3732 Admeti
1130 3691 1308 3748 pecus
1324 3676 1533 3749 pascit.
1565 3677 1807 3732 Laome-

208 4028 433 4107 instituit,
464 4054 571 4092 nec
605 4033 939 4091 mercedem
972 4031 1166 4105 operis
1198 4031 1400 4089 infelix
1438 4036 1693 4089 structor
1721 4048 1816 4094 ac.

211 4123 324 4192 cepit
347 4124 529 4197 (Cypr.
570 4124 762 4193 ibid)
794 4143 823 4175 »

260 4209 519 4271 Minucius
553 4217 765 4287 postea
795 4212 866 4267 de
895 4212 1147 4268 Saturno
1178 4214 1235 4267 et
1271 4210 1421 4267 Jano
1452 4210 1574 4267 haec
1608 4227 1824 4269 memo-

209 4303 298 4355 rat:
328 4325 351 4349 α
373 4302 573 4358 Docuit
596 4303 828 4358 litteras
853 4299 1209 4372 imprimere,
1226 4316 1501 4356 nummos
1520 4301 1820 4373 signare...

209 4382 365 4459 Itaque
392 4390 681 4449 latebram
714 4389 903 4446 vocari
968 4388 1173 4444 maluit
1216 4389 1541 4445 Latium....
1576 4396 1633 4446 et
1660 4391 1824 4448 Jani-

216 4474 363 4533 culum
386 4481 590 4537 Janus.
643 4503 663 4527 -
703 4479 1067 4551 Cyprianus:
1106 4499 1134 4527 «
1167 4478 1306 4533 Inde
1364 4477 1594 4534 Latium
1635 4480 1707 4535 de
1737 4480 1827 4536 la-

1927 4052 2031 4092 sus
2061 4037 2168 4090 est.
2204 4034 2263 4089 C.
2297 4033 2511 4102 Cmsar,
2533 4050 2604 4089 ne
2637 4038 2769 4090 ante
2792 4034 3067 4090 brumam
3095 4033 3155 4089 in
3188 4031 3441 4088 Africam
3469 4048 3575 4087 na-

1928 4124 2081 4197 vigia
2105 4123 2551 4187 transmitteret,
2579 4124 2842 4195 auguriis
2886 4126 2942 4178 et
2979 4121 3258 4194 auspiciis
3315 4120 3577 4177 reniten-

1929 4213 2110 4284 tibus,
2161 4198 2398 4284 sprevit;
2447 4215 2507 4268 et
2553 4228 2619 4267 eo
2686 4212 2915 4266 facilius
2968 4208 3260 4283 navigavit
3324 4211 3383 4265 et
3434 4206 3578 4267 vicit

1933 4304 2117 4375 (Cypr.
2151 4301 2333 4373 ibid.).
2367 4321 2397 4352 ››

2007 4390 2299 4446 Minucius
2328 4389 2400 4445 de
2429 4388 2814 4459 daemonibus,
2875 4410 2904 4438 «
2935 4385 3187 4458 Spiritus
3215 4384 3495 4442 insinceri
3523 4387 3584 4444 et

1936 4480 2061 4552 vagi
2088 4497 2119 4533 a
2149 4477 2367 4534 caelesti
2385 4478 2601 4549 vigore,
2631 4476 2879 4533 terrenis
2902 4475 3134 4531 labibus
3164 4478 3222 4531 et
3250 4473 3586 4548 cupiditati-

214 4560 339 4621 tebra
362 4569 479 4639 ejus
518 4585 745 4625 nomen
776 4567 1019 4638 accepit.
1064 4566 1165 4621 Hic
1212 4564 1432 4621 litteras
1463 4566 1819 4637 imprimere,
1852 4556 1901 4618 Ι)
1932 4570 2042 4625 bus
2070 4566 2459 4638 depravati....
2490 4565 2617 4622 Non
2639 4565 2917 4621 desinunt
2944 4564 3291 4638 perditijam
3321 4565 3589 4638 perdere,

211 4647 281 4706 hic
305 4655 514 4728 signare
546 4671 832 4713 nummos
889 4656 947 4710 in
1002 4654 1165 4710 Italia
1218 4653 1444 4726 primus
1477 4655 1818 4714 instituit....

211 4741 271 4794 De
317 4748 489 4817 cujus,
548 4746 715 4814 Jani,
773 4744 1005 4800 nomine
1061 4742 1399 4799 Janiculum
1457 4743 1677 4800 dictum
1735 4749 1826 4802 est

210 4828 363 4902 (Cypr.
388 4838 567 4909 ibid.).
606 4858 640 4885 ››

264 4918 567 4981 Minucius:
604 4946 638 4976 ‹‹
699 4924 950 4979 Antrum
1005 4920 1167 4979 Jovis
1222 4918 1452 4989 visitur,
1524 4925 1581 4979 et
1636 4921 1827 4995 sepul-

212 5021 344 5065 crum
369 5014 492 5084 ejus
524 5012 881 5071 ostenditur.
935 5032 964 5062 »
1024 5009 1348 5085 Cyprianus
1404 5010 1528 5067 haec
1585 5012 1825 5068 totidem

212 5093 351 5164 plane
375 5104 566 5159 verbis
589 5101 795 5158 retulit
820 5117 833 5157 :
863 5122 894 5151 ‹‹
924 5104 1175 5157 Antrum
1208 5099 1369 5156 Jovis
1430 5100 1490 5156 in
1548 5101 1717 5158 Creta
1744 5100 1828 5157 vi-

211 5184 348 5257 situr,
377 5196 433 5247 et
462 5191 807 5264 sepulcrum
838 5190 967 5261 ejus
998 5189 1328 5245 ostenditur
1356 5188 1548 5262 (Cypr.
1581 5190 1716 5246 ibid.
1750 5191 1826 5263 ).»

262 5273 572 5338 Minucius:
612 5304 641 5333 ‹‹
673 5280 975 5353 Pejerante
1002 5276 1247 5335 Proculo
1302 5282 1454 5335 Deus
1485 5278 1829 5337 Romnius.»

207 5359 490 5435 Cyprianus
520 5385 699 5426 vero:
734 5391 762 5420 «
811 5368 914 5425 Est
971 5367 1278 5439 Romulus,
1340 5367 1636 5440 pejerante
1692 5368 1829 5426 Pro-

209 5450 309 5508 culo
336 5456 474 5513 deus
506 5458 705 5514 factus
734 5458 922 5531 (Cypr.
956 5456 1099 5513 ibid.
1132 5472 1265 5529 pag.
1296 5456 1405 5525 12).
1440 5478 1469 5507 ››

260 5538 543 5603 Minucius
576 5547 648 5603 de
677 5547 826 5604 diis:
860 5569 887 5598 ‹‹
920 5546 1037 5602 Cur
1088 5544 1137 5601 si
1168 5545 1290 5601 nati
1350 5548 1509 5615 sunt,
1558 5563 1674 5602 non
1730 5546 1830 5606 ho-

209 5627 383 5705 dieque
410 5638 759 5709 nascuntur,
792 5635 907 5697 nisi
936 5636 1084 5695 forte
1104 5634 1233 5708 jam
1267 5633 1495 5709 Jupiter
1524 5635 1741 5710 senuit,
1774 5640 1832 5696 et

1932 4663 1990 4715 et
2019 4654 2314 4728 depravati
2354 4669 2610 4710 errorem
2670 4654 2972 4727 pravitatis
3036 4654 3366 4712 infundere.
3415 4676 3446 4707 »
3479 4655 3585 4729 Cy-

1933 4745 2173 4819 prianus
2205 4743 2385 4799 simili
2416 4744 2587 4800 modo
2620 4760 2635 4801 :
2674 4767 2693 4793 α
2728 4744 2980 4817 Spiritus
3019 4744 3296 4802 insinceri
3345 4749 3402 4803 et
3426 4745 3582 4819 vagi.

1935 4835 2032 4907 qui
2064 4839 2439 4905 posteaquam
2470 4833 2716 4890 terrenis
2770 4833 2927 4891 vitiis
2972 4834 3238 4893 immersi
3274 4837 3435 4903 sunt,
3466 4837 3524 4890 et
3551 4850 3586 4890 a

1933 4922 2127 4995 vigore
2158 4922 2375 4979 ccelesti
2408 4928 2637 4980 terreno
2692 4925 2962 4999 contagio
3020 4928 3404 4991 recesserunt,
3464 4937 3583 4978 non

1936 5011 2214 5068 desinunt
2244 5010 2450 5084 perditi
2490 5014 2752 5086 perdere,
2775 5020 2834 5071 et
2852 5014 3148 5089 depravati
3172 5028 3426 5070 errorem
3457 5027 3588 5083 pra-

1935 5100 2134 5157 vitatis
2164 5099 2472 5158 infundere
2494 5101 2683 5175 (Cypr.
2716 5104 2850 5160 ibid.
2887 5104 2927 5175 ).
2954 5126 2977 5154 1

2009 5189 2301 5247 Minucius
2331 5191 2402 5245 de
2431 5190 2639 5247 iisdem
2680 5192 2894 5263 adhuc,
2920 5212 2950 5242 ‹‹
2999 5190 3101 5246 Isti
3134 5188 3315 5261 igitur
3370 5186 3587 5259 impuri

1938 5278 2273 5352 spiritus....
2307 5278 2418 5335 sub
2448 5280 2659 5337 statuis
2688 5279 3121 5351 etimaginibus
3149 5276 3471 5334 consecrati
3492 5277 3590 5333 de-

1938 5367 2234 5435 litescunt,
2268 5372 2326 5423 et
2349 5368 2549 5424 afﬂatu
2599 5385 2799 5425 suo....
2850 5368 3215 5438 inspirantur
3259 5364 3585 5424 vatibus....

1936 5460 2372 5528 Nonnunquam
2403 5460 2665 5513 extorum
2696 5456 2877 5513 libras
2933 5456 3218 5522 animant,
3258 5454 3453 5511 avium
3483 5472 3591 5512 vo-

1938 5547 2094 5603 latus
2116 5545 2463 5619 gubernant,
2509 5549 2697 5601 sortes
2757 5550 2986 5620 regunt,
3048 5544 3283 5603 oracula
3326 5544 3591 5603 efficiunt

1938 5634 2104 5695 falsis
2127 5630 2394 5709 pluribus
2423 5631 2710 5694 involuta.
2741 5634 2890 5696 Nam
2944 5638 3002 5695 et
3043 5633 3329 5695 falluntur
3383 5639 3442 5694 et
3476 5634 3591 5693 fal-
