4102 6162
483 267 601 328 419

1775 272 1877 331 DE
1920 271 2225 335 MINUCII
2270 271 2612 336 OCTAVIO

3732 279 3827 341 420

480 401 703 458 lunt....
733 398 915 455 vitam
942 398 1202 470 turbant,
1234 415 1472 457 somnos
1495 400 1839 472 inquietant,
1876 402 2128 473 irrepen-
2156 410 2211 477 Α
2242 408 2457 473 mente,
2488 404 2548 459 in
2580 405 2777 461 nostro
2809 402 2925 459 imo
2972 398 3401 458 consecrandus
3430 406 3511 456 est
3556 410 3773 475 pectore.
3804 436 3820 461 ι

481 493 569 545 tes
600 487 779 544 etiam
829 487 1172 559 corporibus
1232 488 1548 545 occulte....
1606 494 1828 546 terrent
1883 496 2131 564 mentes,

482 577 750 633 membra
779 576 1184 649 distorquent;
1216 577 1371 635 408
1403 582 1469 634 ut
1525 579 1599 634 ad
1659 577 1883 635 cultum
1926 579 2015 636 sui
2046 597 2134 637 co-

483 668 644 739 gant,
692 669 760 721 ut
815 665 1019 722 nidore
1077 665 1375 734 altarium,
1428 667 1515 723 vel
1573 667 1783 725 hostiis
1840 670 2132 742 pecudum

483 754 757 827 saginati,
790 753 1054 810 remissis
1085 771 1211 826 quas
1258 755 1747 825 constrinxerant,
1790 773 2027 814 curasse
2056 758 2134 814 vi-

485 844 754 901 deantur.
790 865 818 893 ››
847 844 1207 916 Cyprianus:
1241 866 1268 895 α
1304 843 1373 899 Hi
1402 861 1538 918 ergo
1581 845 1825 918 spiritus
1876 848 1988 903 sub
2019 851 2134 903 sta-

480 932 601 990 tuis
633 936 807 1006 atque
838 932 1196 1006 imaginibus
1227 933 1581 990 consecratis
1639 935 2010 1003 delitescunt,
2073 935 2130 991 hi

479 1021 681 1077 afﬂatu
711 1038 819 1079 suo
846 1026 1045 1078 vatum
1062 1025 1292 1094 pectora
1316 1022 1626 1095 inspirant,
1656 1028 1921 1080 extorum
1951 1025 2130 1082 ﬁbras

480 1110 768 1182 animant,
800 1110 997 1167 avium
1026 1108 1250 1167 volatus
1280 1112 1630 1184 gubernant,
1671 1118 1858 1170 sortes
1897 1117 2126 1186 regunt,

475 1198 710 1256 oracula
765 1198 1052 1266 efﬁciunt,
1113 1198 1259 1255 falsa
1326 1199 1476 1257 veris
1530 1216 1761 1273 semper
1808 1202 2126 1259 involvunt.

472 1288 621 1345 Nam
642 1292 700 1345 et
728 1288 1014 1344 falluntur
1044 1292 1103 1344 et
1160 1287 1390 1359 fallunt,
1444 1288 1624 1345 vitam
1676 1290 1942 1359 turbant,
1973 1308 2127 1349 som-

473 1393 580 1433 nos
612 1376 959 1448 inquietant.
993 1377 1320 1450 Irrepentes
1351 1378 1527 1434 etiam
1580 1378 1639 1435 in
1671 1380 2008 1451 corporibus
2032 1398 2127 1439 oc-

474 1465 630 1522 culte
657 1470 885 1523 mentes
915 1470 1155 1539 terrent,
1185 1467 1450 1523 membra
1470 1467 1897 1540 distorquent...
1914 1510 1927 1525 .
1960 1474 2026 1526 ut
2053 1471 2126 1527 ad

475 1555 702 1611 cultum
734 1554 828 1611 sui
859 1560 1088 1627 cogant,
1147 1560 1212 1611 ut
1268 1556 1472 1613 nidore
1528 1558 1805 1614 altarium
1855 1562 1915 1615 et
1970 1559 2126 1632 rogis

474 1660 750 1716 pecorum
773 1643 1046 1717 saginati,
1077 1644 1340 1701 remissis
1374 1663 1501 1718 quae
1522 1646 2009 1721 constrinxerant,
2026 1665 2128 1705 cu-

471 1750 633 1791 rasse
663 1735 974 1791 videantur
1004 1736 1199 1808 (Cypr.
1235 1735 1372 1791 ibid.
1406 1752 1539 1808 pag.
1575 1736 1685 1809 14).
1721 1761 1745 1791 ι

2242 492 2567 565 Cyprianus
2596 508 2767 548 vero:
2811 513 2833 540 α
2876 490 3040 554 Quod
3091 486 3373 559 templum
3427 488 3626 547 habere
3677 497 3830 565 possu

2242 581 2415 650 Deus,
2449 583 2619 653 cujus
2647 579 2932 652 templum
2964 582 3121 635 totus
3171 583 3259 633 est
3306 578 3595 634 mundus?
3623 581 3683 636 Et
3718 599 3827 642 cum

2240 667 2416 726 homo
2446 667 2624 725 latius
2681 672 2934 738 maneat,
2991 665 3146 722 intra
3190 681 3367 721 unam
3424 665 3705 723 aediculam
3736 672 3831 728 vim

2238 760 2416 814 tantas
2448 757 2778 829 majestatis
2806 755 3105 813 includam
3144 754 3173 810 ‘I
3198 754 3262 810 In
3302 756 3494 810 nostra
3523 755 3831 816 dedicandus

2239 850 2329 903 est
2387 850 2597 915 mente,
2646 845 2708 901 in
2764 848 2961 902 nostro
3012 842 3440 900 consecrandus
3508 847 3593 900 est
3642 851 3835 917 pectore

2231 936 2434 1009 (Cypr.
2475 935 2608 992 ibid.
2635 951 2767 1008 pag.
2794 934 2905 1007 15).
2939 955 2968 983 ››

2308 1023 2439 1081 Alia
2468 1024 2661 1081 adhuc
2688 1023 2749 1079 in
2781 1022 2889 1078 hoc
2918 1020 3155 1077 Minucii
3202 1019 3353 1075 libro
3394 1026 3704 1090 occurrunt,
3733 1040 3839 1096 quae

2239 1112 2478 1185 quidem
2500 1112 2592 1170 his
2624 1111 2862 1179 similia,
2894 1128 3025 1184 quae
3077 1109 3400 1182 Cyprianus
3454 1109 3539 1165 vel
3592 1109 3647 1165 in
3696 1110 3838 1183 libro,

2229 1199 2354 1273 jam
2383 1219 2417 1257 a
2447 1201 2615 1258 nobis
2645 1200 2861 1274 saepius
2909 1200 3105 1266 citato,
3135 1198 3224 1254 vel
3255 1198 3314 1253 in
3374 1196 3495 1254 suis
3521 1198 3586 1253 ad
3612 1200 3842 1258 Donatum

2236 1292 2721 1349 etDemstrianum
2748 1290 2937 1360 libris,
2968 1293 3025 1346 et
3055 1288 3195 1345 alibi
3251 1287 3505 1360 scripsit,
3562 1304 3679 1360 quae
3716 1308 3842 1347 nunc

2234 1381 2625 1438 transcribere
2653 1380 2889 1452 longius
2945 1378 3112 1434 foret.
3183 1376 3571 1444 Quamobrem
3627 1376 3734 1447 illa,
3761 1380 3843 1435 ubi

2236 1469 2305 1525 ad
2341 1469 2804 1525 conﬁrmandam
2833 1465 3090 1525 auctoris
3146 1465 3333 1523 nostri
3367 1465 3700 1523 sententiam
3726 1483 3845 1540 opus

2236 1558 2366 1627 erit,
2400 1558 2645 1615 inferius
2676 1558 3061 1631 proferemus.

2304 1649 2380 1703 At
2409 1647 2626 1703 mirum
2654 1647 2813 1703 haud
2843 1646 3021 1703 dubie
3048 1643 3343 1701 videbitur
3366 1642 3723 1716 Cyprianum,
3750 1646 3849 1700 tam

2235 1736 2520 1793 disertum
2565 1737 2978 1808 eruditumque
3026 1733 3233 1801 virum,
3294 1736 3380 1788 tot
3410 1732 3582 1787 unius
3622 1731 3797 1800 libelli,
3825 1749 3850 1788 a

543 1782 631 1791 ""
676 1782 964 1791 ""'"""'""
1005 1782 1199 1808 ν’·διση
1237 1782 1372 1791 """"
1406 1782 1539 1808 r-c'
1576 1782 1685 1809 ”Ι’
1721 1782 1742 1791 ⁷
2236 1782 2383 1793 “⁸“¹“¹“
2400 1782 2520 1793 “'“‘
2567 1782 2616 1793 "‘
2633 1782 2977 1808 ““"""““1"'
3037 1782 3101 1789 "'
3118 1782 3233 1801 “··“¹’1
3300 1782 3380 1788 "'
3416 1782 3580 1787 “’“”’”
3623 1782 3797 1800 “““’”““1
3826 1782 3850 1788 "

543 1823 833 1880 Minucius
882 1840 1119 1880 rursum
1173 1824 1245 1880 de
1273 1823 1484 1881 iisdem
1542 1825 1947 1882 dmmonibus:
1982 1849 2010 1877 ‹‹
2034 1827 2127 1884 Sic
2156 1782 2204 1848 B
2237 1825 2494 1882 Minucio
2526 1824 2853 1898 compositi,
2887 1823 3014 1880 loca
3061 1824 3133 1879 de
3187 1821 3366 1878 verbo
3415 1819 3770 1892 exscripsisse
3793 1820 3850 1875 ad

470 1916 758 1985 occupant
789 1913 1039 1980 animos,
1078 1916 1143 1969 ut
1172 1917 1306 1969 ante
1364 1930 1469 1970 nos
1518 1914 1802 1987 incipiant
1858 1916 2124 1973 homines

469 2002 686 2071 odisse,
717 2017 897 2073 quam
928 2018 1136 2069 nosse;
1180 2018 1252 2058 ne
1282 2003 1544 2074 cognitos
1572 2008 1675 2059 aut
1729 2003 1947 2060 imitari
1988 2020 2122 2077 pos-

471 2089 612 2157 sint,
647 2093 747 2145 aut
777 2089 1059 2145 damnare
1090 2105 1206 2145 non
1259 2088 1506 2161 possint.
1539 2111 1569 2141 ››
1622 2090 1948 2163 Cyprianus
1979 2107 2121 2163 quo-

472 2194 621 2250 que:
657 2200 685 2228 ‹‹
718 2177 865 2233 Hinc
894 2176 1105 2249 vulgus
1134 2177 1195 2232 in
1228 2178 1430 2234 odium
1483 2178 1666 2235 nostri
1715 2179 1971 2236 nominis
2025 2196 2122 2236 co-

471 2270 641 2340 gunt,
673 2269 739 2321 ut
786 2282 893 2322 nos
922 2266 1116 2323 odisse
1148 2265 1432 2339 incipiant
1488 2267 1755 2325 homines
1806 2272 2122 2341 antequam

470 2370 682 2422 nosse;
718 2371 789 2411 ne
822 2355 1085 2428 cognitos
1134 2359 1239 2412 aut
1293 2356 1509 2412 imitari
1550 2357 1796 2430 possint,
1830 2362 1931 2414 aut
1958 2359 2121 2414 dam-

472 2461 614 2502 nare
643 2461 763 2501 non
790 2443 1019 2516 possint
1051 2444 1348 2517 (Cyprian.
1378 2446 1557 2518 ibid).
1598 2472 1619 2496 ο

538 2531 830 2589 Minucius
853 2548 867 2588 :
893 2554 921 2583 ‹‹
954 2533 1267 2604 Templum
1322 2535 1476 2607 quod
1526 2534 1599 2603 ei,
1631 2535 1768 2606 Deo,
1801 2538 2117 2609 exstruam,

466 2636 602 2677 cum
637 2624 794 2677 totus
825 2620 920 2677 hic
952 2622 1233 2690 mundus,
1265 2622 1395 2693 ejus
1414 2639 1588 2695 opera
1608 2624 1949 2694 fabricatus,
1982 2642 2119 2683 eum

464 2724 670 2781 capere
701 2725 818 2765 non
844 2709 1070 2781 possit;
1102 2713 1159 2764 et
1205 2725 1342 2766 cum
1385 2711 1556 2768 homo
1588 2712 1767 2769 latius
1824 2731 2116 2787 maneam,

463 2797 623 2854 intra
652 2813 831 2853 unam
859 2797 1162 2854 aediculam
1194 2798 1311 2855 vim
1342 2803 1517 2857 tantae
1564 2802 1889 2874 majestatis
1939 2803 2121 2860 inclu-

463 2887 603 2943 dam
653 2885 683 2941 ‘I
730 2886 935 2944 Nonne
993 2886 1203 2944 melius
1262 2888 1323 2945 in
1368 2893 1568 2946 nostra
1613 2891 1974 2949 dedicandus
2031 2899 2121 2953 est

2231 1915 2498 1971 verbum.
2534 1913 2773 1971 Plurimi
2800 1914 2995 1987 itaque
3052 1927 3227 1968 suum
3289 1910 3353 1965 in
3408 1909 3665 1966 animum
3715 1907 3851 1963 facile

2232 2002 2517 2060 inducent
2545 2003 2869 2060 Minucium
2901 2019 2970 2058 ex
3000 2000 3286 2074 Cypriano
3338 1998 3553 2072 potius,
3586 2014 3746 2069 quam
3772 2001 3853 2069 Gy-

2231 2094 2505 2165 prianum
2536 2110 2603 2149 ex
2632 2092 2887 2148 Minucio
2944 2108 3050 2147 sua
3100 2105 3228 2147 esse
3290 2091 3646 2144 mutuatum.
3690 2085 3785 2141 Sed
3810 2085 3850 2140 si

2233 2181 2526 2239 Minucius
2555 2181 2771 2238 librum
2805 2198 2980 2237 suum
3014 2179 3098 2236 uti
3120 2180 3245 2250 jam
3301 2177 3683 2243 ostendimus,
3721 2174 3854 2247 prior

2230 2270 2432 2343 edidit,
2464 2288 2581 2328 non
2611 2270 2709 2327 ille
2737 2275 2892 2327 certe
2949 2286 3019 2326 ex
3076 2268 3391 2342 Cypriano,
3438 2266 3538 2322 sed
3567 2263 3854 2338 Cyprianus

2230 2375 2301 2416 ex
2330 2360 2428 2418 illo
2460 2377 2569 2418 sua
2597 2359 2949 2432 desumpsit.
2981 2358 3130 2425 Quid
3184 2373 3348 2424 vero,
3380 2355 3532 2429 quod
3569 2368 3664 2409 nec
3694 2348 3854 2407 inﬁmi

2231 2464 2337 2505 nec
2366 2449 2599 2505 obscuri
2636 2447 2746 2505 fuit
2794 2448 3049 2505 nominis
3077 2446 3375 2503 Minucius
3409 2447 3636 2510 noster;
3668 2440 3853 2512 quippe

2230 2553 2404 2610 quem
2445 2538 2781 2595 Lactantius
2825 2537 3149 2594 eruditione
3204 2535 3373 2591 haud
3442 2530 3707 2588 mediocri
3735 2546 3855 2602 pra:-

2230 2627 2443 2696 ditum,
2502 2631 2560 2683 et
2615 2628 2931 2700 insignem,
2993 2626 3079 2682 uti
3125 2641 3313 2696 supra
3361 2624 3723 2679 observatum
3765 2620 3855 2682 est,

2229 2717 2592 2773 causidicum
2624 2716 2900 2789 appellat,
2959 2719 3134 2787 atque
3189 2731 3259 2770 ex
3326 2714 3458 2785 ejus
3515 2711 3657 2765 libro
3711 2707 3853 2780 plura

2227 2805 2464 2862 haurire
2496 2822 2612 2862 non
2637 2804 2944 2861 dubitavit.
2977 2803 3189 2869 Quidni
3221 2818 3368 2875 ergo
3399 2804 3457 2858 et
3487 2793 3828 2873 Cyprianus?

1902 3040 2056 3095 409
2087 3038 2324 3097 CAPUT
2354 3046 2450 3098 ΙΙΙ.

464 3141 656 3200 Novae
738 3137 803 3198 in
884 3138 1140 3201 Minucii
1212 3140 1433 3202 Felicis
1485 3142 1712 3203 librum
1773 3146 2212 3209 annotationes
2265 3165 2280 3222 ;

2331 3167 2405 3210 ac
2448 3149 2653 3230 primo
2700 3148 3143 3230 expenduntur
3198 3147 3610 3225 argumenta,
3667 3134 3863 3217 quibus

1269 3223 1469 3282 Deum
1509 3224 1806 3286 exsistere
1842 3226 2130 3288 Caecilius
2161 3234 2372 3308 negat,
2406 3223 2469 3291 et
2514 3230 2742 3309 probat
2767 3223 3085 3292 Octavius.

927 3361 1195 3420 ARTICU
1204 3362 1331 3420 LUS
1370 3364 1659 3423 PRIMUS.

468 3466 981 3559 Quid'eg‘quomcdo
1010 3469 1073 3524 in
1100 3469 1404 3559 “bianoris.
1434 3476 1646 3559 agetur,
1700 3489 1783 3559 ac.
1801 3475 2124 3559 primuin-

535 3539 1029 3619 quiriiurnutrum
1096 3539 1404 3598 Christiani
1460 3539 1528 3599 ab
1587 3539 1692 3600 huc.
1749 3539 2127 3619 disputatione

542 3609 854 3681 reﬁciendi.

536 3731 717 3801 Nihil,
750 3736 815 3788 ut
837 3732 964 3804 jam
987 3733 1262 3805 diximus,
1296 3739 1417 3793 toto
1448 3737 1558 3794 hoc
1588 3739 1829 3796 Minucii
1859 3739 1919 3795 in
1950 3741 2121 3798 libro.

466 3820 515 3877 si
545 3820 872 3894 prologum,
933 3826 991 3879 et
1020 3823 1338 3897 epilogum,
1383 3832 1557 3899 atque
1586 3830 1851 3900 ejusdem
1885 3829 2127 3886 Minucii

458 3910 754 3983 judicium
786 3911 1104 3984 exceperis,
1135 3913 1293 3971 aliud
1326 3915 1603 3983 occurrit,
1636 3917 1748 3973 nisi
1781 3917 1991 3975 Caecilii
2019 3919 2126 3974 0c-

460 3999 722 4072 taviique
754 3999 1073 4071 disputatio
1100 4022 1115 4073 τ,
1152 4019 1270 4075 qua
1288 4003 1385 4059 ille
1414 4004 1808 4076 ethnicorum,
1842 4007 1936 4063 hic
1962 4008 2125 4064 Chri-

464 4089 792 4146 stianorum
823 4088 1166 4163 religionem
1226 4093 1503 4151 omnibus
1533 4094 1752 4167 ingenii
1782 4097 1874 4152 sui
1903 4097 2124 4154 viribus

462 4193 836 4251 propugnare
885 4194 951 4234 ac
1010 4180 1162 4235 tueri
1221 4182 1624 4239 connituntur.
1671 4186 1782 4241 Sed
1818 4185 2126 4259 utriusque

465 4270 835 4340 argumenta,
867 4282 934 4324 ac
966 4268 1343 4340 potissimum
1374 4271 1591 4328 Octavii
1620 4274 1692 4329 ad
1751 4273 1985 4344 iniquas
2014 4275 2129 4332 Cae-

463 4355 582 4413 cilii
639 4355 1083 4414 criminationes
1140 4372 1443 4432 responsa,
1534 4359 1710 4434 longo
1786 4380 2126 4421 sermonum

462 4443 770 4501 intervallo
801 4462 836 4502 a
864 4462 927 4501 se
980 4446 1229 4504 invicem
1262 4453 1551 4522 separata,
1586 4451 1819 4507 lectoris
1869 4458 2127 4511 mentem

463 4532 549 4590 ita
577 4534 919 4605 perturbare
945 4540 1231 4606 possunt;
1266 4542 1332 4593 ut
1369 4536 1607 4595 illorum
1640 4539 1758 4596 vim
1790 4545 1847 4597 et
1872 4543 2125 4613 pondus,

468 4620 584 4679 nisi
613 4620 826 4679 iterum
855 4622 1189 4695 iterumque
1228 4628 1434 4685 eadem
1494 4628 1649 4701 legat
1676 4633 1733 4686 et
1763 4631 2002 4704 relegat,
2035 4632 2129 4689 vix

468 4709 657 4783 possit
683 4709 990 4783 respicere.
1031 4713 1121 4769 Ad
1150 4714 1273 4773 haec
1289 4733 1444 4785 vero,
1468 4717 1641 4790 plura
1670 4719 1729 4774 in
1759 4720 1843 4775 eis
1874 4720 2125 4778 strictim

468 4800 932 4872 summatimquc
989 4803 1385 4878 attinguntur,
1436 4823 1562 4878 quae
1613 4809 1850 4865 tametsi
1892 4810 2131 4867 Minucii

475 4893 740 4964 tempore
769 4895 969 4947 essent
1000 4892 1157 4949 clara
1182 4898 1239 4949 et
1268 4896 1596 4968 perspicua,
1639 4895 1842 4953 multis
1874 4899 2000 4968 jam
2031 4899 2133 4955 ob-

476 4996 653 5036 scura
684 4984 847 5048 sunt,
879 4986 1056 5053 atque
1087 4982 1305 5040 idcirco
1337 4984 1552 5041 debent
1573 5002 1606 5040 a
1635 4985 1804 5041 nobis
1835 4986 2131 5058 explicari.

541 5069 932 5139 Quamobrem
955 5071 1067 5127 tria
1121 5073 1338 5129 nostris
1366 5072 1426 5127 in
1456 5072 1958 5132 observationibus
1989 5093 2132 5149 pras-

467 5159 680 5215 standa
707 5175 837 5215 esse
875 5159 1239 5217 censuimus.
1287 5160 1484 5217 Primo
1542 5162 1781 5234 quidem
1834 5166 2134 5235 quodlibet

469 5246 683 5304 Caecilii
717 5253 1161 5321 argumentum,
1186 5253 1244 5306 et
1273 5250 1494 5306 Octavii
1525 5252 1599 5307 ad
1630 5249 1774 5306 illud
1805 5255 2133 5324 responsio-

467 5350 574 5392 nes
593 5352 661 5392 ac
686 5336 1139 5405 confutationes,
1172 5355 1206 5396 a
1237 5355 1300 5395 se
1328 5339 1579 5397 invicem
1614 5340 2131 5411 sejunctas,simul

460 5426 522 5481 et
544 5424 909 5493 conjunctim
940 5441 1335 5499 proponemus
1366 5427 1975 5503 examinabimusque.
2027 5433 2131 5491 Se-

455 5512 656 5571 cundo
687 5512 1059 5573 ostendimus
1090 5519 1231 5590 quid
1292 5517 1349 5574 id
1382 5519 1466 5576 eis
1498 5520 1757 5587 ﬁrmum,
1791 5524 1893 5577 aut
1924 5520 2130 5581 invali-

446 5601 622 5671 dum,
656 5612 867 5664 verum
895 5608 997 5666 aut
1024 5605 1245 5673 falsum
1271 5608 1371 5670 sit.
1404 5608 1601 5669 Tertio
1626 5625 1754 5682 qua:
1778 5610 2043 5675 strictius
2066 5619 2126 5678 et

2160 4727 2415 4812 Dmodo
2472 4724 2782 4796 indignum
2841 4726 2952 4812 est,
3011 4720 3113 4777 sed
3182 4718 3395 4812 etiam,

2154 3372 2198 3440 (ξ
2235 3371 2651 3443 compressius,
2684 3371 2771 3428 vel
2799 3370 3104 3429 obscurius
3163 3366 3330 3424 dicta
3388 3368 3549 3432 sunt,
3596 3358 3870 3433 explanare

2234 3461 2599 3517 conabimur.

2305 3567 2504 3624 Priore
2533 3571 2725 3623 autem
2763 3568 2965 3621 contra
2993 3561 3370 3620 Christianos
3415 3555 3752 3629 argumento
3776 3549 3871 3605 Cas-

2235 3655 2406 3713 cilius
2436 3655 2739 3712 contendit
2766 3672 2865 3711 eos
2922 3653 2992 3708 ad
3028 3652 3178 3707 hanc
3221 3650 3301 3706 de
3333 3649 3411 3705 iis
3442 3641 3869 3736 disputationem

2233 3745 2397 3802 nullo
2428 3762 2668 3816 prorsus
2697 3744 2870 3800 modo
2901 3740 3311 3799 admittendos
3344 3753 3501 3807 esse,
3535 3740 3594 3792 et
3621 3750 3654 3789 a
3675 3739 3875 3787 nemine

2236 3835 2579 3891 audiendos.
2612 3833 2793 3889 Suam
2824 3849 2957 3888 vero
3000 3829 3525 3903 argumentionem
3565 3821 3695 3878 duci
3731 3828 3874 3889 posse

2235 3925 2553 3980 arbitratur
2575 3940 2643 3980 ex
2674 3921 2893 3995 duplici
2908 3919 3250 3977 eorumdem
3283 3915 3874 3973 Christianorumcon-

2236 4011 2475 4080 ditione,
2509 4028 2761 4084 quarum
2794 4010 2977 4067 altera
2998 4008 3143 4082 ipsis
3176 4005 3530 4079 peculiaris,
3562 4001 3735 4057 altera
3761 4006 3873 4049 cum

2236 4101 2457 4158 cesteris
2506 4099 2849 4157 hominibus
2871 4096 3205 4155 communis
3258 4098 3412 4152 erat.
3476 4092 3591 4147 Eos
3646 4085 3788 4181 enim
3821 4093 3874 4135 ex

2235 4189 2443 4246 ultima
2472 4189 2661 4262 plebis
2691 4189 2824 4245 faece
2837 4186 3107 4244 collectos
3128 4184 3299 4253 dicit,
3323 4182 3548 4240 artium
3580 4172 3876 4233 liberalium

2235 4279 2467 4351 penitus
2498 4282 2787 4351 expertes,
2837 4276 3191 4343 illitteratos,
3253 4273 3536 4329 indoctos
3595 4264 3774 4340 plane,
3825 4270 3879 4354 ac

2234 4368 2468 4440 idiotas,
2554 4373 2730 4439 atque
2813 4364 3029 4421 idcirco
3112 4362 3363 4419 omnino
3447 4358 3724 4429 indignos
3798 4360 3881 4440 qtll

2237 4481 2269 4509 «
2301 4459 2373 4514 de
2427 4435 2664 4514 summa
2720 4471 2938 4523 rerum,
2990 4469 3056 4510 ac
3114 4452 3436 4523 majestate
3469 4470 3499 4499 ››
3560 4446 3621 4502 id
3675 4443 3778 4507 est,
3826 4435 3881 4489 de

2237 4547 2376 4619 Deo,
2409 4551 2607 4603 utrum
2639 4545 2903 4615 exsistat,
2930 4559 2997 4599 ac
3019 4542 3153 4615 quis
3175 4540 3455 4612 qualisve
3487 4537 3586 4603 sit,
3611 4531 3885 4619 disputan-

2236 4639 2328 4693 tes
2352 4617 2417 4693 ac
2448 4637 2829 4692 decernentes
2862 4632 3196 4688 audiantur.
3232 4628 3394 4695 Quid
3426 4642 3585 4693 vero,
3618 4617 3763 4711 quod
3788 4625 3885 4711 non

3490 4719 3558 4770 ut
3636 4710 3755 4783 ipse
3820 4700 3886 4756 ait

2248 4790 2735 4887 «indignandum
2792 4834 2822 4864 »
2879 4790 3291 4883 hujuscemodi
3351 4804 3633 4863 homines
3696 4813 3758 4853 eo
3799 4790 3885 4846 (Ιϐ-

2241 4905 2470 4961 venisse
2522 4901 2801 4969 audaciae,
2863 4903 2929 4957 ut
2972 4899 3112 4956 certi
3165 4896 3402 4971 aliquid
3467 4895 3541 4951 de
3598 4892 3885 4979 Deocffnj

2244 4994 2514 5065 stituant,
2597 4992 2668 5048 de
2750 5006 2867 5064 quo
2977 4987 3479 5061 Philosophorum
3588 4975 3887 5073 dOF‘if‘fimf

2243 5081 2389 5139 nihil
2473 5061 3067 5139 hactenus—statuere
3149 5075 3285 5133 ausi
3346 5074 3611 5131 fuissent
3663 5067 3691 5123 ‘I
3745 5061 3890 5118 Visne

2240 5170 2492 5245 ipsemet
2529 5170 2637 5227 tibi
2691 5167 2934 5242 proferri
2990 5164 3199 5223 Caecilii
3270 5163 3463 5220 verba
3524 5165 3548 5218 Ρ
3603 5159 3741 5245 Ecce
3788 5148 3891 5202 hac

2239 5241 2371 5333 ipsa
2399 5264 2576 5317 sunt:
2635 5281 2665 5310 «
2696 5241 3148 5330 indignandum
3204 5252 3503 5310 omnibus
3552 5241 3890 5340 indolesceir

2241 5331 2502 5422 dumque
2531 5351 2640 5415 est,
2679 5346 2894 5403 audere
2946 5343 3232 5416 quosdam
3284 5344 3348 5397 et
3410 5339 3526 5396 hoc
3586 5331 3891 5423 studiorum

2239 5418 2437 5506 rudes,
2469 5436 2798 5493 litterarum
2830 5434 3124 5507 profanos,
3156 5434 3439 5502 expertes
3491 5425 3709 5485 artium
3735 5418 3891 5475 etiam

2239 5526 2633 5594 sordidarum,
2666 5527 2891 5582 certum
2926 5521 3149 5596 aliquid
3180 5519 3257 5576 de
3296 5535 3549 5577 summa
3577 5522 3789 5572 rerum,
3828 5510 3895 5597 ξε

2238 5617 2543 5691 majestate
2572 5586 2903 5687 decernere,
2940 5586 3158 5685 de.qua
3213 5610 3310 5668 tot
3340 5606 3627 5669 omnibus
3678 5586 3893 5658 saeculis
