4102 6162
491 289 613 350 423

1780 274 1884 336 DE
1926 272 2232 337 MINUGII
2274 273 2621 337 OCTAVIO
3750 295 3843 353 m

495 420 647 492 (Cib.
688 416 790 472 lib.
826 417 851 471 1
884 414 950 470 de
976 417 1175 472 Nalur.
1210 413 1364 467 Deor.
1397 414 1529 481 post
1576 407 1705 463 init.
1758 423 1890 480 pag.
1927 407 2072 478 197).
2109 428 2137 456 ››
2167 408 2223 472 Α
2252 405 2539 463 rumlibro
2562 423 2595 462 a
2618 407 3829 493 setranscrlplis,luculentissimeprobatum,

492 508 857 579 Quapropter
885 502 987 575 qui
1021 503 1093 558 de
1122 501 1240 557 Deo
1282 498 1575 569 rebusque
1619 496 1832 552 divinis
1863 496 2149 569 disputat,

493 596 545 653 is
574 610 641 651 eo
663 592 958 651 efﬁcacius
988 590 1295 647 veritatem
1327 605 1361 644 a
1392 603 1453 643 se
1484 584 1839 659 propugnari
1870 584 2148 639 omnibus

496 682 831 759 persuadet,
863 698 979 754 quo
1001 679 1188 751 magis
1206 678 1333 749 ejus
1354 692 1546 732 sermo
1568 672 1901 747 impolitus,
1934 671 2152 728 minus-

497 790 609 846 que
638 788 797 828 vana
846 768 1187 840 eloquentiae
1217 782 1433 838 pompa
1462 764 1690 819 fucatus
1722 769 1828 817 est.
1860 761 1970 817 Sed
2006 777 2149 832 pra-

496 865 614 919 stat
656 859 961 917 Oclavium
1000 857 1124 913 suis
1154 854 1347 911 verbis
1378 856 1581 909 contra
1611 850 1905 907 Cacilium
1944 848 2148 921 dispu-

490 954 710 1007 tantem
742 948 945 1004 audire
979 963 993 1002 :
1025 968 1053 997 «
1088 943 1307 1013 Sciant,
1351 942 1453 1010 ait,
1487 956 1693 996 omnes
1723 938 1993 995 homines
2024 937 2151 993 sine

493 1039 725 1095 delectu
756 1036 965 1104 atatis,
991 1049 1189 1100 sexus,
1210 1030 1535 1105 dignitatis,
1561 1028 1804 1085 rationis
1834 1031 1890 1083 et
1916 1043 2147 1095 sensus,

491 1143 737 1201 capaces
771 1129 829 1182 et
861 1122 1085 1179 habiles
1134 1124 1487 1195 procreatos,
1522 1133 1627 1173 nec
1658 1118 1895 1173 fortuna
1923 1122 2147 1182 nactos,

496 1217 598 1274 sed
656 1219 868 1271 natura
912 1213 1126 1268 insitos
1175 1226 1299 1265 esse
1346 1206 1717 1280 sapientiam.
1776 1204 1927 1270 Quin
1985 1203 2148 1276 ipsos

498 1306 675 1361 etiam
705 1302 1113 1374 Philosophos,
1146 1298 1233 1355 vel
1266 1298 1314 1353 si
1343 1296 1443 1369 qui
1473 1294 1569 1351 alii
1602 1295 1815 1350 artium
1849 1292 2004 1349 412
2060 1308 2146 1347 re-

500 1399 761 1469 pertores
791 1392 850 1447 in
883 1390 1196 1446 memorias
1225 1388 1509 1451 exierunt,
1534 1384 1877 1456 priusquam
1911 1380 2150 1436 solertia

500 1483 717 1539 mentis
748 1484 1020 1555 parerent
1061 1476 1317 1534 nominis
1358 1474 1703 1541 claritatem,
1758 1470 1991 1528 habitos
2021 1483 2149 1525 esse

501 1572 782 1647 plebeios,
837 1570 1125 1635 indoctos,
1186 1565 1549 1623 seminudos.
1608 1564 1683 1618 At
1736 1577 1871 1617 vero
1933 1559 2148 1615 divites

492 1659 870 1719 facultatibus
901 1659 1025 1715 suis
1056 1656 1335 1728 illigatos,
1383 1653 1573 1725 magis
1606 1666 1818 1711 aurum
1850 1647 2150 1720 suspicere

493 1764 830 1815 consuesse,
881 1763 1055 1817 quam
1106 1743 1335 1800 calum.
1395 1742 1695 1797 Nostrates
1754 1753 2038 1810 pauperes
2087 1739 2147 1791 et

490 1841 853 1895 commentos
882 1851 1010 1891 esse
1051 1831 1447 1906 prudentiam.
1482 1834 1539 1885 et
1570 1827 1883 1884 tradidisse
1915 1824 2141 1881 cateris

491 1925 884 1997 disciplinam.
918 1923 1081 1979 Unde
1120 1925 1359 1993 apparet
1400 1917 1703 1991 ingenium
1746 1932 1863 1971 non
1896 1913 2020 1969 dari
2052 1913 2142 1968 fa-

494 2015 832 2080 cultatibus,
866 2028 971 2068 nec
1001 2011 1196 2066 studio
1228 2008 1441 2081 parari,
1468 2007 1569 2063 sed
1600 2022 1735 2061 cum
1767 2005 1895 2075 ipsa
1926 2002 2143 2061 mentis

495 2102 841 2161 formatione
872 2100 1158 2174 generari.
1184 2098 1338 2154 Nihil
1370 2099 1568 2169 itaque
1596 2093 2024 2167 indignandum
2053 2089 2143 2147 vel

497 2192 835 2259 dolendum,
868 2190 917 2246 si
960 2187 1295 2261 quicunque
1343 2187 1413 2241 de
1463 2183 1675 2239 divinis
1733 2185 1973 2254 quaret,
2007 2196 2145 2236 sen-

496 2281 628 2350 tiat,
672 2278 967 2352 proferat;
1027 2292 1163 2331 cum
1240 2291 1354 2330 non
1406 2271 1763 2345 disputantis
1806 2268 2144 2340 auctoritas,

496 2370 599 2425 sed
630 2364 1045 2440 disputationis
1075 2364 1263 2436 ipsius
1294 2363 1505 2420 veritas
1558 2361 1925 2434 requiratur;
1970 2362 2147 2429 atque

495 2458 671 2515 etiam
718 2473 834 2529 quo
885 2453 1209 2526 imperitior
1258 2468 1469 2519 sermo,
1520 2452 1629 2505 hoc
1676 2446 1963 2503 illustrior
2011 2449 2143 2511 est;

504 2544 777 2618 quoniam
839 2560 955 2599 non
988 2543 1221 2597 fucatur
1268 2556 1483 2613 pompa
1530 2537 1814 2593 facundia
1854 2540 1912 2592 et
1938 2532 2146 2608 gratia,

493 2636 622 2707 sed,
653 2637 719 2691 ut
756 2637 863 2705 est,
895 2632 1035 2688 recti
1065 2630 1268 2704 regula
1299 2630 1647 2685 sustinetur.
1680 2652 1702 2679 ι

568 2757 758 2816 Simili
783 2758 953 2830 plane
984 2757 1156 2812 modo
1188 2754 1435 2826 Cyrillus
1465 2752 1893 2809 Alexandrinus
1940 2750 2149 2805 adver-

492 2865 598 2907 sus
647 2848 949 2904 Julianum
972 2846 1175 2903 eadem
1226 2844 1598 2917 objicientem
1652 2843 2147 2915 argumentatur;

492 2960 521 2989 α
558 2937 722 3002 Quod
751 2952 887 2993 vero
920 2933 1278 2991 muliercula
1310 2932 1685 3001 crediderint,
1717 2946 1784 2986 ac
1833 2926 2060 2993 famuli,
2092 2928 2151 2981 et

493 3024 732 3085 obscuri
763 3023 1031 3081 nonnulli
1062 3023 1331 3080 homines
1368 3021 1554 3078 vocati
1584 3019 1814 3087 fuerint,
1849 3017 1983 3073 inde
2010 3016 2151 3071 Ser-

492 3114 711 3173 vatoris
741 3112 1112 3170 clementiam
1144 3111 1453 3183 vituperat.
1488 3110 1599 3166 Sed
1646 3107 1909 3180 nunquid
1955 3104 2149 3161 satius

496 3208 586 3262 est
614 3203 830 3260 sentire
869 3202 1188 3270 hominem,
1222 3200 1281 3255 in
1315 3203 1600 3272 quantum
1633 3202 1805 3254 natus
1826 3200 1916 3252 est
1942 3194 2137 3264 homo,

496 3293 657 3351 nullo
710 3297 881 3367 pacto
938 3291 1162 3347 homini
1220 3288 1586 3357 antecellere,
1647 3288 1749 3344 sed
1808 3300 1981 3342 unam
2042 3298 2144 3354 per

498 3400 704 3440 omnes
773 3382 1057 3439 rationem
1134 3378 1479 3437 substantia
1550 3376 1883 3449 procedere.
1980 3371 2145 3428 Unus

495 3473 708 3544 quippe
754 3469 1018 3526 omnium
1054 3469 1356 3540 ingressus
1387 3467 1446 3522 in
1501 3466 1812 3532 mundum,
1865 3467 1922 3519 et
1952 3477 2149 3533 aqua-

494 3560 568 3616 lis
601 3575 895 3633 egressus,
929 3562 995 3613 ut
1026 3557 1315 3628 scriptum
1346 3560 1503 3612 est...
1537 3555 1663 3611 Una
1688 3553 1923 3625 quidem
1964 3548 2151 3605 omni-

494 3650 607 3706 bus
636 3648 977 3704 hominibus
1007 3650 1098 3703 est
1142 3650 1370 3701 natura.
1433 3644 1536 3700 Illa
1597 3648 1790 3699 autem
1852 3642 1935 3698 sic
1991 3655 2150 3695 com-

500 3742 704 3811 parata
763 3742 868 3809 est,
948 3740 1012 3791 ut
1086 3736 1157 3792 ad
1235 3734 1467 3807 quidvis
1544 3733 1718 3789 laude
1772 3731 2020 3803 dignum
2075 3727 2153 3783 sit

500 3827 728 3883 idonea.
781 3824 1025 3898 Sapiens
1101 3824 1257 3880 enim
1319 3828 1427 3890 est,
1486 3827 1543 3878 et
1598 3836 1896 3877 secernere
1962 3820 2154 3891 potest

502 3934 537 3973 a
592 3914 981 3972 deterioribus
1037 3913 1296 3970 meliora.
1330 3911 1487 3968 Nihil
1540 3926 1675 3983 ergo
1710 3908 1980 3982 prohibet
2009 3923 2151 3980 quo-

507 4005 705 4061 minus
736 4004 951 4060 inﬁma
975 4004 1147 4060 sortis
1169 4002 1344 4058 homo
1375 4000 1452 4057 sit
1483 4000 1740 4072 sapiens,
1764 4002 1821 4053 et
1851 3996 1951 4069 qui
1983 3994 2154 4052 desti-

506 4096 671 4151 tutus
727 4097 816 4149 est
867 4091 1148 4164 pecuniis,
1172 4090 1468 4163 justitiam
1520 4088 1690 4155 colat,
1726 4090 1782 4143 et
1828 4086 1929 4158 qui
1960 4082 2154 4141 servili

506 4186 598 4239 est
648 4181 999 4251 conditione,
1082 4197 1281 4253 aequus
1351 4183 1408 4235 et
1461 4178 1743 4235 honestus
1798 4175 2153 4231 videatur....

508 4270 792 4344 Equidem
823 4270 1069 4326 dixerim
1120 4285 1256 4342 ergo
1286 4268 1478 4323 virum
1528 4266 1785 4339 inopem,
1834 4263 1883 4320 si
1931 4266 2156 4318 rectum

509 4358 944 4431 honestumque
972 4358 1201 4415 vivendi
1230 4373 1416 4430 genus
1447 4355 1790 4427 susceperit,
1822 4353 1967 4410 citra
1995 4368 2156 4408 com-

511 4448 877 4521 parationem
900 4454 1177 4521 prastare
1196 4446 1365 4503 diviti
1389 4448 1647 4516 avaro,et
1668 4460 1900 4501 servum
1930 4442 2157 4514 sapien-

2261 496 2464 552 Timai
2499 496 2833 553 testimonio
2864 497 3189 553 confirmat.
3218 496 3313 552 His
3343 499 3472 554 addi
3503 507 3671 572 potest
3700 509 3835 564 Laer-

2256 584 2399 652 tius,
2431 585 2533 656 qui
2564 585 2623 640 in
2655 586 2908 642 Socratis
2937 585 3069 641 Vita
3098 585 3391 642 Platonem
3419 588 3566 661 citat,
3584 594 3673 662 qui
3700 596 3834 655 illum

2260 672 2651 745 Sephronisco
2691 679 2854 748 patre
2902 674 3208 748 lapidario,
3261 677 3423 747 cujus
3477 684 3645 736 artem
3675 690 3840 755 postea

2258 762 2538 831 exercuit,
2586 767 2643 819 et
2690 772 2873 821 matre
2926 764 3258 821 Phanareta
3322 765 3615 825 obstetrice
3673 777 3840 831 natum

2257 851 2518 921 tradidit,
2550 852 2769 925 (Laert.
2815 853 2916 909 lib.
2952 871 3014 925 ιι,
3046 856 3073 922 §
3113 854 3221 925 18).
3252 854 3316 909 Ei
3344 859 3531 911 autem
3560 859 3843 932 suifragan-

2256 942 2356 995 tur
2384 940 2649 997 Valerius
2681 941 2995 1007 Maximus,
3022 941 3254 1010 Suidas,
3276 941 3477 999 Timon
3509 961 3540 1000 a
3558 946 3711 1002 nobis
3736 949 3846 1005 arti-

2258 1028 2390 1084 culo
2446 1029 2709 1100 sequenti
2766 1030 3097 1101 laudamus,
3155 1034 3215 1086 et
3249 1029 3346 1087 alii
3401 1032 3601 1103 (Valer.
3648 1034 3844 1094 Maxim.

2257 1116 2358 1172 lib.
2394 1135 2478 1184 ιιι,
2510 1134 2638 1190 cap.
2670 1118 2747 1191 4).

2329 1207 2477 1272 Quid
2510 1223 2662 1278 vero,
2695 1208 2851 1280 quod
2883 1207 3129 1280 Cyrillus
3177 1208 3417 1280 ibidem,
3456 1210 3637 1267 adhuc
3679 1214 3845 1271 eodem

2258 1294 2573 1369 Porphyrio
2631 1301 2800 1367 teste,
2850 1298 3214 1355 demonstrat
3261 1298 3553 1355 Platonem
3606 1301 3850 1373 palastris

2258 1383 2358 1439 diu
2390 1384 2646 1457 primum
2695 1385 3094 1455 exercitatum,
3128 1404 3197 1444 ex
3243 1387 3531 1445 athlelicis
3561 1391 3849 1461 sudoribus,

2256 1472 2367 1543 vel,
2401 1477 2466 1529 ut
2493 1475 2734 1546 quidam
2767 1475 2951 1545 aiunt,
3004 1492 3073 1532 ex
3124 1476 3391 1534 lsthmiis
3430 1482 3487 1533 et
3533 1478 3755 1551 Pythiis,
3783 1481 3853 1537 vel

2258 1562 2389 1618 aliis
2432 1564 2851 1621 certaminibus
2905 1566 3059 1621 418
3103 1567 3174 1621 ad
3227 1565 3648 1640 philosophiam
3694 1573 3855 1625 trans-

2257 1650 2467 1708 ivissse
2498 1652 2697 1725 (Cyril.
2728 1653 2891 1711 Alex.
2922 1654 3026 1711 lib.
3058 1672 3116 1711 v1
3155 1655 3372 1712 advers.
3407 1656 3625 1714 Julian.
3654 1657 3855 1729 p.208).

2332 1758 2508 1814 Addit
2537 1762 2812 1831 praterea
2860 1759 2957 1816 ille
3005 1760 3330 1817 Zamolxim
3385 1761 3657 1818 Thracem
3711 1762 3857 1818 fuisse

2252 1846 2591 1919 Pythagora
2615 1852 2937 1915 servum,et
2956 1848 3125 1905 illum
3167 1848 3387 1906 multas
3408 1850 3857 1921 mulieres,quem-

2250 1935 2567 1992 admodum
2618 1936 2776 1993 Plato
2807 1937 3161 2007 Marcellam,
3179 1938 3602 2011 philosophicis
3621 1939 3860 1995 imbuisse

2252 2024 2602 2097 disciplinis.
2637 2026 2761 2083 Huc
2793 2044 2964 2098 porro
2995 2029 3241 2094 accedit,
3304 2029 3461 2100 quod
3511 2044 3612 2084 nos
3662 2029 3783 2085 alibi
3807 2030 3861 2084 de

2254 2113 2605 2171 mulieribus
2638 2114 3404 2188 philosophis,pictricibus,
3436 2121 3494 2172 et
3524 2116 3739 2188 poetriis
3764 2116 3857 2171 dis-

2253 2201 2591 2273 putavimus
2620 2203 2782 2274 (tom.
2819 2205 2861 2260 Ι.
2893 2206 3153 2276 Λάραν-αι.
3186 2204 3291 2261 lib.
3330 2205 3645 2276 in,dissert.
3674 2222 3731 2275 ιι,
3756 2220 3859 2275 cap.

2256 2291 2341 2359 18,
2374 2297 2482 2346 art.
2515 2292 2568 2363 4,
2600 2308 2734 2366 pag.
2778 2294 2953 2363 1155;
3006 2299 3065 2351 et
3096 2311 3224 2367 cap.
3275 2295 3379 2364 24,
3430 2299 3540 2361 art,
3585 2295 3636 2365 3,
3665 2310 3780 2367 pag.
3805 2294 3861 2347 25

2256 2382 2312 2435 et
2339 2382 2532 2452 seqq.).

2331 2469 2587 2541 Denique
2620 2469 2667 2525 si
2701 2470 2989 2527 Minucius
3022 2471 3131 2527 hoc
3162 2472 3427 2543 nomine,
3457 2471 3757 2541 Nostrates,
3784 2470 3861 2525 de-

2258 2556 2576 2629 signaverit
2605 2559 2999 2631 Hebraos,qui
3023 2561 3288 2617 ethnicas
3324 2568 3480 2618 artes
3499 2565 3556 2615 et
3570 2558 3863 2630 dissiplinas

2257 2647 2629 2714 tradiderint,
2664 2648 2721 2703 id
2770 2666 2805 2704 a
2856 2649 3024 2705 nobis
3064 2651 3190 2720 jam
3225 2652 3540 2722 probatum
3574 2653 3658 2705 est
3682 2652 3803 2703 tom.
3830 2647 3863 2713 Ι,

2259 2739 2518 2807 Apparat.
2552 2736 2655 2792 lib.
2717 2755 2778 2809 ιι,
2834 2738 3243 2795 dissertatione
3289 2742 3349 2808 2,
3404 2756 3527 2812 cap.
3560 2739 3615 2803 7,
3643 2738 3737 2807 g2,
3759 2752 3863 2807 pag.

2259 2826 2384 2895 387,
2418 2842 2485 2881 ex
2515 2826 2747 2883 Justino
2781 2834 3053 2899 martyre,
3108 2833 3167 2884 et
3216 2845 3289 2884 ex
3349 2828 3637 2884 Clemente
3658 2826 3867 2881 Alexan-

2261 2914 2450 2984 drino,
2480 2914 2697 2970 ibidem
2730 2914 2832 2971 lib.
2864 2934 2928 2971 ιιι
2983 2917 3218 2973 dissert.
3253 2921 3448 2991 2.cap.
3482 2920 3530 2983 1,
3566 2920 3667 2985 art,
3701 2916 3859 2985 1,pag.

2258 3003 2384 3074 834,
2419 3020 2542 3076 cap.
2578 3005 2663 3073 15,
2700 3010 2807 3059 art.
2845 3006 2869 3060 1
2903 3009 2962 3061 et
3000 3022 3206 3078 seqq.;
3256 3012 3441 3079 atque
3487 3023 3555 3063 ex
3582 3005 3651 3061 iis
3679 3020 3790 3076 qua
3814 3001 3869 3056 de

2260 3091 2520 3161 Thalete,
2554 3110 2680 3166 cap,
2720 3095 2805 3148 17.
2839 3098 2948 3150 art.
2984 3097 3033 3150 1.
3070 3112 3203 3167 pag.
3238 3097 3380 3151 1121
3410 3113 3425 3165 ;
3467 3096 3537 3152 de
3568 3094 3865 3166 Pythagora.

2176 3150 2221 3218 C
2254 3180 2472 3236 ibidem
2504 3150 2644 3254 cap:
2665 3150 2754 3249 l7,
2787 3186 2897 3238 art.
2932 3184 3003 3251 2;
3056 3150 3128 3239 de
3146 3150 3436 3256 uPlatone',
3466 3150 3677 3241 ibidem
3823 3150 3866 3246 1;

2253 3272 2426 3340 atque
2461 3269 2941 3341 philosophorum
2974 3288 3044 3327 ex
3073 3289 3239 3328 sacra
3270 3278 3444 3330 nostr
3467 3272 3748 3344 Scriptura
3773 3268 3867 3323 fur-

2254 3357 2330 3414 tis
2360 3364 2417 3413 et
2444 3358 2917 3430 expilationibus,
2951 3376 3078 3433 cap.
3111 3362 3198 3432 16,
3231 3368 3351 3417 art.
3374 3363 3449 3431 2;
3480 3378 3546 3418 ac
3575 3359 3788 3417 tandem
3813 3370 3867 3410 ex

2257 3445 2472 3501 artium
2534 3451 2591 3501 et
2646 3446 3023 3504 scientiarum
3074 3449 3505 3507 inventoribus.
3539 3448 3745 3505 Ibidem
3771 3460 3873 3514 cap.

2256 3534 2347 3603 31,
2380 3540 2488 3591 art.
2524 3538 2573 3591 1.
2607 3552 2741 3609 pag.
2776 3538 2912 3592 1l87
2942 3542 2999 3593 et
3028 3554 3192 3611 seqq.

2330 3624 2603 3689 Quamvis
2635 3630 2829 3683 autem
2863 3626 2983 3682 hac
3014 3627 3254 3683 Minucii
3290 3628 3619 3702 responsio,
3648 3641 3763 3698 qua
3795 3622 3873 3677 fri-

2258 3712 2451 3769 volam
2482 3713 2691 3770 Cacilii
2730 3717 3303 3789 argumentationem
3325 3718 3597 3774 funditus
3617 3713 3816 3777 evertit,
3835 3711 3878 3765 et

2262 3801 2377 3874 ipsi
2408 3806 2466 3858 et
2495 3803 2756 3875 cuilibet,
2790 3806 3168 3877 quantumvis
3208 3824 3449 3864 moroso
3477 3805 3713 3874 homini,
3743 3801 3879 3874 plene

2261 3890 2598 3948 satisfacere
2629 3894 2930 3951 debuerit:
2992 3896 3320 3965 secundam
3352 3902 3551 3953 tamen
3604 3894 3655 3949 ei
3693 3888 3875 3961 adjicit.

2261 3978 2439 4036 Plane
2471 3981 2761 4053 siquidem
2788 3983 3138 4056 penitusque
3160 3991 3451 4059 pernegat
3480 3985 3748 4051 tales,suo
3768 3983 3880 4034 tem-

2263 4085 2404 4141 pore
2446 4070 2811 4128 Christianos
2860 4072 3063 4142 fuisse,
3099 4073 3310 4146 quales
3344 4074 3615 4133 Caecilius
3660 4075 3769 4127 tam
3796 4082 3878 4122 auc

2264 4157 2463 4215 dacter
2504 4161 2775 4228 asseruit,
2826 4178 3110 4234 pauperes
3158 4167 3339 4235 atque
3389 4164 3607 4219 inﬁma
3654 4157 3879 4217 omnium

2265 4248 2440 4305 sortis
2469 4248 2739 4307 homines
2768 4251 3037 4308 indoctos
3085 4256 3142 4308 et
3170 4251 3532 4309 illitteratos.
3584 4251 3703 4307 Non
3751 4245 3877 4303 enim

2264 4359 2295 4386 «
2327 4337 2398 4392 de
2428 4337 2656 4407 ultima,
2686 4339 2900 4412 inquit,
2953 4340 3151 4398 statim
3201 4340 3376 4413 plebe
3425 4339 3807 4402 consistimus,
3844 4327 3883 4385 si

2266 4425 2513 4484 honores
2542 4431 2767 4485 vestros
2816 4432 2874 4485 et
2911 4447 3201 4502 purpuras
3239 4448 3613 4488 recusamus.
3663 4450 3689 4477 ››
3729 4427 3883 4493 AW”

507 4540 625 4592 tem
657 4536 799 4593 hero
840 4536 1117 4593 insano...
1170 4535 1379 4592 Videre
1436 4539 1632 4592 autem
1689 4532 1823 4590 licet
1877 4549 2000 4601 eos,
2058 4530 2160 4603 qui
2189 4518 2236 4586 D
2267 4513 2387 4571 haec
2419 4517 2674 4587 ΡΓοΓθοίο
2707 4534 2811 4574 ηθο
2844 4518 3013 4591 Plura
3042 4518 3216 4575 homo
3243 4518 3743 4584 mOdCStiSSimusv
3775 4508 3879 4585 qui‘

503 4624 679 4682 laude
708 4626 941 4682 virtutis
981 4627 1134 4699 apud
1186 4626 1414 4683 Gracos
1459 4624 1714 4682 maxime
1762 4622 2157 4697 prastiterunt

510 4715 755 4785 caeteris,
810 4716 1062 4772 artiﬁces
1116 4716 1281 4772 initio
1328 4716 1530 4784 fuisse,
1585 4712 2051 4787 popularemque
2099 4713 2156 4767 et

503 4804 804 4862 sordidam
854 4808 1039 4861 artem
1092 4805 1438 4873 exercuisse,
1490 4820 1668 4877 quam
1720 4820 1755 4859 a
1813 4801 2153 4875 parentibus

502 4895 1007 4969 accepissent,non
1034 4896 1159 4952 sine
1180 4900 1373 4951 tamen
1412 4892 1802 4950 admiratione
1826 4890 2149 4963 sapientia.

501 4984 716 5042 Multos
768 4985 1167 5057 praetermitto.
1225 4985 1309 5040 Ad
1351 4984 1546 5055 ipsum
1604 4980 1773 5037 venio
1830 4980 2152 5049 Socratem,

500 5076 874 5149 SOphronisci
908 5076 1119 5142 tilium,
1174 5074 1276 5146 qui
1328 5078 1516 5129 matre
1555 5070 1867 5128 obstetrice
1894 5069 2148 5142 genitus,

498 5169 663 5235 patre
722 5168 917 5221 autem
976 5162 1282 5231 statuario,
1341 5175 1591 5231 eamque
1646 5163 1831 5215 artem
1887 5155 2152 5228 apprime

499 5252 723 5320 calluit,
755 5269 942 5324 neque
970 5251 1029 5306 id
1062 5250 1174 5305 sibi
1205 5247 1474 5303 dedecori
1504 5262 1632 5303 esse
1671 5246 1916 5318 putavit,
1947 5243 2148 5318 (Cyril.

498 5340 660 5396 Alex.
722 5340 825 5395 lib.
875 5358 931 5396 v1
980 5345 1181 5393 contra
1229 5336 1439 5393 Julian.
1490 5352 1622 5408 pag.
1671 5334 1820 5407 207).
1869 5357 1899 5386 »
1952 5334 2150 5392 Graca

498 5428 695 5500 Cyrilli
750 5428 947 5495 verba,
1006 5428 1145 5499 quia
1202 5424 1434 5498 longius
1481 5428 1635 5481 esset
1689 5424 1783 5480 hic
1824 5423 2053 5495 referre,
2086 5424 2148 5481 in

495 5518 626 5589 ejus
659 5517 806 5573 libro
838 5516 1030 5589 legere
1060 5515 1301 5590 poteris,
1334 5514 1433 5571 ubi
1489 5513 1633 5571 illud
1692 5518 1748 5571 et
1805 5514 2147 5571 auctoritate

493 5608 554 5665 et
581 5602 777 5663 verbis
824 5602 1155 5679 Porphyrii,
1190 5619 1257 5663 ex
1285 5603 1457 5662 tertio
1487 5603 1752 5663 Historia
1778 5601 2147 5677 PhilosOpno-

2269 4603 2383 4659 bus
2414 4605 2469 4660 id
2504 4608 2655 4677 quod
2682 4605 2942 4663 Cacilius
2965 4612 3183 4665 temere
3205 4610 3761 4679 afﬁrmabat,verum
3784 4611 3885 4657 esse

2263 4692 2642 4765 paucissimis
2670 4696 2861 4752 verbis
2885 4696 3197 4754 inﬂeiatur.

2330 4802 2441 4857 Sed
2473 4802 2628 4874 quod
2664 4805 2826 4861 tanta
2874 4804 3160 4861 modestia
3208 4808 3388 4878 negat
3434 4805 3582 4861 illud
3623 4801 3881 4873 Origenes,

2264 4890 2365 4945 ubi
2396 4889 2559 4947 Celso
2590 4892 3253 4964 respondet,maximum
3283 4893 3611 4951 convitium
3641 4894 3697 4949 et
3723 4890 3883 4958 impu-

2261 4978 2495 5035 dentem
2528 4980 2888 5037 calumniam
2920 4998 3049 5037 esse
3078 4981 3273 5055 palam
3303 4986 3609 5038 asseverat
3637 4976 3801 5051 (Orig.
3839 4971 3882 5025 3.

2259 5064 2363 5121 lib.
2395 5084 2479 5138 ιιι,
2510 5075 2691 5125 contr.
2727 5069 2865 5126 Cels.
2898 5086 3013 5143 pag
3046 5071 3150 5126 142
3196 5074 3255 5127 et
3286 5072 3507 5144 seqq.).
3556 5071 3670 5126 Nec
3699 5064 3883 5122 mirum

2260 5156 2521 5229 quidem.
2539 5158 2685 5215 Nam
2700 5157 3100 5217 Tertullianus
3122 5160 3381 5218 Minucio
3402 5160 3582 5233 paulo
3602 5153 3885 5227 antiquior,

2259 5246 2330 5303 de
2361 5263 2447 5319 se,
2470 5248 2865 5321 omnibusque
2898 5249 3086 5307 atatis
3114 5267 3232 5307 sua
3260 5250 3622 5307 Christianis
3650 5246 3762 5302 hac
3790 5253 3888 5297 me-

2259 5337 2459 5394 moria
2488 5338 2752 5410 prodidit
2782 5354 2796 5394 :
2837 5360 2865 5390 «
2901 5338 3169 5397 Hesterni
3199 5356 3433 5409 sumus,
3468 5344 3524 5396 et
3567 5340 3751 5394 vestra
3779 5344 3887 5386 om-

2256 5424 2355 5482 nia
2383 5426 2988 5500 implevimus,urbes,
3014 5428 3262 5499 insulas,
3285 5427 3554 5496 castella,
3578 5416 3886 5492 municipia,

2256 5515 2869 5584 conciliabula,castra
2898 5517 3268 5591 ipsa,tribus,
3298 5510 3887 5588 decurias,palatium.

2255 5608 2547 5676 senatum,
2592 5605 2788 5664 forum
2819 5622 2836 5666 :
2867 5605 2995 5664 sola
3037 5606 3205 5665 vobis
3248 5605 3644 5680 relinquimus
3695 5591 3891 5669 ιοωΡΙε
