4102 6162
312 300 412 359 425

1716 301 2259 365 DISSERTATIO.

3566 310 3687 369 426

312 430 554 501 (Tertull.
588 432 810 505 Apolog.
843 450 972 507 cap.
1004 435 1094 504 37,
1128 450 1260 508 pag.
1293 434 1401 507 33).
1427 456 1455 486 ››
1479 437 1553 491 At
1601 440 1776 505 certe,
1830 434 1931 507 qui
1959 437 2015 503 Α
2043 433 2164 491 lam
2196 434 2589 507 nosmetipsos
2619 434 2971 493 noverimus.
3006 457 3036 487 »
3090 437 3314 495 Alludit
3357 443 3552 497 autem
3610 442 3683 497 ad

311 521 483 587 urbes,
519 521 733 592 forum,
760 528 972 591 castra,
1005 524 1294 595 decurias,
1322 524 1632 597 palatium,
1664 529 1932 582 senatum

310 615 355 663 et
380 613 461 665 tot
484 609 599 665 alia
629 611 757 667 loca
784 611 1128 684 implebant,
1156 630 1225 669 ex
1254 613 1345 669 his
1385 617 1539 671 certe
1578 614 1837 687 plurimi,
1872 620 1939 671 ut

305 699 410 769 jam
441 699 829 767 diximus,nec
860 700 1075 757 inﬁma
1107 701 1284 758 sortis
1312 706 1482 759 erant
1509 702 1799 769 homines,
1833 719 1938 760 nec

309 804 600 859 pauperes,
627 805 733 845 nec
764 789 982 845 indocti
1014 795 1072 845 et
1101 790 1382 847 illiterati.

367 881 435 931 At
463 892 589 944 cur,
621 877 848 951 inquiet
869 878 1104 950 aliquis,
1128 880 1248 936 hac
1274 886 1332 937 et
1353 880 1466 937 alia
1486 898 1521 937 a
1549 881 1738 938 noblis
1788 881 1940 938 infe-

308 964 415 1020 rius
446 966 703 1034 citanda,
736 970 859 1022 tam
889 966 1006 1023 alto
1029 968 1325 1025 Minucius
1357 969 1590 1027 silentio
1620 969 1938 1042 pratermi-

307 1054 421 1109 sit?
450 1054 587 1123 Cur,
621 1055 926 1127 inquimus
955 1060 1011 1112 et
1041 1074 1168 1127 nos,
1196 1057 1295 1114 ille
1325 1057 1411 1114 vel
1434 1059 1557 1115 solo
1608 1076 1716 1116 suo
1746 1075 1938 1116 exem-

308 1142 390 1215 plo
422 1160 486 1199 os
508 1144 739 1211 Caecilii,
771 1148 894 1201 tam
915 1146 1290 1219 impudenter
1310 1148 1643 1205 mentientis
1663 1148 1940 1205 continuo

308 1249 411 1287 non
443 1232 731 1289 occlusit?
759 1233 886 1289 Non
925 1234 1079 1291 enim
1112 1251 1180 1291 ex
1200 1235 1415 1292 inﬁma
1473 1235 1662 1310 plebis
1694 1237 1828 1294 face
1856 1237 1944 1293 vir

310 1322 410 1377 dici
431 1323 641 1394 potuit,
676 1322 800 1395 qui,
833 1327 898 1378 ut
919 1324 1043 1395 jam
1072 1341 1140 1380 ex
1167 1323 1646 1397 locupletissimis
1690 1326 1943 1383 testibus

310 1410 595 1467 Lactantio
628 1414 803 1483 atque
835 1410 1186 1485 Hieronymo
1236 1414 1690 1471 observavimus.
1745 1416 1941 1472 Roma

308 1499 549 1572 insignis
580 1499 911 1555 causidicus
969 1505 1111 1556 erat.
1146 1501 1327 1558 Nobis
1358 1502 1559 1575 itaque
1613 1502 1771 1558 haud
1795 1518 1944 1576 agre

308 1587 771 1662 persuadebitur,
805 1604 939 1644 eum
971 1594 1090 1646 tam
1124 1590 1390 1647 modesta
1418 1592 1834 1664 moderateque
1860 1608 1945 1648 re-

307 1677 613 1751 sponsione
637 1679 790 1734 414
812 1678 923 1732 sibi
957 1679 1242 1735 utendum
1273 1680 1720 1751 existimavisse,
1780 1685 1845 1736 ut
1876 1696 1944 1737 ea

306 1767 538 1823 lenitate
596 1783 661 1823 ac
714 1767 1115 1823 moderatione
1172 1770 1569 1825 adversarium
1638 1786 1814 1826 suum
1868 1769 2019 1871 adB

303 1856 614 1927 ejurandos
642 1871 866 1911 errores
900 1855 1573 1930 suos,Chrislianamque
1602 1857 1941 1932 religionem

306 1944 747 2017 amplexandam
782 1944 1010 2001 facilius
1032 1945 1311 2003 alliceret.

369 2033 525 2088 Nihil
552 2051 719 2105 porro
740 2032 1000 2105 ineptius
1032 2038 1175 2107 erat,
1195 2051 1371 2107 quam
1392 2035 1533 2092 illud
1586 2037 1740 2110 quod
1776 2053 1945 2111 urge-

304 2124 402 2179 bat
430 2122 692 2178 Cacilius
718 2122 1080 2179 Christianos
1108 2123 1402 2181 nationem
1423 2142 1551 2181 esse
1571 2125 1943 2199 latebrosam,

302 2212 685 2283 lucifugacem
719 2216 776 2267 et
805 2212 863 2266 in
898 2211 1132 2284 angulis
1163 2213 1482 2285 garrulam.
1508 2215 1625 2271 Sua
1653 2215 1946 2273 enimvero

303 2302 654 2356 documenta
692 2299 923 2373 publice
949 2302 1343 2373 pradicabant
1365 2319 1378 2358 :
1404 2304 1504 2359 sed
1538 2303 1658 2360 hac
1704 2304 1943 2373 ethnici,

304 2407 375 2446 ne
404 2406 536 2445 vera
565 2406 693 2445 esse
715 2406 925 2463 negare
957 2407 1072 2446 non
1103 2397 1359 2463 possent,
1394 2393 1597 2448 audire
1644 2393 1947 2450 erubesce-

299 2480 439 2535 bant
469 2497 536 2535 ac
568 2480 939 2535 verebantur.
971 2481 1082 2536 Sed
1119 2482 1190 2538 de
1219 2481 1312 2538 his
1346 2482 1497 2539 infra
1529 2483 1738 2539 fusius.

366 2574 667 2625 Postremo
698 2585 766 2624 ex
797 2569 969 2625 dictis
991 2569 1286 2627 evidenter
1354 2570 1546 2628 adhuc
1595 2572 1945 2641 ostenditur,

303 2658 683 2731 quantumvis
712 2658 882 2713 varia
914 2675 981 2714 ac
1011 2659 1412 2732 discrepantes
1445 2660 1659 2717 fuerint
1684 2660 1946 2734 philoso-

299 2748 549 2820 phorum
582 2746 889 2818 gentilium
912 2748 979 2803 de
1023 2753 1135 2804 Deo
1153 2749 1864 2822 sententia,quantumvis
1877 2751 1948 2806 de

300 2836 398 2891 illo
428 2834 934 2907 dubitaverint,ac,
969 2834 1019 2891 si
1049 2836 1212 2902 velis,
1232 2837 1472 2909 quidam
1506 2854 1637 2894 eum
1672 2840 1947 2896 exsistere

302 2925 659 2997 negaverint,
710 2924 1074 2981 Christianos
1120 2929 1341 2995 tamen,
1401 2927 1631 2984 etiamsi
1663 2945 1947 3001 pauperes

300 3019 354 3070 et
384 3014 739 3080 illitteratos,
766 3013 1028 3084 potuisse
1058 3015 1129 3069 de
1161 3015 1286 3088 ipso
1309 3016 1632 3089 disputare,
1685 3034 1750 3073 ac
1806 3017 1948 3074 certi

300 3108 553 3159 statuere
586 3101 831 3175 aliquid,
872 3120 1189 3176 veramque
1212 3105 1359 3161 ferre
1381 3105 1751 3163 sententiam.

2046 522 2489 580 celeberrimum
2525 524 2666 579 illud
2694 525 2964 597 adagium
2992 526 3158 580 Γνῶθι
3191 526 3431 601 σεαυτὸν,
3457 552 3484 579 ‹‹
3503 529 3687 587 Nosce

2045 614 2302 686 teipsum
2329 632 2343 683 ;
2370 635 2398 663 ››
2431 615 2585 686 quod
2613 631 2719 671 nos
2752 614 2889 670 alibi
2922 616 2994 672 ab
3027 616 3156 673 aliis
3186 618 3432 685 Thaleti,
3467 619 3538 675 ab
3561 619 3694 676 aliis

2048 702 2300 774 Chiloni,
2336 707 2512 777 atque
2537 702 2712 759 etiam
2746 703 2966 777 Pythia
2996 706 3318 779 ascriptum
3350 708 3695 765 annnotavi-

2050 791 2427 864 mus(tom.l
2484 792 2760 865 Apparat.
2818 791 2923 850 lib.
2981 808 3066 863 ιιι,
3117 794 3261 852 diss.
3320 797 3376 865 2,
3436 813 3563 869 cap.
3609 796 3698 854 14.

2049 884 2159 937 art.
2191 881 2245 949 3,
2277 897 2406 953 pag.
2442 881 2579 936 1097
2606 901 2621 952 ;
2645 884 2700 938 et
2758 897 2886 954 cap.
2921 883 3009 950 19,
3041 888 3150 941 art.
3190 884 3244 954 4,
3277 901 3411 958 pag.
3445 886 3629 959 1170).

2127 1004 2300 1061 Addit
2329 1004 2589 1061 Cacilius
2613 1006 2769 1078 quod
2803 1005 2853 1061 si
2874 1005 3211 1079 aliquando,
3238 1008 3447 1066 insano
3476 1009 3702 1083 inepto-

2053 1109 2166 1165 que
2195 1092 2379 1149 labori
2412 1092 2963 1166 indulgentes,ultra
2978 1094 3330 1152 humilitatis
3360 1100 3569 1153 nostra
3584 1102 3696 1154 ter-

2054 1181 2246 1238 minos
2269 1181 2766 1254 evagemur,hunc
2796 1196 3051 1239 errorem
3073 1184 3243 1240 vanis
3271 1184 3696 1243 formidolosis-

2053 1285 2166 1341 que
2204 1270 2670 1327 Christianorum
2697 1271 3069 1343 opinionibus
3099 1289 3214 1328 non
3245 1288 3374 1329 esse
3395 1272 3700 1347 implican-

2054 1359 2219 1414 dum.
2253 1358 2379 1415 Non
2411 1359 2534 1415 vult
2562 1375 2697 1431 ergo
2733 1359 2916 1416 ullam
2934 1377 2969 1416 a
2996 1360 3346 1417 Christianis
3372 1362 3444 1417 de
3474 1366 3585 1418 Deo
3608 1378 3698 1418 re-

2052 1448 2281 1519 busque
2311 1447 2525 1505 divinis
2547 1448 2777 1504 institui
2804 1448 3287 1522 disputationem,
3319 1452 3583 1524 satisque
3611 1450 3701 1524 ip-

2052 1535 2135 1592 sis
2163 1552 2314 1603 esse,
2348 1536 2397 1592 si
2429 1537 2654 1609 seipsos
2686 1537 2971 1594 noverint.

2123 1652 2274 1709 415
2328 1654 2536 1723 Magna
2566 1654 2783 1720 autem,
2819 1652 2903 1707 uti
2934 1651 3168 1724 quidem
3226 1652 3339 1725 ipsi
3370 1653 3698 1723 videbatur,

2054 1739 2330 1811 Socratis,
2363 1740 2461 1812 qui
2496 1740 2694 1796 divino
2733 1739 2965 1797 oraculo
3018 1740 3326 1797 hominum
3388 1741 3700 1815 sapientis-

2054 1829 2241 1886 simus
2273 1828 2643 1885 renuntiatus
2675 1833 2785 1895 est,
2834 1830 3179 1886 auctoritate
3225 1830 3700 1903 testimonioque,

2053 1917 2200 1974 illud
2230 1917 2493 1974 stabilire
2524 1922 2581 1973 et
2609 1919 2956 1975 conﬁrmare
3014 1918 3239 1976 nititur.
3273 1942 3302 1970 «
3352 1919 3413 1975 Si
3444 1920 3701 1991 philoso-

2054 2007 2296 2080 phandi,
2322 2008 2424 2072 ait,
2461 2006 2641 2063 libido
2672 2012 2783 2077 est,
2814 2008 3136 2074 Socratem,
3177 2008 3477 2081 sapientia
3536 2009 3697 2081 prin-

2056 2096 2267 2169 cipem,
2300 2095 2551 2168 quisque
2579 2099 2837 2151 vestrum
2868 2100 3072 2152 tantus
3103 2097 3266 2164 est,si
3297 2097 3529 2169 poterit,
3564 2097 3696 2153 imi-

2056 2188 2229 2240 tetur.
2264 2185 2401 2256 Ejus
2429 2184 2537 2240 viri
2568 2184 2799 2256 quoties
2856 2186 2928 2241 de
2975 2185 3309 2242 coelestibus
3359 2186 3694 2258 rogabatur,

2058 2278 2198 2329 nota
2227 2274 2527 2347 responsio
2549 2278 2674 2330 est:
2708 2275 2869 2338 QUOD
2902 2291 3088 2331 SUPRA
3138 2292 3243 2331 nos
3274 2292 3433 2330 man.
3459 2292 3531 2330 an
3568 2290 3697 2331 nos.

2056 2363 2262 2420 Merito
2279 2379 2414 2435 ergo
2436 2364 2507 2418 de
2529 2362 2762 2419 oraculo
2784 2363 3189 2419 testimonium
3214 2363 3425 2419 meruit
3446 2364 3703 2435 pruden-

2057 2451 2149 2507 tia
2182 2451 2517 2524 singularis.
2552 2451 2713 2516 Quod
2748 2451 3049 2508 oraculum
3104 2452 3229 2525 ipse
3286 2451 3588 2525 prasensit
3610 2451 3707 2507 id-

2059 2539 2210 2596 circo
2242 2540 2530 2596 universis
2559 2556 2688 2596 esse
2717 2541 3116 2612 praepositum,
3149 2557 3265 2596 non
3299 2542 3453 2613 quod
3506 2540 3709 2596 omnia

2057 2628 2459 2701 comperisset,
2491 2628 2590 2685 sed
2623 2629 2777 2701 quod
2811 2628 2955 2684 nihil
2988 2646 3049 2686 se
3080 2630 3227 2686 scire
3257 2630 3587 2687 didicisset.
3624 2634 3710 2687 Ita

2057 2720 2334 2775 confessa
2364 2718 2661 2790 sapientia
2693 2735 2929 2774 summa
2958 2719 3271 2791 prudentia
3300 2723 3409 2775 est.
3441 2741 3470 2770 »

2125 2839 2258 2889 Hac
2281 2838 2475 2890 autem
2524 2851 2558 2889 a
2610 2832 2833 2890 Caecilio
2891 2850 3009 2889 non
3065 2834 3495 2891 inconsiderate
3553 2835 3712 2891 dicta

2058 2923 2240 2979 fuisse
2271 2923 2407 2978 inde
2436 2923 2743 2995 probatur,
2777 2923 2932 2994 quod
2963 2923 3034 2979 de
3092 2925 3298 2979 eodem
3357 2924 3594 2979 Socrate
3624 2923 3709 2980 Ci-

2057 3027 2187 3067 cero
2217 3009 2427 3066 litteris
2458 3008 2730 3066 similiter
2759 3010 3077 3067 mandavit:
3117 3033 3139 3060 α
3171 3015 3435 3067 Socrates
3457 3011 3603 3067 mihi
3623 3011 3706 3067 vi-

2057 3099 2313 3163 detur.id
2348 3099 2504 3172 quod
2528 3102 2759 3155 constat
2787 3098 2940 3156 inter
2958 3116 3182 3169 omnes,
3216 3099 3443 3172 primus
3470 3118 3504 3157 a
3530 3100 3706 3157 rebus

367 3193 612 3247 Frustra
641 3174 776 3264 ergo
807 3174 1224 3249 Caciliusleos
1256 3194 1367 3249 sub
1424 3194 1708 3252 orationis
1766 3196 1943 3253 ﬁnem
1978 3174 2021 3242 C
2059 3186 2303 3245 occultis
2357 3192 2416 3245 et
2473 3188 2544 3244 ab
2603 3186 2735 3261 ipsa
2806 3194 3018 3245 natura
3074 3187 3370 3258 involutis,
3433 3205 3707 3246 evocasse

308 3280 598 3348 hortatur,
628 3280 900 3336 desinant
928 3304 955 3331 ‹‹
990 3280 1116 3337 cali
1176 3282 1378 3355 plagas
1406 3288 1463 3339 et
1510 3285 1715 3341 mundi
1748 3285 1869 3342 fata
1896 3288 1954 3342 et

298 3376 525 3426 secreta
556 3370 780 3424 rimari.
798 3370 952 3426 Satis
978 3370 1132 3426 enim
1159 3376 1248 3427 est
1276 3389 1379 3444 pro
1401 3373 1649 3445 pedibus
1670 3374 1949 3447 aspicere,

301 3459 557 3515 maxime
588 3458 861 3526 indoctis,
895 3458 1178 3530 impolitis
1209 3463 1266 3516 et
1297 3461 1564 3518 rudibus.
1593 3484 1621 3513 ››
1646 3462 1807 3527 Quod
1827 3464 1952 3536 qui-

296 3548 425 3603 dem
460 3564 530 3603 ex
560 3547 905 3615 Democrito,
936 3548 1105 3619 cujus
1135 3548 1290 3604 fonte
1344 3550 1632 3622 Epicurus
1686 3552 1952 3610 hortulos

294 3654 436 3693 suos
457 3636 632 3691 vanis
655 3635 937 3707 falsisque
968 3637 1344 3708 opinionibus
1392 3639 1625 3712 rigavit,
1673 3640 1950 3698 haustum

290 3726 505 3791 fuisse,
540 3725 711 3779 docet
738 3724 831 3780 bis
862 3725 1051 3781 verbis
1073 3725 1308 3782 Cicero:
1345 3750 1373 3778 «
1420 3728 1785 3786 Democritus
1834 3749 1950 3788 non

289 3814 511 3871 inscite
544 3819 821 3886 nugatur,
856 3819 919 3869 ut
939 3814 1234 3887 physicus,
1263 3832 1379 3889 quo
1427 3834 1636 3889 genere
1684 3819 1830 3874 nihil
1859 3838 1950 3877 ar-

286 3902 831 3976 rogantiuszQuod
856 3906 989 3958 ante
1037 3904 1235 3975 pedes,
1298 3920 1468 3961 nemo
1527 3910 1790 3978 spectat;
1822 3907 1950 3964 coeli

285 3997 599 4048 scrutatur
629 3990 853 4063 plagas.
909 3990 1074 4063 (Cic.,
1132 3991 1234 4048 lib.
1262 4009 1303 4049 ιι
1352 3993 1419 4050 de
1452 3996 1697 4051 Divmat.
1732 4014 1789 4069 p.
1822 3998 1949 4072 282,

284 4080 394 4137 lin.
427 4081 549 4150 30).
588 4080 733 4135 Nam
766 4080 877 4136 hoc
906 4080 1141 4153 superbi
1183 4081 1463 4154 hominis,
1493 4084 1704 4142 litteris
1731 4091 1789 4143 et
1835 4089 1951 4145 otio

287 4169 768 4242 intemperanter
796 4170 1112 4241 abutentis,
1136 4179 1548 4245 argumentum
1571 4191 1640 4232 ex
1668 4175 1953 4235 hactenus

288 4259 476 4316 dictis
506 4276 752 4333 prorsus
782 4275 1049 4315 eversum
1082 4266 1188 4317 est.

877 4375 1281 4435 ARTICULUS
1319 4377 1373 4433 II
1386 4419 1398 4437 .

295 4463 766 4548 Expertdunturh
782 4470 1113 4548 .argttmeata
1130 4541 1141 4548 _
1156 4467 1352 4548 qttt'lgus
1412 4467 1668 4548 Caciliug
1722 4472 1956 4548 probare

2061 3276 2520 3350 philosOpbiam,
2553 3280 2610 3333 et
2636 3278 2709 3333 ad
2740 3276 2916 3334 vitam
2949 3293 3323 3334 communem
3354 3278 3704 3348 adduxisse;

2059 3370 2127 3422 ut
2154 3366 2227 3423 de
2259 3366 2579 3421 virtutibus
2607 3370 2664 3421 et
2689 3365 3228 3438 vitiis,omninoque
3245 3367 3317 3422 de
3342 3366 3511 3423 bonis
3532 3368 3709 3423 rebus

2060 3459 2119 3512 et
2147 3454 2316 3511 malis
2340 3459 2665 3527 quareret:
2701 3454 2955 3511 coelestia
2975 3460 3169 3511 autem
3200 3459 3302 3511 aut
3332 3454 3534 3527 procul
3582 3472 3712 3512 esse

2060 3561 2095 3600 a
2124 3548 2327 3600 nostra
2358 3544 2708 3617 cogitatione
2738 3543 3110 3611 censeret,vel
3131 3543 3181 3599 si
3206 3544 3457 3600 maxime
3482 3544 3716 3617 cognita

2060 3637 2278 3704 essent,
2315 3632 2464 3688 nihil
2497 3637 2694 3689 tamen
2717 3634 2787 3688 ad
2812 3633 2958 3689 bene
2976 3632 3284 3689 vivendum
3308 3634 3588 3689 conferre.
3608 3634 3715 3690 Hic

2060 3722 2120 3779 in
2143 3722 2423 3778 omnibus
2448 3722 2567 3777 fere
2579 3722 3082 3794 sermonibus,qui
3105 3722 3177 3778 ab
3201 3722 3405 3795 iis,qui
3426 3722 3592 3779 illum
3608 3741 3712 3780 au-

2060 3812 2318 3883 dierunt,
2347 3811 2654 3883 perscripti
2682 3811 3102 3883 varie,copiose
3131 3816 3290 3884 sunt,
3323 3813 3407 3868 ita
3426 3814 3707 3885 disputat,

2059 3906 2127 3957 ut
2147 3898 2290 3956 nihil
2323 3900 2577 3956 afﬁrmet
2608 3900 2754 3972 ipse,
2801 3900 3023 3957 refellat
3043 3900 3224 3957 alios:
3261 3900 3405 3956 nihil
3437 3917 3499 3957 se
3556 3902 3707 3957 scire

2060 3990 2240 4057 dicat,
2270 3987 2384 4044 nisi
2414 3987 2671 4060 idipsum
2704 4014 2719 4057 ;
2750 4006 2933 4061 eoque
2964 3994 3239 4062 prastare
3270 3989 3513 4059 cateris,
3544 3991 3700 4061 quod

2059 4077 2166 4148 illi,
2199 4094 2328 4149 qua
2358 4077 2640 4145 nesciant,
2697 4078 2846 4135 scire
2874 4094 2937 4134 se
2994 4082 3222 4151 putent,
3283 4078 3409 4150 ipse
3461 4094 3524 4134 se
3555 4076 3703 4133 nihil

2061 4166 2210 4224 scire
2239 4166 2297 4222 id
2320 4182 2505 4221 unum
2536 4165 2720 4236 sciat;
2753 4167 2826 4223 ob
2884 4182 3133 4238 eamque
3168 4183 3292 4223 rem
3324 4183 3387 4222 se
3431 4165 3706 4222 arbitrari

2063 4256 2134 4311 ab
2178 4254 2462 4327 Appoline
2491 4254 2756 4311 omnium
2786 4254 3293 4327 sapientissimum
3323 4270 3451 4311 esse
3482 4254 3706 4310 dictum

2064 4343 2221 4415 quod
2253 4342 2377 4399 hae
2407 4346 2562 4399 esset
2582 4360 2700 4400 una
2718 4344 2911 4400 omnis
2932 4343 3242 4415 sapientia,
3273 4360 3389 4399 non
3424 4342 3709 4399 arbitrare

2064 4448 2191 4490 sese
2237 4432 2407 4503 scire,
2465 4433 2621 4503 quod
2682 4430 2904 4488 nesciat
2934 4432 3069 4502 (Cic.
3104 4430 3209 4488 lib.
3243 4449 3262 4488 ι
3301 4433 3467 4489 Acad.
3514 4435 3708 4505 quaest.

376 4519 581 4589 ἱιίιίιιιν
601 4541 687 4608 fas
712 4519 1145 4595 τιήἱὲιῖαὴιέὲι
1161 4519 1682 4599 ᾌιίἐέῖιοῆἷὲὲέἷιὶ
1709 4519 1949 4601 ὗὲᾶνιῖέδῖ

2066 4536 2197 4595 pag.
2232 4520 2287 4588 5,
2311 4520 2413 4576 lin.
2448 4520 2507 4575 41
2547 4524 2604 4576 et
2629 4520 2815 4594 seqq).
2847 4542 2875 4570 »
2924 4519 3064 4585 Quis
3122 4525 3316 4577 autem
3374 4521 3543 4578 facile
3598 4520 3711 4579 sibi

362 4611 529 4679 pata:
542 4623 589 4663 ε.

369 4721 739 4780 Christianos
789 4725 860 4781 ab
910 4726 1067 4781 omni
1100 4726 1172 4782 de
1206 4730 1317 4783 Deo
1339 4727 1734 4800 disputatione
1754 4748 1956 4790 arcen-

292 4814 414 4869 dos
450 4812 569 4868 alia
598 4812 858 4870 Caecilius
890 4815 1097 4887 probat
1126 4815 1369 4883 ratione,
1400 4834 1526 4889 qua
1549 4818 1661 4891 ipsi
1692 4836 1827 4877 cum
1852 4838 1957 4878 ca-

285 4902 459 4958 teris
482 4901 822 4959 hominibus
845 4903 1017 4975 plane
1046 4905 1376 4962 communis
1402 4910 1493 4963 est
1528 4925 1542 4964 ε
1573 4909 1714 4965 Eam
1744 4911 1958 4967 etenim

287 4989 527 5060 objicit
554 5006 676 5047 esse
708 4997 930 5049 natura
960 4993 1230 5049 humana
1287 4994 1713 5066 inﬁrmitatem,
1773 5005 1839 5055 ut
1858 5016 1959 5057 ne-

299 5078 471 5135 mini
505 5096 625 5152 qua
655 5099 836 5154 supra
864 5099 968 5138 nos
1011 5083 1153 5140 coelo
1200 5100 1511 5157 suspensa,
1572 5091 1675 5143 aut
1723 5088 1877 5145 infra
1900 5088 1961 5146 in

290 5173 488 5225 terra
517 5170 836 5228 visceribus
866 5172 1075 5245 posita,
1108 5174 1257 5231 scire
1302 5179 1405 5232 aut
1461 5177 1708 5232 scrutari
1758 5194 1962 5236 conce-

295 5260 514 5319 datur.
551 5283 580 5310 «ι
608 5261 793 5332 Absit,
825 5261 1016 5334 inquit
1055 5262 1176 5331 ille,
1207 5265 1279 5320 ab
1330 5263 1723 5336 exploratione
1765 5267 1965 5325 divina

292 5346 583 5403 humana
596 5350 1129 5419 mediocritas,cum
1152 5370 1342 5425 neque
1359 5371 1486 5426 qua
1500 5371 1679 5427 supra
1691 5373 1797 5413 nos
1822 5356 1964 5415 caelo

290 5452 725 5507 suspensa.....
751 5456 940 5513 neque
986 5459 1115 5514 qua
1174 5442 1326 5499 infra
1354 5448 1685 5501 terram.....
1713 5447 1860 5503 scire
1890 5447 1968 5503 sit

295 5526 668 5595 datum,aut
697 5531 944 5586 scrutari
966 5531 1345 5603 permissum.
1380 5552 1405 5584 ιο
1430 5531 1753 5607 Unicuique
1783 5535 1965 5609 siqui-

290 5616 461 5673 dem
488 5616 732 5691 sul‘ﬁcit,
764 5618 814 5675 si
844 5642 871 5671 α
905 5622 1231 5680 secundum
1260 5626 1430 5681 vetus
1458 5622 1741 5696 sapientis
1761 5641 1967 5687 oracu-

643 5746 909 5810 ΡΑι-ιοι..
952 5747 1062 5812 Ill.

2066 4608 2404 4683 persuaderi
2437 4625 2553 4664 non
2584 4608 2737 4666 sinet
2767 4609 2887 4665 hac
2917 4613 2975 4666 et
3029 4609 3145 4667 alia
3189 4610 3484 4668 Ciceronis
3512 4611 3712 4678 verba,

2067 4698 2205 4755 alibi
2236 4715 2271 4754 a
2299 4697 2492 4766 nobis,
2522 4696 2623 4753 ubi
2648 4698 2717 4755 de
2749 4699 2950 4755 eodem
2978 4700 3209 4757 Socrate
3264 4701 3606 4774 agebamus,
3629 4717 3716 4758 re-

2068 4788 2208 4853 lata,
2238 4785 2450 4843 Cacilii
2482 4786 2653 4843 dictis
2684 4786 2767 4844 ita
2822 4793 3216 4847 consentanea
3263 4807 3412 4859 esse,
3446 4794 3507 4846 ut
3555 4789 3713 4846 hunc

2069 4876 2206 4933 inde
2235 4893 2343 4933 sua
2371 4875 2643 4933 hausisse
2664 4876 2820 4933 hand
2844 4895 3085 4950 prorsus
3103 4880 3353 4937 absurde
3372 4877 3713 4951 auspicandi

2070 4964 2262 5021 locum
2281 4981 2387 5021 nos
2445 4964 2656 5022 habere
2708 4966 3013 5024 videamur
3040 4972 3202 5037 (tom.
3239 4969 3287 5024 II
3318 4969 3574 5039 Apparet.
3608 4965 3710 5022 lib.

2070 5070 2157 5122 ιιι,
2190 5054 2426 5110 dissert.
2458 5054 2514 5123 2,
2548 5071 2675 5127 cap.
2712 5056 2798 5124 17,
2832 5060 2941 5112 art.
2973 5058 3028 5125 5,
3060 5074 3193 5130 pag.
3220 5056 3355 5111 1133
3393 5060 3449 5112 et
3477 5054 3716 5127 seqq)?

2144 5178 2318 5235 Porro
2348 5183 2543 5236 autem
2568 5179 3184 5254 hujusceApollinisin
3200 5180 3453 5237 Socratis
3479 5179 3718 5238 laudem

2075 5268 2295 5326 oraculi
2327 5286 2533 5325 rursus
2562 5270 2756 5326 Cicero
2788 5268 2920 5325 aliis
2952 5270 3011 5324 in
3039 5269 3207 5325 libris
3256 5269 3455 5341 (Cicer.
3514 5268 3616 5326 lib.
3648 5270 3720 5326 de

2074 5360 2283 5415 Senect.
2317 5375 2451 5431 pag.
2494 5358 2729 5423 1117,1in.
2756 5359 2858 5426 12;
2891 5362 2948 5413 et
2976 5357 3078 5413 lib.
3101 5358 3166 5415 de
3196 5359 3567 5432 Amicitpag.
3591 5358 3716 5433 419,

2072 5445 2180 5505 lin.
2249 5448 2337 5517 43,
2394 5452 2450 5505 et
2505 5462 2637 5518 pag.
2693 5448 2811 5501 129.
2868 5446 2971 5502 lin.
2994 5446 3103 5517 22;
3160 5448 3501 5518 Pausanias,
3540 5447 3642 5505 lib.
3676 5464 3717 5520 ι,

2076 5552 2211 5610 pag.
2270 5537 2360 5603 20,
2420 5534 2666 5603 Plinius,
2723 5534 2828 5591 lib.
2879 5552 2959 5593 vn
3011 5540 3198 5611 Ναιμν
3251 5540 3391 5595 Hist.
3449 5554 3575 5610 cap.
3607 5538 3719 5606 31;

2076 5625 2466 5703 Solinus,cap.
2499 5642 2542 5696 ι,
2571 5640 2704 5698 pag.
2727 5624 2791 5683 11
2821 5642 2837 5696 ;
2868 5624 3136 5686 Valerius
3166 5626 3483 5687 Maximus.
3511 5626 3615 5683 lib.
3638 5641 3726 5694 ιιι,

3386 5752 3466 5813 ιι
