4102 6162
287 254 395 313 429

1700 252 2247 317 DISSERTATIO.

3552 253 3675 313 430

285 386 379 457 cis,
409 389 473 441 ut
502 387 751 441 testatur
777 383 975 440 Cicero
1008 379 1205 460 εἵρωνα
1232 388 1526 457 vocatum,
1566 386 1624 441 id
1682 391 1791 453 est,
1842 386 1921 442 fe-
1951 388 2006 454 Α
2037 385 2146 440 bus
2172 388 2230 441 et
2249 386 2528 441 sectanda
2547 386 2839 442 cunctatio
2857 385 2986 442 est?
3006 385 3154 451 Quid
3184 384 3515 442 Simonides
3536 402 3671 441 cum

287 476 511 541 stivum,
572 475 846 541 facetum,
877 473 1201 546 elegantem
1234 474 1371 545 (Cic.
1404 474 1506 529 lib.
1566 492 1605 531 ιι
1644 475 1711 532 de
1768 473 1919 530 Orat.

288 581 405 637 pag.
439 566 563 631 167,
595 573 649 620 et
679 564 737 618 in
767 565 961 631 Bruto,
993 579 1121 635 pag.
1146 565 1251 618 240
1278 582 1290 631 ;
1322 563 1425 619 lib.
1460 580 1500 619 ιι
1531 564 1691 620 Acad.
1726 568 1919 635 quaest.

289 671 411 726 pag.
446 655 550 720 14;
584 652 685 709 lib.
723 671 761 707 ιι
791 653 857 708 de
886 654 1040 724 Ofﬁc.
1075 668 1207 724 pag.
1241 652 1369 724 365)
1404 653 1641 725 ;quippe
1671 652 1772 724 qui
1804 651 1924 708 sale

288 744 485 813 Attico,
516 759 617 798 seu
639 742 828 797 verbis
871 741 1153 814 gravitate
1202 740 1402 809 salsis,
1457 740 1604 797 alios
1666 740 1923 812 philoso-

292 833 447 905 phos,
491 833 593 903 qui
634 831 744 887 sibi
800 830 1150 903 sapientiam
1202 830 1478 887 ascivisse
1526 831 1922 897 venditabant,

292 938 585 992 nunquam
630 936 746 975 non
796 919 1232 975 insectabatur:
1286 936 1422 975 cum
1478 935 1611 975 vero
1661 917 1927 991 Epicurei

292 1011 517 1084 gravius
551 1010 606 1064 id
641 1010 873 1077 ferrent,
894 1008 1057 1064 illum
1090 1007 1681 1064 contumeliosissimo
1713 1024 1927 1064 scurras

292 1099 521 1156 dicterio
552 1100 946 1154 verberarunt.
982 1097 1123 1162 Quis
1180 1097 1339 1153 enim
1399 1097 1695 1170 negaverit
1733 1096 1927 1153 homi-

295 1205 441 1257 nem,
470 1188 569 1260 qui
600 1187 767 1255 nihil,
802 1203 873 1242 ne
906 1188 1086 1242 Deum
1120 1186 1355 1257 quidem
1400 1184 1600 1259 ipsum
1662 1202 1724 1243 se
1781 1186 1932 1241 scire

296 1278 689 1350 profitebatur,
724 1276 795 1330 ab
845 1274 978 1330 aliis
1030 1273 1282 1330 ethnicis
1340 1274 1725 1346 philosophis,
1759 1277 1935 1346 atque

294 1384 325 1423 a
351 1366 599 1422 Minucio
631 1368 689 1419 et
718 1363 1056 1419 Lactantion
1087 1385 1116 1413 «
1143 1379 1405 1418 scurram
1438 1385 1488 1433 »,
1520 1362 1608 1419 vel
1635 1363 1790 1437 quod
1823 1362 1933 1418 mi-

296 1456 407 1511 tius
438 1458 525 1510 est
556 1476 582 1503 ‹‹
617 1469 881 1508 scurram
917 1453 1171 1508 Atticum
1206 1473 1235 1502 »
1267 1457 1419 1509 recte
1448 1452 1729 1509 vocitari?

364 1562 513 1619 418
546 1561 720 1617 Porro
772 1564 968 1615 autem
1018 1559 1312 1615 Minucius
1360 1563 1528 1616 acute
1586 1558 1823 1616 omnino
1880 1562 1939 1615 et

301 1656 475 1710 facete
502 1654 796 1707 Socratem
854 1648 1023 1704 illum
1076 1648 1333 1721 corripit,
1378 1648 1479 1721 qui
1537 1649 1608 1705 de
1653 1647 1936 1721 Apollinis

2032 474 2104 528 de
2134 490 2199 529 eo
2223 474 2363 545 quid
2386 478 2442 529 et
2463 474 2667 546 quales
2698 476 3079 531 arbitraretur
3109 476 3268 543 deos,
3304 475 3375 530 ab
3423 474 3673 532 Hierone

2031 568 2277 636 tyranno
2336 569 2710 636 quaereretur,
2758 564 2946 637 primo
3040 564 3446 621 deliberationi
3519 565 3674 620 diem

2032 652 2219 723 petiit,
2254 652 2534 723 postridie
2562 653 2811 709 biduum
2843 654 3193 727 prorogavit,
3235 670 3369 709 mox
3424 653 3673 709 alterum

2031 745 2260 796 tantum
2292 742 2629 798 admonitus
2659 742 2927 811 adjunxit
2950 760 2965 811 ;
2987 747 3282 815 postremo
3305 759 3436 799 cum
3468 759 3679 799 causas

2032 832 2208 885 tanta;
2264 846 2438 885 mora:
2477 834 2763 903 tyrannus
2809 830 3151 903 inquireret,
3223 832 3521 905 respondit
3580 830 3677 888 ille

2035 919 2190 990 quod
2213 918 2326 974 sibi
2359 924 2575 991 quanto
2606 919 2913 992 inquisitio
2937 920 3151 977 tardior
3182 926 3467 994 pergeret,
3503 924 3679 991 tanto

2034 1006 2249 1062 veritas
2278 1008 2441 1063 fieret
2468 1008 2789 1065 obscurior.
2822 1030 2853 1061 ιο
2883 1010 2930 1065 Α
2987 1010 3260 1066 Cicerone
3306 1014 3501 1066 autem
3560 1009 3683 1065 haac

2039 1100 2344 1152 mutuatus
2376 1112 2505 1153 esse
2532 1098 2775 1154 videtur.
2807 1097 3046 1154 Latinus
3075 1099 3233 1154 enim
3264 1103 3459 1155 orator
3476 1099 3682 1154 eadem

2039 1185 2124 1242 sic
2154 1189 2390 1240 narrat:
2428 1205 2455 1237 α
2475 1186 2667 1259 Rogas
2693 1203 2785 1245 me
2815 1187 2957 1258 quid
2991 1191 3093 1243 aut
3123 1186 3315 1259 qualis
3346 1186 3424 1243 sit
3475 1187 3629 1242 Deus
3656 1184 3686 1241 Ἰ

2037 1275 2285 1329 Auctore
2315 1279 2447 1330 utar
2473 1275 2792 1347 Simcpide,
2839 1277 2911 1331 de
2968 1293 3083 1348 quo
3126 1292 3259 1332 cum
3320 1275 3686 1348 quaesivisset

2040 1362 2150 1418 hoc
2177 1362 2333 1417 idem
2362 1367 2646 1435 tyrannus
2676 1364 2870 1430 Hiero,
2924 1364 3285 1420 deliberandi
3337 1380 3515 1421 causa
3572 1363 3687 1420 sibi

2040 1467 2227 1507 unum
2250 1451 2403 1508 diem
2435 1452 2765 1524 postulavit.
2789 1457 2932 1508 Cum
2968 1453 3122 1509 idem
3181 1469 3250 1508 ex
3306 1469 3372 1510 eo
3407 1452 3689 1525 postridie

2043 1545 2345 1612 quaareret,
2378 1541 2622 1597 biduum
2654 1541 2857 1613 petivit
2886 1559 2900 1611 ;
2931 1558 3065 1598 cum
3098 1542 3311 1615 saepius
3363 1541 3691 1615 duplicaret

2044 1645 2357 1686 numerum
2385 1631 3057 1704 dierum,admiransque
3079 1631 3249 1687 Hiero
3269 1635 3693 1703 quaareret,cur

299 1740 630 1800 testimonio
651 1738 1025 1812 gloriabatur.
1063 1718 1446 1794 Fallacissimi
1468 1738 1685 1811 quippe
1706 1718 1936 1793 daamo-
1967 1762 2017 1827 B
2046 1718 2135 1827 it}:
2159 1720 2372 1827 Ῡθοθξθῖ
2449 1720 2862 1827 Ουξξβιιξεξηξο,
2885 1720 3516 1827 ίηξῖυίῒνξίξῆίξίυῐξξιὶε
3559 1737 3696 1827 00!}-

302 1833 387 1889 nis
417 1830 722 1887 oraculum
753 1832 895 1895 erat,
914 1827 1067 1899 quod
1091 1843 1260 1900 sane,
1284 1826 1437 1883 sicut
1456 1830 1513 1881 et
1528 1826 1644 1882 alia
1665 1826 1735 1883 ab
1756 1826 1941 1883 ethni-

300 1924 379 1978 cis
400 1922 695 1993 jactitata,
726 1919 797 1973 ab
828 1916 1026 1989 impiis
1056 1916 1422 1971 daemonibus
1461 1916 1656 1972 fusum
1713 1916 1941 1988 profec-

301 2018 542 2083 tumque
587 2008 787 2073 fuisse,
838 2006 1332 2079 quemadmodum
1384 2005 1536 2060 infra
1591 2005 1941 2072 videbimus,

302 2102 681 2156 demonstrat.
717 2095 878 2152 Unde
907 2093 1121 2165 optime
1154 2094 1391 2165 quidem
1433 2093 1831 2150 Tertullianus
1883 2094 1943 2150 in

301 2192 407 2246 hoc
430 2188 626 2258 ipsum
656 2183 940 2257 Apollinis
972 2183 1298 2251 oraculum,
1332 2199 1467 2255 quo,
1502 2183 1710 2255 inquit.
1757 2204 1787 2233 ‹‹
1838 2184 1948 2239 So-

301 2283 517 2335 cratem
550 2274 750 2349 Apollo
783 2273 1289 2345 sapientissimum
1318 2272 1581 2327 omnium
1612 2272 1841 2338 cecinit,
1867 2271 1951 2330 sic

302 2367 588 2424 exclamat
620 2384 634 2421 :
660 2365 703 2420 0
727 2362 1051 2435 Apollinem
1071 2360 1572 2418 inconsideratum
1600 2363 1611 2417 l
1640 2361 1948 2433 Sapientiae

300 2454 701 2514 testimonium
756 2451 1007 2508 reddidit
1053 2452 1104 2507 ei
1162 2451 1305 2521 viro,
1360 2451 1460 2523 qui
1493 2451 1743 2523 negabat
1809 2451 1949 2507 deos

301 2564 431 2604 esse
463 2542 731 2615 (Tertull.
764 2540 994 2614 Apotog.
1029 2557 1154 2614 cap.
1190 2541 1279 2611 46,
1312 2557 1444 2613 pag.
1463 2540 1571 2612 40).
1601 2562 1629 2590 »

371 2651 629 2709 Socratis
662 2651 856 2723 itaque
888 2647 1234 2705 auctoritate
1288 2648 1373 2703 sic
1425 2663 1648 2715 eversa,
1708 2647 1952 2704 citatum

303 2743 517 2800 deinde
548 2758 581 2797 a
609 2738 833 2796 Caecilio
861 2737 1154 2803 Arcesilas,
1195 2737 1532 2803 Carneadis,
1585 2735 1955 2809 aliorumque

302 2829 785 2891 Academicorum
814 2825 1216 2883 testimonium
1246 2825 1417 2898 plane
1448 2825 1798 2899 penitusque
1829 2842 1957 2882 cor-

304 2926 441 2979 ruat
471 2935 701 2978 necessc
730 2922 841 2973 est.
889 2916 1038 2971 Nam
1076 2914 1161 2983 hi,
1210 2916 1364 2972 sicut
1410 2918 1468 2970 et
1518 2914 1644 2987 ipse
1693 2914 1958 2972 Caecilius

303 3014 545 3075 fatetur,
604 3006 859 3065 Socratis
913 3004 1186 3076 discipuli
1247 3005 1502 3070 fuerunt,
1572 3003 1958 3076 ejusdemque

301 3098 604 3175 opinionis
635 3100 979 3153 assertores.
1003 3117 1031 3144 ‹‹
1064 3092 1181 3150 Hoc
1207 3093 1384 3163 fonte,
1438 3114 1467 3143 »
1517 3092 1723 3149 Caecilii
1780 3093 1955 3149 verba
1985 3128 2029 3194 Ο

303 3195 468 3257 sunt,
499 3211 529 3239 η
564 3185 806 3243 deﬂuxit
850 3182 1139 3250 Arcesilas,
1170 3187 1228 3239 et
1260 3182 1443 3239 multo
1484 3188 1616 3255 post
1644 3182 1957 3241 Carneadis

300 3285 358 3336 et
384 3277 874 3335 Academicorum
914 3272 1302 3345 plurimorum
1324 3272 1384 3327 in
1406 3272 1656 3329 summis
1686 3273 1957 3343 quastio-

301 3370 483 3425 nibus
508 3371 638 3423 tuta
660 3363 948 3421 dubitatio
977 3378 991 3418 :
1027 3378 1141 3435 quo
1190 3377 1401 3434 genere
1451 3361 1854 3435 philosophari
1902 3365 1961 3418 et

302 3463 479 3514 caute
510 3454 729 3511 indocti
778 3457 1045 3526 possunt,
1095 3456 1154 3507 et
1210 3451 1362 3506 docti
1412 3451 1681 3524 gloriose.
1710 3474 1738 3501 n
1798 3452 1959 3507 Hanc

304 3552 511 3603 autem
535 3542 827 3600 Arcesilae.
857 3540 1189 3610 Carneadis,
1223 3544 1280 3596 et
1310 3539 1559 3596 aliorum
1588 3539 1959 3597 Academico-

305 3650 444 3690 rum
477 3631 815 3705 Opinionem
846 3627 1167 3685 clarissime
1196 3626 1443 3699 explicat
1467 3628 1685 3701 Cicero,
1733 3627 1836 3684 lib.
1896 3645 1962 3684 ιιι

303 3724 369 3780 de
405 3722 563 3779 Orat.
595 3736 727 3792 pag.
761 3717 1025 3785 193;]ib.
1052 3735 1093 3772 ιι
1133 3716 1197 3773 de
1246 3717 1424 3772 Finib.
1488 3734 1619 3790 pag.
1677 3718 1747 3772 58
1796 3735 1817 3772 :
1858 3716 1961 3772 lib.

305 3830 369 3868 ιιι
397 3811 468 3867 de
501 3810 668 3880 Ofﬁe.
693 3824 823 3880 pag.
848 3807 951 3863 390
984 3824 999 3873 ;
1031 3806 1095 3862 de
1126 3806 1368 3871 Divinat,
1404 3804 1506 3861 lib.
1539 3822 1601 3872 ιι,
1630 3820 1761 3878 pag.
1819 3805 1962 3874 301;

303 3898 787 3975 pracipuelibu
842 3894 1090 3953 Academ.
1156 3895 1357 3963 Quaest.
1410 3910 1540 3966 pag.
1603 3895 1689 3963 10,
1748 3898 1805 3950 et
1862 3893 1962 3949 lib.

304 4009 385 4057 ιγ,
435 4004 573 4062 pag.
607 3986 695 4055 14,
727 3987 795 4042 15
822 3990 879 4041 et
909 4001 1099 4057 seqq.;
1131 3986 1187 4040 et
1242 3983 1529 4055 Diogenes
1559 3982 1835 4053 Laertius,
1859 3981 1963 4039 lib.

303 4097 361 4135 1v
394 4078 462 4135 de
503 4078 603 4134 Vit.
637 4079 690 4131 et
717 4074 961 4148 dogmat.
987 4073 1329 4145 philosoph.,
1371 4071 1470 4127 ubi
1513 4072 1821 4145 utriusque
1864 4078 1967 4127 Ar-

302 4168 504 4225 cesila;
536 4169 595 4221 et
623 4163 937 4221 Carneadis
958 4163 1135 4218 vitam
1165 4160 1417 4233 scripsit.
1444 4161 1831 4233 Augustinus,
1864 4160 1965 4217 lib.

300 4275 409 4313 nx
438 4258 511 4313 de
554 4255 777 4310 Civitat.
812 4270 938 4323 cap.
987 4253 1075 4321 18,
1106 4256 1164 4307 et
1218 4250 1318 4307 lib.
1373 4267 1459 4317 ιιι,
1515 4257 1656 4307 cont.
1720 4249 1967 4306 Academ.

304 4362 453 4418 pag.
481 4346 590 4400 284
625 4369 640 4413 ;
672 4342 914 4411 Gellius,
948 4341 1051 4399 lib.
1075 4358 1134 4397 ιιι
1162 4342 1312 4397 Noct.
1359 4340 1522 4397 Λαίς.
1582 4356 1712 4412 cap.
1760 4340 1816 4408 5,
1871 4338 1973 4396 ubi

319 4433 699 4489 Academicos
728 4433 877 4488 inter
904 4435 960 4489 et
1005 4430 1359 4504 Pyrrhonios
1415 4428 1557 4501 quid
1610 4427 1973 4485 discriminis

2050 1808 2262 1875 sidero,
2292 1812 2455 1865 tanto
2480 1808 2627 1864 mihi
2655 1809 2887 1865 videtur
2914 1809 3219 1865 obscurior
3245 1810 3383 1881 (Cic.
3429 1810 3531 1865 lib.
3558 1828 3573 1865 ι
3629 1809 3698 1866 de

2050 1900 2246 1955 Natur.
2304 1896 2453 1953 deor.
2514 1913 2649 1970 pag.
2703 1898 2831 1968 204,
2886 1897 2988 1953 lin.
3052 1902 3107 1953 ‘2
3152 1903 3211 1955 et
3268 1915 3433 1971 seqq.
3468 1899 3509 1971 ).
3542 1919 3563 1949 ι
3616 1898 3704 1955 Ibi

2050 2002 2183 2041 vero
2212 1986 2540 2042 Simonides
2569 1988 2641 2042 ab
2663 1986 2867 2042 eodem
2915 1987 3187 2043 Cicerone
3224 2010 3254 2039 «
3273 1992 3445 2060 poeta
3468 1987 3697 2044 suavis»

2054 2074 2400 2146 appellatur,
2424 2080 2601 2147 atque
2631 2075 2812 2142 inde.,
2846 2080 2911 2130 ut
2939 2076 3021 2131 ait
3062 2076 3294 2150 Suidas,
3358 2074 3699 2150 Μελικέρτης
3780 2074 3785 2077 ’

2058 2162 2409 2229 Melicertus,
2443 2168 2679 2236 propter
2708 2164 3054 2220 suavitatem
3076 2149 3707 2238 v'ocatus.Quapropter

2057 2258 2329 2325 corrupte
2358 2252 2418 2307 in
2442 2252 2841 2324 manuscripto
2860 2253 3015 2326 regio
3039 2254 3279 2309 Minucii
3302 2254 3485 2310 nostri
3508 2254 3706 2311 codice

2058 2338 2273 2414 legitur
2292 2341 2593 2397 Simonidis
2612 2342 2822 2408 Melchi,
2856 2359 2959 2398 nec
2988 2343 3138 2399 male
3189 2344 3247 2398 in
3300 2342 3471 2400 editis
3528 2346 3704 2401 Melici

2059 2430 2421 2485 restitutum.
2463 2429 2628 2485 Illius
2685 2434 2881 2486 autem
2942 2431 3261 2488 Pausanias
3309 2433 3596 2503 meminit,
3651 2442 3707 2490 et

2058 2518 2317 2575 fElianus
2346 2519 2535 2591 patria
2563 2518 2742 2575 Coum
2773 2520 2955 2577 fuisse
2978 2520 3344 2577 testiﬁcatur.
3362 2522 3477 2578 Nos
3507 2527 3704 2580 autem

2062 2608 2132 2663 de
2162 2606 2260 2663 illo
2284 2609 2409 2680 jam
2439 2608 2851 2665 disseruimus.
2872 2596 3156 2681 '(Pausan.
3180 2609 3282 2666 lib.
3314 2628 3334 2667 1
3372 2611 3530 2677 Attio,
3566 2628 3700 2686 pag.

2062 2697 2133 2765 2;
2165 2696 2375 2753 Elian.
2406 2696 2509 2752 lib.
2541 2714 2598 2755 xv
2651 2699 2868 2755 Variar.
2924 2700 3071 2754 Hist.
3118 2715 3243 2772 cap.
3295 2701 3403 2769 15;
3458 2701 3559 2758 lib.
3624 2719 3700 2774 ιι,

2064 2802 2190 2859 cap.
2214 2784 2320 2841 ult.
2350 2786 2651 2853 etlib.xn,
2675 2802 2805 2857 cap.
2850 2788 2941 2842 25.
3005 2789 3146 2843 Tom.
3200 2805 3219 2843 ι
3275 2790 3538 2860 Apparat.
3599 2790 3703 2847 lib.

2065 2890 2150 2944 ιιι,
2174 2873 2407 2930 dissert.
2439 2876 2495 2940 2,
2518 2890 2645 2946 cap.
2679 2873 2788 2929 ult.
2820 2878 2928 2930 art.
2966 2874 3070 2932 ult.
3096 2891 3229 2948 pag.
3266 2877 3446 2949 1284.)

2138 2983 2325 3048 Quam
2366 2978 2532 3035 nihili
2570 2996 2741 3052 porro
2774 2979 3065 3037 Minucius
3112 2983 3330 3054 pendat
3357 3000 3472 3039 non
3517 2983 3709 3041 solum

2069 3070 2225 3126 hunc
2254 3068 2638 3137 Simonidem,
2686 3069 2776 3126 vel
2823 3070 3183 3126 Arcesilaum
3231 3076 3289 3129 et
3334 3072 3710 3143 Carneadem,

2068 3159 2169 3216 sed
2200 3159 2376 3215 etiam
2408 3157 2767 3231 Pyrrhonem
2795 3158 3054 3231 aliosque
3080 3177 3283 3218 omnes
3335 3163 3714 3220 Academicos

2066 3250 2124 3304 et
2149 3246 2393 3321 gentiles
2422 3246 2825 3320 philosophos,
2856 3264 2925 3304 ex
2956 3248 3049 3305 his
3075 3250 3203 3319 ejus
3236 3250 3426 3307 verbis
3457 3251 3663 3323 collige
3694 3270 3709 3321 ;

2068 3359 2097 3388 ‹‹
2129 3336 2438 3405 Arcesilas,
2470 3340 2529 3392 et
2576 3336 2923 3405 Carneades,
2965 3342 3023 3393 et
3078 3337 3318 3410 Pyrrho,
3374 3362 3396 3389 ι
3469 3340 3539 3397 de
3595 3357 3711 3413 quo

2070 3426 2356 3497 Laertius,
2388 3423 2692 3493 Eusebius,
2725 3428 2782 3481 et
2809 3423 2927 3496 alii,
2961 3442 3185 3497 nosque
3215 3425 3378 3494 alibi,
3409 3449 3439 3478 ‹‹
3481 3431 3538 3483 et
3593 3445 3715 3484 om-

2069 3516 2162 3571 nis
2192 3513 2671 3571 Academicorum
2704 3513 3020 3570 multitudo
3050 3512 3331 3572 deliberet
3354 3516 3713 3584 ;Simonides

2071 3604 2246 3661 etiam
2277 3605 2336 3659 in
2359 3607 2707 3676 perpetuum
2757 3603 3233 3675 comperendinet
3262 3621 3277 3661 :
3336 3605 3713 3679 philosopho-

2073 3710 2205 3749 rum
2236 3692 2551 3765 supercilia
2578 3691 3030 3761 contemnimus,
3063 3708 3211 3764 quos
3241 3700 3611 3767 corruptores
3660 3699 3717 3752 et

2075 3782 2371 3839 adulteros
2403 3781 2693 3848 novimus,
2726 3785 2784 3837 et
2810 3785 3113 3854 tyrannos,
3158 3786 3215 3838 et
3270 3784 3549 3841 adversus
3609 3801 3717 3842 sua
3754 3806 3755 3809 η

2075 3870 2220 3927 vitia
2249 3871 2550 3927 facundos.
2594 3870 2710 3928 Nos
2764 3886 2880 3926 non
2928 3870 3134 3926 habitu
3184 3871 3555 3944 sapientiam,
3613 3873 3718 3929 sed

2079 3963 2275 4017 mente
2298 3958 2661 4033 praeferimus
2691 3975 2705 4015 :
2733 3975 2846 4015 non
2876 3958 3210 4031 eloquimur
3238 3976 3470 4033 magna,
3502 3962 3603 4017 sed
3632 3961 3723 4017 vi-

2078 4049 2274 4106 vimus
2301 4064 2316 4107 :
2340 4047 2664 4123 gloriamur
2678 4065 2795 4105 non
2826 4053 3190 4120 consecutos,
3212 4050 3364 4120 quod
3386 4049 3471 4105 illi
3491 4066 3728 4107 summa

2080 4138 2403 4195 intentione
2430 4136 2843 4210 quaesiverunt,
2876 4154 2982 4193 nec
3027 4137 3287 4194 invenire
3326 4142 3663 4211 potuerunt.
3696 4160 3727 4190 ››

2084 4229 2299 4303 (Laert.
2334 4227 2434 4284 lib.
2467 4244 2526 4283 IV
2554 4227 2616 4283 in
2652 4228 2772 4285 Vita
2801 4228 3009 4299 Pyrrh.
3044 4245 3060 4296 ;
3092 4227 3302 4285 Euseb.
3326 4228 3428 4285 lib.
3451 4230 3732 4299 x1v,Pra?-

2079 4335 2207 4392 par.
2239 4319 2443 4389 Evang.
2476 4332 2603 4389 cap.
2642 4318 2705 4372 17
2736 4320 2792 4373 et
2824 4317 2912 4385 18,
2946 4332 3081 4390 pag.
3116 4317 3267 4383 350.)

2158 4423 2442 4482 Similiter
2477 4422 2819 4497 Cyprianus,
2881 4423 2983 4495 qui
3030 4439 3100 4479 ex
3122 4423 3209 4480 bis
3238 4424 3430 4481 verbis
3463 4424 3732 4497 quaedam

321 4522 581 4593 intersit,
605 4520 911 4594 perspicue
939 4503 1240 4588 enucleat;
1300 4518 1569 4585 Vossius,
1620 4517 1971 4587 Jonstonus,
2004 4503 2052 4569 D
2082 4512 2144 4569 in
2166 4529 2341 4569 suum
2371 4512 2437 4567 de
2464 4513 2612 4568 Bono
2639 4511 2932 4568 Patientia
2978 4510 3196 4566 librum
3244 4511 3329 4568 sic
3379 4511 3685 4570 transtulit
3718 4529 3734 4570 :

316 4618 381 4669 et
416 4610 534 4678 alii,
560 4610 662 4682 qui
686 4611 757 4666 de
790 4608 1156 4682 philosophis
1202 4622 1528 4679 eorumque
1578 4605 1752 4662 sectis
1811 4605 1981 4678 plura

312 4701 542 4758 litteris
573 4700 1014 4755 mandaverunt.
1037 4702 1155 4753 Nos
1183 4700 1380 4753 autem
1398 4696 1468 4751 de
1514 4712 1665 4752 vana
1683 4694 1983 4751 Academi-

315 4806 537 4848 eorum
567 4793 744 4860 secta,
776 4805 842 4844 ac
874 4787 1224 4843 nominatim
1271 4785 1343 4843 de
1388 4783 1680 4841 Arcesilao
1728 4786 1787 4840 et
1841 4783 1984 4840 Car—

316 4880 543 4949 neade,
594 4882 753 4934 tomo
807 4877 995 4949 primo
1038 4876 1286 4947 hujusce
1341 4874 1649 4946 Apparatus
1723 4871 1826 4929 lib.
1897 4889 1983 4943 ιιι,

316 4970 569 5025 dissert.
601 4968 656 5036 2,
679 4984 805 5040 cap.
841 4968 927 5033 17,
959 4971 1070 5023 art.
1092 4967 1146 5036 5,
1172 4981 1304 5038 pag.
1334 4964 1495 5031 1134,
1529 4962 1982 5035 disputavimus.

316 5056 483 5125 Quis
505 5072 672 5128 porro
705 5072 823 5110 non
855 5053 1130 5127 intelligit
1161 5069 1275 5127 quo
1303 5053 1437 5125 jure
1470 5050 1783 5119 Minucius,
1844 5068 1987 5107 con-

314 5147 523 5202 futata
554 5144 885 5218 rejectoque
915 5145 1169 5215 Socrate,
1199 5143 1413 5199 horum
1455 5140 1723 5198 omnium
1762 5140 1986 5213 opinio-

318 5252 446 5294 nes
466 5240 524 5291 et
550 5235 955 5291 testimonium
979 5234 1142 5291 ﬂocci
1174 5231 1439 5305 nihilque
1469 5230 1627 5303 facit,
1659 5246 1725 5285 ac
1756 5229 1990 5302 penitus

320 5328 691 5396 aspernatur
711 5327 737 5377 .9

413 5413 541 5470 Non
569 5412 809 5483 majoris
838 5411 978 5469 illud
1040 5413 1195 5486 apud
1254 5427 1389 5468 eum
1440 5412 1531 5466 est
1585 5406 1776 5480 pretii,
1835 5409 1989 5479 quod

319 5521 413 5561 ex
441 5502 744 5559 Simonide
776 5504 948 5575 paulo
972 5502 1171 5559 fusius
1204 5504 1372 5574 urget
1402 5496 1689 5555 Cecilius.
1720 5518 1751 5549 ‹‹
1800 5497 1949 5564 Quid
1968 5498 1998 5555 ‘I

318 5592 666 5652 Simonidis
693 5591 905 5661 Melici,
936 5592 1148 5665 inquit,
1180 5606 1374 5648 nonne
1407 5586 1760 5647 admiranda
1809 5586 1999 5647 omni-

2090 4623 2119 4653 «
2149 4599 2535 4672 Pbilosophos
2566 4615 2669 4655 nec
2702 4598 2960 4655 humiles
2987 4598 3257 4656 videmus
3278 4616 3427 4674 esse,
3462 4619 3567 4659 nec
3620 4601 3736 4659 ml-

2088 4694 2198 4759 tes,
2232 4690 2335 4746 sed
2366 4687 2479 4744 sibi
2510 4686 2765 4744 multum
2797 4686 3219 4761 placentes,sed
3248 4689 3355 4747 hoc
3404 4691 3533 4764 ipso
3579 4691 3735 4763 quod

2093 4778 2205 4836 sibi
2234 4777 2520 4852 placeant,
2557 4778 2668 4833 Deo
2690 4775 3088 4849 displicentes.
3111 4820 3127 4835 .
3161 4820 3176 4836 .
3206 4778 3324 4836 Nos
3356 4784 3573 4847 autem,
3636 4778 3739 4850 qui

2093 4866 2425 4943 philosophi
2457 4883 2571 4923 non
2599 4865 2813 4935 verbis,
2846 4867 2947 4922 sed
2987 4867 3155 4924 factis
3204 4883 3433 4938 sumus,
3483 4884 3598 4923 non
3644 4882 3739 4923 ve-

2094 4958 2239 5017 stitu
2269 4956 2745 5029 sapientiam,sed
2775 4956 3015 5011 veritate
3064 4956 3450 5028 praeferimus,
3482 4954 3582 5026 qui
3626 4954 3743 5010 vir-

2093 5053 2288 5105 tutum
2360 5044 2778 5104 conscientiam
2844 5044 3053 5117 magis,
3149 5061 3326 5118 quam
3401 5044 3749 5117 jactantiam

2098 5138 2390 5205 novimus,
2463 5135 2565 5208 qui
2621 5151 2737 5189 non
2793 5132 3093 5204 loquimur
3145 5149 3380 5205 magna,
3432 5133 3535 5189 sed
3617 5130 3755 5189 vivi-

2098 5245 2233 5284 mus
2263 5228 2457 5300 (Cypr.
2481 5224 2587 5280 lib.
2618 5223 2687 5279 de
2737 5223 2884 5279 Bono
2929 5224 3170 5279 Patient.
3231 5227 3365 5295 post
3420 5221 3575 5293 init.,
3616 5237 3749 5297 pag.

2097 5319 2209 5375 510
2226 5321 2284 5373 et
2315 5314 2530 5387 seqq.).
2563 5335 2593 5365 »

2172 5407 2457 5465 Caeterum
2488 5399 2985 5467 Tertullianus,de
3014 5417 3129 5473 quo
3159 5418 3265 5459 nos
3296 5418 3404 5459 suo
3437 5400 3561 5459 loco
3603 5403 3669 5473 (D
3682 5402 3765 5457 is-

2102 5505 2232 5554 sert.
2266 5496 2326 5551 in
2357 5491 2584 5550 Tertull.
2613 5506 2743 5561 cap.
2775 5488 2829 5543 4.
2866 5492 2975 5554 art,
3008 5490 3041 5545 4
3074 5490 3113 5562 ),
3155 5492 3360 5548 eadem
3391 5492 3463 5548 de
3488 5490 3761 5560 Thalete,

2106 5604 2233 5661 quis
2262 5580 2557 5644 Minucius
2578 5580 2650 5638 de
2670 5578 2970 5637 Simonide
2989 5576 3147 5637 hunc
3168 5580 3368 5640 retulit
3380 5581 3442 5637 in
3480 5582 3728 5638 modum
3749 5595 3770 5639 :
