4102 6162
499 256 615 315 431

1788 253 1890 313 DE
1932 251 2237 316 MINUCII
2281 253 2622 317 OCTAVIO

3752 273 3848 334 432

505 411 533 439 ‹‹
577 385 723 453 Quid
746 383 962 441 Thales
990 384 1089 440 ille
1115 384 1384 455 princeps
1410 382 1782 456 physicorum
1815 384 2137 440 sciscitanti
2170 390 2223 455 Α
2254 384 2428 457 ignis,
2462 403 2634 458 aqua,
2668 389 2822 442 terra
2853 386 3203 459 potuerunt!
3237 386 3408 444 Unde
3444 406 3563 449 vero
3596 399 3716 452 orte
3753 400 3838 457 ille

504 478 697 531 Croeso
729 475 800 530 de
829 473 1139 529 Divinitate
1170 477 1391 528 certum
1441 472 1815 540 renuntiavit,
1857 490 2148 530 commea-

504 569 603 619 tus
634 563 992 619 deliberandi
1025 578 1176 634 saepe
1201 563 1515 618 frustratus
1540 561 1569 615 ?
1593 583 1620 611 ››
1651 561 2143 634 (Tertull.Apolog.

505 669 632 724 cap.
666 653 755 719 46,
788 667 919 723 pag,
953 651 1040 716 40,
1074 652 1093 718 )
1128 653 1299 705 Recte
1331 664 1466 721 ergo
1510 648 1801 705 Minucius
1854 648 2150 704 concludit

504 758 691 814 neque
740 742 1061 795 humanam
1119 739 1543 805 inﬁrmitatem,
1590 754 1775 809 neque
1822 738 2146 810 professam

504 829 987 904 philosophorum
1036 828 1459 901 ignorationem
1518 827 1826 900 prohibere
1883 842 2146 899 unquam

503 920 788 993 potuisse,
814 918 956 991 quin
978 916 1293 974 Christiani
1322 917 1393 973 de
1415 920 1527 973 Deo
1558 915 2007 987 caelestibusque
2063 930 2149 971 re-

503 1011 616 1066 bus
658 1008 1048 1081 disputarent.
1100 1007 1245 1063 Nam
1304 1010 1438 1063 ante
1492 1005 1809 1061 Minucium
1882 1010 2147 1061 nostrum

504 1098 902 1155 Tertullianus
932 1097 1110 1154 citato
1133 1097 1261 1168 jam
1291 1094 1416 1151 loco
1446 1096 1706 1163 dixerat;
1740 1117 1769 1145 «
1797 1096 1976 1150 Deum
2015 1095 2147 1165 qui-

508 1186 650 1243 libet
678 1186 867 1259 opifex
897 1186 1264 1242 Christianus
1290 1189 1348 1241 et
1370 1184 1591 1240 invenit
1633 1188 1691 1239 et
1755 1183 2031 1249 ostendit,
2091 1185 2149 1238 et

507 1276 714 1332 exinde
746 1280 951 1344 totum,
1007 1275 1160 1346 quod
1196 1274 1253 1329 in
1285 1274 1400 1330 Deo
1457 1273 1753 1345 quaeritur,
1800 1286 1860 1327 re
1917 1286 2149 1342 quoque

508 1356 772 1429 assignat
805 1371 818 1411 :
853 1355 988 1411 licet
1016 1353 1176 1409 Plato
1211 1354 1465 1409 afﬁrmet
1487 1353 1871 1407 factitatorem
1914 1352 2147 1407 univer-

508 1444 695 1500 sitatis
725 1460 912 1516 neque
943 1443 1188 1499 inveniri
1222 1442 1472 1511 facilem,
1505 1446 1561 1497 et
1582 1442 1879 1496 inventum
1910 1439 1970 1494 in
2019 1456 2144 1494 om-

506 1549 609 1588 nes
642 1532 901 1588 enarrari
932 1531 1249 1587 difﬁcilem.
1286 1553 1314 1580 »
1350 1530 1604 1601 Denique
1634 1528 1715 1585 ibi
1730 1527 2145 1598 Tertullianus,

506 1625 572 1677 ut
600 1621 790 1675 fusius
820 1636 930 1675 suo
960 1619 1084 1676 loco
1117 1620 1518 1686 ostendemus,
1550 1635 1617 1674 ea
1646 1618 1854 1690 probat
1896 1633 2026 1689 quae
2076 1617 2147 1673 de

507 1708 987 1782 philosophorum
1016 1708 1173 1765 vitiis
1199 1707 1343 1763 dixit
1368 1708 1679 1763 Minucius.

1067 1878 1468 1936 ARTICULUS
1500 1876 1589 1934 IV.

511 1986 665 2043 240
724 1987 1145 2042 Examinantur
1196 1989 1525 2056 argumenta
1604 1984 1799 2056 quibus
1890 1984 2152 2039 exsistere

700 2068 878 2130 ,negat
911 2057 1184 2125 Caecilius,
1217 2062 1272 2112 et
1297 2057 1546 2113 Octavius
1574 2056 1931 2113 demonstrat.

577 2195 719 2246 Cum
752 2191 1017 2247 Caecilius
1058 2208 1165 2247 sua
1219 2192 1279 2246 in
1328 2191 1723 2263 disputatione
1779 2195 1975 2262 partes
2015 2189 2150 2245 ofﬁ-

506 2280 782 2352 ciumque
810 2281 1309 2348 Academicorum,
1354 2281 1440 2335 uti
1500 2280 1775 2352 diximus,
1837 2280 2145 2349 sustineat,

505 2369 650 2424 nihil
692 2370 935 2437 mirum,
966 2369 1017 2425 si
1046 2370 1116 2424 ab
1147 2369 1273 2442 ipso
1305 2369 1585 2425 orationis
1628 2369 1862 2425 exordio
1920 2384 2147 2424 asseve-

504 2463 700 2514 ranter
721 2459 991 2525 afﬁrmet,
1026 2458 1185 2513 nullo
1218 2458 1389 2529 plane
1427 2459 1656 2531 negotio
1696 2458 1928 2531 probari
1975 2473 2149 2530 posse

507 2569 534 2601 α
564 2548 763 2604 omnia
790 2549 848 2603 in
882 2548 1056 2603 rebus
1089 2548 1364 2602 humanis
1396 2547 1593 2615 dubia,
1627 2548 1868 2617 incerta,
1900 2564 2149 2619 suspen-

502 2654 587 2705 sa,
646 2636 954 2708 magisque
1010 2636 1210 2691 omnia
1258 2635 1615 2705 verisimilia,
1703 2653 1876 2708 quam
1936 2653 2146 2692 vera.»

504 2724 778 2792 Quamvis
801 2729 993 2781 autem
1014 2729 1134 2779 tam
1162 2724 1430 2780 absurdae
1470 2723 1825 2797 insulsaeque
1884 2725 2147 2797 proposi-

502 2814 682 2868 tionis
730 2812 954 2869 falsitas
986 2830 1020 2869 a
1049 2814 1218 2869 nobis
1250 2817 1382 2884 post
1435 2814 1737 2870 Octavium
1788 2814 1847 2870 in
1883 2813 2147 2887 superio-

502 2902 614 2957 bus
645 2901 907 2958 articulis
938 2902 1168 2957 abunde
1198 2902 1597 2958 demonstrata
1626 2903 1721 2971 sit,
1767 2904 1902 2958 inde
1950 2907 2145 2959 tamen

503 2990 767 3046 Caecilius
798 2990 1081 3047 conﬁcere
1102 2994 1342 3046 conatur
1362 2991 1581 3047 nemini
1601 2992 1884 3048 hactenus
1918 2997 2144 3049 certum

503 3080 983 3151 exploratumque
1016 3080 1197 3135 fuisse
1218 3084 1415 3135 utrum
1450 3085 1599 3135 Deus
1653 3081 1913 3138 exsistat.
1947 3104 1975 3133 ‹‹
2017 3082 2148 3138 Sint

503 3168 811 3240 principio,
858 3167 1069 3239 inquit,
1116 3168 1381 3224 omnium
1430 3169 1677 3241 semina,
1723 3174 1934 3225 natura
1984 3170 2043 3225 in
2084 3186 2146 3226 se

504 3262 771 3321 coeunte,
800 3258 1065 3324 densata,
1087 3257 1221 3329 quis
1250 3257 1345 3313 hic
1378 3262 1580 3313 auctor
1623 3260 1772 3315 Deus
1791 3260 1820 3315 ‘I
1877 3260 2002 3315 Sint
2030 3261 2145 3316 for-

500 3346 668 3402 tuitis
699 3345 1185 3402 concursionibus
1205 3346 1388 3402 totius
1410 3348 1613 3401 mundi
1645 3349 1908 3403 membra
1936 3349 2147 3405 coalita

500 3435 747 3507 digesta,
781 3436 1051 3501 formata,
1084 3434 1217 3506 quis
1261 3435 1414 3491 Deus
1475 3435 1835 3493 machinator
1860 3437 1889 3492 ?
1944 3438 2147 3494 Sidera

499 3522 631 3578 licet
654 3524 809 3595 ignis
839 3524 1188 3593 accenderit,
1220 3528 1277 3579 et
1307 3523 1517 3580 caelum
1557 3524 1691 3581 licet
1733 3528 1980 3583 materia
2036 3545 2145 3584 sua

499 3612 890 3684 suspenderit,
931 3611 1066 3667 licet
1112 3618 1326 3668 terram
1384 3614 1713 3670 fundaverit
1752 3618 2027 3687 pondere,
2087 3622 2144 3673 et

500 3714 660 3755 mare
689 3699 824 3755 licet
852 3699 1145 3756 influxerit
1168 3701 1375 3772 liquor,
1408 3704 1561 3757 unde
1585 3702 1704 3759 haec
1737 3704 1963 3776 religio.
1987 3705 2142 3763 unde

497 3787 764 3857 formido,
796 3806 924 3860 quas
953 3790 1291 3861 superstitio
1320 3791 1454 3847 est?
1485 3812 1514 3841 »
1544 3792 1729 3848 Athis
1768 3798 1921 3849 certe
1948 3795 2143 3851 verbis

498 3877 778 3945 Cmcilius,
812 3879 1023 3950 rejecta
1044 3880 1116 3934 ab
1148 3879 1277 3935 aliis
1316 3880 1680 3954 philosophis
1719 3882 2031 3939 Democriti
2086 3889 2144 3941 et

494 3965 722 4038 Epicuri
754 3967 1047 4040 opinione,
1079 3985 1211 4038 qua,
1237 3973 1303 4024 ut
1331 3969 1529 4025 Cicero
1560 3969 1773 4043 aliique
1802 3972 1986 4041 aiunt,
2017 3978 2140 4030 ato-

496 4072 728 4112 morum
753 4061 913 4112 motu
944 4061 1000 4112 et
1030 4058 1409 4113 concursione
1462 4058 1658 4114 omnia
1716 4060 1961 4117 formata
2013 4078 2142 4119 esse

493 4145 948 4213 arbitrabantur,
981 4161 1181 4200 verum
1213 4146 1675 4202 Christianorum
1710 4149 1781 4203 de
1804 4149 1919 4204 Deo
1969 4151 2142 4206 docu-

491 4238 757 4289 mentum
790 4232 1137 4289 labefactare
1161 4234 1554 4301 molitur(Cic.
1587 4235 1687 4291 lib.
1712 4238 1820 4293 ide
1847 4241 1949 4293 Fz'n
1984 4257 2135 4314 .pag.

489 4322 551 4376 41
577 4326 635 4378 et
664 4338 826 4394 seqq.
857 4327 914 4378 et
941 4322 1043 4378 lib.
1074 4339 1093 4377 1
1123 4323 1285 4379 Acad.
1322 4324 1525 4392 Quam.
1556 4341 1687 4397 pag.
1722 4327 1793 4395 4;
1854 4334 1912 4382 et
1966 4328 2066 4384 lib.
2120 4348 2136 4385 ι

487 4410 553 4465 de
603 4412 729 4466 Nat.
785 4412 938 4469 deor.
994 4428 1125 4485 pag.
1185 4413 1311 4482 203,
1380 4414 1485 4467 204
1548 4418 1606 4468 et
1651 4431 1865 4487 seqq.;
1949 4422 2133 4474 Laert.

2257 474 2518 547 quinque
2552 476 2771 541 formae,
2802 492 2869 531 ex
2900 476 3113 548 quibus
3142 476 3365 549 reliqua
3393 479 3712 555 formantur,
3734 498 3837 561 apte

2257 563 2529 619 cadentes
2577 565 2647 620 ad
2696 564 2958 620 animum
3016 566 3407 636 efﬁciendum,
3462 571 3837 648 pariendosque

2258 652 2508 708 sensus?
2540 654 2800 725 Longum
2834 658 2923 710 est
2951 654 3061 710 iter
3090 655 3160 709 ad
3193 656 3678 728 omnia,quaetalia
3696 674 3835 735 sunt;

2258 745 2322 795 ut
2351 745 2547 812 optata
2579 743 2785 813 magis,
2820 760 2997 815 quam
3038 743 3278 799 inventa
3322 745 3629 804 videantur.
3672 773 3696 802 »
3725 754 3841 821 (Cic-

2258 827 2359 884 lib.
2395 847 2430 884 ιι
2463 829 2675 886 deNat.
2708 831 2853 886 deor.
2879 848 3009 904 pag.
3046 832 3168 897 498,
3213 833 3313 888 lin.
3343 836 3454 906 22.)
3490 860 3508 886 ι

2329 940 2402 991 At
2430 937 2687 993 Caecilius
2719 938 2877 994 haud
2910 939 3085 995 dubio
3122 939 3483 997 existimabat
3513 943 3613 1000 hoc
3662 947 3843 1006 Cicero-

2257 1025 2351 1081 nis
2390 1025 2661 1083 cuniculo
2705 1043 2908 1084 omnes
2948 1029 3264 1102 expugnari
3322 1030 3765 1105 philosophorum
3787 1038 3843 1093 de

2256 1115 2373 1171 Deo
2405 1115 2728 1188 opiniones.
2763 1117 2823 1173 Si
2853 1117 3008 1174 enim
3070 1118 3306 1174 fortuito
3364 1125 3671 1179 atomorum
3710 1131 3843 1182 motu

2257 1208 2313 1259 et
2342 1221 2628 1261 concursu
2688 1211 2897 1263 cuncta
2963 1208 3289 1281 composita
3338 1213 3490 1278 sunt,
3554 1215 3709 1283 atque
3751 1214 3844 1270 ele-

2256 1298 2452 1349 menta
2506 1295 2633 1351 sine
2672 1295 2791 1352 ullo
2845 1295 3068 1352 artiﬁce
3114 1296 3201 1353 vel
3253 1303 3483 1354 auctore
3532 1300 3587 1355 in
3648 1319 3702 1356 se
3744 1302 3849 1374 ipsa

2256 1382 2513 1437 reﬂuunt
2568 1400 2634 1439 ac
2703 1385 3096 1453 revolvuntur,
3156 1386 3352 1441 nullus
3422 1389 3665 1459 profecto
3723 1391 3849 1448 Deus

2255 1471 2506 1539 exsistit,
2566 1476 2667 1528 aut
2774 1479 2928 1530 certe
2984 1475 3227 1530 dubium
3286 1474 3432 1531 illud
3493 1476 3852 1552 incertumque

2256 1564 2362 1616 est.
3209 1628 3215 1634 '

2325 1646 2434 1703 Sed
2468 1652 2620 1705 recte
2658 1652 2969 1723 respondet
2998 1651 3266 1709 Octavius
3314 1670 3414 1709 eos
3459 1654 3556 1726 qui
3606 1657 3852 1713 mundum

2180 1762 2228 1827 B
2259 1753 2610 1810 omnemque
2641 1739 2769 1810 ejus
2823 1746 3095 1797 ornatum
3146 1742 3353 1797 frustis
3411 1744 3742 1814 quibusdam
3772 1764 3853 1802 seu

2261 1827 2490 1893 atomis,
2522 1831 2739 1884 temere
2769 1844 2833 1884 ac
2866 1829 3101 1885 fortuito
3133 1829 3245 1886 sibi
3272 1831 3705 1902 cohaerentibus,
3743 1851 3855 1889 con-

2260 1916 2561 1987 globatum
2586 1933 2713 1972 esse
2743 1923 3003 1987 censent,
3053 1918 3233 1974 videri
3292 1936 3403 1975 nec
3461 1926 3721 1989 mentem,
3774 1939 3856 1978 nec

2260 2019 2523 2073 sensum,
2553 2007 2698 2062 421
2744 2022 2849 2063 nec
2880 2006 3079 2063 oculos
3125 2006 3361 2064 habere.
3415 2009 3576 2065 Prius
3628 2026 3745 2066 vero
3785 2012 3855 2066 Ci-

2260 2108 2389 2148 cero
2419 2092 2679 2152 dixerat:
2713 2116 2741 2145 «
2794 2095 2898 2152 Hic
2943 2110 3079 2167 ergo
3129 2112 3243 2153 non
3282 2098 3466 2153 mirer
3514 2114 3635 2153 esse
3686 2116 3855 2170 quem-

2260 2198 2458 2253 quam,
2492 2183 2591 2255 qui
2622 2184 2733 2240 sibi
2764 2184 3112 2256 persuadeat
3142 2202 3391 2259 corpora
3412 2188 3666 2259 quaedam
3706 2187 3861 2244 solida

2258 2275 2431 2344 atque
2462 2272 2759 2328 individua
2785 2274 2839 2328 vi
2870 2278 2925 2330 et
2956 2275 3234 2347 gravitate
3281 2277 3444 2344 ferri,
3499 2279 3861 2350 mundumque

2257 2360 2407 2415 efﬁci
2452 2362 2894 2418 ornatissimum
2958 2367 3015 2419 et
3058 2363 3529 2437 pulcherrimum
3582 2382 3646 2423 ex
3696 2384 3861 2423 eorum

2257 2464 2564 2520 corporum
2599 2452 2977 2508 concursione
3006 2452 3293 2509 fortuita?
3327 2458 3447 2510 Hoc
3479 2456 3573 2527 qui
3612 2456 3868 2511 existimat

2257 2537 2381 2593 ﬁeri
2413 2538 2693 2610 potuisse,
2721 2557 2835 2596 non
2881 2540 3145 2615 intelligo
3197 2558 3311 2598 cur
3362 2561 3477 2600 non
3526 2544 3671 2600 idem
3716 2548 3866 2617 putet.

2256 2624 2306 2682 si
2338 2625 2797 2685 innumerabiles
2829 2629 3005 2686 unius
3035 2635 3093 2686 et
3120 2631 3333 2703 viginti
3361 2634 3556 2689 formae
3585 2632 3869 2689 litterarum

2254 2714 2343 2771 vel
2375 2733 2581 2790 aureae,
2613 2717 2701 2773 vel
2734 2718 3080 2790 qualeslibet
3109 2719 3312 2791 aliquo
3336 2723 3871 2794 conjiciantur,posse

2255 2821 2324 2860 ex
2352 2805 2446 2862 his
2478 2807 2535 2861 in
2567 2811 2782 2863 terram
2810 2808 3104 2865 excurssis
3132 2808 3382 2867 annales
3413 2812 3603 2879 Ennii,
3642 2815 3701 2866 ut
3744 2810 3873 2865 dein-

2256 2910 2391 2966 ceps
2421 2894 2533 2968 legi
2566 2896 2814 2968 possint,
2847 2898 3016 2954 efﬁci.
3051 2899 3213 2963 Quod
3248 2901 3452 2957 nescio
3485 2918 3555 2957 an
3598 2917 3667 2956 ne
3698 2900 3749 2955 in
3777 2914 3868 2953 uno

2256 2983 2493 3056 quidem
2539 3003 2709 3042 versu
2792 2987 2979 3059 possit
3026 2993 3224 3044 tamen
3275 2989 3473 3046 valere
3541 2990 3772 3045 fortuna.
3810 3028 3821 3043 .
3858 3026 3868 3039 .

2258 3073 2421 3138 Quod
2452 3073 2501 3131 si
2534 3077 2821 3131 mundum
2852 3078 3081 3133 efﬁcere
3112 3082 3309 3150 potest
3340 3095 3656 3136 concursus
3678 3082 3869 3134 atomo-

2258 3179 2413 3230 rum,
2446 3180 2550 3219 cur
2573 3166 2883 3236 porticum,
2907 3183 3011 3221 cur
3038 3167 3354 3241 templum,
3389 3186 3495 3226 cur
3524 3170 3769 3238 domum,
3789 3166 3871 3221 aut

2255 3252 2462 3307 urbem
2511 3271 2625 3310 non
2670 3258 2878 3327 potest,
2914 3273 3045 3327 quae
3095 3262 3233 3313 sunt
3292 3259 3493 3315 minus
3549 3274 3791 3331 Operose,
3827 3257 3873 3309 et

2255 3339 2439 3396 multo
2481 3342 2718 3414 quidem
2753 3344 3011 3401 faciliora
3028 3346 3337 3404 ?Certeita
3362 3352 3579 3404 temere
3605 3349 3670 3403 de
3687 3343 3869 3401 mundo

2255 3429 2545 3499 eﬁ'utiunt,
2579 3436 2645 3487 ut
2676 3432 3081 3505 mihiquidem
3108 3453 3421 3508 nunquam
3458 3437 3614 3493 hunc
3662 3434 3875 3491 admira-

2254 3517 2429 3574 bilem
2464 3520 2588 3576 coeli
2620 3526 2913 3589 ornatum,
2949 3524 3049 3596 qui
3082 3524 3247 3581 locus
3304 3532 3394 3583 est
3449 3526 3754 3599 proximus,
3789 3538 3871 3577 suo

2253 3609 2511 3679 spexisse
2542 3609 2807 3666 videatur
2834 3612 2974 3684 (Cic.
3012 3613 3113 3668 lib.
3145 3632 3183 3671 ll
3215 3615 3283 3671 de
3315 3617 3513 3672 Natur.
3574 3616 3711 3671 deor.
3765 3627 3871 3685 pag,

2248 3697 2378 3765 228,
2410 3697 2511 3753 lin.
2545 3698 2622 3771 6).
2657 3721 2685 3750 η
2717 3705 2912 3772 Neque
2956 3704 3137 3758 semel
3195 3704 3254 3758 id
3313 3705 3535 3762 dixisse
3582 3705 3871 3764 contentus,

2251 3785 2363 3843 alio
2393 3786 2453 3842 in
2490 3786 2636 3844 libro
2665 3790 2901 3846 brevius
2930 3790 3189 3862 quidem.
3227 3795 3336 3850 sed
3372 3812 3493 3851 non
3537 3795 3725 3849 minus
3770 3805 3873 3862 per-

2250 3875 2451 3946 spicue
2476 3878 2702 3949 repetit.
2732 3900 2762 3930 α
2794 3880 2955 3948 Esse,
2988 3881 3200 3953 inquit,
3236 3890 3620 3954 praestantem
3651 3880 3870 3953 aliquam

2250 3968 2640 4037 aeternamque
2674 3971 2961 4038 naturam,
2994 3973 3052 4025 et
3081 3987 3210 4026 eam
3243 3973 3687 4045 suspiciendam
3723 3965 3874 4025 admi-

2250 4054 2613 4127 randamque
2644 4056 2951 4113 hominum
2982 4061 3206 4131 generi,
3238 4061 3625 4133 pulchritudo
3678 4053 3866 4120 mundi.

2249 4142 2507 4213 ordoque
2540 4161 2734 4200 rerum
2766 4145 3085 4203 cmlestium
3117 4150 3566 4221 cogitconﬁteri
3588 4145 3871 4222 (ldem,lib.

2247 4230 2313 4285 de
2337 4232 2578 4287 Dz'vinat.
2612 4250 2743 4305 pag.
2778 4236 2904 4302 30l,
2939 4234 3040 4291 lin.
3073 4238 3188 4307 22).
3230 4261 3259 4288 »

2320 4336 2434 4395 Nec
2483 4342 2574 4394 est
2621 4341 2775 4411 quod
2829 4342 2997 4397 nobis
3055 4344 3269 4402 atheus
3322 4347 3524 4403 nescio
3585 4345 3730 4418 quis,
3795 4340 3875 4395 aut

2247 4426 2518 4497 pertinax
2549 4428 2887 4486 incredulus
2932 4431 3170 4503 objiciat
3219 4434 3568 4493 Ciceronem
3616 4426 3869 4489 academi-

450 4558 456 4563 ,
488 4498 591 4553 lib.
616 4515 673 4554 1x
701 4503 759 4596 et
781 4516 837 4566 x,
870 4500 928 4555 in
980 4505 1206 4596 Demea.
1265 4510 1317 4556 et
1364 4503 1513 4596 Epic.
1578 4504 2127 4596 Vitn_;ATh_eoderet.
2165 4499 2209 4563 Ι)
2243 4530 2369 4570 eam
2403 4522 2620 4572 sectam
2653 4522 2920 4575 secutum
2977 4498 3180 4593 fuisse,
3242 4525 3348 4596 qui
3435 4523 3634 4582 omnia
3690 4519 3874 4575 incerta

490 4602 666 4642 serm.
708 4590 760 4657 2,
804 4604 933 4659 pag.
968 4589 1091 4657 487,
1117 4594 1174 4645 et
1193 4606 1369 4646 serm.
1400 4592 1455 4657 4,
1504 4607 1635 4663 pag.
1666 4593 1812 4660 528;
1847 4594 2131 4650 Gassend.

488 4678 631 4731 tom.
668 4678 709 4745 l,
744 4694 875 4749 pag.
907 4679 1014 4733 256
1043 4683 1101 4733 et
1128 4695 1291 4751 seqq.
1326 4685 1467 4734 tom.
1495 4680 1648 4751 Synt.
1680 4682 2130 4756 philosophEpi-

490 4780 613 4821 cur.
646 4770 794 4838 part.
819 4784 881 4837 ιι,
927 4770 1019 4836 ξι,
1053 4784 1177 4838 cap.
1213 4770 1298 4837 t6,
1332 4774 1389 4823 et
1432 4786 1559 4831 nos,
1601 4774 1742 4824 tom.
1795 4772 1817 4826 Ι
1869 4774 2129 4843 Apparet.

487 4869 619 4926 pag.
653 4855 757 4910 435
785 4861 841 4909 et
892 4856 1071 4925 1136).
1122 4856 1289 4927 Apud
1351 4856 1546 4927 ipsum
1593 4857 1749 4911 enim
1799 4859 2130 4916 Ciceronem

486 4940 742 5000 Velleius
770 4945 1087 5016 Epicureus
1119 4943 1375 4999 Platonis
1407 4945 1477 4998 de
1508 4944 1622 4999 Deo
1656 4948 2006 5003 sententiam
2040 4966 2129 5005 re-

485 5030 681 5087 fellere
763 5034 966 5088 eadem
1041 5032 1547 5104 argumentatione
1646 5034 1925 5091 connisus
1999 5042 2126 5094 est:

484 5141 513 5170 «
546 5122 788 5191 Quibus,
825 5122 1145 5193 inquiebat,
1205 5119 1388 5175 oculis
1438 5119 1649 5176 intueri
1696 5125 1886 5193 potuit
1939 5130 2130 5182 vester

479 5209 642 5265 Plato
674 5210 953 5266 fabricam
985 5209 1146 5266 illam
1179 5208 1325 5263 tanti
1357 5208 1567 5280 operis,
1620 5227 1745 5281 quae
1803 5216 2063 5271 construi
2094 5233 2128 5272 a

477 5297 614 5362 Deo,
646 5304 820 5369 atque
845 5299 1115 5353 aediﬁcari
1148 5297 1437 5351 mundum
1471 5298 1607 5353 facit
1633 5298 1660 5354 ?
1682 5306 1816 5366 Quae
1849 5302 2073 5360 molitio
2094 5306 2122 5361 ‘I

477 5403 608 5457 quae
641 5386 1039 5441 ferramenta?
1064 5386 1162 5459 qui
1190 5388 1421 5441 vectes?
1451 5403 1576 5458 quae
1627 5391 1907 5447 machina:
1937 5392 1964 5447 ?
2020 5395 2121 5466 qui

471 5472 731 5530 ministri
768 5472 915 5528 tanti
971 5474 1225 5531 muneris
1264 5474 1557 5531 fuerunt?
1610 5480 2117 5545 Quemadmodum

416 5634 423 5640 .
466 5564 665 5620 autem
697 5562 932 5619 obedire
961 5570 1017 5623 et
1045 5581 1249 5640 parere
1309 5564 1594 5624 voluntati
1634 5570 1935 5627 architecti

2244 4620 2371 4659 esse
2421 4605 2791 4677 opinabatur,
2837 4612 3013 4681 atque
3083 4615 3284 4669 utrum
3338 4631 3517 4671 verus
3586 4613 3749 4675 Deus,
3794 4609 3873 4660 θυι

2244 4692 2342 4748 alii
2394 4694 2703 4764 gentilium
2787 4697 2866 4752 dii
2932 4699 3246 4757 existerent
3314 4720 3527 4760 revera
3583 4696 3869 4757 dubitabat.

2242 4780 2368 4836 Non
2404 4783 2559 4838 enim
2594 4785 2917 4855 quaerimus
2950 4788 3087 4858 quid
3118 4789 3216 4846 ille
3246 4792 3522 4861 sentiret,
3554 4807 3658 4846 nec
3707 4791 3868 4841 utrum

2240 4868 2448 4926 timore
2487 4871 2681 4943 aliquo
2747 4890 2863 4930 non
2932 4878 3191 4947 auderet,
3270 4897 3451 4952 quem
3523 4871 3872 4951 cognoscebat

2238 4973 2439 5014 verum
2491 4960 2692 5029 Deum,
2738 4962 2932 5035 palam
2983 4967 3263 5022 conﬁteri.
3339 4970 3450 5025 Sed
3523 4964 3869 5039 expendimus

2240 5048 2445 5116 quanti
2477 5051 2755 5106 momenti
2788 5053 2865 5108 sit
2893 5052 3053 5109 illius
3084 5062 3534 5128 argumentum.
3590 5051 3755 5126 Atqui
3790 5061 3869 5102 ne-

2239 5150 2332 5190 mo
2379 5143 2468 5191 est
2518 5140 2644 5193 sani
2694 5141 2902 5211 capitis
2946 5142 3122 5199 homo
3187 5146 3287 5216 qui
3346 5163 3568 5219 negare
3623 5140 3795 5216 possit
3819 5148 3872 5189 θο

2236 5221 2623 5282 invictissime
2652 5228 3041 5286 demonstrari
3075 5233 3319 5288 unicum
3366 5233 3649 5290 exsistere
3692 5230 3871 5285 Deum.

2236 5328 2433 5368 rerum
2482 5316 2747 5371 omnium
2799 5324 3116 5375 creatorem
3172 5327 3228 5377 et
3291 5328 3608 5379 rectorem.
3660 5320 3873 5383 Quoquo

2234 5401 2389 5456 enim
2417 5419 2549 5459 vero
2580 5405 2800 5474 oculos,
2826 5407 2912 5463 uti
2961 5408 3041 5464 ait
3089 5409 3386 5478 Octavius,
3453 5412 3579 5467 sive
3637 5414 3872 5467 sursum,

2202 5490 2353 5546 sive
2403 5491 2699 5561 deorsum,
2770 5496 2893 5551 sive
2959 5496 3111 5554 ultro
3162 5499 3434 5573 citroque
3491 5502 3693 5563 vertat,
3772 5494 3874 5545 tam

2228 5577 2417 5649 facile,
2467 5596 2641 5652 quam
2690 5588 2846 5641 certo
2895 5586 3210 5659 comperiet
3265 5606 3403 5647 esse
3454 5585 3689 5661 aliquod
3738 5592 3865 5653 prfe-
