4102 6162
280 290 390 350 433

1701 288 2248 351 DlSSERTATIO.

3554 289 3677 349 434

278 422 647 480 stantissimae
680 422 894 479 mentis
924 422 1217 491 Numen,a
1238 439 1353 496 quo
1378 422 1577 481 omnia
1608 423 1759 479 facta
1780 424 1919 478 sunt
1946 423 2002 489 Α
2031 421 2166 478 inde
2196 425 2596 479 asseveranter
2624 420 2959 495 pronuntiat
2988 419 3283 477 neminem
3317 435 3445 478 esse
3474 420 3669 477 homi-

280 530 337 569 ac
362 514 791 585 gubernantur.

340 602 597 673 Uterque
647 605 841 657 autem
874 610 924 657 el
955 600 1152 658 Cicero
1183 606 1241 657 et
1281 602 1552 659 Octavius
1582 601 1727 657 illud
1759 600 1918 656 haud

278 691 423 745 brevi
450 707 648 745 rerum
676 694 998 746 creatarum
1030 692 1395 747 enarratione
1417 689 1918 748 manifestissimi-

277 796 359 834 me
409 780 813 852 comprobant.
881 782 950 836 Et
1012 780 1283 837 Octavius
1332 782 1569 852 quidem
1625 798 1694 836 ex
1750 780 1913 848 ccelo,

277 869 587 941 rapidoque
618 870 763 936 ejus,
797 886 862 925 ac
895 869 1035 926 solis
1065 875 1123 924 et
1152 871 1300 925 lunae
1331 875 1455 926 rato
1486 874 1754 941 statoque
1788 886 1913 924 mo-

275 963 467 1025 tu;ex
520 958 785 1029 ejusdem
834 957 984 1013 lunae
1034 960 1195 1015 senio
1242 964 1298 1015 et
1344 958 1561 1030 labore,
1593 959 1653 1014 id
1683 963 1791 1029 est,
1816 975 1912 1014 va-

276 1046 368 1101 riis
400 1046 563 1102 illius
594 1046 889 1102 erroribus
920 1046 1041 1101 sive
1071 1047 1448 1109 incrementis
1492 1050 1549 1102 et
1578 1047 1913 1102 decremen-

276 1135 364 1201 tis,
419 1135 503 1189 uti
551 1151 620 1190 ex
666 1135 935 1190 Cicerone
982 1151 1117 1190 mox
1165 1135 1415 1201 citando,
1464 1143 1635 1207 atque
1682 1138 1914 1190 Marone

274 1222 593 1295 intelligere
641 1228 729 1279 est
785 1223 1005 1295 (Virgil.
1065 1224 1168 1280 lib.
1230 1242 1272 1280 ιι
1329 1224 1537 1295 Georg.,
1604 1241 1658 1280 v.
1717 1224 1844 1291 478)
1894 1242 1909 1292 ;

272 1312 403 1367 item
434 1312 586 1367 lucis
616 1329 681 1366 ac
710 1314 1085 1368 tenebrarum
1117 1314 1456 1369 continuata
1486 1312 1911 1379 vicissitudine,

271 1400 525 1456 siderum
577 1401 779 1457 ordine
829 1418 895 1457 ac
943 1402 1371 1473 dispositione;
1421 1402 1617 1458 stabili
1672 1402 1910 1473 frugum

272 1496 320 1546 et
348 1498 607 1558 quatuor
637 1491 775 1545 anni
805 1495 1222 1562 tempestatum
1261 1492 1536 1547 varietate
1562 1510 1576 1559 ;
1611 1492 1758 1547 mari
1784 1490 1909 1546 suis

271 1596 501 1634 orarum
553 1580 936 1651 littorumque
978 1580 1192 1637 ﬁnibus
1241 1580 1721 1652 circumscripto;
1762 1580 1908 1635 reoi-

267 1668 513 1739 procatis
548 1668 758 1724 Oceani
788 1669 1027 1724 aestibus
1053 1687 1066 1727 ;
1093 1670 1331 1740 perenni
1365 1670 1679 1725 ﬂuminum
1710 1669 1909 1724 ﬂuvio-

266 1774 505 1828 rumque
564 1774 760 1825 cursu,
810 1758 985 1814 rectis
1047 1758 1369 1825 montibus,
1419 1758 1664 1814 collibus
1721 1758 1904 1828 ﬂexis,
1936 1796 1985 1861 B

263 1846 659 1919 porrectisque
686 1848 908 1918 campis
936 1872 950 1916 ;
981 1847 1234 1903 naturali
1264 1847 1655 1903 animantium
1684 1847 1865 1904 tutela
1889 1866 1903 1917 ;

265 1952 325 1990 ac
392 1937 686 2008 praecipue
765 1936 1018 1991 hominis
1090 1935 1549 2008 pulchritudine,
1628 1936 1907 2009 illiusque

264 2025 564 2093 membris,
599 2042 849 2098 quorum
881 2025 1110 2081 nullum
1141 2026 1256 2082 nisi
1289 2025 1654 2082 necessitatis
1681 2031 1784 2081 aut
1812 2027 1907 2082 de-

261 2114 408 2168 coris
440 2131 619 2169 causa
665 2115 1001 2182 formatum,
1046 2118 1221 2186 atque
1264 2115 1392 2186 ipsa
1438 2114 1744 2170 hominum
1780 2131 1905 2169 om-

260 2202 421 2256 nium
456 2203 684 2274 ﬁgura;
719 2220 833 2275 qua
859 2204 967 2259 etsi
991 2204 1103 2260 sibi
1134 2204 1444 2260 videantur
1464 2202 1707 2272 similes,
1731 2203 1904 2259 certis

258 2294 455 2345 tamen
486 2290 858 2347 lineamentis
887 2292 1107 2365 singuli
1128 2291 1447 2348 dissimiles
1478 2291 1855 2347 inveniuntur
1887 2309 1901 2360 ;

255 2380 408 2435 422
442 2396 509 2434 ac
560 2382 790 2436 tandem
837 2397 905 2436 ex
936 2381 1121 2436 indita
1164 2380 1481 2452 unicuique
1528 2384 1631 2436 aut
1684 2381 1905 2437 ratione

252 2467 556 2536 nascendi,
585 2473 688 2523 aut
716 2470 1030 2540 generandi
1063 2468 1357 2541 cupidine.

322 2575 522 2630 Cicero
544 2580 739 2630 autem
765 2575 915 2631 hanc
938 2575 1338 2631 inductionem
1360 2574 1531 2648 longe
1562 2575 1750 2631 fusius
1774 2592 1902 2647 pro-

255 2664 546 2733 sequitur,
606 2668 779 2734 atque
818 2664 1133 2736 plurimam
1184 2664 1364 2720 totius
1412 2665 1651 2720 secundi
1700 2666 1774 2720 De
1800 2682 1903 2719 na-

258 2760 380 2806 tura
431 2750 655 2806 deorum
711 2752 843 2807 libri
893 2758 1141 2825 partem,
1198 2754 1257 2807 in
1316 2770 1444 2809 eam
1501 2754 1903 2826 explicandam

255 2839 798 2913 enucleandamque
854 2842 1057 2913 (Cicer.
1119 2843 1218 2898 lib.
1280 2860 1322 2897 11
1385 2844 1450 2897 de
1492 2844 1686 2899 Natur.
1748 2843 1898 2901 deor.

253 2946 381 3000 pag.
442 2930 552 2982 228
609 2934 668 2985 et
715 2932 926 3003 seqq.)
990 2932 1243 3003 Longius
1302 2931 1558 3003 profecto
1618 2936 1791 2999 esset,
1847 2935 1905 2987 et

251 3034 462 3089 parum
493 3017 636 3073 utile
667 3035 733 3075 ea
778 3035 997 3089 omnia,
1030 3036 1157 3092 quas
1186 3021 1259 3075 ab
1307 3019 1429 3090 illo,
1462 3036 1622 3076 more
1652 3038 1759 3076 suo
1788 3021 1904 3077 ele-

250 3108 599 3178 gantissime
645 3108 821 3176 dicta,
879 3112 937 3164 et
990 3126 1024 3165 a
1081 3109 1334 3165 Minucio
1393 3114 1591 3165 nostro
1652 3110 1903 3166 delibata

250 3203 406 3261 sunt,
446 3196 541 3251 hic
588 3196 979 3253 transcribere
1023 3220 1036 3265 ί
1104 3198 1192 3253 vel
1241 3215 1306 3253 eo
1356 3199 1628 3266 maxime,
1675 3200 1831 3270 quod
1867 3216 1900 3254 a

247 3284 511 3355 quolibet
569 3286 721 3356 apud
780 3301 913 3341 eum
969 3286 1135 3341 facile
1200 3286 1380 3342 videri
1444 3288 1695 3360 possint.
1745 3287 1899 3343 Satis

245 3372 445 3444 itaque
476 3374 650 3428 nobis
696 3374 807 3429 erit
854 3375 905 3430 si
936 3376 1312 3431 observemus
1342 3376 1422 3431 ibi
1472 3393 1578 3432 nos
1609 3394 1642 3431 a
1671 3376 1899 3432 Cicero-

243 3478 331 3531 ne,
385 3463 772 3534 quantumvis
816 3464 1298 3519 Academicorum
1349 3468 1656 3536 sectatore,
1698 3466 1898 3521 admo-

242 3553 362 3607 neri
437 3552 552 3607 hoc
591 3557 1000 3625 argumentum
1058 3570 1173 3607 non
1235 3555 1406 3609 modo
1454 3571 1488 3608 a
1545 3554 1900 3624 quibusdam

241 3642 484 3697 tractari
547 3640 931 3713 philosophis,
981 3658 1046 3696 ac
1103 3642 1449 3697 nominatim
1511 3659 1544 3697 a
1600 3643 1898 3709 Cleanthe,

243 3732 341 3785 sed
378 3746 594 3785 omnes
646 3730 821 3785 etiam
869 3729 1247 3801 philosophos
1295 3730 1569 3786 debuisse
1617 3748 1683 3787 eo
1730 3730 1903 3803 plane

240 3820 606 3890 penitusque
658 3818 941 3874 convinci.
995 3840 1023 3869 «
1072 3819 1217 3874 Nam
1284 3818 1635 3891 philosopgi,
1686 3818 1899 3891 inquit,

240 3909 604 3974 debuerunt,
640 3907 690 3963 si
743 3908 887 3963 forte
937 3923 1036 3963 eos
1092 3924 1321 3981 primus
1376 3913 1645 3979 aspectus
1695 3908 1901 3964 mundi

239 3998 721 4064 conturbaverat,
775 4005 975 4066 postea.
1029 4013 1166 4053 cum
1223 3996 1509 4052 vidissent
1549 4001 1744 4053 motus
1773 3997 1903 4067 ejus

242 4086 450 4142 ﬁnitos
482 4088 546 4140 et
577 4085 917 4156 aequabiles,
937 4085 1250 4157 omniaque
1270 4086 1413 4141 ratis
1445 4085 1749 4143 ordinibus
1781 4103 1903 4142 mo-

238 4176 450 4231 derata
480 4173 955 4246 immutabilique
987 4175 1337 4243 constantia,
1360 4174 1681 4248 intelligere
1710 4175 1905 4232 inesse

237 4262 513 4333 aliquem
548 4279 664 4317 non
696 4260 889 4317 solum
921 4262 1310 4319 habitatorem
1339 4262 1398 4319 in
1447 4264 1556 4320 hac
1588 4263 1803 4319 scelesti
1835 4281 1902 4320 ac

243 4350 453 4405 divina
480 4352 676 4419 domo,
730 4352 829 4407 sed
883 4352 1060 4407 etiam
1111 4355 1395 4408 rectorem
1445 4370 1511 4409 ac
1572 4355 1900 4409 moderato-

246 4455 410 4506 rem,
441 4444 494 4493 et
545 4445 823 4511 tanquam
856 4440 1239 4496 architectum
1286 4442 1433 4496 tanti
1482 4443 1674 4512 operis
1724 4443 1901 4498 tanti-

2031 527 2186 582 nem,
2233 511 2334 583 qui
2366 511 2551 583 possit
2579 512 2757 568 ullam
2792 527 3033 583 prorsus
3080 510 3329 581 ignorati
3376 527 3410 566 a
3458 526 3520 565 se
3570 510 3672 567 Dei

2028 598 2242 656 habere
2293 600 2748 656 excusationem.
2798 600 2945 656 Nam
2991 622 3019 649 ‹‹
3070 597 3413 668 Invisibilis,
3458 598 3670 670 inquit,

2027 688 2218 761 ipsius
2249 707 2283 746 a
2313 693 2579 745 creatura
2623 689 2827 745 mundi
2878 705 2980 761 per
3008 705 3093 754 ea,
3146 705 3272 760 quae
3322 688 3473 745 facta
3512 696 3667 757 sunt,

2026 778 2319 835 intellecta
2348 778 2807 851 conspiciuntur.
2859 777 3228 850 Sempiterna
3272 794 3504 849 quoque
3544 778 3670 848 ejus

2024 868 2210 925 virtus
2240 873 2298 924 et
2327 868 2602 924 divinitas
2629 892 2642 936 ;
2676 868 2756 924 ita
2786 870 2851 923 ut
2879 866 2999 923 sint
3036 866 3463 923 inexcusabiles
3493 867 3666 935 (Rom.

2024 973 2065 1026 ι,
2121 957 2235 1028 20).
2298 978 2326 1007 ››
2383 957 2529 1014 Hinc
2586 955 3024 1012 Tertullianus:
3062 974 3083 1007 ι
3132 955 3204 1012 Et
3232 955 3375 1024 haec,
3425 957 3525 1025 ait,
3583 959 3672 1012 est

2023 1062 2261 1103 summa
2288 1045 2481 1102 delicti
2513 1045 2838 1102 nolentium
2867 1060 3298 1117 recognoscere,
3341 1060 3470 1116 qua:
3500 1045 3670 1115 igno-

2021 1151 2149 1190 rare
2179 1152 2295 1191 non
2328 1139 2575 1207 possunt
2601 1133 3242 1207 (Tertull.dpolog.cap.
3267 1134 3357 1203 17,
3384 1133 3668 1205 pag.18).»

2020 1222 2343 1295 Cyprianus
2374 1240 2506 1280 vero
2538 1224 2751 1279 iisdem
2801 1239 2947 1295 pene
2997 1223 3189 1279 verbis
3221 1239 3235 1277 :
3286 1245 3314 1273 κ
3359 1224 3551 1293 Atque
3582 1227 3670 1278 est

2020 1328 2256 1368 summa
2302 1311 2519 1379 delicti,
2571 1300 2724 1368 nolle
2792 1328 3126 1384 agnoscere,
3177 1327 3350 1381 quem
3401 1311 3669 1383 ignorare

2020 1418 2135 1457 non
2183 1401 2378 1473 possis
2429 1403 2618 1474 (Cypr.
2667 1402 2768 1457 lib.
2818 1400 2883 1457 de
2918 1400 3060 1457 ldol.
3122 1402 3305 1457 Vanit.
3358 1417 3413 1471 p.
3480 1400 3583 1464 14).
3632 1421 3662 1450 »

2020 1490 2183 1556 Quod
2214 1490 2451 1561 quidem
2482 1496 2617 1546 ante
2664 1494 2976 1560 utrumque
3008 1507 3042 1545 a
3077 1488 3368 1546 Clemente
3416 1487 3662 1544 Alexan-

2019 1578 2187 1635 drino
2218 1583 2510 1636 assertum
2542 1578 2799 1634 vidimus
2828 1579 2993 1650 (tom.
3028 1579 3049 1634 Ι
3081 1580 3289 1650 Αρραν.
3340 1578 3573 1633 dissert.
3606 1579 3659 1632 2.

2017 1684 2143 1740 cap.
2176 1668 2230 1739 6,
2264 1671 2373 1724 art.
2406 1668 2456 1736 1,
2488 1684 2621 1740 pag.
2649 1668 2799 1739 948).

2580 1800 2843 1858 ARTICU
2855 1798 2980 1855 LUS
3026 1799 3091 1855 V.

2015 1890 2363 1961 Rependitur
2399 1889 2553 1945 aliud
2598 1889 2832 1945 Minucii
2886 1891 3298 1957 argumentum,
3349 1902 3450 1960 quo
3494 1888 3661 1943 Deum

2086 1963 2282 2017 intimo
2312 1962 2603 2017 hominum
2630 1976 2810 2030 sensu,
2843 1962 3057 2032 acipsa
3101 1975 3290 2015 eorum
3334 1960 3663 2016 conscientia

2084 2036 2382 2105 cognitum,
2413 2048 2607 2089 revera
2637 2033 2875 2088 existere
2902 2031 3255 2088 demonstrat.

2088 2147 2360 2204 Ethnicos
2391 2146 2689 2203 Minucius
2720 2149 2917 2202 noster
2945 2163 2978 2201 a
3008 2144 3309 2216 creaturis,
3366 2144 3663 2201 mirando-

2016 2254 2128 2309 que
2160 2254 2401 2309 prorsus
2429 2236 2609 2292 totius
2641 2236 2847 2291 mundi
2879 2239 3111 2303 ornatu,
3154 2236 3227 2291 ad
3277 2235 3524 2307 seipsos,
3572 2232 3662 2290 in-

2014 2326 2341 2397 timumque
2374 2342 2571 2381 eorum
2597 2341 2935 2389 sensum.ac
2967 2324 3260 2397 propriam
3287 2324 3664 2395 uniuscujus-

2016 2431 2128 2489 que
2159 2415 2573 2471 conscientiam
2620 2414 2774 2470 423
2807 2417 3053 2470 revocat.
3090 2413 3186 2469 Dei
3218 2412 3435 2485 quippe
3463 2428 3663 2469 revera

2014 2502 2349 2560 exsistentis
2400 2502 2530 2557 idea
2576 2508 2632 2556 et
2674 2502 2951 2573 cognitio,
3002 2501 3213 2571 inquit,
3264 2500 3501 2555 illorum
3534 2500 3660 2556 ani.

2012 2593 2126 2649 mis
2175 2594 2317 2648 adeo
2365 2591 2545 2647 insita
2591 2590 2970 2662 ingenitaque
3037 2593 3146 2657 est,
3198 2594 3265 2644 ut
3317 2606 3432 2645 non
3488 2590 3659 2645 modo

2013 2680 2344 2753 philosophi
2376 2697 2442 2735 ac
2472 2681 2648 2749 docti,
2691 2681 2791 2736 sed
2843 2680 3051 2751 plebeii
3101 2679 3277 2734 etiam
3331 2683 3389 2734 et
3418 2677 3659 2748 indocti,

2013 2774 2225 2826 natura
2271 2770 2438 2840 duce,
2487 2785 2619 2824 eum
2665 2767 2941 2824 exsistere
2970 2767 3166 2840 palam
3195 2772 3510 2840 aperteque
3562 2785 3662 2824 va-

2013 2858 2116 2915 riis
2136 2858 2196 2914 in
2217 2857 2618 2914 occasionibus
2640 2855 3462 2928 conﬁteantur.«Quid,inquit
3476 2856 3663 2911 Minu-

2012 2948 2322 3018 cius,quod
2346 2946 2605 3003 omnium
2631 2946 2702 3001 de
2724 2946 2836 3001 isto
2856 2944 3041 3001 habeo
3066 2944 3451 3001 consensum?
3470 2944 3659 3000 Audio

2011 3036 2243 3109 vulgus,
2269 3052 2403 3090 cum
2436 3036 2494 3089 in
2528 3034 2738 3090 ccslum
2763 3050 2973 3090 manus
3002 3034 3271 3102 tendunt,
3297 3032 3443 3088 nihil
3476 3033 3657 3101 aliud,

2016 3142 2191 3198 quam
2218 3130 2397 3181 Deum
2431 3124 2634 3179 dicunt
2665 3139 2679 3178 :
2713 3128 2789 3191 et,
2817 3128 2967 3180 Deus
2995 3139 3247 3195 magnus
3269 3131 3382 3192 est;
3408 3127 3484 3192 et,
3510 3123 3661 3177 Deus

2012 3230 2185 3271 verus
2205 3219 2329 3283 est;
2364 3217 2440 3280 et,
2469 3213 2528 3268 Si
2560 3213 2713 3268 Deus
2740 3212 2984 3268 dederit.
3018 3211 3190 3283 Vulgi
3232 3212 3344 3267 iste
3374 3210 3659 3267 naturalis

2011 3320 2202 3360 sermo
2233 3307 2342 3370 est,
2376 3306 2478 3358 aut
2504 3301 2817 3357 Christiani
2849 3301 3180 3357 conﬁtentis
3209 3300 3394 3357 oratio
3414 3299 3442 3355 Τ
3472 3322 3500 3350 ››

2080 3393 2361 3448 Praeterea
2409 3390 2490 3446 ibi
2540 3389 2637 3445 ille
2685 3390 3051 3447 continenter
3112 3389 3323 3460 adjecit
3369 3388 3652 3445 ethnicos.

2010 3480 2154 3537 falso
2201 3480 2362 3537 Jovis
2427 3480 2786 3551 deorumque
2844 3494 3087 3534 suorum
3138 3477 3395 3543 nomine,
3459 3493 3654 3533 verum

2007 3569 2329 3643 ipsummet
2376 3573 2555 3625 Deum
2603 3567 2796 3640 reipsa
2825 3567 3137 3641 appellare.
3197 3589 3227 3619 ‹‹
3275 3566 3384 3631 Qui
3430 3565 3653 3635 Jovem,

2009 3658 2223 3730 inquit,
2260 3657 2575 3729 principem
2606 3656 2831 3725 volunt,
2864 3655 3149 3712 falluntur
3176 3654 3235 3710 in
3268 3655 3523 3721 nomine,
3556 3655 3656 3711 sed

2010 3748 2083 3803 de
2131 3746 2329 3803 divina
2374 3751 2659 3820 potestate
2707 3746 3103 3802 consentiunt.
3158 3766 3188 3796 ››
3235 3746 3451 3801 Eadem
3490 3744 3657 3816 plane

2009 3836 2360 3910 Cyprianus,
2380 3841 2444 3891 ut
2472 3840 2642 3892 antea
2678 3835 2957 3903 vidimus,
2980 3833 3213 3906 scriptis
3244 3833 3510 3890 tradidit.
3545 3833 3657 3887 Sed

2012 3927 2248 3997 utrique
2305 3926 2607 3997 praeiverat
2670 3922 3090 3990 Tertullianus,
3149 3922 3250 3993 qui
3304 3922 3365 3977 in
3421 3920 3658 3976 eosdem

2011 4013 2277 4071 ethnicos
2308 4013 2487 4071 simili
2522 4012 2692 4086 plane
2724 4012 2898 4068 modo
2923 4006 3659 4084 argumentaturmVultis,

2010 4102 2220 4175 inquit,
2272 4118 2341 4159 ex
2405 4103 2613 4159 animai
2675 4101 2866 4174 ipsius
2915 4098 3253 4156 testimonio
3319 4098 3659 4168 comprobe-

2012 4208 2146 4248 mus
2176 4214 2204 4243 »
2239 4208 2422 4247 unum
2454 4190 2721 4247 videlicet
2751 4191 3034 4245 duntaxat
3072 4203 3267 4243 rerum
3302 4188 3481 4242 Deum
3508 4184 3658 4240 exsi-

2012 4281 2212 4337 stere?
2252 4304 2280 4331 «
2325 4283 2459 4347 Qum
2507 4280 2641 4335 licet
2691 4295 2918 4335 carcere
2966 4275 3225 4347 corporis
3271 4290 3493 4345 pressa,
3528 4273 3661 4329 licet

2013 4370 2483 4426 institutionibus
2536 4369 2725 4440 pravis
2770 4364 3232 4436 circumscripta,
3283 4361 3417 4418 licet
3460 4360 3659 4417 libidi-

2014 4458 2187 4514 nibus
2254 4475 2320 4514 ac
2396 4454 2886 4528 concupiscentiis
2940 4452 3250 4521 evigorata,
3306 4451 3442 4507 licet
3494 4450 3660 4508 falsis

242 4544 369 4601 que
402 4530 659 4585 muneris
706 4529 829 4600 (lib.
877 4547 920 4585 11
948 4530 1012 4586 de
1039 4530 1164 4586 Nat.
1197 4530 1345 4586 deor.
1379 4547 1512 4603 pag.
1564 4533 1667 4585 227
1695 4556 1709 4599 ;
1768 4531 1902 4587 ibid.

2020 4548 2137 4603 deis
2213 4546 2577 4611 exancillata,
2646 4559 2777 4597 cum
2848 4548 3045 4597 tamen
3121 4540 3399 4612 resipicit,
3464 4546 3528 4596 ut
3594 4559 3661 4597 ex

241 4636 308 4690 p.
343 4620 497 4688 216).
533 4643 554 4671 ι
590 4619 717 4674 Alia
769 4618 861 4674 his
910 4618 1084 4691 plane
1136 4620 1353 4675 similia
1400 4621 1604 4676 eodem
1655 4621 1714 4675 in
1759 4620 1907 4676 libro

234 4708 375 4779 jam
411 4708 652 4762 dixerat.
680 4708 790 4764 Sed
823 4708 983 4764 adire
1015 4709 1205 4764 adhuc
1236 4710 1451 4781 poteris
1479 4709 1775 4765 Philonem
1809 4710 1908 4765 Ju-

240 4797 774 4866 daeum,auctorem
798 4797 932 4853 libri
958 4798 1028 4853 de
1048 4798 1407 4865 Monarchia,
1429 4802 1486 4854 et
1506 4799 1906 4863 Quaestionum

236 4885 612 4954 Graecarum,
665 4885 1114 4959 Athenagoram,
1157 4886 1543 4960 Theophilum
1599 4886 1909 4944 Antioche-

238 4989 431 5039 num,
466 4973 766 5041 Irenaeum,
801 4975 1164 5031 Lactantium
1218 4976 1597 5033 Athanasium
1628 4983 1685 5033 et
1739 4976 1903 5033 alios.

318 5079 482 5146 Quid
540 5097 693 5149 vero,
753 5082 907 5154 quod
964 5098 1077 5137 non
1109 5081 1169 5137 hi
1228 5085 1636 5139 tantummodo
1666 5084 1903 5154 ethnici,

237 5168 469 5236 Judazi,
527 5186 593 5225 ac
647 5169 965 5226 Christiani
1011 5170 1345 5242 scriptores,
1402 5173 1505 5227 sed
1558 5173 1907 5228 recentiores

239 5259 439 5313 etiam
471 5258 828 5327 scholastici,
881 5275 947 5314 ac
1006 5260 1327 5330 praesertim
1370 5261 1437 5316 D.
1472 5260 1748 5328 Thomas,
1805 5261 1906 5333 qui

242 5348 325 5402 ad
361 5346 905 5416 demonstrandam,
931 5347 1015 5404 uti
1047 5348 1106 5403 hi
1139 5348 1477 5419 loquuntur,
1501 5349 1597 5405 Dei
1630 5350 1909 5406 exsisten-

240 5437 429 5505 tiam,
463 5436 572 5491 hoc
603 5441 967 5508 argumento,
1016 5453 1200 5509 eoque
1239 5437 1368 5493 aliis
1419 5443 1580 5493 tanto
1627 5439 1909 5511 gravioris

242 5527 567 5597 momenti,
631 5531 895 5595 utuntur,
955 5530 1172 5598 quanto
1232 5526 1303 5582 ab
1363 5527 1637 5583 omnibus
1679 5527 1907 5584 facilius

255 5616 499 5690 percipi
531 5616 903 5690 intelligique
932 5620 1143 5690 potest.
1178 5616 1566 5683 Quamobrem
1595 5618 1908 5690 Apostolus

2018 4635 2276 4707 crapula,
2330 4638 2393 4689 ut
2438 4650 2507 4688 ex
2553 4648 2781 4699 somno,
2837 4635 2903 4687 ut
2948 4648 3018 4686 ex
3063 4630 3261 4702 aliqua
3303 4631 3659 4697 valetudine,

2017 4724 2200 4782 Deum
2252 4722 2535 4789 nominat,
2569 4721 2679 4778 hoc
2726 4718 2871 4788 solo,
2923 4719 3062 4791 quia
3106 4719 3337 4791 proprie
3364 4735 3536 4775 verus
3565 4718 3661 4774 hic

2018 4828 2168 4870 unus
2211 4812 2365 4868 Deus
2394 4812 2585 4867 bonus
2616 4815 2672 4865 et
2700 4825 2973 4881 magnus.
3007 4830 3036 4858 «
3066 4809 3148 4864 Ita
3194 4807 3419 4863 codices
3451 4823 3660 4862 manu-

2016 4900 2218 4973 scripti
2269 4900 2628 4972 antiquiores
2675 4903 2733 4955 et
2777 4897 3036 4954 melioris
3075 4900 3243 4961 notae,
3276 4895 3660 4966 quemadmo-

2017 4992 2158 5047 dum
2190 5006 2296 5046 suo
2328 4988 2452 5045 loco
2499 4988 2846 5045 videbimus.
2898 5009 2928 5037 ‹‹
2982 4986 3071 5053 Et,
3112 4985 3264 5055 quod
3296 4984 3447 5039 Deus
3487 4981 3661 5036 dede-

2016 5080 2112 5149 rit,
2146 5079 2407 5137 omnium
2453 5094 2557 5135 vox
2605 5081 2713 5134 est.
2744 5075 3012 5134 Judicem
3044 5086 3276 5146 quoque
3306 5073 3665 5128 contestatur

2017 5168 2223 5226 illum:
2259 5169 2412 5226 Deus
2463 5167 2652 5235 videt;
2700 5170 2774 5235 et,
2834 5164 2949 5220 Deo
3000 5179 3093 5218 me
3140 5159 3485 5217 commendo
3533 5176 3547 5228 ;
3606 5163 3663 5215 et

2019 5261 2170 5316 Deus
2203 5258 2346 5314 mihi
2380 5258 2601 5313 reddet.
2639 5256 2682 5311 Ο
2724 5251 3129 5309 testimonium
3169 5250 3382 5306 animae
3425 5252 3662 5305 natura-

2018 5349 2150 5405 liter
2177 5344 2556 5405 Christianae!
2612 5342 2868 5412 Denique
2919 5338 3306 5411 pronuntians
3355 5339 3498 5408 haec,
3547 5354 3663 5394 non

2017 5440 2087 5496 ad
2123 5435 2495 5509 Capitolium,
2531 5433 2632 5489 sed
2664 5432 2733 5487 ad
2769 5428 2975 5487 ccelum
3012 5427 3268 5501 respicit.
3303 5427 3471 5487 Novit
3500 5429 3656 5484 enim

2017 5529 2216 5585 sedem
2257 5525 2357 5582 Dei
2412 5522 2545 5580 vivi.
2579 5523 2662 5579 Ab
2719 5519 2819 5576 illo
2879 5518 3037 5575 enim
3069 5522 3126 5575 et
3171 5518 3309 5577 inde
3360 5518 3661 5575 descendit

2016 5616 2282 5690 (Tertull.
2313 5614 2544 5691 Apolog.
2573 5628 2699 5684 cap.
2736 5611 2823 5667 17.
2857 5626 2915 5683 p.
2950 5609 3061 5684 18).
3094 5629 3124 5659 ››
