4102 6162
447 337 568 398 435
1739 336 1842 396 DE
1883 335 2188 399 MINUCII
2231 335 2570 400 OCTAVIO
3694 351 3793 409 436

522 469 634 525 Sed
667 465 791 523 haec
821 466 920 523 ille
949 467 1141 524 adhuc
1164 465 1355 525 fusius
1389 466 1502 525 alio
1534 467 1592 524 in
1625 467 1774 526 libro
1800 469 2099 544 prosequi-
2127 472 2181 538 Α
2202 470 2645 542 jactatur,hunc
2675 469 2925 527 invocat.
2959 468 3019 525 Si
3049 468 3182 541 quis
3211 467 3404 542 aliqua
3429 472 3479 528 vi
3507 475 3792 556 afﬂictatur,

446 561 563 614 tur.
596 556 733 621 Quae
775 555 1014 629 quidem
1065 557 1264 613 omnia
1309 558 1631 615 describere
1678 575 1813 616 cum
1864 560 2097 633 longius
2211 558 2368 616 hunc
2414 559 2681 631 protinus
2738 558 3034 629 implorat.
3105 558 3162 613 Si
3214 559 3345 630 quis
3399 562 3466 616 ad
3522 570 3796 629 extremam

449 647 620 715 foret,
650 644 955 715 nonnulla,
977 650 1152 718 atque
1183 664 1251 703 ea
1280 648 1338 702 in
1370 648 1596 719 primis,
1631 665 1762 721 quae
1790 650 1862 704 ad
1895 665 2100 705 secun-
2209 647 2578 703 mendicandi
2636 646 3042 705 necessitatem
3090 647 3393 719 deductus,
3455 651 3651 712 victum
3691 675 3794 731 pre.

451 736 594 791 dum
644 735 887 791 Minucii
944 735 1127 791 nostri
1179 735 1374 793 locum
1429 737 1666 805 faciunt,
1718 739 2099 810 proferemus.
2211 736 2378 792 cibus
2437 736 2715 809 exposcit,
2779 741 2961 791 Deum
3010 735 3202 792 solum
3257 737 3583 808 obtestatur,
3635 750 3683 800 et
3719 764 3801 819 per

458 844 485 877 ιι
515 825 594 880 Te
627 824 843 896 palam,
877 824 1090 895 inquit,
1121 830 1178 881 et
1205 830 1329 881 tota
1358 826 1647 893 libertate,
1676 843 1793 899 qua
1824 845 1939 883 non
1970 826 2105 885 licet
2211 826 2341 897 ejus
2370 825 2633 881 divinum
2662 830 2836 897 atque
2866 825 3104 881 unicum
3135 842 3351 881 numen
3373 828 3632 896 (Lactant.
3654 832 3740 891 lib.
3767 854 3800 893 ιι

451 912 642 981 nobis,
693 913 853 970 domi
901 931 967 971 ac
1016 914 1161 971 foris
1204 914 1477 971 audimus
1527 916 1609 972 ita
1656 918 2036 987 pronuntiare
2087 933 2101 973 :
2212 915 2450 970 Institut.
2479 931 2607 986 cap.
2639 916 2694 981 2,
2727 930 2856 986 pag.
2896 915 3038 985 138).
3074 936 3100 965 κ

454 1003 618 1070 Quod
660 1007 811 1059 Deus
860 1004 1087 1059 dederit
1117 1019 1129 1060 :
1166 1007 1244 1074 et,
1294 1004 1349 1059 Si
1381 1009 1534 1061 Deus
1564 1004 1828 1062 voluerit.
1861 1007 1942 1062 Ea
1968 1023 2107 1063 voce
2286 1002 2585 1059 Porroilla
2601 1003 2701 1058 Dei
2722 1002 2971 1074 cognitio
2994 1002 3073 1057 ita
3087 1003 3267 1059 menti
3292 1004 3579 1063 hominum
3600 1009 3809 1070 intimis-

457 1096 515 1147 et
544 1090 801 1163 aliquem
832 1107 966 1149 esse
996 1092 1315 1164 signiﬁcas,
1347 1098 1405 1149 et
1433 1110 1663 1150 omnem
1699 1094 1784 1151 illi
1814 1095 2110 1153 confiteris
2217 1108 2331 1164 que
2362 1091 2635 1148 sensibus
2666 1092 3022 1163 ingenerata,
3058 1096 3177 1147 uta
3219 1092 3446 1149 nemine
3480 1095 3598 1153 sine
3632 1116 3811 1172 magno

458 1184 829 1255 potestatem,
860 1183 933 1237 ad
962 1183 1131 1254 cujus
1155 1189 1383 1255 spectas
1407 1182 1764 1240 voluntatem
1801 1200 1814 1241 :
1843 1184 2022 1241 simul
2052 1189 2111 1241 et
2218 1180 2448 1255 piaculo
2488 1181 2742 1253 ignorari
2792 1181 2999 1252 possit.
3032 1181 3176 1236 Nam
3200 1180 3529 1257 «ignorare,
3553 1188 3627 1242 ait
3646 1195 3817 1246 auctor

462 1274 699 1327 caeteros
730 1287 910 1344 negas
955 1272 1094 1328 deos
1123 1288 1272 1341 esse,
1305 1273 1446 1329 dum
1478 1273 1602 1329 suis
1633 1273 1928 1331 vocabulis
1960 1291 2111 1331 nun-
2220 1274 2435 1337 noster,
2464 1286 2569 1326 nec
2606 1270 2693 1326 fas
2714 1273 2826 1337 est,
2850 1286 2955 1325 nec
2978 1268 3113 1325 licet
3154 1269 3511 1342 ingerentem
3531 1290 3649 1331 sese
3665 1279 3817 1335 oculis

464 1375 666 1432 cupas,
696 1363 1035 1431 Saturnum,
1085 1361 1307 1429 Jovem,
1352 1364 1615 1429 Martem,
1669 1367 1727 1417 et
1773 1364 2110 1421 Minervam.
2223 1362 2281 1415 et
2322 1357 2594 1414 sensibus
2638 1358 2855 1414 nostris
2885 1358 3178 1414 cmlestem
3209 1358 3550 1419 claritatem.
3578 1382 3604 1415 ι
3638 1366 3819 1431 Quam-

464 1447 664 1504 Solum
698 1448 883 1506 Deum
916 1449 1254 1518 confirmas,
1303 1466 1480 1522 quem
1527 1454 1756 1507 tantum
1796 1452 1980 1508 Deum
2007 1469 2113 1509 no-
2226 1447 2428 1503 obrem
2496 1446 2593 1502 ille
2656 1452 2858 1519 postea
2906 1448 3153 1504 ﬁdenter
3219 1455 3527 1517 asseverat,
3577 1456 3827 1524 quoslibet

468 1538 700 1606 minas;
756 1541 823 1594 ut
852 1554 985 1594 cum
1018 1537 1149 1594 illos
1179 1539 1476 1595 interdum
1528 1540 1667 1596 deos
1716 1540 1997 1613 appellas,
2046 1543 2118 1598 de
2226 1535 2411 1593 Deum
2461 1535 2798 1608 ignorantes
2847 1552 2963 1591 non
2994 1552 3165 1594 secus
3194 1544 3369 1609 atque
3399 1539 3624 1612 impios,
3654 1543 3831 1602 debitis

466 1626 679 1698 alieno,
713 1630 771 1682 et
799 1627 970 1698 quasi
1012 1644 1116 1699 pro
1161 1630 1366 1683 mutuo
1398 1644 1504 1683 usa
1531 1627 1802 1686 videaris.
1834 1630 1916 1686 De
1947 1633 2119 1687 natu-
2230 1625 2567 1682 multandos
2617 1641 2743 1681 esse
2787 1624 2974 1698 poenis
3023 1641 3091 1682 ac
3139 1626 3465 1699 suppliciis.
3518 1630 3831 1704 Loquentem

466 1732 533 1771 ra
564 1732 797 1787 quoque
840 1715 965 1781 Dei,
1017 1733 1196 1788 quam
1246 1716 1656 1788 praedicamus,
1703 1735 1810 1774 nec
1855 1722 1913 1775 te
1956 1718 2119 1775 latet.
2231 1713 2397 1769 illum
2455 1714 2505 1770 si
2553 1714 2756 1770 audire
2802 1713 2964 1785 velis,
3014 1731 3145 1770 ecce
3199 1716 3453 1787 ipsamet
3497 1720 3618 1791 ejus
3642 1723 3831 1779 verba:

470 1803 626 1861 Deus
684 1805 892 1871 bonus,
954 1804 1109 1861 Deus
1168 1805 1475 1874 benefacit,
1527 1809 1629 1863 tua
1692 1823 1803 1864 vox
1858 1812 1947 1863 est
1996 1807 2121 1880 (lib.
2158 1852 2206 1917 Β
2236 1825 2266 1854 ‹‹
2297 1803 2408 1859 Eos
2439 1801 2668 1873 merito,
2691 1804 2787 1875 qui
2821 1803 3005 1860 Deum
3039 1805 3336 1873 nesciunt,
3358 1810 3423 1861 ut
3452 1806 3674 1880 impios,
3697 1814 3752 1866 ut
3767 1810 3835 1866 in-

479 1891 540 1917 J-
574 1893 848 1917 liv--13..--—
932 1894 1134 1917 -“ln-..
1184 1909 1283 1917 Α-..
1357 1895 1392 1917 n
1469 1910 1581 1917 ..-ρ-
1634 1895 1725 1917 Ωιι
1865 1896 1921 1917 τ..
1978 1896 2119 1917 1!L_-
2238 1892 2424 1917 8---ι-..
2478 1891 2591 1917 -ε-ε
2627 1894 2902 1917 ---ι’.----
2931 1908 3098 1917 _-...-
3133 1893 3410 1917 JA1:L___A
3514 1913 3628 1917 __-_-
3666 1916 3683 1917 ρ
3708 1916 3717 1917 κ
3766 1916 3771 1917 ,

474 1891 540 1949 de
574 1893 871 1950 Testimon.
923 1894 1135 1951 animae
1181 1909 1308 1966 cap.
1356 1895 1417 1963 2,
1467 1910 1599 1967 pag.
1633 1895 1750 1965 81).
1782 1916 1812 1947 ››
1864 1896 1929 1952 In
1978 1896 2126 1953 libro
2160 1891 2206 1917 ”
2231 1892 2446 1964 justos,
2478 1891 2594 1948 nisi
2627 1894 2905 1964 profanus
2931 1908 3101 1949 nemo
3130 1893 3455 1964 deliberat;
3509 1913 3635 1952 cum
3663 1916 3838 1971 paren-

482 1998 713 2056 quoque
742 1982 815 2039 ad
845 1982 1250 2054 Scapulam:«
1286 1983 1560 2056 Populus,
1582 1983 2128 2058 inquit,acclamans
2236 1984 2355 2037 tem
2394 1981 2662 2037 omnium
2711 1985 2770 2037 et
2814 1982 3080 2037 omnium
3128 1982 3447 2039 Dominum
3491 2002 3602 2043 non
3633 1987 3839 2044 minoris

482 2076 600 2127 Deo
630 2072 895 2141 deorum,
942 2072 1042 2143 qui
1073 2071 1236 2128 solus
1280 2076 1485 2145 potens
1513 2077 1622 2141 est,
1653 2072 1715 2129 in
1743 2074 1904 2131 Jovis
1935 2076 2129 2131 nomi-
2239 2070 2474 2127 sceleris
2504 2069 2583 2126 sit
2611 2070 2898 2140 ignorare,
2923 2086 3096 2142 quam
3120 2071 3353 2127 laedere.
3390 2094 3418 2122 »
3449 2073 3557 2129 Sed
3600 2076 3710 2145 jam
3760 2093 3843 2133 au-

485 2177 581 2229 ne,
613 2160 730 2217 Deo
760 2167 960 2217 nostro
1015 2160 1418 2218 testimonium
1469 2161 1725 2220 reddidit
1768 2163 1974 2237 (Idem,
2028 2165 2129 2222 lib.
2241 2159 2379 2215 disti
2410 2158 2618 2215 citatos
2647 2177 2681 2215 a
2709 2158 2877 2216 nobis
2907 2159 3154 2215 Paulum
3190 2161 3547 2233 apostolum,
3579 2164 3848 2221 Tertullia-

487 2250 561 2307 ad
587 2249 811 2320 Scapul.
843 2265 969 2321 cap.
1006 2251 1059 2317 4,
1095 2266 1228 2322 pag.
1258 2250 1370 2322 87).
1408 2272 1430 2300 ι
2243 2264 2408 2321 num,
2442 2248 2798 2321 Cyprianum
2830 2248 3031 2305 eadem
3061 2250 3132 2305 de
3162 2248 3283 2305 illis
3306 2252 3853 2325 pronuntiantes,qui

557 2339 632 2394 At
661 2336 827 2404 illud,
874 2336 1084 2409 inquit,
1136 2343 1227 2397 est
1257 2361 1286 2390 «
1336 2339 1742 2398 testimonium
1771 2342 1978 2399 animm
2028 2360 2133 2400 na,-
2246 2353 2352 2393 nec
2380 2353 2450 2393 ex
2481 2337 2658 2393 rebus
2688 2337 2918 2406 creatis,
2948 2354 3055 2395 nec
3084 2353 3153 2393 ex
3176 2338 3280 2395 illa
3312 2339 3569 2412 ingenita
3596 2342 3854 2398 mentibus

488 2425 759 2484 turaliter
813 2424 1174 2498 Christianae,
1243 2449 1274 2478 ››
1351 2427 1413 2484 in
1471 2428 1577 2485 hoc
1630 2429 1920 2501 videlicet,
1978 2432 2135 2504 quod
2243 2426 2367 2483 suis
2405 2425 2507 2483 Dei
2556 2426 2900 2499 cognitione,
2949 2426 3119 2483 illum
3168 2434 3523 2503 agnoscunt,
3553 2435 3651 2487 aut
3690 2430 3859 2488 volunt

487 2515 730 2573 insitam
782 2532 817 2571 a
882 2519 1092 2572 natura
1122 2516 1334 2573 habeat
1374 2517 1493 2574 veri
1533 2518 2003 2578 Christianorum
2034 2521 2134 2579 Dei
2243 2531 2575 2590 agnoscere.

487 2604 902 2678 cognitionem,
931 2603 1058 2660 Non
1089 2605 1246 2661 enim
1280 2605 1474 2663 minas
1500 2608 1825 2679 perspicue,
1854 2608 2008 2667 sicut
2026 2628 2133 2668 suo
2313 2606 2388 2661 At
2415 2604 2552 2661 huic
2574 2604 2645 2660 de
2676 2603 2901 2661 homini
2925 2605 3129 2662 innata
3155 2606 3252 2662 Dei
3284 2608 3618 2682 cognitione
3635 2609 3859 2679 opinioni

487 2693 614 2751 loco
645 2692 995 2761 videbimus,
1014 2695 1172 2751 424
1201 2694 1339 2751 alibi
1370 2696 1626 2752 afﬁrmat
1654 2696 1799 2765 fieri,
1826 2715 1942 2755 non
1974 2700 2133 2757 nasci
2244 2698 2531 2766 quantum
2561 2693 2808 2765 gentiles
2837 2695 3013 2751 etiam
3045 2694 3389 2769 philosophi
3416 2699 3660 2765 faveant,
3682 2716 3744 2755 ex
3761 2698 3861 2754 illo-

486 2782 873 2843 Christianos.
919 2782 1309 2848 Quamobrem
1347 2784 1637 2842 Minucius
1693 2792 1893 2844 noster
1920 2788 2065 2845 dixit
2116 2805 2131 2845 :
2244 2799 2376 2839 rum
2424 2783 2663 2839 Oratore
2712 2781 2894 2839 latino
2944 2784 3141 2857 accipe
3192 2801 3207 2842 :
3264 2808 3297 2836 ι(
3355 2787 3493 2851 Quae
3539 2792 3646 2856 est,
3674 2787 3857 2859 inquit,

496 2895 519 2923 ι
551 2871 822 2941 Vulgaris
850 2870 959 2928 iste
991 2872 1277 2929 naturalis
1304 2888 1496 2930 sermo
1526 2878 1635 2942 est,
1683 2879 1787 2933 aut
1817 2876 2136 2935 Christiani
2244 2889 2388 2946 gens
2418 2875 2520 2929 aut
2557 2872 2713 2945 quod
2745 2888 2930 2939 genus
2977 2872 3316 2943 hominum,
3350 2877 3509 2948 quod
3541 2893 3653 2932 non
3683 2876 3861 2932 habeat

491 2960 829 3019 confitentis
859 2982 889 3011 υ
919 2960 1106 3017 Deum
1138 2961 1361 3018 scilicet
1388 2964 1672 3021 exsistere
1693 2987 1721 3016 «
1747 2967 1952 3024 oratio.
1981 2990 2002 3018 ι
2026 2968 2135 3024 Ubi
2245 2961 2372 3019 sine
2418 2960 2684 3018 doctrina
2729 2960 3204 3033 anticipationem
3252 2965 3579 3036 quamdam
3630 2966 3861 3031 deorum;

491 3065 627 3106 vero
674 3049 786 3106 hoc
832 3049 1091 3121 primum
1136 3067 1201 3106 ac
1250 3051 1609 3123 precipuum
1640 3069 1787 3110 veras
1835 3054 2135 3129 religionis
2246 3068 2423 3124 quam
2474 3049 2731 3123 appellat
2776 3046 3057 3125 πρόληψιν
3108 3051 3432 3125 Epicurus,
3480 3054 3540 3109 id
3588 3058 3692 3125 est,
3727 3057 3869 3109 ante-

493 3140 914 3196 documentum
956 3138 1132 3196 variis
1200 3142 1595 3212 comprobavit
1651 3142 2136 3216 philosophorum
2189 3214 2197 3216 Α
2247 3145 2473 3213 ceptam
2506 3139 2703 3196 animo
2743 3139 2822 3196 rei
2856 3140 3007 3198 425
3044 3142 3373 3212 quamdam
3407 3142 3868 3208 informationem.

492 3227 801 3301 gentilium
833 3226 1211 3299 testimoniis,
1242 3245 1311 3285 ex
1340 3229 1414 3285 iis
1461 3214 1761 3289 concludit
1790 3254 1818 3284 «
1853 3214 1956 3290 aut
1982 3253 2139 3293 nunc
2170 3214 2213 3282 C
2251 3230 2379 3287 sine
2407 3246 2521 3302 qua
2552 3244 2657 3285 nec
2688 3227 3066 3302 intelligi,nec
3098 3231 3307 3303 quaeri,
3332 3249 3441 3289 nec
3472 3232 3748 3306 disputari
3771 3246 3879 3304 pos-

496 3316 863 3375 Christianos
928 3331 1061 3374 esse
1135 3317 1537 3392 philosophos,
1609 3325 1712 3376 aut
1767 3321 2147 3397 philosophos
2254 3319 2332 3376 sit
2371 3317 2644 3375 7....Cum
2676 3317 2831 3374 enim
2874 3336 2989 3375 non
3034 3319 3314 3378 instituto
3340 3321 3565 3395 aliquo,
3598 3326 3697 3378 aut
3723 3335 3876 3385 more.

486 3407 614 3479 jam
664 3413 800 3462 tunc
849 3405 1030 3462 fuisse
1076 3405 1459 3480 Christianos,
1512 3429 1541 3459 ι)
1588 3408 1649 3465 in
1698 3410 1827 3478 hoc,
1862 3414 2017 3485 quod
2049 3431 2144 3471 ve-
2256 3412 2357 3464 aut
2379 3407 2505 3479 lege
2534 3406 2611 3463 sit
2636 3406 2834 3479 opinio
2864 3409 3206 3475 constituta,
3240 3416 3604 3483 maneatque
3632 3411 3699 3467 ad
3725 3424 3881 3466 unum

494 3512 626 3552 rum
656 3494 862 3563 Deum,
886 3511 1003 3551 non
1033 3511 1165 3551 vero
1191 3495 1306 3553 alia
1334 3496 1676 3555 Christianas
1710 3499 2003 3572 religionis
2029 3502 2149 3575 pla-
2256 3497 2522 3554 omnium
2556 3496 2726 3553 firma
2754 3498 3082 3565 consensio,
3115 3498 3373 3573 intelligi
3405 3516 3646 3556 necesse
3672 3504 3755 3556 est
3777 3513 3882 3553 esse

494 3585 613 3641 cita
659 3583 1018 3655 agnoverint.
1071 3585 1181 3640 Sed
1230 3586 1302 3641 de
1350 3585 1459 3643 hoc
1506 3587 1699 3644 adhuc
1747 3589 1806 3645 in
1847 3596 2049 3649 nostra
2077 3594 2149 3649 de
2256 3587 2440 3653 deos;
2490 3585 2767 3658 quoniam
2819 3585 3029 3643 insitas
3058 3603 3293 3656 eorum,
3325 3589 3419 3645 vel
3462 3589 3659 3662 potius
3686 3588 3885 3642 innatas

494 3671 843 3730 Tertulliani
875 3671 1243 3745 Apolegetica
1270 3672 1699 3734 dissertatione.
2257 3674 2622 3747 cognitiones
2652 3673 2959 3730 habemus.
3011 3675 3091 3731 De
3121 3693 3238 3749 quo
3283 3682 3488 3734 autem
3520 3678 3773 3734 omnium
3802 3691 3885 3728 na-

568 3760 852 3817 Cmterum
913 3762 1118 3818 eodem
1177 3761 1369 3835 plane,
1427 3780 1543 3837 quo
1602 3764 1702 3822 ille
1751 3769 1807 3823 et
1854 3767 2149 3827 Minucius
2255 3767 2391 3819 tura
2426 3762 2734 3831 consentit,
2787 3763 2858 3819 ad
2912 3779 3114 3821 verum
3167 3782 3303 3823 esse
3363 3783 3609 3825 necesse
3637 3769 3739 3823 est.
3769 3764 3885 3820 Esse

498 3853 716 3918 noster,
734 3850 907 3905 modo
938 3855 1382 3923 argumentatur
1409 3851 1724 3910 Arnobius.
1750 3874 1779 3905 «
1805 3855 1910 3924 Da,
1931 3854 2146 3929 inquit,
2258 3851 2440 3924 igitur
2469 3852 2607 3908 deos
2638 3852 3035 3909 conﬁtendum
3064 3857 3172 3909 est.
3204 3877 3233 3904 ν
3260 3856 3432 3928 (Cic.,
3457 3857 3562 3912 lib.
3595 3873 3614 3912 ι
3643 3855 3882 3911 deNatur.

497 3955 696 3995 verum
737 3938 1053 4009 judicium,
1105 3942 1162 3995 et
1213 3939 1335 3996 hac
1383 3942 1585 3998 omnia
1642 3942 2148 4017 circumspiciens,
2257 3940 2428 4010 ιίεον.ν
2481 3956 2614 4013 pag.
2660 3941 2789 4010 202,
2839 3940 2944 3997 lin.
2993 3942 3030 3997 5
3075 3947 3132 3997 et
3159 3946 3361 4017 seqq.)
3393 3945 3548 4010 Quid
3594 3949 3778 4001 autem
3805 3938 3888 3996 illa

499 4044 630 4100 quis
682 4027 968 4095 videmus,
1018 4028 1204 4099 magis
1250 4046 1327 4085 an
1378 4029 1499 4086 sint
1542 4030 1624 4087 dii
1674 4033 1883 4099 caeteri,
1916 4033 2148 4091 dubita-
2258 4029 2516 4086 hominis
2540 4028 2755 4085 ethnici
2786 4031 3152 4087 confessione
3182 4036 3242 4088 et
3273 4032 3784 4107 argumentatione
3808 4044 3887 4084 νο·

498 4117 604 4185 bit,
656 4132 834 4188 quam
867 4116 927 4172 in
962 4121 1073 4172 Deo
1112 4117 1503 4187 cunctabitur,
1554 4135 1730 4191 quem
1761 4138 1889 4179 esse
1945 4140 2151 4182 omnes
2260 4119 2407 4185 rius,
2437 4118 2552 4175 nisi
2581 4120 2721 4175 deos
2750 4136 2890 4176 suos
2921 4136 3025 4192 pro
3055 4137 3190 4177 vero
3220 4126 3283 4179 et
3313 4123 3497 4181 unico
3523 4129 3635 4179 Deo
3662 4114 3889 4178 dixisse?

500 4204 849 4262 naturaliter
869 4206 1114 4271 scimus,
1138 4206 1259 4262 sive
1279 4207 1933 4269 cumexclamamus:0
1964 4212 2147 4270 Deus!
2259 4209 2331 4265 At
2378 4207 2528 4279 vide,
2579 4225 2795 4281 quaeso,
2849 4226 2923 4265 an
2974 4208 3133 4266 hunc
3180 4228 3454 4269 errorem
3505 4208 3889 4275 emendaverit,

499 4295 621 4351 sive
651 4310 787 4351 cum
817 4293 987 4349 illum
1019 4298 1226 4350 testem
1258 4295 1676 4355 constituimus
1723 4299 2150 4372 improborum,
2260 4296 2362 4352 ubi
2395 4298 2560 4353 Ennii
2590 4298 2924 4355 testimonio
2967 4300 3224 4355 ostendit
3254 4301 3425 4358 hunc
3474 4317 3680 4358 verum
3712 4299 3889 4362 Deum.

499 4386 557 4439 et
585 4382 752 4454 quasi
782 4398 891 4438 nos
920 4389 1117 4437 cernat
1148 4383 1353 4439 faciem
1403 4384 1783 4444 sublevamus
1826 4389 1886 4444 in
1936 4387 2150 4446 coelum
2261 4387 2434 4444 sicuti
2464 4387 2753 4443 Minucius
2782 4392 2839 4442 et
2856 4388 3257 4447 Tertullianus
3282 4391 3478 4463 aiunt,
3502 4392 3663 4448 Jovis
3693 4386 3895 4446 nomine

499 4471 736 4542 (Arnob.
769 4470 920 4526 lib.u
950 4471 1161 4529 advers.
1197 4472 1349 4529 Gent.
1382 4472 1496 4530 init
1526 4491 1657 4547 pag.
1688 4477 1801 4549 43).
1836 4499 1867 4527 ››
2262 4478 2333 4534 ab
2365 4477 2641 4534 omnibus
2671 4477 2946 4533 invocari:
2980 4499 3009 4529 ‹‹
3041 4478 3206 4542 Quod
3241 4480 3307 4535 ni
3339 4481 3428 4537 ita
3458 4484 3681 4553 esset,»
3712 4473 3893 4549 inquit,

569 4560 833 4651 Denique
866 4561 1198 4651 Lactantius
1238 4561 1513 4620 similiter
1531 4562 1592 4619 in
1638 4565 1903 4624 ethnicos
1946 4567 2151 4642 dispu-
2182 4583 2229 4651 D
2262 4588 2290 4617 α
2323 4567 2422 4640 qui
2462 4565 2751 4638 potuisset
2797 4581 3044 4622 assensu
3075 4567 3353 4625 omnium
3406 4569 3605 4626 dicere
3635 4564 3895 4625 Emniusi

498 4652 604 4705 tat.
641 4667 668 4701 α
696 4648 846 4705 Nam
876 4666 1009 4705 cum
1041 4650 1257 4722 iurant,
1307 4651 1519 4725 inquit,
1568 4656 1625 4710 et
1668 4671 1804 4711 cum
1837 4660 2062 4729 optant,
2090 4662 2150 4715 et
2185 4648 2213 4651 ί
2422 4734 2429 4735 ί
2525 4734 2551 4735 ρ
2755 4670 2944 4735 Aspice
2974 4671 3078 4722 hoc

499 4753 636 4794 cum
667 4737 888 4811 gratias
938 4744 1138 4811 agunt,
1189 4756 1304 4797 non
1345 4741 1574 4811 Jovem,
1605 4748 1709 4800 aut
1735 4744 1874 4802 deos
1906 4746 2146 4819 multos,
2411 4733 2930 4819 SHQIEEILCWCWDB»
2954 4748 3114 4799 quem
3144 4735 3413 4789 ἱηνοοιηι
3443 4750 3641 4789 omne!

508 4826 608 4883 sed
639 4827 825 4884 Deum
873 4828 1199 4899 nominant,
1232 4830 1376 4886 adeo
1432 4830 1562 4903 ipsa
1607 4831 1853 4903 veritos,
1903 4798 2146 4910 cogente
2257 4895 2298 4910 ﬂ
2502 4798 2749 4910 Joveifh,
3013 4897 3023 4910 ,
3104 4896 3120 4910 ,
3234 4896 3245 4908 ,

502 4918 734 4986 natura,
764 4916 940 4973 etiam
972 4917 1044 4974 ab
1068 4890 1265 4974 invitis
1287 4890 1619 4991 pectoribus
1635 4890 2146 4994 erumpit.n.o.v—.".
2257 4895 2415 4997 nam,
2448 4910 2584 4999 vero,
2612 4898 2670 4951 et
2715 4894 2917 4999 δονίῗω
2974 4897 3060 4999 et,
3088 4896 3553 4999 dQUE‘Enmfm,
3592 4909 3803 4964 mrum’
3854 4890 3901 4945 et

499 5006 571 5061 At
597 5022 734 5063 vero
785 5007 834 5063 si
886 5024 1003 5080 qua
1051 4985 1368 5063 necessitas
1418 5008 1611 5080 gravis
1662 4985 1962 5081 presserit,
2007 5016 2149 5071 tunc
2257 4985 2457 5041 omnia
2487 4987 2632 5040 nutu
2664 4987 2976 5056 regentem’
3012 4987 3070 5040 et
3099 4989 3166 5041 ut
3195 4985 3364 5042 idem
3398 4987 3658 5055 Ennius'

499 5093 685 5151 Deum
717 5098 1113 5153 recordantur.
1166 5095 1224 5151 Si
1258 5094 1393 5152 belli
1422 5099 1642 5153 tremor
1681 5097 2066 5169 infremuerit,
2098 5101 2149 5159 si
2598 5091 2806 5141 Ραίτθω
2836 5086 3128 5155 divumque
3155 5090 3592 5158 hominumque-

500 5182 780 5241 alimenta
831 5185 1096 5258 frugibus
1143 5184 1319 5256 longa
1383 5184 1616 5243 siccitas
1667 5187 2054 5260 denegaverit,
2097 5190 2148 5248 si
2255 5192 2313 5247 et
2342 5192 2708 5262 prmeentem,
2732 5204 2799 5244 ac
2828 5191 3250 5261 praepotentem
3276 5188 3677 5257 Deum.Quod
3706 5184 3800 5260 qui
3823 5182 3911 5238 du-

499 5290 649 5330 szeva
678 5278 1023 5345 tempestas,
1048 5273 1097 5329 si
1122 5274 1345 5344 grando
1376 5273 1677 5344 ingruerit,
1700 5275 1772 5332 ad
1804 5280 1983 5334 Deum
2016 5296 2149 5336 con-
2254 5279 2421 5345 bitat,
2456 5277 2613 5334 haud
2645 5292 2783 5334 sane
2814 5275 3102 5350 intelligo,
3132 5293 3239 5332 cur
3271 5294 3399 5335 non
3426 5278 3614 5348 idem,
3639 5274 3725 5334 sol
3752 5272 3908 5339 sit,an

494 5361 749 5433 fugiunt,
782 5378 817 5416 a
845 5361 964 5417 Deo
996 5361 1212 5433 petitur
1241 5361 1562 5434 auxilium;
1615 5369 1789 5435 Deus,
1826 5371 1891 5422 ut
1938 5368 2145 5427 subve-
2256 5366 2453 5423 nullus
2484 5366 2582 5434 sit,
2615 5366 2885 5423 dubitare
2916 5366 3123 5439 possit.
3164 5388 3193 5418 ››
3227 5365 3388 5440 (Lib.
3425 5384 3466 5424 ιι
3496 5367 3569 5424 de
3595 5368 3719 5424 Nat.
3750 5362 3905 5426 deor"

495 5447 640 5518 niat,
702 5452 919 5505 oratur.
978 5450 1037 5506 Si
1095 5449 1230 5523 quis
1283 5448 1343 5506 in
1402 5452 1568 5524 mari,
1626 5458 1798 5512 vento
1849 5457 2143 5528 saeviente,
2254 5473 2381 5529 pag.
2412 5456 2538 5528 214,
2572 5454 2681 5513 lin.
2722 5455 2790 5510 12
2821 5458 2878 5512 et
2911 5456 3101 5527 seqq.)
