3962 6176
218 316 318 375 437

1582 301 2127 365 DlSSERTATlO.

1940 75 1972 98 η

3427 300 3559 362 ,438

1661 435 1922 498 CAPUT
1966 436 2070 498 VI.

1619 536 1706 594 De
1774 534 1902 594 Dso
1973 550 2124 594 uno.

581 642 978 699 ARTICULUS
1037 641 1329 702 PRIMUS.

208 737 521 796 Kraminatur
566 736 953 799 argumentum
991 748 1098 802 quo
1155 729 1405 786 Octavius
1442 729 1790 802 ethnicorum

249 811 508 880 poetarum
555 806 781 880 Homeri
809 800 1158 880 ι’Ῑ-νίιῄξιίἰἰ
1177 800 1626 880 phitosopttorum
1652 800 1786 854 Tha-

254 873 375 946 letis,
423 877 794 932 Anaximenis.
819 876 1077 943 Diogenis
1124 874 1531 946 Apottom'atis,_
1567 873 1787 926 Anaxa-

249 944 396 1020 gorae,
447 948 768 1018 Pythagora
825 950 874 1001 et
903 944 1263 1020 Xenopha'nis
1318 944 1583 999 auctorite
1612 958 1787 998 unum

248 1017 504 1077 duntmt’
519 1021 688 1074 Deum
709 1033 821 1073 esse
851 1017 1104 1072 ostendit.

245 1125 714 1195 Quemadmodum
741 1123 1032 1178 Minucius
1059 1120 1445 1178 validissimis
1486 1120 1780 1176 rationum

194 1213 453 1272 momentis
483 1229 547 1269 ac
578 1211 879 1269 communi
909 1211 1173 1267 omnium
1229 1209 1580 1283 populorum
1642 1225 1778 1264 con-

191 1321 326 1361 sensu
349 1303 704 1358 demonstrat
735 1301 918 1356 Deum
951 1316 1150 1356 revera
1179 1298 1451 1364 existere,
1483 1298 1566 1353 ita
1601 1297 1776 1354 etiam

190 1393 316 1448 illum
343 1391 502 1464 plane
532 1389 776 1446 unicum
808 1405 956 1455 esse,
987 1389 1376 1462 ipsorummet
1404 1385 1774 1444 ethnicorum

189 1496 286 1538 cum
324 1484 612 1554 poetarum
672 1484 798 1535 tum
883 1478 1366 1551 philosOphorum
1441 1475 1776 1532 testimonio

186 1569 454 1626 luculenter
479 1568 757 1626 ostendit.
790 1570 836 1624 A
876 1567 1060 1640 poetis
1108 1571 1304 1622 autem
1362 1565 1449 1621 sic
1505 1565 1770 1620 orditur:

190 1659 397 1729 .Audio,
429 1681 456 1708 »
537 1657 754 1730 inquit,
815 1661 1015 1729 poetas
1093 1671 1328 1728 quoque
1415 1670 1601 1710 unum
1672 1669 1773 1724 pa-

186 1752 294 1802 trem
321 1747 507 1802 divum
539 1751 720 1819 atque
749 1745 1056 1802 hominum
1089 1744 1494 1817 praedicantes,
1517 1746 1574 1799 et
1592 1741 1772 1796 talem

184 1852 274 1892 esse
301 1835 623 1892 mortalium
658 1839 939 1903 mentem,
972 1832 1205 1906 qualem
1234 1849 1448 1906 parens
1505 1831 1771 1887 omnium

184 1925 359 1980 dixerit.
388 1946 415 1975 ν

1815 639 1869 705 Α
1898 641 1955 694 et
1985 638 2250 710 quaedam
2283 637 2458 693 verba
2489 635 2758 710 quamvis
2800 651 2872 692 ex
2902 635 3133 692 duobus
3192 636 3320 706 ejus
3379 635 3544 692 libris

1897 731 2186 800 excerpta,
2231 727 2386 782 hunc
2440 725 2673 782 exhibet
2736 726 2797 782 in
2851 727 3128 782 modum:
3170 749 3190 775 ι
3253 726 3543 798 Principio

1896 815 2107 871 cmlum
2140 820 2198 872 et
2229 819 2435 881 terras,
2458 819 2515 870 et
2533 818 2738 870 castora
2758 815 2964 871 mundi
2989 816 3272 881 membra,
3298 815 3540 887 spiritus

1893 903 2054 962 intus
2085 904 2206 972 alit,
2241 909 2296 960 et
2323 903 2518 961 infusa
2567 919 2734 960 mens
2773 903 2988 975 agitat;
3039 903 3173 958 inde
3229 903 3537 959 hominum

1892 993 2303 1064 pecudumque
2331 995 2600 1065 genuszet
2623 991 2910 1064 quidquid
2935 991 3093 1047 aliud
3116 991 3483 1048 animalium.
3509 1014 3537 1041 ››

1890 1079 2052 1138 Idem
2083 1081 2196 1137 alio
2228 1080 2354 1137 loeo
2386 1084 2639 1137 mentem
2670 1079 2844 1136 istam
2876 1085 2933 1136 et
2949 1080 3224 1153 spiritum
3250 1081 3535 1138 nominat.

1888 1173 2021 1224 Hec
2074 1171 2229 1226 enim
2282 1171 2411 1241 ejus
2467 1173 2643 1225 sunt:
2682 1191 2704 1218 ι
2768 1173 2952 1224 Deum
3008 1184 3262 1240 namque
3310 1168 3393 1224 ire
3436 1186 3538 1241 per

1887 1275 2092 1315 omnes
2163 1263 2464 1331 terrasque
2527 1261 2872 1328 tractusque
2941 1256 3144 1326 maris,
3205 1257 3537 1329 coelumque

1887 1347 2288 1417 profundum:
2350 1347 2505 1402 unde
2590 1345 2858 1402 homines
2916 1349 2972 1402 et
3047 1345 3321 1418 pecudes,
3383 1346 3538 1402 unde

1883 1431 2075 1490 imber
2101 1439 2157 1490 et
2177 1435 2361 1506 ignes.
2386 1456 2414 1486 »
2447 1434 2572 1490 Non
2603 1433 2781 1507 igitur
2834 1433 3060 1491 inutilis
3109 1433 3348 1490 omnino
3404 1433 3537 1505 qui-

1884 1523 2136 1578 busdam
2165 1539 2350 1594 operas
2383 1523 2634 1594 pretium
2667 1521 2775 1580 erit
2825 1522 3085 1596 integros
3139 1539 3342 1578 versus
3399 1521 3552 1579 illos'

1883 1611 2228 1683 describere,
2288 1616 2344 1667 et
2395 1612 2650 1668 indicare
2701 1612 2801 1667 ubi
2859 1610 3242 1683 reperiantur.
3300 1611 3532 1669 Priores

1882 1706 2078 1756 autem
2109 1700 2170 1755 in
2200 1705 2358 1757 sexto
2389 1700 2661 1756 [Eneidos
2691 1699 2826 1756 libri
2852 1699 2937 1756 sio
2973 1699 3286 1773 leguntur:

1944 1825 2208 1888 Principio
2237 1825 2450 1888 coelum,
2479 1828 2666 1888 terras,
2697 1837 3019 1888 camposque
3048 1823 3332 1888 liquentes,

1944 1886 2338 1951 Lucentemque
2367 1887 2582 1951 globum
2616 1886 2776 1946 lunas,
2805 1886 3121 1951 Titaniaque
3173 1890 3338 1947 astra,

1943 1950 2170 2010 Spiritus
2199 1949 2344 1998 intus
2376 1949 2504 2010 alit;
2531 1952 2800 2011 totamque
2829 1949 3008 1998 infusa
3035 1949 3134 2011 per
3161 1953 3307 1998 artus

231 2014 404 2070 Utrum
433 2029 565 2071 vero
599 2013 780 2070 unius
812 2016 987 2083 poetas
1041 2012 1222 2068 Graaci
1281 2009 1370 2067 vel
1428 2009 1639 2079 Latini,
1699 2025 1771 2064 an
1806 2011 1854 2077 B
1945 2009 2098 2083 _Me_ns_
2123 2014 2287 2083 agitat
2315 2009 2608 2083 molem,‘et
2629 2009 2824 2073 magno
2855 2023 2911 2060 se
2939 2009 3161 2083 corpore
3190 2011 3380 2083 miscet

181 2101 382 2174 plurium
411 2101 530 2158 sint
562 2101 691 2156 haec
720 2101 913 2170 verba,
949 2116 982 2154 a
1032 2098 1200 2154 nobis
1255 2099 1502 2153 fortasse
1551 2095 1768 2168 aliquis

179 2191 396 2263 requiret.
428 2193 499 2246 At
551 2190 616 2246 in
675 2190 790 2246 ﬁne
850 2188 1169 2261 superioris
1221 2185 1452 2243 articuli
1509 2185 1768 2241 vidimus

174 2278 343 2350 Jovem,
393 2295 565 2351 quem
604 2293 808 2335 omnes
864 2277 1155 2344 invocant,
1215 2275 1287 2332 ab
1365 2275 1550 2332 Ennio
1598 2278 1770 2348 poeta

173 2369 315 2423 vocari
343 2373 628 2423 «Datrem
658 2366 977 2438 divumque
1019 2365 1466 2437 hominumque.
1505 2387 1526 2414 ι
1570 2363 1767 2420 Cicero

173 2461 320 2512 autem
349 2457 424 2513 ibi
453 2455 710 2513 Balbum
739 2455 996 2513 Stoicum
1027 2455 1255 2511 inducit
1282 2453 1405 2510 haec
1432 2454 1561 2526 ipsa
1588 2453 1768 2509 verba

171 2545 416 2614 nitentem,
458 2547 685 2620 quibus
726 2543 1221 2618 prmetantissimsa
1269 2543 1484 2599 mentis
1538 2542 1764 2598 Numen

171 2635 362 2691 existere
387 2636 719 2692 confirmet.
750 2636 1053 2691 Testatum
1085 2637 1364 2706 praeterea
1399 2631 1766 2704 Augustinus

171 2724 273 2778 facit
294 2725 550 2780 eumdem
589 2725 929 2780 Ciceronem
952 2722 1354 2796 (August.,lib.
1386 2737 1444 2790 v,
1477 2722 1549 2777 de
1578 2719 1762 2776 Civitu

171 2828 262 2884 cap.
283 2815 329 2878 8,
357 2831 410 2885 p.
440 2815 587 2881 121),
628 2813 728 2869 ubi
757 2815 962 2885 probat
984 2830 1017 2868 a
1044 2811 1274 2868 Sloilcis
1293 2812 1500 2868 Jovem
1525 2833 1554 2862 «
1588 2825 1763 2881 quem

171 2917 416 2958 summum
472 2903 667 2959 Deum
743 2925 772 2952 »
850 2902 1154 2974 putabant,
1268 2898 1571 2973 appellari,
1656 2897 1764 2954 bos

169 2990 332 3048 citasse
357 2993 594 3049 Homeri
629 3007 852 3060 versus,
881 2990 1078 3063 sicque
1106 2991 1167 3046 in
1219 2989 1463 3046 latinam
1520 2986 1765 3044 vertisse

167 3078 376 3152 linguam
399 3098 412 3137 :

207 3185 303 3236 Tale
328 3189 446 3236 sunt
477 3186 770 3237 hominum
802 3188 1008 3236 mentes
1035 3184 1179 3249 quali
1209 3188 1361 3247 pater
1399 3185 1513 3248 ipse

212 3250 284 3299 242
305 3250 504 3313 Jupiter
536 3249 829 3300 auctiferas
858 3250 1104 3298 lustravit
1131 3249 1330 3298 lumine
1355 3251 1544 3298 terras.

163 3342 207 3398 [Π
243 3350 414 3404 autem
471 3364 686 3403 versus
715 3347 870 3419 apud
929 3346 1252 3419 ipsummet
1302 3348 1619 3400 Homerum
1677 3343 1761 3400 sic
1792 3374 1834 3441 Ο

161 3431 302 3490 Grece
326 3436 685 3492 exhibentur
711 3452 725 3491 :

256 3545 416 3616 Teios
428 3540 543 3616 Tia
565 3539 698 3601 νόος
710 3538 866 3616 ⁸ἐστὶν
902 3536 1129 3616 ἐπιχοογ
1142 3537 1236 3616 law
1247 3537 1590 3616 μᾶνθρῴπφν,

261 3612 369 3666 Οἷον
401 3607 479 3668 ἐτὶ⁹
557 3632 671 3686 μαρ
702 3609 865 3680 ἅνησε
894 3607 1074 3685 πατῆρ
1103 3607 1312 3686 ἀνδρῶν
1335 3607 1396 3664 τὲ
1425 3611 1556 3663 θεῶν
1579 3629 1658 3665 τε.

490 3704 718 3774 (Hom.,
755 3701 953 3772 Odyss.
987 3718 1147 3768 xvm,
1192 3718 1248 3756 v.
1301 3699 1448 3771 135.)

161 3801 272 3866 Quos
296 3807 527 3866 Latinus
561 3809 856 3880 interpres
887 3807 970 3863 sic
1010 3806 1262 3862 reddidit
1288 3823 1302 3862 :

165 3909 269 3967 Tali:
287 3917 419 3969 enim
448 3931 614 3970 mens
644 3919 723 3970 est
753 3914 1098 3969 terrestrium
1153 3912 1440 3967 hominum

163 3980 332 4048 thlem
357 3988 611 4058 quotidie
637 3985 789 4041 ducit
801 3993 962 4056 pater
993 3984 1380 4055 hominumque
1407 3981 1754 4070 deorumque.

209 4106 402 4166 Scimus
432 4110 680 4182 quidem
712 4127 748 4166 a
779 4109 1080 4165 Lactantio
1119 4108 1425 4174 traditum,
1478 4105 1626 4162 nihil
1681 4104 1756 4160 ab

160 4191 348 4252 Homero
375 4200 497 4254 dari
531 4197 801 4270 potuisse
830 4198 982 4270 quod
1016 4196 1297 4270 pertineat
1320 4197 1391 4252 ad
1417 4194 1754 4262 veritatem;

160 4282 321 4355 quippe
348 4288 441 4359 qui
470 4288 744 4343 humana
782 4287 979 4359 potius
1025 4302 1204 4358 quam
1259 4285 1458 4340 divina
1509 4282 1758 4340 conscri-

164 4372 630 4444 PSEPit(Lactant..
664 4375 766 4431 lib.
800 4393 818 4430 ι
848 4377 1032 4432 lnstit.
1087 4376 1286 4441 divin,
1321 4390 1447 4445 cap.
1505 4374 1561 4438 5,
1619 4388 1752 4444 pag.

165 4454 252 4525 21)-
277 4462 457 4520 Verum
491 4470 891 4538 praeterquam
919 4463 1072 4536 quod
1105 4463 1298 4519 Cicero
1329 4461 1448 4517 haec
1495 4460 1756 4517 carmina

1947 2075 2074 2124 lnde
2086 2072 2364 2124 hominum
2379 2072 2750 2136 pecudumque
2782 2072 3214 2136 genus,vitceque
3228 2074 3524 2135 volantum,

1939 2138 2001 2186 Et
2031 2150 2151 2200 quas
2177 2135 2473 2200 marmoreo
2496 2135 2878 2200 ffertgmonstra
2907 2135 3006 2200 sub
3047 2135 3262 2198 aequore
3309 2139 3526 2199 pontus.

2093 2199 2321 2263 (Virgil.,
2351 2197 2579 2257 Λῑηεὶάη
2611 2198 2650 2247 ι.
2683 2211 2753 2256 vr,
2787 2211 2838 2246 υ.
2867 2199 2960 2246 “H9
2989 2201 3043 2246 et
3071 2201 3245 2261 seqq.)

1876 2313 2232 2372 Posteriores
2259 2330 2394 2370 vero
2423 2312 2484 2368 in
2517 2311 2933 2386 Georgicorum
2972 2309 3122 2370 libro
3183 2316 3392 2386 quarto
3444 2313 3528 2370 sic

1877 2401 2170 2459 habentur
2197 2419 2213 2460 :

2372 2509 2538 2558 Deum
2571 2520 2803 2572 namque
2832 2507 2911 2572 ire
2938 2521 3036 2570 per
3066 2521 3254 2558 omnes

1933 2571 2228 2636 Terraeque
2250 2573 2566 2636 tractusque
2627 2571 2788 2636 maris
2819 2571 3121 2634 caelumque
3177 2571 3519 2636 profundum,

1936 2635 2071 2684 Hinc
2095 2634 2344 2692 pecudes,
2378 2637 2636 2692 armenta,
2667 2634 2829 2690 viros,
2859 2646 3032 2696 genus
3055 2646 3214 2684 omne
3261 2635 3516 2696 ferarum,

1934 2697 2337 2760 Quemquegsibi
2367 2699 2556 2760 tenues
2571 2700 2900 2760 pascentem
2931 2709 3202 2746 arcessere
3236 2696 3392 2760 vitas.

2183 2757 2370 2821 (idem,
2403 2759 2442 2808 Ι.
2475 2771 2524 2808 ιν
2555 2757 2808 2821 θεωρία,
2842 2772 2889 2807 υ.
2924 2760 3014 2808 220
3046 2760 3100 2808 et
3129 2758 3303 2822 seqq.)

1873 2872 1936 2929 In
1967 2872 2076 2928 hos
2104 2876 2322 2938 autem,
2354 2888 2421 2928 ac
2450 2870 2826 2943 potissimum
2845 2871 3068 2943 priores
3090 2888 3292 2927 versus
3315 2871 3510 2946 legen-

1873 2962 1960 3018 dte
1989 2966 2125 3018 sunt
2153 2960 2333 3018 Servii
2363 2958 2817 3016 observationes.
2852 2958 3055 3016 Plures
3084 2959 3230 3015 alios
3257 2976 3324 3016 ac
3373 2977 3512 3033 prte-

1871 3052 2040 3123 cipue
2069 3051 2297 3106 Grmcos
2328 3053 2550 3122 poetas,
2583 3049 2654 3103 de
2706 3048 2943 3119 quibus,
3003 3048 3301 3119 superiore
3354 3052 3513 3107 torno

1869 3139 2118 3213 egimus,
2150 3136 2440 3196 Minucius
2469 3136 2647 3192 citare
2676 3140 2904 3208 poterat
2957 3135 3121 3208 (tom.
3157 3135 3179 3192 Ι
3224 3137 3508 3209 Apparat.,

1871 3244 2004 3301 pag.
2032 3229 2198 3297 784):
2230 3227 2331 3283 sed
2363 3225 2502 3298 quia
2524 3223 2956 3289 Homerum,uti
2977 3225 3513 3296 apparet,omnium

1871 3319 2203 3373 Graecorum
2245 3318 2567 3387 poetarum.
2623 3313 2920 3369 Maronem
2978 3328 3114 3369 vero
3171 3313 3510 3371 Latinorum

1871 3404 2240 3477 coryphaeum
2273 3419 2342 3458 ac
2371 3401 2694 3474 principem
2726 3401 2908 3458 fuisse
2929 3417 3100 3457 nemo
3123 3419 3238 3457 non
3272 3401 3508 3469 fatetur,

1866 3493 2082 3549 idcirco
2140 3491 2349 3546 horum
2412 3489 2752 3545 testimonia
2817 3489 2889 3544 ad
2958 3488 3315 3561 praecipuum
3367 3488 3513 3546 illud

1867 3580 2206 3637 Christianas
2230 3578 2530 3650 religionis
2560 3579 2711 3635 427
2739 3578 2956 3650 dogma
2975 3578 3347 3650 probandum
3369 3578 3514 3635 satis

1867 3686 2159 3743 superque
2189 3684 2317 3725 esse
2348 3667 2721 3724 existimavit.

1937 3759 2024 3814 Ad
2056 3757 2403 3814 celebriores
2435 3757 2632 3830 itaque
2660 3754 3040 3829 philosophos
3083 3755 3317 3825 transit,
3378 3773 3510 3828 pro-

1865 3849 2080 3920 batque
2112 3863 2211 3903 eos
2241 3846 2302 3902 in
2335 3846 2624 3917 eamdem,
2657 3844 2767 3900 etsi
2798 3860 2914 3899 non
2945 3843 3156 3900 iisdem
3187 3845 3403 3908 verbis,
3448 3861 3508 3901 re

1864 3942 2061 3993 tamen
2109 3951 2247 3991 vera
2300 3934 2669 4007 conspirasse
2730 3931 3100 3988 sententiam.
3166 3935 3209 3986 Α
3266 3931 3506 3988 Thalete

1864 4029 2059 4082 autem
2088 4023 2318 4080 dicendi
2349 4024 2433 4079 sic
2465 4023 2601 4078 facit
2627 4021 2898 4089 initium;
2926 4043 2954 4072 ‹‹
2983 4019 3195 4077 Thales
3223 4020 3502 4089 Milesius,

1865 4114 1964 4187 qui
1994 4112 2158 4184 prius
2186 4110 2453 4167 omnium
2476 4112 2546 4167 de
2577 4109 2911 4166 ccelestibus
2943 4109 3285 4180 disputavit,
3309 4125 3504 4165 rerum

1863 4199 2096 4256 initium
2130 4215 2365 4271 aquam,
2397 4219 2425 4250 »
2462 4202 2527 4253 ut
2555 4197 2698 4254 alibi
2729 4197 3006 4263 vidimus,
3029 4219 3059 4247 «
3110 4197 3274 4262 dixit,
3320 4196 3506 4252 Deum

1863 4295 2060 4346 autem
2091 4305 2219 4344 eam
2245 4292 2499 4343 mentem
2531 4304 2660 4359 quae
2686 4303 2755 4342 ex
2786 4302 2942 4357 aqua
2971 4293 3180 4340 cuncta
3223 4285 3506 4341 formave-

1863 4378 1941 4433 rit
1973 4399 2003 4427 »
2033 4381 2195 4448 (tom.
2233 4375 2251 4430 Ι
2283 4376 2572 4447 Apparat.,
2619 4389 2750 4446 pag°
2809 4373 2914 4428 434
2943 4377 3001 4428 et
3051 4373 3200 4446 776).
3261 4373 3329 4428 Et
3385 4372 3509 4430 haec

1864 4465 2101 4538 quidem
2171 4464 2413 4534 decepta
2471 4463 2741 4517 videntur
2816 4477 2886 4515 ex
2940 4459 3236 4531 Cicerone,
3269 4461 3369 4516 ubi
3429 4462 3502 4519 de

165 4547 386 4618 tanquam
415 4555 668 4625 probata
698 4551 909 4608 Stoicis
938 4551 1153 4619 citavit,
1204 4567 1274 4607 ea
1319 4567 1459 4606 sane
1515 4549 1753 4605 Minucii
1856 4554 2067 4609 eadem
2126 4568 2191 4607 ac
2256 4550 2548 4605 Minucius
2582 4554 2800 4616 noster,
2853 4547 3175 4620 quaestione
3219 4549 3504 4622 disputat.

162 4638 302 4690 nostri
327 4642 622 4714 proposito
652 4641 740 4696 sic
796 4643 1148 4714 congruunt,
1203 4644 1269 4694 ut
1325 4639 1395 4694 ad
1443 4638 1544 4694 illa
1590 4637 1752 4694 colli-

161 4735 319 4783 neasse
343 4728 510 4801 plane
539 4729 830 4786 videatur.
863 4729 917 4785 Si
950 4727 1082 4801 quis
1102 4732 1318 4793 tamen,
1347 4731 1448 4782 aut
1477 4727 1752 4793 Ennium,
1782 4742 1826 4806 ἶ)

161 4815 237 4865 aut
262 4815 388 4873 alios
417 4823 626 4890 poetas
656 4818 738 4874 ibi
768 4818 840 4874 ab
865 4817 964 4874 illo
996 4817 1161 4873 citari
1191 4816 1361 4873 nobis
1408 4819 1560 4872 recte
1615 4833 1748 4888 pro-

160 4895 355 4970 baverit,
385 4905 468 4962 illi
502 4906 705 4962 statim
755 4906 1217 4962 subscribemus.

209 4989 346 5047 Alter
373 5001 542 5067 poeta
570 5013 604 5052 a
635 4995 912 5060 Minucio,
943 4995 1441 5066 quemadmodum
1492 4999 1692 5067 postea
1718 5011 1754 5050 a

161 5073 409 5138 Lactantio
466 5085 777 5155 (Lactant.,
840 5083 939 5140 lib.
987 5101 1006 5140 ι
1062 5085 1242 5140 Instit.
1299 5084 1474 5140 divin.
1537 5100 1662 5156 cap.
1693 5085 1750 5150 5,

162 5177 263 5235 βας.
301 5169 406 5240 22),
441 5173 678 5228 nomine
707 5189 816 5229 suo
845 5173 930 5228 sic
987 5171 1392 5244 appellaturm
1417 5171 1560 5235 Quid
1592 5175 1754 5227 Man-

163 5255 336 5312 tuanus
363 5259 567 5315 Maro?
596 5262 792 5317 Eonne
832 5260 1118 5333 apertius,
1186 5259 1507 5332 proximius
1561 5266 1617 5316 et
1665 5277 1758 5316 ve-

168 5337 276 5408 rius,
306 5365 332 5393 »
362 5345 420 5400 id
451 5351 544 5402 est
573 5349 830 5421 propius,
851 5350 925 5405 ad
950 5365 1143 5404 veram
1170 5349 1243 5404 de
1273 5353 1384 5404 Deo
1407 5349 1755 5404 sententiam

168 5431 364 5498 accedit,
397 5450 636 5508 eamque
647 5437 908 5510 apertius
924 5440 981 5492 et
1001 5436 1192 5493 verius
1214 5435 1469 5493 declarat
1485 5436 1512 5490 ?
1543 5458 1570 5486 ››
1597 5436 1758 5493 Illius

168 5515 325 5610 tamen
353 5539 554 5581 versus
582 5530 781 5584 auctor
810 5529 1006 5583 noster
1037 5542 1141 5582 nec
1179 5526 1457 5599 integrost
1501 5542 1604 5582 nec
1641 5542 1757 5598 quo

175 5607 220 5660 in
241 5607 374 5671 libro
401 5612 742 5688 habeantur,
773 5617 875 5676 sed
913 5632 1117 5674 eorum
1161 5615 1443 5674 duntaxat
1493 5631 1758 5688 sensum,

1862 4639 2349 4712 Philosophorum
2397 4637 2576 4707 enim,
2657 4636 2831 4692 sicuti
2885 4637 3003 4704 ille,
3064 4638 3366 4710 Opinioncs
3425 4638 3507 4696 ibi

1861 4733 2142 4796 recenset,
2175 4731 2350 4800 atque
2381 4727 2452 4782 ab
2480 4727 2682 4783 eodem
2715 4743 2950 4800 quoque
2975 4727 3215 4785 Thalete
3245 4728 3330 4786 sic
3357 4728 3505 4785 inci-

1859 4819 1980 4892 pit:
2015 4837 2046 4868 «
2074 4815 2282 4873 Thales
2314 4805 2594 4885 Milesius,
2627 4816 2727 4889 qui
2749 4817 2980 4889 primus
2994 4817 3064 4874 de
3087 4817 3306 4874 talibus
3327 4818 3502 4873 rebus

1859 4905 2145 4980 qumsivit,
2176 4921 2388 4978 aquam
2421 4905 2568 4960 dixit
2595 4920 2726 4961 esse
2762 4905 2998 4962 initium
3041 4921 3254 4962 rerum.
3313 4904 3498 4960 Deum

1861 5000 2056 5052 autem
2087 5010 2216 5050 eam
2249 4998 2503 5050 mentem
2543 5010 2671 5064 quae
2701 5009 2770 5049 ex
2799 5011 2954 5066 aqua
2993 4997 3202 5050 cuncta
3257 4992 3501 5062 ﬁngeret

1863 5083 2027 5155 (Cic,
2056 5081 2158 5138 lib.
2191 5099 2230 5138 ι.
2263 5083 2330 5138 de
2359 5085 2492 5140 Nat.
2524 5081 2695 5151 deon,
2727 5099 2785 5154 p'
2819 5083 2940 5150 199,
2974 5081 3076 5136 lin.
3107 5081 3218 5150 20).
3242 5101 3269 5129 »
3287 5080 3498 5135 Eadem

1865 5189 2057 5246 porro,
2093 5171 2425 5227 Lactantius
2458 5187 2525 5226 ac
2555 5171 2794 5227 totidem
2819 5185 2962 5241 pene
2984 5185 3048 5224 ac
3071 5167 3359 5223 Minucius
3379 5184 3502 5223 ver-

1864 5261 1958 5318 bis
1986 5264 2185 5334 postea
2213 5260 2454 5316 tradidit
2480 5260 2784 5331 (Lactant.,
2827 5256 2928 5314 lib.
2965 5274 2984 5312 1
3030 5257 3264 5314 Institut.
3325 5256 3500 5314 divin.

1865 5365 1996 5422 cap.
2027 5351 2082 5419 5,
2115 5365 2245 5421 pag.
2279 5349 2388 5417 24).
2769 5357 2802 5379 ⁸

1939 5439 2047 5495 Sed
2082 5437 2372 5493 Minucius
2404 5435 2524 5490 haec
2574 5433 2941 5490 continenter
2993 5433 3318 5506 subjunxit,
3377 5453 3504 5508 quas

1868 5526 2096 5583 incuria
2143 5523 2591 5580 amanuensium
2644 5522 3018 5579 librariorum
3069 5523 3152 5579 ita
3195 5525 3503 5599 depravata

1901 5620 2026 5687 unt,
2059 5618 2125 5673 ut
2147 5613 2274 5672 sine
2303 5613 2500 5687 aliquo
2530 5629 2676 5672 novo
2705 5613 2902 5671 codice
2932 5615 3331 5689 manuscripto
3361 5615 3453 5672 vix
3473 5633 3508 5674 a
