4088 6150
456 273 579 335 439
1762 269 1865 330 DE
1907 266 2214 331 MINUCII
2257 269 2603 335 OCTAVIO
3691 288 3789 349 uo

458 416 756 479 quoquam
812 413 948 456 vera
992 415 1194 456 eorum
1257 398 1426 456 lectio
1466 400 1713 457 inveniri
1780 405 1978 474 queat.
2032 401 2097 457 In
2130 402 2186 469 Α
2220 419 2325 460 nes
2382 403 2646 461 Milesius
2702 420 2895 462 aerem
2969 405 3259 477 ejusmodi
3327 408 3647 483 principium
3685 434 3790 476 esse

460 491 631 549 editis
660 488 875 545 etenim
924 487 1146 544 nostris
1193 486 1279 543 sic
1337 488 1717 545 exhibentur:
1757 512 1778 540 ι
1840 491 1910 545 Et
1967 490 2102 561 (ms.
2214 494 2449 563 docuit;
2484 511 2552 550 ex
2581 511 2646 551 eo
2665 495 2823 551 enim
2855 495 3051 551 omnia
3083 496 3261 566 nasci,
3294 496 3349 551 in
3380 515 3612 573 eumque
3654 505 3798 564 vicis-

460 596 581 653 reg.
615 594 703 647 eo,
744 575 1032 647 Rigaltius
1061 575 1184 646 eho)
1214 575 1387 665 altior
1415 580 1472 631 et
1501 576 1813 665 sublimior
1856 594 2019 649 aqua
2050 582 2108 633 et
2217 585 2329 641 sim
2362 588 2571 639 cuncta
2600 583 2860 641 dissolvi.
2894 585 3039 639 Nam
3094 585 3344 653 animus,
3399 588 3563 662 ψυχὴ,
3610 599 3791 665 noster,

464 667 713 741 spiritus
741 665 907 733 ratio,
942 680 1119 736 quam
1154 668 1219 719 ut
1261 664 1333 720 ab
1373 664 1613 720 homine
1669 664 1920 737 potuerit
1970 669 2106 735 (ms.
2219 672 2470 746 exempli
2501 690 2698 745 causa,
2733 690 2832 729 aer
2874 678 2984 741 est,
3046 690 3268 746 nosque
3324 675 3469 732 fovet
3514 696 3575 734 ac
3615 664 3801 750 tuetur,

466 772 587 829 reg.
631 755 860 827 poterit,
911 752 1084 825 male)
1120 752 1387 820 inveniri,
1448 771 1482 809 a
1538 753 1654 809 Deo
1702 755 1917 809 tradita
1973 755 2109 826 (ms.

2257 766 2616 834 unctumque
2646 763 2785 818 adeo
2817 763 3103 817 mundum
3138 763 3374 834 spiritus
3404 773 3805 843 aerque,meﬁpa

466 862 587 918 reg.
637 842 1007 913 traditum).»
1048 842 1251 897 Nonne
1309 842 1519 897 horum
1579 842 1887 898 verborum
1947 842 2115 898 initio
2223 850 2313 905 καὶ
2345 849 2472 925 ἀὴρ,
2497 851 2943 923 complectitur:
2974 856 3064 907 est
3090 856 3282 907 autem
3334 853 3559 925 spiritus
3611 859 3806 916 eadem-

469 951 572 1007 pro
602 949 739 988 voce
769 946 852 1001 eo,
885 930 1195 1003 legendum
1223 932 1341 997 sed,
1366 929 1456 986 vel
1473 931 2069 1004 ejuscemodialiquid
2090 932 2118 987 ?

2255 956 2343 1013 [ue
2391 940 2543 996 aeris
2591 940 2964 1012 signiﬁcatio,
3010 938 3220 1015 λέγεται
3270 936 3325 994 δὲ
3377 941 3680 1015 συνωνύμως
3723 947 3807 1023 ἀὴρ

468 1022 610 1079 Utut
636 1021 735 1086 sit,
768 1035 979 1076 sensus
1010 1018 1244 1073 Minucii
1293 1036 1422 1075 esse
1474 1020 1703 1075 videtur
1761 1019 2029 1077 altiorem
2064 1024 2121 1077 et
2228 1028 2319 1083 καὶ
2362 1032 2575 1101 πνεῦμα
2608 1052 2637 1078 ››
2691 1030 2947 1097 (Euseb..
3008 1030 3110 1099 lib,
3169 1046 3264 1085 xiv
3320 1036 3555 1103 Praepar.
3614 1018 3816 1106 Evang.,

472 1109 879 1168 sublimiorem
924 1124 1053 1163 esse
1084 1123 1253 1179 aquas
1298 1110 1355 1162 et
1403 1108 1669 1179 spiritus,
1710 1112 1993 1181 tanquam
2031 1127 2121 1167 re-
2232 1135 2359 1191 cap.
2395 1118 2483 1189 14,
2528 1134 2659 1190 pag.
2700 1118 2816 1186 74).
2878 1118 2941 1174 ln
3024 1119 3213 1191 primo
3264 1124 3450 1174 autem
3482 1119 3822 1180 Plutarchide

472 1216 607 1257 rum
639 1197 903 1254 omnium
934 1212 1142 1259 causis,
1175 1200 1241 1251 ut
1272 1196 1455 1267 aiunt,
1498 1196 1818 1253 materialis
1879 1203 1936 1255 et
1992 1200 2123 1255 δηι-
2232 1198 2687 1269 PhilosOphorum
2730 1197 2969 1253 Placidis
3026 1196 3174 1254 libro
3234 1197 3355 1254 haec
3404 1198 3662 1271 leguntur
3700 1203 3823 1270 (Plu-

475 1288 685 1346 cientis
716 1286 1024 1350 rationem,
1058 1301 1234 1357 quam
1265 1289 1332 1341 ut
1361 1286 1434 1340 ab
1475 1285 1712 1341 homine
1742 1288 2006 1357 potuerit
2033 1288 2125 1343 in-
2232 1286 2443 1356 tarch.,
2476 1286 2576 1341 lib.
2610 1301 2629 1342 1
2660 1286 2724 1342 de
2744 1286 2950 1341 Placit.
2994 1285 3225 1355 Philos.,
3288 1302 3411 1359 cap.
3442 1287 3494 1342 3.
3550 1305 3670 1361 pag.
3720 1292 3823 1347 876.

476 1376 686 1445 veniri,
720 1375 834 1432 nisi
856 1393 889 1431 a
918 1380 1032 1431 Deo
1062 1375 1192 1446 ipso
1222 1375 1952 1439 edoceatur.Quamobrem
1976 1378 2128 1434 Tha-
2235 1380 2377 1432 tom.
2408 1376 2496 1447 II).
2530 1375 2640 1431 Sed
2674 1375 2753 1429 ibi
2783 1375 3171 1431 Anaximenes
3228 1374 3299 1431 ab
3358 1391 3421 1431 eo
3477 1376 3821 1448 redarguitur,

480 1466 567 1523 les
614 1466 724 1521 hoc
772 1464 1031 1520 invenire
1085 1480 1201 1519 non
1276 1464 1489 1536 potuit,
1539 1465 1693 1537 quod
1734 1480 1768 1518 a
1823 1466 1946 1522 solo
2014 1472 2127 1523 Deo
2239 1465 2391 1537 quod
2438 1480 2630 1519 rerum
2677 1464 2961 1519 duntaxat
3015 1463 3344 1531 materiam,
3401 1481 3513 1520 non
3558 1481 3681 1521 vero
3723 1467 3829 1522 efﬁ-

483 1555 765 1613 traditum
795 1556 903 1609 est.
935 1552 1352 1609 Verumtamen
1384 1553 1441 1609 id
1473 1553 1571 1609 ille
1620 1557 1847 1626 poterat
1904 1556 2127 1613 discere
2238 1554 2487 1609 cientem
2517 1569 2757 1608 causam
2788 1552 3194 1625 assignaverit.
3227 1552 3398 1609 Prius
3428 1570 3554 1609 vero
3582 1554 3827 1611 Eusebius

485 1646 557 1700 ab
588 1642 854 1714 aegyptiis
884 1642 1260 1713 quibuscum,
1296 1646 1358 1697 ut
1385 1640 1558 1698 alibis
1589 1642 2129 1719 diximus,congre-
2239 1658 2309 1697 ex
2338 1641 2448 1697 alio
2485 1640 2784 1697 Plutarchi
2840 1640 2988 1697 libro
3046 1640 3383 1698 Slromatum
3442 1658 3555 1697 non
3611 1642 3750 1698 aliud
3774 1644 3829 1699 ab

486 1750 590 1790 sus
621 1733 824 1788 fuerat.
852 1731 1100 1803 ZEgyptii
1136 1735 1333 1787 autem
1365 1749 1399 1787 a
1430 1732 1649 1805 Moyse,
1680 1737 1738 1788 et
1768 1732 1862 1789 hic
1922 1752 1956 1790 a
2017 1736 2126 1791 Deo
2164 1769 2209 1805 η
2239 1731 2595 1787 Anaximene
2634 1733 2924 1785 assertum
2972 1729 3154 1785 fuisse
3212 1734 3431 1794 narrat,
3493 1730 3601 1786 nisi
3654 1746 3836 1802 aerem,

487 1820 634 1877 illud
694 1822 996 1891 acceperat
1061 1819 1228 1891 (tom.
1290 1819 1338 1876 II
1389 1821 1676 1893 Apparat.,
1737 1837 1869 1894 pag.
1902 1821 2043 1879 4138
2073 1828 2133 1881 et
2165 1818 2211 1834 "
2246 1836 2422 1892 quem
2454 1818 2751 1873 inﬁnitum
2782 1818 3046 1891 putabat,
3080 1834 3272 1875 rerum
3294 1818 3554 1874 omnium
3578 1836 3695 1876 esse
3712 1819 3841 1892 prin-

490 1910 680 1982 seqq).

566 2036 596 2067 ‹‹
627 2013 1017 2071 Anaximenes
1048 2014 1341 2085 deinceps.
1374 2036 1403 2066 »
1464 2015 1655 2089 pergit
1720 2015 2037 2085 Minucius,
2086 2022 2145 2075 et

496 2107 651 2179 post,
704 2102 1100 2176 Apolloniates
1178 2103 1463 2176 Diogenes
1550 2122 1684 2161 aera
1759 2104 2056 2161 infinitum
2088 2110 2145 2163 et

497 2193 878 2249 immensum.
918 2215 939 2241 ι
977 2191 1191 2247 Verum
1223 2192 1419 2247 Cicero
1451 2192 1760 2264 utriusque
1807 2193 2143 2265 Opinionem

502 2280 819 2354 separatim
850 2280 1119 2353 explicat.
1147 2284 1213 2335 Et
1243 2279 1501 2353 primum
1541 2281 1780 2352 quidem
1812 2282 1881 2338 de
1930 2284 2144 2339 Anaxi-

505 2387 675 2426 mene
722 2369 841 2425 haec
889 2368 1049 2425 illius
1097 2374 1239 2425 sunt
1292 2369 1503 2425 verba:
1571 2369 1957 2427 Anaximenes
2010 2388 2147 2429 aera

509 2458 694 2516 Deum
726 2458 950 2529 statuit,
983 2473 1238 2529 eumque
1252 2457 1688 2529 gigni,esseque
1710 2458 2068 2516 immensum
2090 2464 2147 2516 et

506 2546 831 2617 inﬁnitum,
862 2549 920 2602 et
958 2562 1192 2617 semper
1230 2545 1289 2600 in
1340 2549 1523 2601 motu.
1573 2568 1601 2596 ››
1648 2546 1942 2618 (Cic.,lib.
1993 2566 2035 2620 ι,
2077 2550 2148 2605 de

507 2634 631 2694 Nat.
663 2634 832 2692 deor..
867 2650 997 2707 pag.
1033 2635 1155 2699 199,
1190 2633 1296 2689 lin.
1335 2633 1446 2704 25.)
1496 2635 1786 2690 Minucius
1840 2652 1969 2691 vero
2024 2637 2148 2694 haec

504 2724 702 2789 verba,
736 2745 765 2774 ‹‹
816 2740 1071 2796 eumque
1117 2721 1300 2796 gigni.
1334 2744 1363 2772 »
1430 2723 1501 2778 de
1557 2721 1851 2780 industria
1909 2726 2145 2785 omisit:

506 2828 644 2869 nam
667 2810 763 2867 ille
784 2811 1076 2884 prioribus
1104 2810 1297 2867 verbis
1326 2827 1392 2867 eo
1424 2811 1613 2883 magis
1668 2828 1703 2867 a
1758 2829 1892 2869 vera
1947 2819 2150 2871 nostra

506 2900 577 2957 de
601 2900 716 2956 Deo
746 2900 1038 2957 sententia
1085 2900 1413 2967 aberrabat,
1465 2916 1580 2972 quo
1638 2901 1881 2973 propius
1941 2902 2146 2960 subse-

505 2988 842 3061 quentibus.
866 3009 894 3039 «
927 2986 1295 3045 inﬁnitumet
1313 2986 1729 3055 immensum,»
1746 2990 1817 3045 ad
1837 3006 1964 3046 eam
1987 3007 2147 3047 acce-

507 3078 643 3134 dere
670 3077 923 3134 videtur.

578 3180 659 3237 De
675 3181 928 3253 Diogene
952 3198 1083 3237 vero
1111 3180 1517 3254 Appolloniate
1546 3180 1629 3236 ita
1649 3181 1881 3239 Tullius
1905 3188 2107 3256 postea
2134 3200 2148 3239 :

511 3290 541 3322 ‹(
570 3270 717 3336 Quid
749 3287 867 3337 aer,
900 3286 1015 3342 quo
1047 3269 1330 3342 Diogenes
1360 3269 1753 3343 Apolloniates
1784 3272 1969 3328 utitur
2015 3279 2149 3342 Deo,

507 3376 683 3432 quem
713 3376 953 3417 sensum
985 3359 1199 3416 habere
1247 3363 1458 3432 potest,
1513 3363 1614 3415 aut
1662 3376 1840 3432 quam
1901 3362 2149 3419 formam

505 3448 658 3506 Dei?
690 3472 717 3499 ››
750 3450 934 3522 (Idem
957 3449 1094 3520 Cic.,
1134 3448 1300 3521 ibid.,
1334 3464 1467 3522 pag.
1515 3449 1642 3521 200,
1700 3449 1803 3505 lin.
1840 3451 1949 3523 10.)
2008 3452 2149 3518 Quis

502 3554 638 3597 vero
669 3538 930 3610 qualisve
962 3538 1135 3594 fuerit
1165 3536 1264 3594 ille
1294 3554 1412 3605 aer,
1446 3554 1562 3609 quo
1590 3538 1870 3611 Diogenes
1915 3541 2147 3612 Apollo-

505 3626 693 3683 niates
724 3627 838 3683 Deo
870 3626 1166 3694 utebatur,
1189 3629 1343 3682 tacet
1371 3626 1609 3698 quidem
1635 3627 1877 3684 Latinus
1902 3628 2001 3685 ille
2023 3646 2148 3687 ora-

503 3719 616 3784 tor,
675 3717 775 3771 sed
835 3716 908 3771 ab
964 3715 1289 3788 Augustino
1348 3715 1442 3771 his
1517 3715 1709 3772 verbis
1757 3716 2140 3774 declaratur-

506 3826 535 3856 ‹‹
565 3804 868 3877 Diogenes,
902 3805 1277 3861 Anaximenis
1307 3803 1454 3861 alter
1481 3804 1736 3874 auditor,
1770 3822 1963 3863 aerem
2010 3809 2143 3879 qui-

502 3892 634 3949 dem
658 3893 803 3949 dixit
833 3910 1029 3955 rerum
1062 3909 1191 3949 esse
1222 3892 1638 3960 materiam,de
1670 3910 1788 3966 qua
1818 3895 2017 3951 omnia
2044 3898 2143 3953 fie-

502 3987 649 4050 rent,
674 3983 775 4038 sed
808 3999 941 4038 eum
973 3998 1102 4039 esse
1117 3986 1449 4054 compotem
1464 3981 1618 4038 428
1644 3982 1853 4037 divinae
1877 3984 2143 4054 rationis,

500 4070 629 4127 sine
658 4087 769 4143 qua
802 4070 948 4126 nihil
978 4088 1046 4125 ex
1075 4087 1142 4127 eo
1174 4070 1298 4126 fieri
1332 4074 1553 4143 posset.
1589 4092 1617 4120 ››
1649 4071 1843 4143 (Aug.,
1887 4071 1988 4128 lib.
2041 4091 2145 4131 vm

500 4159 569 4216 de
599 4159 783 4227 θένω,
835 4159 1066 4230 cap.2.)
1104 4158 1277 4214 Vides
1328 4174 1470 4215 sane
1534 4175 1709 4232 quam
1760 4160 1966 4217 merito
2006 4162 2145 4234 jure

500 4248 792 4306 Minucius
823 4247 1033 4303 dixerit
1062 4248 1328 4303 eamdem
1359 4262 1486 4303 esse
1509 4247 1816 4319 utriusque
1838 4251 2145 4309 Anaxime-

501 4337 592 4394 nis
625 4341 682 4394 et
703 4336 977 4408 Diogenis
1010 4337 1080 4393 de
1113 4341 1225 4392 Deo
1256 4335 1611 4407 Opinionem,
1644 4351 1891 4408 eamque
1923 4356 1956 4394 a
1985 4339 2144 4397 Chri-

500 4426 662 4482 tiana
693 4443 805 4483 non
852 4442 1093 4498 prorsus
1145 4425 1478 4482 abhorrere.
1539 4426 1806 4492 Quamvis
1864 4427 2021 4484 enim
2068 4430 2140 4486 ab

500 4512 631 4570 aliis
660 4514 789 4570 ideo
822 4514 1150 4581 dissentiat,
1184 4514 1335 4585 quod
1368 4529 1559 4571 aerem
1594 4530 1790 4570 rerum
1841 4517 2143 4574 materiam

501 4601 730 4671 dixerit,
763 4601 821 4656 in
853 4602 961 4659 hoc
990 4607 1185 4659 tamen
1233 4619 1367 4659 cum
1424 4603 1773 4660 Christianis
1830 4606 2142 4677 consentit,

501 4692 655 4764 quod
689 4707 792 4763 pro
824 4695 978 4747 certo
1017 4691 1296 4749 habuisse
1340 4693 1609 4749 videatur
1664 4708 1879 4763 aerem,
1934 4694 2145 4754 divinas

498 4778 744 4836 rationis
766 4784 1113 4853 compotem,
1138 4796 1331 4837 rerum
1355 4782 1621 4839 omnium
1645 4782 1993 4841 efﬁcientem
2015 4800 2145 4843 esse

497 4885 759 4927 causam.

566 4966 693 5024 Non
724 4966 938 5023 desunt
966 4967 1123 5023 enim
1157 4966 1472 5040 scriptores
1500 4967 1599 5041 qui
1631 4968 2013 5041 suspicantur
2036 4970 2144 5029 hos

496 5055 878 5129 philosophos
898 5055 1049 5112 aeris
1066 5056 1279 5111 infiniti
1298 5056 1688 5130 immensique
1707 5057 1941 5115 nomine
1971 5059 2141 5117 intel-

496 5145 705 5202 lexisse
737 5162 852 5202 non
886 5145 1040 5202 hunc
1067 5145 1305 5218 quidem
1364 5162 1537 5221 quem
1595 5147 1890 5220 spiramus
1926 5165 2140 5207 aerem.

496 5236 597 5291 sed
623 5235 886 5291 divinum
928 5236 1243 5308 quemdam
1297 5237 1597 5310 spiritum,
1643 5238 2142 5310 quemadmodum

494 5324 805 5395 Virgilium
836 5330 1142 5381 canentem
1191 5325 1545 5398 audivimus,
1596 5342 1710 5399 quo
1756 5330 1877 5382 tota
1934 5326 2141 5382 mundi

495 5412 771 5468 machina
808 5414 1032 5470 fovetur
1072 5419 1131 5471 et
1159 5416 1475 5472 animatur.
1516 5416 1664 5471 Huic
1692 5420 1888 5471 autem
1947 5416 2142 5488 suspi-

494 5499 647 5559 cioni
679 5501 868 5558 favere
907 5503 1184 5560 videntur
1226 5504 1349 5561 hmo
1404 5503 1697 5559 Plutarchi
1758 5504 1911 5577 apud
1970 5504 2145 5561 Euse-

489 5589 658 5648 bium
690 5590 760 5645 de
790 5589 1172 5651 Anaximenis
1202 5592 1477 5665 opinione
1504 5591 1721 5648 verba:
1754 5615 1783 5644 «
1828 5591 2145 5650 Anaxime-

2248 1908 2490 1981 cipium.
2519 1908 2625 1963 Sed
2676 1907 2801 1962 haec
2840 1906 2923 1961 ita
2966 1906 3217 1979 explicat
3271 1908 3555 1977 Laertius,
3603 1912 3841 1980 tanquam

2248 1997 2637 2053 Anaximenes
2668 1996 2784 2051 duo
2815 1996 2951 2051 inde
2981 1996 3174 2068 prima
3205 2013 3400 2052 rerum
3433 1996 3703 2069 principia
3734 2014 3843 2053 con-

2252 2087 2503 2144 stituerit
2535 2087 2740 2156 (Laert,
2782 2083 2885 2141 lib.
2936 2102 2999 2155 ιι,
3030 2087 3058 2153 §
3089 2087 3141 2153 3,
3177 2091 3235 2141 et
3285 2085 3387 2142 lib.
3437 2104 3508 2153 ix,
3562 2088 3667 2157 57).
3696 2092 3761 2141 At
3798 2086 3846 2141 hi

2253 2178 2499 2232 fortasse
2548 2178 2649 2230 aut
2703 2191 2820 2230 non
2881 2178 3066 2230 totam
3117 2174 3303 2242 illius,
3363 2190 3549 2246 neque
3624 2175 3848 2248 Diogenis

2250 2263 2632 2338 Apolloniatis
2664 2264 3010 2319 sententiam
3040 2280 3384 2335 exposuere,
3424 2268 3523 2319 aut
3550 2265 3740 2335 inﬁniti
3770 2280 3852 2318 no-

2255 2353 2411 2409 mine
2424 2352 2667 2425 spiritus
2690 2352 3016 2408 immensus
3036 2352 3460 2425 intelligendus
3482 2356 3665 2409 est.De
3684 2352 3859 2407 utrius-

2254 2458 2368 2514 que
2396 2458 2566 2514 porro
2607 2441 2879 2513 opinione
2933 2441 3148 2497 videsis
3208 2441 3388 2512 alios,
3449 2459 3484 2498 a
3539 2441 3698 2498 nobis
3745 2440 3897 2496 alibi.

2255 2529 2526 2586 laudatos
2556 2534 2844 2593 auctores,
2877 2533 2933 2585 et
2963 2531 3369 2602 Augustinum
3403 2531 3581 2604 Epist.
3613 2544 3786 2594 cxvm,
3801 2529 3857 2584 ad

2257 2620 2614 2685 Dioscorum,
2638 2635 2770 2691 pag.
2802 2619 2906 2674 338
2935 2620 3126 2687 (tom.l
3156 2625 3464 2692 Αρραναε..
3494 2620 3656 2690 lib.u,
3687 2619 3865 2674 dissert

2253 2709 2309 2777 2,
2342 2708 2485 2782 @29,
2518 2724 2651 2781 pag.
2686 2709 2812 2775 435,
2843 2714 2900 2765 et
2928 2708 3030 2775 lib,
3068 2724 3158 2779 iu,
3188 2709 3429 2766 dissert.
3462 2710 3514 2779 3,
3547 2711 3804 2781 cap.i,art.
3830 2723 3861 2776 ι,

2256 2813 2390 2870 pag.
2421 2797 2572 2869 776).

2334 2885 2523 2959 Pergit
2587 2885 2900 2942 Minucius.
2960 2908 2990 2937 «
3046 2887 3407 2960 Anaxagora:
3492 2885 3779 2957 descriptio
3821 2886 3863 2938 et

2258 2978 2453 3031 motus
2484 2974 2725 3029 inﬁnitae
2775 2975 2990 3033 mentis
3051 2976 3203 3032 Deus
3261 2976 3567 3032 dicitur.»
3624 2972 3864 3031 Similiter

2263 3064 2495 3120 Cicero:
2537 3085 2564 3116 ι
2596 3064 2758 3130 Inde,
2790 3085 2819 3115 »
2855 3063 3109 3136 inquit,«
3140 3065 3643 3137 Anaxagoras,qui
3688 3060 3869 3132 accepit

2183 3135 2227 3202 (ἶ
2264 3154 2337 3209 ab
2358 3152 2713 3208 Anaximene
2738 3135 3130 3224 disciplinam,
3159 3153 3395 3225 primus
3426 3135 3682 3210 omnium
3710 3164 3869 3207 rerum

2262 3241 2713 3315 descriptionem
2746 3246 2804 3297 et
2834 3246 3058 3297 motum
3096 3242 3318 3299 mentis
3350 3243 3593 3299 inﬁnitae
3641 3242 3689 3297 vi
3716 3257 3773 3296 ac
3800 3255 3871 3293 ra-

2259 3331 2419 3387 tione
2460 3330 2755 3403 designari
2814 3334 2872 3386 et
2927 3331 3133 3387 conﬁci
3189 3331 3382 3387 voluit
3414 3354 3442 3381 »
3470 3331 3629 3401 (Cic.,
3661 3325 3868 3386 lib.idc

2258 3420 2364 3476 Nat
2412 3419 2587 3489 deor.,
2620 3435 2676 3490 p.
2740 3418 2862 3486 199,
2896 3418 3141 3491 lin,22.)
3174 3420 3333 3475 Alibi
3391 3437 3526 3476 vero
3587 3418 3747 3491 paulo
3794 3415 3874 3470 ali-

2257 3513 2374 3565 ter:
2411 3510 2833 3580 «Anaxagoras
2858 3508 3164 3563 materiam
3188 3508 3515 3579 infinitam,
3540 3508 3639 3563 sed
3659 3523 3749 3563 eas
3767 3521 3873 3577 par-

2255 3597 2465 3654 ticulas
2498 3596 2720 3652 similes
2752 3596 2904 3652 inter
2953 3613 3034 3665 se,
3064 3601 3121 3652 et
3169 3586 3463 3667 minutas,
3497 3615 3594 3654 cas
3650 3596 3869 3669 primum

2256 3687 2551 3754 confusas,
2585 3690 2786 3758 postea
2842 3685 2902 3741 in
2958 3685 3221 3741 ordinem
3282 3688 3561 3743 reductas
3617 3703 3649 3740 a
3704 3685 3870 3739 mente

2255 3774 2470 3830 divina.
2505 3795 2533 3823 n
2591 3774 2716 3846 (lib.
2776 3791 2834 3829 Iv
2892 3773 3071 3829 Acad.
3103 3783 3324 3846 quaest.,
3374 3792 3511 3848 pag.
3542 3775 3630 3841 33,
3660 3773 3754 3828 lin.
3786 3768 3873 3839 12.)

2255 3864 2364 3920 Sed
2420 3863 2557 3918 ilius
2614 3862 2946 3934 opinionem
3020 3862 3289 3918 Laertius
3373 3863 3547 3936 longe
3603 3859 3872 3917 enodatius

2255 3954 2586 4024 certiusque
2615 3969 2683 4007 ex
2712 3951 2872 4007 illius
2922 3951 3112 4023 libris,
3146 3956 3203 4008 et
3229 3952 3509 4009 Timonis
3560 3950 3870 4008 auctoritate

2254 4042 2337 4099 8ίο
2394 4040 2661 4115 exposuit
2715 4058 2728 4096 :
2790 4043 3015 4113 Πρῶτος
3086 4042 3155 4112 τῇ
3232 4038 3343 4114 ὕλῃ
3412 4043 3541 4094 νοῦν
3601 4037 3871 4104 ἐπέστησεν,

2252 4129 2547 4206 ἀρξάμενος
2606 4127 2749 4183 οὕτω
2802 4132 2900 4183 τοῦ
2953 4129 3416 4205 συγγράμματος,
3463 4128 3494 4184 δ
3544 4128 3681 4183 ἐστιν
3724 4122 3874 4196 ἡδέως

2251 4218 2341 4274 καὶ
2429 4215 2817 4295 μεγαλοφόνως
2886 4218 3329 4293 ἡρμηνευμένον·
3392 4219 3570 4273 πάντα
3648 4217 3877 4292 χρήματα

2251 4308 2318 4378 ἦν
2350 4306 2513 4381 ὁμοῦ,
2547 4307 2634 4361 ἶτα
2660 4310 2785 4368 νοῦς
2816 4308 2967 4366 429
3001 4304 3172 4361 ἐλθὼν
3206 4306 3346 4362 αὐτὰ
3397 4304 3746 4379 διεκόσμησε,
3773 4298 3879 4375 παρ’

2252 4397 2282 4453 ὃ
2312 4396 2401 4452 καὶ
2455 4400 2580 4458 νοῦς
2640 4394 2941 4466 ἐπεκλήθη.
2974 4394 3063 4450 καί
3121 4416 3253 4474 φησι
3304 4395 3437 4473 περί
3484 4395 3648 4450 αὐτοῦ
3704 4391 3877 4465 Τίμων,

2176 4503 2224 4569 D
2257 4484 2308 4542 ἒν
2338 4490 2455 4549 τοῖς
2490 4482 2717 4547 Σίλλοις
2745 4484 2909 4539 οὕτω

2254 4618 2360 4707 gul
2410 4639 2517 4707 που
2565 4615 2935 4707 ξρνῆξαγόςην
2996 4615 3141 4707 δράσξῂ
3166 4613 3427 4707 ἔμῖμεναῖι,
3463 4613 3699 4707 ἅλξιμον
3761 4609 3878 4686 ἥρω,

2254 4695 2414 4761 Νοῦν,
2446 4689 2528 4747 ὅτι
2561 4687 2619 4744 δὲ
2647 4687 2964 4761 νόὸςάὖτῷ,
2998 4687 3059 4751 ὃς
3092 4687 3348 4761 ἐξατὲίνης
3376 4687 3666 4817 ἐὰταέεῐρας

2254 4763 2435 4817 Πάντα
2512 4763 2917 4817 συνεσφήκωσεν
2985 4762 3125 4817 ὁμοῦ
3195 4780 3484 4817 temecum.
3513 4780 3581 4815 να
3658 4780 3666 4795 σ

2254 4754 2435 4819 Πάντᾶ
2512 4754 3141 4839 σιινειισφήκωσενΠὁμοῦ⁷
3195 4754 3583 4839 τετὰραγμένοὶ
3658 4754 3880 4833 πρόσθεν·

2257 4929 2285 4959 ‹‹
2316 4906 2547 4962 Primus
2576 4903 2670 4961 hic
2700 4904 2957 4961 materias
2986 4908 3241 4960 mentem
3264 4888 3514 4975 adjecit,
3545 4903 3606 4958 in
3628 4895 3883 4973 principio

2254 4994 2459 5068 Operis
2489 4994 2602 5066 sui,
2634 4994 2798 5051 suavi
2829 4998 2886 5050 et
2914 4993 3229 5067 magniﬁca
3284 4994 3562 5049 oratione
3622 4991 3704 5046 sic
3757 4982 3881 5041 scri-

2252 5086 2436 5143 bens:
2513 5082 2725 5140 Omnia
2828 5081 3005 5139 simul
3083 5086 3277 5153 erant,
3378 5080 3602 5138 deinde
3668 5071 3888 5134 accessit

2254 5192 2443 5244 mens,
2475 5190 2657 5245 eaque
2686 5172 3054 5244 composuit;
3087 5170 3480 5243 quamobrem
3514 5174 3574 5226 et
3598 5181 3758 5224 mens
3784 5161 3885 5217 sive

2253 5263 2507 5329 animus,
2568 5260 2596 5315 ὁ
2648 5263 2794 5327 νοῦς,
2848 5260 3080 5316 dicitur.
3138 5260 3351 5316 Timon
3427 5259 3544 5316 hoc
3592 5257 3783 5330 ipsum
3826 5248 3888 5305 de

2253 5358 2596 5425 Anaxag'ira
2626 5350 2686 5407 in
2717 5348 2875 5406 Sillis
2907 5350 3271 5406 decantavit:

2313 5477 2466 5546 ljunc
2497 5474 2589 5546 ubi
2619 5473 2979 5546 Anaxagoras,
3024 5485 3178 5522 mens
3206 5474 3301 5530 est,
3365 5470 3696 5546 fortissimi}:
3748 5464 3889 5514 herOI

2313 5539 2411 5597 Qui
2441 5541 2673 5587 mentem
2703 5531 2900 5585 subito.
2927 5548 3049 5585 nam
3077 5549 3226 5585 mens
3256 5546 3372 5597 non
3415 5534 3595 5597 defuit
3619 5531 3713 5588 illi,

2313 5588 2683 5666 Composuisse
2711 5601 2866 5663 putat
2891 5597 3106 5649 fuerant
3124 5611 3246 5661 qua:
3295 5596 3585 5648 incondita
3612 5588 3887 5660 quondam.
