3962 6176
226 275 329 337 M1

1644 265 2186 332 DlSSER’I‘ATIO.

3493 278 3632 340 442'

226 411 295 464 De
321 407 420 464 illo
450 425 686 482 quoque
717 409 888 482 plura
918 407 1425 478 Lucretius,atque
1453 404 1632 460 etiam
1656 408 1857 476 Augu-
1887 402 1944 470 Α
1973 397 2267 456 Plutarchi
2295 399 2471 457 verba
2499 401 2753 474 exhibet,
2783 403 3000 477 quibus
3028 403 3199 478 longe
3229 405 3396 464 aliter
3422 407 3611 466 Xeno-

222 497 426 566 stinus,
469 502 527 555 et
557 515 665 555 nos
697 515 930 572 quoque
980 498 1125 556 locis
1149 499 1275 568 jam
1329 494 1540 551 citatis.
1576 493 1852 566 (Lucret.,

222 585 314 642 lib.
350 604 392 654 1,
422 592 558 643 ante
587 588 736 660 ﬁn.).

286 674 504 731 Dehinc
536 677 824 733 Minucius
850 694 864 734 :
897 700 924 728 «
944 677 1280 749 Pythagorea
1309 673 1462 730 Deus
1493 671 1855 739 estanimus,

223 781 316 837 per
344 765 680 822 universam
711 782 907 836 rerum
940 770 1209 822 naturam
1231 779 1570 820 commeans
1589 766 1645 818 et
1674 762 1860 817 inten-

224 858 332 923 tus,
362 870 431 909 ex
463 871 578 924 quo
609 856 788 911 etiam
817 855 1164 932 animalium
1195 853 1460 911 omnium
1486 853 1608 908 vita
1662 851 1861 924 capia-

220 948 331 998 tur.
372 965 402 992 »
434 948 514 998 Ex
544 943 816 1000 Cicerone
847 945 968 1000 haec
998 943 1190 1000 adhuc
1237 947 1438 999 auctor
1486 945 1684 997 noster
1713 938 1860 995 deli-

219 1031 408 1086 bavit:
450 1055 472 1081 ι
510 1033 896 1105 Pythagoras,
920 1056 949 1084 »
980 1032 1062 1089 ait
1118 1031 1239 1099 ille,
1275 1051 1298 1080 ι
1333 1029 1565 1087 censuit
1595 1027 1861 1085 animum

219 1137 342 1176 esse
364 1137 472 1194 per
497 1127 769 1178 naturam
791 1139 986 1178 rerum
1017 1122 1306 1177 intentum
1327 1124 1384 1176 et
1413 1121 1860 1185 commeantem,

221 1226 284 1265 ex
313 1225 433 1280 quo
465 1210 647 1266 animi
676 1210 861 1266 nostri
892 1214 1290 1282 carperentur,
1323 1231 1352 1260 »
1376 1208 1537 1280 (Cic.,
1596 1207 1698 1263 lib.
1731 1223 1774 1274 1,
1803 1204 1867 1262 de

218 1300 339 1355 Nat.
373 1298 554 1365 deor.,
587 1317 642 1372 p.
680 1300 800 1354 199.
832 1299 938 1354 lin.
970 1299 1086 1368 37.)
1117 1298 1442 1370 Utrumque
1479 1296 1637 1352 haud
1693 1293 1871 1351 dubie

220 1393 469 1444 secutus
499 1391 589 1443 est
616 1388 1167 1459 Lactantius.Atque
1197 1404 1263 1444 eo
1295 1387 1473 1443 etiam
1490 1383 1871 1456 recidit,quod

221 1477 286 1532 de
327 1481 558 1533 asserta
585 1476 774 1533 ehillo
821 1477 1183 1550 Pythagorea
1237 1476 1461 1532 unitate
1508 1478 1566 1532 et
1593 1473 1874 1530 dualitate

233 1565 499 1621 Laertius
532 1565 996 1638 Plutarchusque
1017 1564 1458 1630 memorant,uti
1488 1563 1673 1636 liquet
1692 1579 1757 1618 ex
1781 1562 1874 1619 his

228 1671 346 1726 qua
411 1656 488 1710 de
543 1656 748 1712 eodem
805 1654 1149 1727 philosopho
1207 1653 1491 1726 superiori
1567 1655 1876 1725 Apparatus

224 1743 401 1799 nostri
421 1748 582 1799 tomo
607 1743 882 1815 locisjam
903 1743 1095 1800 citatis
1116 1741 1870 1814 observavimus(Lactant.,

219 1832 316 1888 lib.
347 1850 367 1888 1
394 1834 582 1888 Instit.
626 1833 957 1905 divin.,¢ap.
987 1834 1047 1899 5,
1099 1849 1230 1906 pag.
1279 1833 1372 1898 24,
1403 1836 1461 1888 et
1519 1831 1624 1887 lib.
1685 1831 1751 1888 de
1781 1833 1873 1888 Ira

226 1923 338 1991 Dei,
371 1938 503 1994 cap.
525 1923 552 1977 1
598 1967 612 1989 ,
642 1939 774 1995 pag.
805 1922 911 1977 796
939 1939 953 1987 ;
1016 1923 1222 1989 Laert.,
1247 1920 1350 1977 lib.
1419 1938 1475 1976 v1
1505 1922 1565 1977 in
1600 1921 1716 1976 Vit.
1754 1925 1870 1993 Py-

222 2011 391 2081 thag,;
422 2009 673 2078 Plutar.,
705 2009 807 2066 lib.
844 2027 882 2078 1,
940 2010 1005 2066 de
1058 2011 1147 2065 Pl.
1179 2009 1520 2081 Philosoph.,
1570 2024 1703 2082 pag.
1734 2009 1866 2082 876,

221 2104 356 2154 tom.
392 2100 415 2154 l
447 2100 735 2170 Apparat.,
767 2115 898 2172 pag.
932 2098 1088 2170 783).

285 2187 425 2243 Post
475 2187 600 2243 hac
657 2191 854 2243 autem
911 2185 1244 2243 Minucius:
1283 2206 1308 2236 α
1361 2186 1805 2259 Xenophanem,
1835 2211 1864 2241 »

218 2276 429 2348 inquit,
463 2299 493 2326 α
545 2279 752 2333 notum
808 2279 898 2332 est
927 2291 1100 2332 omne
1156 2276 1453 2332 inﬁnitum
1511 2293 1645 2332 cum
1675 2281 1870 2334 mente

217 2365 396 2422 Deum
429 2367 681 2422 tradere.
712 2388 742 2416 ››
772 2365 1064 2422 Ciceronis
1095 2369 1290 2422 autem
1321 2365 1443 2422 haec
1498 2369 1638 2422 sunt
1693 2367 1870 2422 verba

148 2480 161 2490 -
213 2455 552 2528 ipsissima:
588 2478 617 2507 ‹‹
648 2459 796 2512 Tum
829 2454 1243 2527 XenOphanes,
1305 2459 1500 2512 mente
1561 2455 1864 2526 adjuncta,

215 2560 383 2600 omne
417 2548 699 2617 praeterea
728 2545 882 2616 quod
915 2548 1070 2600 esset
1097 2543 1420 2610 infinitum,
1463 2543 1652 2601 Deum
1682 2543 1867 2601 voluit

217 2649 360 2689 esse.
396 2655 425 2683 »
485 2633 652 2705 (Cic.,
709 2632 813 2689 lib.
847 2650 866 2688 1
917 2634 987 2688 de
1051 2633 1244 2689 Natur.
1301 2632 1475 2701 (λιθίνη
1536 2649 1670 2706 pag.
1737 2634 1862 2705 199,

218 2721 316 2777 lin.
349 2721 430 2793 4.)
456 2725 531 2778 At
563 2722 830 2778 Laertius
862 2721 1034 2794 paulo
1066 2721 1250 2788 aliter,
1275 2722 1377 2778 sed
1411 2738 1528 2778 non
1558 2721 1673 2778 alio
1706 2740 1868 2796 pror-

221 2828 317 2867 sus
349 2828 531 2867 sensu
566 2815 767 2867 narrat
810 2827 945 2867 eum
1002 2811 1463 2867 existimavisse:
1492 2833 1520 2862 ι(
1577 2811 1678 2867 Dei
1718 2813 1864 2868 sub-

221 2901 495 2956 stantiam
529 2901 832 2972 globosam
861 2917 1010 2966 esse,
1043 2899 1307 2972 nihilque
1336 2917 1469 2956 cum
1521 2899 1862 2959 hominibus

221 2987 428 3044 habere
450 3005 782 3045 commune.
811 2990 1022 3045 Totum
1044 2993 1612 3062 cernere,totumque
1635 2991 1859 3060 audire,

221 3092 328 3133 non
357 3083 561 3133 tamen
593 3079 896 3150 respirare.
927 3077 1232 3151 Simulque
1261 3095 1390 3135 esse
1445 3080 1663 3147 omnia,
1699 3096 1862 3137 men-

220 3169 352 3235 tem,
412 3166 808 3238 prudentiam,
871 3167 1274 3222 aternitatem.
1312 3168 1574 3223 »Laert..
1637 3167 1738 3224 lib.
1783 3186 1860 3241 1x,

219 3255 386 3324 §15.)
417 3254 502 3309 Ibi
575 3259 768 3312 autem
828 3254 936 3312 hac
985 3272 1120 3312 voce
1179 3252 1496 3333 σφαιροειδῆ
1558 3256 1863 3329 globosam

221 3359 313 3398 seu
347 3344 666 3400 rotundam
698 3344 1116 3416 substantiam,
1148 3345 1296 3400 nihil
1329 3345 1488 3401 aliud
1523 3345 1636 3402 nisi
1668 3347 1865 3402 infini-

222 3436 332 3488 tam
356 3432 674 3504 significat.
724 3434 804 3489 Ea
855 3437 1051 3490 autem
1106 3433 1323 3490 idcirco
1382 3451 1526 3490 usus
1576 3439 1685 3505 est,
1728 3435 1866 3508 quia

221 3521 400 3594 figura
431 3523 691 3577 rotunda
720 3539 913 3594 neque
943 3521 1182 3578 initium
1211 3523 1388 3579 habet
1446 3541 1634 3596 neque
1665 3524 1864 3582 ﬁnem.

218 3608 803 3683 Quapropterrursus
851 3611 1044 3668 Cicero
1103 3611 1216 3668 alio
1274 3612 1334 3668 in
1395 3611 1544 3668 libro
1601 3615 1866 3670 eamdem

217 3698 591 3772 Xenophanis
623 3699 970 3756 sententiam
1003 3699 1094 3757 his
1124 3700 1325 3756 retulit
1369 3700 1597 3757 verbis:
1630 3725 1658 3751 «
1683 3701 1868 3759 Xeno-

215 3787 439 3859 phanes
469 3787 620 3843 dixit
653 3805 836 3843 unum
869 3805 998 3844 esse
1029 3788 1246 3854 omnia,
1278 3805 1466 3862 neque
1498 3789 1554 3845 id
1586 3807 1715 3846 esse
1737 3807 1866 3847 mu-

212 3877 407 3944 tabile,
443 3880 501 3932 et
530 3875 589 3930 id
623 3893 749 3932 esse
778 3877 984 3945 Deum,
1020 3894 1208 3950 neque
1239 3882 1444 3935 natum
1490 3895 1776 3950 unquam,
1809 3883 1867 3937 et

211 3965 720 4037 sempiternum,et
746 3965 1091 4037 conglobata
1104 3967 1350 4039 figura.»
1376 3967 1520 4040 (Lib.
1542 3986 1599 4026 1v
1613 3969 1862 4027 Aeadem.

212 4054 428 4123 Quaest,
462 4070 596 4127 pag.
628 4053 744 4125 33.)
779 4057 926 4110 Ante
954 4054 1192 4112 Minucii
1229 4073 1402 4128 porro
1453 4060 1682 4113 aetatem
1739 4059 1863 4115 Cle-

207 4158 370 4198 mens
405 4141 838 4198 Alexandrinus
872 4148 1067 4214 aperte
1098 4145 1297 4200 docuit
1327 4145 1476 4200 hanc
1493 4145 1863 4219 Xenophaois

207 4231 559 4288 sententiam
578 4235 1036 4288 consentaneam
1061 4249 1190 4289 esse
1203 4233 1546 4291 Christiana
1560 4236 1859 4307 doctrinae,

206 4317 416 4390 hisque
441 4320 606 4376 Isaias
640 4320 872 4376 verbis:
913 4344 934 4370 ι
971 4319 1074 4377 Cui
1107 4322 1540 4381 assimilavistis
1573 4341 1686 4394 me,
1719 4326 1862 4382 dicit

213 4405 537 4465 Dominus?
559 4432 589 4459 »
619 4409 782 4474 Quod
813 4410 968 4466 430
1053 4411 1286 4483 quidem
1344 4412 1501 4470 hunc
1521 4407 1618 4471 ille
1656 4415 1864 4486 probat

210 4493 278 4550 in
321 4498 599 4568 modum;
652 4494 724 4552 Εὗ
793 4502 920 4574 γοῦν
979 4499 1067 4553 καὶ

207 4603 330 4644 νιος
371 4581 658 4660 διδάσκων,
719 4584 802 4642 ὅτι
853 4585 928 4650 εἷς
991 4587 1082 4643 κάὶ
1127 4587 1412 4662 ἀσώματος
1473 4590 1502 4646 ὁ
1533 4591 1685 4662 Οεὸς,
1743 4591 1858 4647 ἔπιεν

208 4671 381 4750 φέρεν

277 4797 373 4879 El;
404 4799 533 4879 Θερς
563 4797 616 4854 ἐν
644 4819 703 4879 re
725 4804 892 4879 escis:
921 4799 1012 4879 nail
1044 4800 1373 4879 ἀνθρώπᾳιει
1406 4801 1658 4879 μέγιᾳτος

279 4866 353 4924 Εὖ
382 4891 433 4924 τι
465 4868 634 4944 δέμας
665 4873 940 4942 Θνητοῖσιν
973 4866 1211 4947 ὁμοιιὸς,
1245 4871 1370 4929 οὐδὲ
1397 4866 1588 4950 {io-ripa.

203 5015 236 5043 κ
260 4993 430 5051 Recte
447 5011 584 5068 ergo
599 4997 988 5069 Xenophanes
1008 4997 1406 5072 Colophonius
1427 5000 1641 5058 docens
1669 5018 1852 5059 unum

201 5097 336 5139 esse
365 5082 551 5140 Deum
583 5089 642 5141 et
671 5086 1105 5158 incorporeum,
1138 5089 1483 5162 subjungit:
1519 5111 1548 5139 »

329 5199 591 5311 haurimus
621 5201 676 5250 in
705 5214 904 5265 genere
934 5205 1014 5252 est
1042 5203 1223 5254 divum
1255 5206 1417 5270 atque
1447 5204 1729 5256 hominum

469 5276 565 5311 eus
599 5277 764 5311 unus.

321 5303 326 5307 ,
426 5276 565 5312 usus
599 5277 743 5312 unus
752 5301 764 5313 .

329 5324 827 5438 QuiAngfmqqirpore,
851 5340 950 5378 nec
977 5331 1155 5380 mente
1185 5332 1266 5385 est
1291 5329 1607 5380 mortalibus
1637 5329 1759 5382 ullis

472 5402 496 5435 s
660 5403 704 5438 s.

472 5402 684 5437 BSImUIB
692 5426 704 5438 .

205 5492 368 5549 Hunc
401 5492 596 5550 locum
629 5511 802 5569 quem
834 5495 970 5552 alibi
1004 5497 1254 5554 breviter
1307 5497 1631 5572 attigimus,
1693 5500 1848 5558 inte»

202 5596 378 5654 grum
413 5584 721 5658 descripsit
741 5585 1027 5645 Eusebius
1059 5587 1197 5660 ;qui
1225 5591 1423 5646 tamen
1453 5587 1566 5647 alio
1621 5588 1680 5647 in
1720 5589 1846 5650 loco

1965 488 2176 561 phanis
2234 489 2306 545 de
2364 494 2476 546 Deo
2533 493 2865 564 opinionem
2924 500 3322 566 repraesentat.
3375 497 3608 555 Videsis

1964 577 2358 650 Epiphanium
2390 583 2566 651 atque
2595 581 3023 640 Theodoretum
3054 584 3072 656 (
3098 588 3241 640 tom.
3268 587 3290 642 Ι
3318 587 3608 660 Apparat.,

1965 683 2098 741 pag.
2135 667 2189 723 11
2212 668 2270 722 13
2293 685 2307 735 ;
2332 669 2566 738 Euseb.,
2587 670 2686 725 lib.
2717 679 3093 745 x111Praepar.
3125 675 3326 746 Euang.
3359 693 3484 749 cap.
3518 678 3606 745 13,

1968 773 2100 828 pag.
2132 757 2257 816 679.
2289 760 2348 813 et
2367 756 2469 814 lib.
2505 776 2542 829 1,
2576 775 2703 831 cap.
2735 761 2793 829 8,
2853 778 2985 835 pag.
3016 762 3124 832 25;
3149 763 3412 835 Epiphan
3438 809 3476 835 ,,
3504 767 3615 821 Ea:-

1965 847 2129 916 posit,
2163 846 2282 914 ﬁd.,
2323 863 2456 919 pag.
2488 849 2660 917 1087;
2691 849 3004 920 Theodor.,
3062 867 3236 908 serm.
3268 856 3304 908 2
3358 853 3423 910 de
3453 857 3625 912 Graec.

1975 934 2161 1007 A/fect.
2188 943 2398 1005 curat.,
2437 953 2573 1010 pag.
2608 938 2754 1010 486).

2547 1071 2941 1129 ARTICULUS
2993 1072 3060 1130 1Ι.

1977 1175 2204 1254 De_aliis
2231 1175 2534 1254 gentilibjis
2562 1177 2902 1254 philosophis
2953 1180 3291 1254 Antisthene,
3332 1181 3633 1254 Speusippo

2047 1249 2378 1322 Democrito,
2439 1247 2710 1322 Stratone,
2771 1247 3022 1321 Epicuro,
3084 1247 3394 1322 Aristotele,
3458 1247 3630 1309 Hera-

2048 1319 2198 1395 ciide
2239 1321 2529 1395 ΔΡοπίῥιξο,
2591 1319 2969 1395 Theophrasto,
3056 1323 3337 1390 Cleanthe,
3381 1319 3629 1395 Zenone,

2053 1389 2371 1461 Chrysippo,
2402 1391 2636 1463 Diogene
2663 1389 2989 1466 Babylonio,
3050 1395 3417 1467 Xenophonte,
3476 1389 3632 1453 Aris-3

2053 1469 2175 1516 tone
2201 1471 2254 1516 et
2281 1462 2532 1516 Platone.

2052 1469 2175 1516 tone
2201 1471 2254 1516 et
2281 1469 2532 1519 Platone.

2054 1594 2138 1648 Ad
2160 1593 2306 1650 alios
2338 1595 2584 1666 gentiles
2628 1596 3008 1668 philosophos
3037 1599 3308 1671 gradum,
3340 1600 3389 1655 si
3421 1599 3628 1673 placet,

1983 1699 2118 1738 cum
2148 1681 2398 1738 Minucio
2418 1687 2618 1740 nostro
2649 1685 2953 1742 faciamus.
2988 1687 3277 1753 Quidnam
3325 1693 3518 1746 autem
3557 1691 3629 1746 de

1901 1766 1950 1832 B
1985 1771 2097 1827 Deo
2130 1772 2498 1829 Antisthenes
2527 1791 2594 1829 ac
2625 1774 2988 1846 Speusippus
3031 1777 3380 1844 censuerint,
3414 1777 3510 1834 ille
3543 1778 3629 1835 sic

1980 1866 2251 1917 enarrat:
2286 1861 2770 1930 «Anthistenem,
2821 1863 3131 1936 populares
3190 1866 3329 1922 deos
3383 1867 3622 1938 multos,

1980 1950 2083 2005 sed
2117 1949 2444 2006 naturalem
2470 1968 2655 2007 unum
2681 1953 3017 2024 praecipuun
3041 1971 3055 2009 :
3075 1955 3466 2027 Speusippum
3488 1973 3624 2012 vero

1979 2038 2309 2094 naturalem
2344 2039 2677 2108 animalem,
2713 2058 2828 2114 quo
2859 2042 3056 2099 omnia
3102 2048 3404 2116 reguntur,
3438 2045 3624 2101 Deum

1978 2143 2169 2183 nesse.
2205 2149 2234 2177 »
2251 2130 2325 2184 At
2353 2127 2476 2184 haec
2508 2129 2708 2201 procul
2763 2130 2940 2187 dubio
2965 2144 3033 2186 ex
3076 2131 3345 2189 Cicerone
3391 2139 3624 2190 mutua-

1976 2220 2073 2273 tus
2102 2221 2208 2285 est,
2227 2217 2415 2288 quide
2446 2222 2691 2291 utroque
2712 2219 2955 2276 totidem
2972 2237 3117 2292 pene
3142 2221 3335 2278 verbis
3367 2223 3623 2280 dixerat:

1978 2327 2007 2356 «
2037 2305 2415 2363 Antisthenes
2445 2307 2504 2362 in
2537 2323 2603 2363 eo
2623 2307 2773 2365 libro
2805 2309 2906 2381 qui
2965 2310 3230 2382 Physicus
3257 2310 3624 2383 inscribitur,

1976 2393 2289 2465 p0pulares
2313 2396 2452 2451 deos
2476 2395 3048 2467 multos,naturale1n
3064 2415 3248 2454 unum
3267 2415 3394 2455 esse
3413 2400 3570 2458 dicit.
3584 2442 3620 2457 ..

1974 2481 2091 2538 Nec
2150 2483 2335 2540 multo
2416 2500 2585 2542 secus
2641 2486 3012 2559 Speusippus
3080 2487 3162 2559 (in
3223 2491 3624 2562 manuscripto

1975 2571 2134 2644 regio
2167 2572 2496 2645 Seuxippus,
2527 2575 2626 2631 sed
2678 2575 2851 2648 male)
2911 2576 3209 2632 Platonem
3269 2578 3622 2654 avunculum

1974 2661 2362 2734 subsequens,
2381 2663 2498 2719 vim
2527 2665 2845 2735 quamdam
2867 2664 3026 2732 dicit,
3060 2681 3178 2736 qua
3201 2666 3400 2722 omnia
3419 2682 3623 2739 regan-

1971 2752 2090 2817 tur,
2122 2765 2372 2822 eamque
2394 2751 2729 2808 animalem.
2765 2774 2794 2803 »
2826 2752 2990 2823 (Cic.,
3015 2753 3116 2808 lib.
3148 2753 3215 2821 de
3246 2755 3620 2825 Natur,deor.,

1972 2853 2108 2910 pag.
2138 2839 2266 2908 200,
2291 2838 2374 2894 lin
2403 2840 2518 2911 22.)
2542 2846 2618 2895 De
2647 2839 2749 2896 illa
2775 2840 3144 2897 Antisthenis
3175 2842 3450 2913 opinione
3481 2842 3618 2899 Lac-

1971 2926 2198 2983 tantius
2227 2932 2430 2999 postea
2466 2928 2676 2984 litteris
2707 2930 2911 2986 eadem
2961 2931 3281 2986 mandavit.
3317 2931 3616 3000 (Lactant,,

1971 3014 2074 3070 lib.
2109 3032 2127 3071 1
2163 3019 2346 3073 quit.
2370 3018 2577 3083 Divin.,
2611 3035 2738 3090 cap.
2778 3018 2834 3086 5,
2867 3034 3000 3092 pag.
3024 3019 3135 3089 24;
3169 3023 3229 3074 et
3280 3018 3384 3076 lib.
3409 3019 3476 3075 de
3528 3021 3620 3076 Ira

1893 3130 1938 3199 α
1976 3104 2090 3173 Dei,
2124 3121 2250 3177 cap,
2279 3107 2365 3174 11,
2400 3122 2531 3178 pag.
2553 3107 2702 3178 796).
2736 3106 2816 3162 De
2847 3106 2953 3162 hoc
3011 3112 3206 3164 autem
3256 3107 3616 3199 philosopho

1975 3209 2041 3248 ac
2079 3194 2151 3250 de
2199 3195 2520 3267 Speusippo
2577 3194 2715 3251 alibi
2765 3195 2996 3268 egimus
3055 3197 3275 3265 (tom.I
3327 3198 3614 3270 Apparat.,

1960 3298 2106 3355 .pag.
2145 3283 2297 3349 1113,
2324 3284 2464 3339 1122
2489 3287 2546 3340 et
2604 3284 2781 3356 1134).
2833 3285 3097 3342 Laertius
3154 3303 3286 3343 vero
3316 3287 3377 3342 in
3438 3287 3618 3358 hujus

1975 3370 2107 3426 Vita
2123 3371 2480 3428 asseriteum
2497 3371 2651 3428 intra
2672 3373 2928 3430 Platonis
2950 3373 3217 3431 avunculi
3233 3375 3324 3430 sui
3341 3376 3618 3447 dogmata

1976 3459 2324 3531 perstitisse.
2347 3461 2558 3518 Verum
2579 3462 2650 3518 de
2679 3462 2795 3518 illis
2826 3463 2897 3519 ab
2927 3479 2994 3520 eo
3015 3462 3378 3520 labefactatis
3408 3464 3620 3520 Nume-

1978 3547 2112 3604 nius
2143 3549 2320 3620 apud.
2353 3549 2662 3607 Eusebium
2687 3551 3038 3623 expostulat.
3065 3552 3324 3624 Denique
3353 3553 3616 3610 Laertius

1977 3637 2393 3694 animadvertit
2422 3639 2496 3695 ab
2527 3639 2656 3711 ipso
2687 3640 2970 3713 scriptum
3004 3640 3186 3697 fuisse
3225 3641 3619 3712 Deﬁnitionum

1977 3725 2216 3797 librum,
2250 3744 2426 3799 quem
2486 3728 2753 3785 nonnulli
2805 3745 2940 3784 eum
2991 3746 3122 3787 esse
3175 3729 3490 3802 opinantur
3517 3731 3619 3804 qui

1976 3815 2129 3870 inter
2149 3821 2286 3872 nota
2314 3816 2570 3874 Platonis
2601 3835 2774 3890 opera
2830 3818 2888 3874 in
2946 3819 3138 3875 lucem
3171 3820 3407 3892 prodiit.
3456 3820 3619 3878 Illius

1975 3908 2169 3960 autem
2226 3905 2359 3960 libri
2419 3906 2585 3962 initio
2632 3906 2752 3964 haec
2809 3907 2911 3964 Dei
2957 3908 3220 3964 definitio
3248 3908 3461 3980 legitur
3488 3905 3616 3971 Θεὸς

1976 3995 2114 4060 ζῶον
2189 3990 2467 4066 ἀθάνατον,
2525 3989 2782 4068 αὔταρκες
2845 3996 2981 4068 πρὸς
3037 3993 3405 4068 εὐδαιμονίαν,
3463 3995 3618 4052 οὐσία

1971 4077 2168 4153 ἀΐδιος,
2199 4085 2296 4136 τοῦ
2329 4081 2532 4156 ἀγαθοῦ
2589 4081 2799 4160 φύσεως
2854 4083 3020 4139 αἰτία·
3069 4085 3222 4142 Deus
3276 4089 3366 4142 est
3395 4085 3616 4142 animal

1971 4169 2303 4228 immortale
2333 4173 2525 4245 seipso
2555 4176 2916 4242 contentum,
2947 4174 3203 4230 essentia
3231 4174 3611 4246 sempiterna,

1971 4263 2192 4316 naturae
2215 4261 2351 4316 boni
2382 4277 2560 4317 causa
2582 4284 2610 4312 ››
2632 4263 2871 4333 (Laert.,
2904 4261 3006 4317 lib.
3039 4279 3116 4332 ιν,
3141 4262 3239 4335 ἓ1,
3269 4263 3341 4331 5;
3375 4263 3609 4333 Euseb.,

1968 4347 2070 4406 lib.
2132 4366 2189 4406 1v
2236 4351 2489 4420 Praepar.
2547 4351 2780 4420 Evang.,
2847 4368 2972 4424 cap.
3003 4353 3060 4420 5,
3109 4367 3243 4423 pag.
3293 4352 3398 4406 727
3454 4353 3610 4425 apud

1969 4436 2218 4505 Platon.,
2252 4442 2393 4493 tom.
2428 4438 2524 4505 ΙΙΙ,
2558 4455 2690 4510 pag.
2723 4439 2872 4511 411).

1125 4501 1437 4578 Ξενοφάνης
1503 4501 1532 4556 ὁ
1595 4500 1859 4580 Κολοφώ-

2038 4531 2294 4583 Rursum
2313 4544 2446 4582 vero
2477 4544 2546 4583 ex
2565 4528 2837 4584 Cicerone
2867 4544 2935 4584 ea
2972 4528 3266 4586 Minucius
3323 4529 3611 4587 delibave-

1967 4620 2076 4687 rat,
2104 4617 2253 4673 481
2288 4632 2418 4688 quae
2450 4616 2520 4671 de
2549 4617 2902 4684 Democrito,
2932 4622 3064 4690 post
3093 4620 3334 4676 modum
3365 4619 3608 4692 adjecit:

1965 4726 1995 4757 «
2022 4703 2168 4771 Quid
2192 4704 2575 4774 Democritus,
2600 4707 2871 4778 quamvis
2903 4711 3232 4764 atomorum
3263 4709 3491 4782 primus
3519 4708 3610 4766 in-

1961 4797 2186 4862 ventor,
2221 4809 2413 4850 nonne
2443 4792 2790 4866 plerumque
2821 4799 3116 4866 naturam,
3149 4813 3280 4869 quae
3321 4798 3610 4870 imagines

1963 4881 2194 4949 fundat,
2217 4885 2274 4937 et
2301 4881 2768 4955 intelligentiam,
2790 4883 2970 4940 Deum
2993 4883 3253 4957 loquitur
3271 4885 3300 4940 ‘I
3330 4907 3359 4934 ››
3382 4886 3608 4941 Etenim

1962 4970 2161 5027 Cicero
2191 4971 2465 5027 similiter
2493 4972 2565 5028 de
2587 4971 2687 5029 illo
2719 4988 2732 5027 :
2771 4994 2800 5024 «
2825 4972 2972 5038 Quid
3001 4973 3367 5030 Democritus
3395 4973 3606 5044 inquit,

1963 5059 2064 5130 qui
2098 5062 2226 5116 tum
2259 5059 2545 5134 imagines
2579 5076 2901 5133 earumque
2951 5061 3229 5118 circuitus
3259 5060 3318 5116 in
3362 5061 3606 5118 deorum

1961 5164 2207 5206 numero
2233 5149 2426 5218 refert,
2460 5153 2583 5205 tum
2617 5149 2778 5206 illam
2812 5154 3082 5206 naturam
3132 5165 3264 5223 quae
3318 5149 3606 5222 imagines

1959 5237 2168 5293 fundat
2188 5253 2256 5292 ac
2272 5239 2488 5310 mittat,
2509 5243 2636 5294 tum
2676 5238 2982 5294 scientiam
3041 5236 3605 5310 intelligentiamque

1958 5326 2271 5384 nostram?
2294 5348 2322 5376 »
2346 5327 2574 5398 (Cicer.,
2605 5326 2708 5383 lib.
2742 5325 2840 5383 cit.
2874 5341 3006 5398 pag.
3041 5327 3173 5397 200,
3207 5325 3308 5382 lin.
3341 5326 3420 5400 5.)
3450 5328 3602 5393 Quo-

1958 5415 2113 5473 circa
2141 5415 2504 5488 Augustinus
2525 5414 2646 5472 hasc
2677 5415 2748 5471 ad
2781 5414 3122 5472 Dioscorum
3153 5415 3225 5472 de
3255 5414 3355 5473 illa
3391 5416 3602 5474 Demo-

1959 5504 2092 5563 criti
2115 5503 2390 5577 opinione
2446 5503 2647 5560 scribit
2679 5521 2692 5560 :
2734 5527 2755 5553 ι
2790 5503 3015 5570 Quanto
3049 5504 3256 5564 melius
3315 5523 3382 5565 ne
3404 5507 3602 5565 audis-

1955 5609 2083 5653 sem
2112 5593 2350 5668 quidem
2380 5609 2591 5653 nomen
2626 5593 2969 5666 Democriti,
3001 5611 3178 5669 quam
3207 5613 3342 5655 cum
3404 5597 3601 5656 dolore
