4088 6150
446 304 565 365 “3

1729 306 1833 368 DE
1876 304 2186 371 MINUGII
2230 307 2578 371 OCTAVIO

3606 318 3799 379 '44!

451 434 765 509 cogitarem
794 436 988 494 nescio
1019 453 1193 511 quem
1218 437 1343 495 suis
1399 438 1764 512 temporibus
1817 455 2097 513 magnum

2221 435 2426 495 ἕπεσθαι
2454 442 2535 513 τῷ
2559 440 2695 495 κατὰ
2734 436 2933 514 τύχην.
2966 461 2996 490 ‹‹
3027 438 3092 494 Et
3145 437 3380 510 quidem
3435 440 3796 515 Peripatetico-

454 529 747 598 putatum,
778 526 879 598 qui
912 527 1051 583 deos
1082 544 1210 584 esse
1230 528 1613 586 arbitraretur
1644 530 1931 603 imagines
1962 546 2089 602 qum

462 616 533 671 de
564 615 770 673 solidis
801 617 1142 689 corporibus
1174 622 1437 687 ﬂuerent,
1470 618 1785 692 solidaeque
1815 620 1953 692 ipsa
1977 636 2093 675 non

453 710 666 773 essent,
699 722 914 777 easque
944 705 1051 762 hac
1078 712 1247 779 atque
1266 708 1373 765 hac
1395 714 1557 765 motu
1580 710 1811 782 proyirio
1843 710 2091 765 circum-

456 795 671 863 eundo,
703 800 877 866 atque
898 796 1188 852 illabendo
1220 797 1279 852 in
1297 798 1525 854 animos
1554 799 1882 864 hominum,
1906 799 2094 855 facere

448 886 514 937 ut
542 883 628 937 vis
658 883 855 939 divina
878 885 1185 957 cogitetur,
1235 903 1368 942 cum
1418 887 1673 959 profecto
1704 887 1847 943 illud
1881 904 2093 960 corpus

449 972 603 1027 unde
624 971 818 1045 imago
850 972 1076 1039 ﬂueret,
1109 980 1326 1045 quanto
1348 974 1593 1031 solidius
1618 980 1728 1042 est,
1753 980 1915 1031 tanto
1948 993 2090 1047 pras-

446 1060 703 1116 stantius
734 1078 966 1133 quoque
997 1078 1125 1118 esse
1147 1063 1462 1134 judicetur.
1496 1064 1746 1136 Ideoque
1772 1064 2092 1130 ﬂuctuavit,

448 1150 601 1206 sicut
630 1148 728 1203 isti
760 1148 1330 1221 dicunt,nutavitque
1362 1152 1677 1220 sententia;
1700 1156 1767 1207 ut
1783 1152 2093 1223 aliquando

449 1241 722 1295 naturam
754 1239 1172 1309 quamdam,de
1190 1256 1308 1311 qua
1332 1241 1577 1295 ﬂuerent
1596 1240 2093 1313 imagines,Deum

445 1343 574 1384 esse
608 1325 888 1393 dicerent,
922 1328 1023 1398 qui
1055 1331 1249 1384 tamen
1282 1328 1519 1401 cogitari
1581 1346 1695 1385 non
1729 1334 1947 1400 posset,
1980 1328 2093 1384 nisi

448 1432 551 1489 per
588 1431 686 1471 eas
715 1415 1002 1486 imagines
1032 1432 1179 1487 quas
1203 1416 1395 1472 fundit.
1414 1420 1471 1473 et
1488 1418 1726 1485 emittit,
1758 1418 1817 1473 id
1849 1422 2093 1489 est,quaa

450 1505 521 1560 de
550 1502 651 1558 illa
683 1507 912 1571 natura,
948 1521 1126 1576 quam
1176 1506 1374 1561 nescio
1432 1522 1609 1578 quam
1668 1522 2007 1579 corpoream
2038 1509 2096 1562 et

450 1591 891 1664 sempiternam,
924 1609 990 1648 ac
1044 1610 1146 1666 per
1202 1593 1311 1650 hoc
1361 1596 1537 1651 etiam
1589 1594 1849 1652 divinam
1906 1598 2092 1668 putat,

453 1679 622 1753 quasi
654 1679 911 1751 corporis
937 1681 1342 1755 similitudine,
1369 1685 1646 1740 continua
1674 1683 1831 1741 velut
1862 1701 2097 1740 emana-

451 1769 610 1825 tione
658 1768 968 1838 ferrentur,
1028 1773 1086 1826 et
1142 1770 1425 1841 venirent,
1485 1778 1661 1844 atque
1718 1772 2092 1829 intrarentin

452 1857 684 1915 animos
714 1862 986 1927 nostros,-
1018 1863 1081 1916 ut
1101 1860 1286 1916 Deum
1318 1862 1405 1918 vel
1428 1862 1568 1918 deos
1598 1862 1855 1934 cogitare
1893 1878 2096 1934 posse-

454 1964 609 2003 mus.
646 1967 668 1997 ι
695 1948 1050 2019 (Augustin.,
1072 1950 1266 2021 epist.,
1301 1952 1421 2020 118,
1456 1967 1588 2023 pag.
1619 1950 1898 2022 340.)Sed
1913 1968 2099 2022 quan-

455 2034 676 2091 tumvis
705 2036 1071 2092 ﬂuctuaverit
1097 2038 1563 2111 vacillaveritque
1621 2039 2005 2107 Democritus,
2031 2056 2102 2096 ex

458 2124 553 2181 his
583 2128 737 2180 certe
767 2141 893 2196 quae
917 2125 1039 2197 ipse
1067 2127 1431 2198 Augustinus
1479 2145 1546 2184 ac
1600 2129 1794 2185 Cicero
1842 2130 1911 2184 de
1942 2128 2101 2185 illius

458 2212 734 2285 opinione
763 2212 994 2285 scriptis
1028 2215 1411 2288 tradiderunt,
1469 2218 1732 2290 quisnon
1783 2217 1976 2273 videat
1993 2216 2099 2273 Mi-

458 2299 703 2357 nucium
726 2300 862 2371 jure
894 2301 1050 2359 haud
1068 2303 1359 2361 immerito
1382 2304 1599 2362 dixisse
1619 2306 1871 2378 quodam
1892 2304 2100 2363 saltem

459 2389 633 2446 modo
659 2390 920 2461 agnitam
951 2392 1023 2447 ab
1054 2391 1154 2448 illo
1184 2394 1369 2450 fuisse
1399 2400 1670 2451 naturam
1718 2394 2002 2461 divinam,
2035 2410 2101 2451 ac

458 2482 643 2533 Deum
675 2494 874 2535 revera
901 2496 1029 2536 esse
1058 2482 1282 2537 unum?
1307 2482 1483 2555 Atqui
1512 2481 1572 2539 id
1604 2483 1677 2539 ad
1706 2483 1973 2554 ejusdem
1994 2482 2102 2539 Mi-

460 2566 619 2623 nucii
648 2567 1373 2642 sufﬁciebatpropositum.

530 2690 822 2747 Stratonis
850 2692 1061 2748 dehinc
1082 2695 1415 2766 opinionem
1446 2695 1539 2751 his
1569 2695 1945 2767 paucissimis
1973 2712 2101 2752 ver-

460 2779 553 2837 bis
573 2780 808 2852 exponit
840 2796 853 2835 :
886 2803 916 2831 «
938 2782 1169 2837 Straton
1203 2799 1436 2857 quoque
1474 2788 1531 2840 et
1570 2784 1696 2857 ipse
1742 2788 2035 2840 naturam.
2070 2806 2101 2836 π

462 2868 573 2924 Sed
606 2884 720 2939 quo
748 2869 1043 2940 pauciora,
1070 2888 1136 2927 eo
1169 2872 1367 2928 minus
1396 2872 1554 2929 clara
1583 2878 1725 2928 sunt
1754 2873 1873 2929 haec
1904 2874 2099 2943 verba,

465 2956 678 3013 Eorum
705 2957 902 3029 itaque
918 2960 1327 3017 enodationem
1350 2962 1562 3033 saepius
1591 2962 1868 3018 laudatus
1888 2961 2105 3019 anobis

466 3046 661 3104 Cicero
707 3046 814 3103 tibi
844 3049 1277 3121 suppeditabit:
1311 3073 1339 3101 «
1386 3051 1502 3107 Nec
1558 3052 1888 3108 audiendus
1932 3054 2040 3118 est,
2076 3072 2105 3101 ››

466 3135 680 3208 inquit,
715 3155 743 3189 ι
772 3137 923 3207 ejus,
957 3138 1364 3211 Theophrasti,
1398 3140 1630 3196 auditor
1658 3141 1871 3211 Strato,
1904 3141 1956 3196 is
2006 3139 2107 3212 qui

469 3224 749 3297 physicus
778 3225 1125 3298 appellatur,
1159 3228 1260 3299 qui
1317 3244 1551 3284 omnem
1581 3229 1698 3284 vim
1759 3229 2016 3285 divinam
2050 3229 2111 3283 in

470 3316 681 3369 natura
708 3314 880 3369 sitam
913 3330 1041 3371 esse
1088 3321 1306 3385 censet,
1366 3333 1493 3389 quae
1550 3333 1759 3374 causas
1814 3317 2114 3390 gignendi,

471 3402 1127 3473 augendi,minuendive
1157 3404 1386 3473 habeat,
1409 3406 1507 3462 sed
1541 3411 1733 3463 careat
1754 3406 1914 3463 omni
1939 3422 2116 3462 sensu

473 3496 530 3548 et
560 3492 806 3563 ﬁgura.»
838 3493 1001 3562 (Cic.,
1024 3493 1125 3548 lib.
1159 3494 1279 3559 cit.,
1312 3510 1443 3567 pag.
1470 3496 1598 3561 200,
1632 3495 1736 3551 lin.
1787 3495 1902 3567 45.)
1940 3494 2117 3551 Visne

472 3578 698 3651 plura?
746 3581 898 3636 Audi
946 3598 1153 3638 rursus
1199 3585 1471 3640 eumdem
1519 3584 1820 3641 Oratorem
1879 3585 1952 3640 de
2016 3583 2118 3639 illo

473 3667 851 3740 loquentem:
886 3692 914 3721 ‹‹
944 3671 1131 3744 Negas
1188 3673 1315 3730 sine
1372 3674 1486 3730 Deo
1542 3691 1715 3747 posse
1770 3673 2116 3746 quidquam.

475 3756 621 3813 Ecce
648 3758 755 3813 tibi
782 3774 813 3814 e
842 3763 1174 3818 transverso
1191 3762 1623 3835 Lampsacenus
1645 3764 1857 3831 Strato,
1892 3762 1993 3834 qui
2025 3762 2123 3817 det

477 3846 575 3903 isti
596 3851 710 3904 Deo
734 3848 1169 3907 immunitatem
1203 3852 1401 3925 magni
1430 3853 1667 3925 quidem
1691 3852 1975 3908 muneris.
2007 3850 2120 3907 Sed

479 3950 613 3991 cum
633 3937 965 3995 sacerdotes
984 3939 1228 3995 deorum
1239 3939 1601 3997 vocationem
1625 3940 2122 4011 habeant,quanto

480 4028 573 4081 est
598 4024 821 4097 aquius
852 4025 1063 4083 habere
1102 4028 1248 4085 istos
1270 4029 1409 4085 deos
1425 4034 1448 4086 Ρ
1464 4029 1651 4102 Negat
1680 4044 1858 4101 opera
1878 4028 2121 4083 deorum

482 4129 546 4170 se
574 4114 659 4169 uti
690 4115 762 4171 ad
788 4115 1196 4173 fabricandum
1229 4119 1538 4174 mundum.
1566 4120 1959 4188 Quacumque
2005 4115 2127 4171 sint

482 4202 651 4260 docet
672 4205 871 4260 omnia
900 4221 1029 4262 esse
1073 4206 1277 4263 eﬂ'ecta
1322 4212 1553 4275 natura,
1611 4222 1716 4263 nec
1772 4210 1837 4261 ut
1868 4204 1967 4260 ille
2023 4203 2126 4275 qui

484 4292 709 4363 asperis
734 4297 789 4348 et
817 4292 1077 4361 laavibus,
1109 4299 1167 4351 et
1195 4295 1451 4352 hamatis
1482 4294 1891 4366 uncinatisque
1925 4308 2128 4363 corpo-

484 4380 650 4438 ribus
679 4388 948 4438 concreta
978 4382 1097 4439 haec
1146 4400 1274 4441 esse
1329 4385 1509 4456 dicat,
1556 4385 1857 4456 interjecto
1915 4380 2125 4438 inani:

2205 546 2336 586 rum
2358 530 2718 603 reliquorum
2751 545 3020 585 summus
3065 528 3281 595 Strato,
3310 544 3491 600 neque
3527 547 3649 588 cum
3691 537 3796 592 Ari-

2206 619 2414 676 stotele
2444 620 2624 675 sentit
2653 618 2856 674 multis
2885 618 2956 673 de
2985 618 3179 686 rebus,
3211 622 3267 671 et
3296 618 3366 672 de
3409 624 3579 686 motu,
3600 631 3784 691 mente,

2205 708 2421 778 anima,
2452 712 2606 775 ortu,
2636 707 2928 763 contraria
2967 705 3192 761 Platoni
3256 706 3523 761 defendit.
3552 709 3797 783 Denique,

2206 797 2494 852 mundum
2517 796 2711 868 ipsum
2742 794 2958 851 animal
2991 810 3118 850 esse
3148 794 3537 867 negat,aitque
3565 803 3797 857 naturam

2204 885 2368 957 sequi
2399 886 2640 940 fortunae
2667 883 2945 956 impetus,
2971 899 3109 938 casu
3142 882 3372 937 initium
3404 889 3592 941 motus
3610 894 3801 943 natura

2203 975 2514 1045 praebente,
2555 977 2613 1028 et
2642 973 2851 1027 deinde
2872 972 2957 1027 sic
2988 988 3021 1027 a
3052 974 3263 1026 natura
3321 976 3507 1027 motus
3561 974 3798 1046 physicos

2202 1063 2509 1120 absolvi.»
2558 1061 2899 1135 (Plutarch.,
2968 1060 3069 1116 lib.
3123 1060 3331 1116 advers.
3408 1061 3547 1117 Colat
3591 1065 3804 1136 Epicum,

2204 1169 2334 1226 pag.
2370 1152 2553 1224 1115.)
2579 1152 2763 1216 Quam
2790 1166 2961 1223 porro
2983 1149 3177 1205 Strato
3203 1154 3470 1205 naturam
3516 1151 3807 1223 appellavit,

2196 1243 2323 1314 jam
2352 1240 2411 1296 in
2442 1241 2714 1297 Cicerone
2744 1238 3097 1311 explicatum
3135 1237 3410 1294 vidimus.
3467 1239 3574 1295 Sed
3628 1241 3693 1297 de
3718 1242 3810 1298 hac

2202 1330 2365 1386 illius
2396 1329 2668 1402 opinione
2699 1328 2867 1385 nobis
2898 1326 3118 1400 aliquid
3151 1327 3344 1383 adhuc
3370 1328 3670 1384 dicendum
3698 1332 3809 1400 erit,

2204 1419 2304 1475 ubi
2336 1419 2627 1490 quomodo
2657 1435 2692 1474 a
2722 1416 3019 1473 Lactantio
3053 1414 3380 1484 refellatur,
3412 1416 3599 1489 palam
3652 1419 3813 1475 omni-

2204 1508 2314 1564 bus
2337 1508 2524 1563 facere
2544 1506 2909 1563 conabimur.

2274 1613 2598 1669 Minucium
2630 1616 2899 1668 nostrum
2953 1610 3191 1667 interim
3227 1626 3568 1681 sequamur.
3599 1632 3626 1660 (ι
3656 1612 3816 1667 Etiam

2201 1702 2488 1775 Epicurus
2519 1701 2639 1767 ille,
2672 1722 2702 1752 ››
2759 1700 2997 1772 inquit,
3031 1722 3060 1749 «
3119 1699 3221 1772 qui
3279 1700 3421 1755 deos
3480 1704 3579 1754 aut
3631 1700 3820 1757 otiosos

2126 1811 2173 1877 Β
2204 1792 2397 1864 ﬁngit,
2429 1795 2531 1847 aut
2559 1789 2773 1857 nullos,
2808 1794 3080 1845 naturam
3106 1792 3307 1877 tamen
3349 1788 3815 1877 superimponit-

2208 1880 2318 1936 Sed
2351 1880 2500 1935 hanc
2531 1878 2760 1951 Epicuri
2791 1879 2862 1933 de
2892 1878 3008 1933 Deo
3039 1875 3376 1949 opinionem
3406 1876 3531 1931 fuse
3589 1876 3825 1932 enucleat

2208 1969 2362 2041 apud
2417 1967 2751 2023 Ciceronem
2813 1965 3066 2022 Velleius
3134 1965 3476 2037 Epicureus.
3536 1969 3823 2037 Postquam

2207 2058 2501 2115 enimvero
2531 2055 2732 2113 multis
2762 2055 3028 2127 probavit
3056 2054 3155 2109 Dei
3188 2054 3372 2109 vitam
3403 2070 3531 2110 eam
3562 2070 3701 2125 esse,
3730 2070 3828 2125 qua

2208 2146 2354 2202 nihil
2385 2144 2634 2212 beatius,
2667 2143 2813 2200 nihil
2840 2143 3079 2199 omnino
3110 2142 3283 2198 bonis
3316 2142 3591 2198 omnibus
3615 2142 3827 2198 afﬂuen-

2208 2234 2328 2291 tius
2358 2232 2673 2307 excogitari
2705 2236 2913 2305 potest,
2945 2231 3098 2288 hanc
3156 2230 3466 2288 sententiae
3525 2247 3639 2287 sua:
3668 2228 3833 2285 reddit
3874 2248 3877 2251 π

2210 2325 2494 2380 rationem
2528 2339 2543 2378 :
2579 2344 2607 2373 «
2634 2320 2790 2378 Nihil
2819 2320 2976 2377 enim
3008 2321 3148 2393 agit,
3168 2320 3355 2377 nullis
3385 2319 3834 2393 occupationibus

2210 2416 2300 2470 est
2329 2412 2690 2484 implicatus,
2716 2410 2881 2467 nulla
2905 2426 3082 2483 opera
3112 2410 3380 2479 molitur,
3436 2426 3546 2466 sua
3576 2407 3835 2481 sapientia

2208 2506 2267 2559 et
2293 2501 2506 2558 virtute
2536 2502 2786 2574 gaudet:
2818 2500 2995 2556 habet
3023 2498 3401 2572 exploratum
3434 2500 3554 2555 fore
3609 2515 3668 2555 se
3694 2513 3833 2552 sem-
3908 2494 3915 2501 ’

2210 2608 2313 2665 per
2344 2606 2479 2647 cum
2511 2590 2571 2645 in
2602 2588 3034 2660 maximis,tum
3053 2588 3109 2643 in
3128 2587 3371 2644 aeternis
3402 2586 3834 2660 voluptatibus.»

2209 2681 2418 2737 Postea
2442 2678 2540 2735 ille
2568 2678 2785 2734 ibidem
2816 2676 3075 2734 declarat
3088 2678 3410 2749 Epicurum
3437 2676 3582 2733 falso
3604 2674 3840 2731 docuisse

2211 2773 2426 2825 natura
2481 2768 2753 2824 effectum
2804 2782 2936 2823 esse
2966 2766 3258 2822 mundum
3295 2765 3488 2823 :nihil
3511 2781 3655 2837 opus
3685 2763 3842 2818 fuisse

2213 2858 2454 2925 fabrica,
2485 2872 2732 2928 eamque
2790 2871 2913 2911 rem
2943 2854 2995 2911 ei
3048 2870 3179 2910 esse
3235 2854 3609 2911 facillimam.
3636 2873 3664 2902 »
3716 2850 3840 2924 (Cic.

2214 2946 2315 3002 lib.
2350 2945 2449 3002 ide
2477 2946 2669 3002 Natur.
2701 2944 2877 3011 deor.,
2910 2959 3042 3016 pag.
3073 2943 3198 3012 203,
3234 2943 3348 2999 lin.
3382 2943 3466 3015 8.)
3489 2942 3630 2997 Nam
3650 2938 3840 3003 omnia,

2214 3038 2282 3093 ut
2303 3036 2429 3107 jam
2459 3034 2736 3104 diximus,
2761 3033 2998 3090 fortuito
3031 3036 3371 3089 atomorum
3404 3047 3687 3089 consursu
3720 3029 3850 3084 facta

2222 3125 2404 3181 fuisse
2433 3122 3010 3197 garriebat.Denique
3040 3122 3263 3177 ibidem
3295 3120 3507 3177 Velleii
3542 3136 3642 3175 seu
3665 3118 3849 3190 Epicu-

2222 3230 2457 3271 reorum
2489 3212 2725 3269 nomine
2754 3210 2981 3269 Tullius
3010 3210 3158 3266 dixit
3186 3226 3255 3267 :«
3303 3212 3379 3266 Et
3413 3210 3511 3283 pie
3568 3212 3857 3278 sancteque

2223 3302 2473 3360 colimus
2503 3305 2776 3357 naturam
2807 3299 3184 3357 excellentem
3202 3303 3392 3371 atque
3424 3300 3809 3371 praestantem.
3834 3310 3858 3341 »

2224 3395 2296 3449 At
2318 3390 2610 3448 Minucius
2641 3393 2840 3446 noster
2868 3405 2999 3461 quas
3028 3388 3324 3460 Epicurus
3357 3387 3515 3443 falsa
3562 3402 3688 3442 esse
3714 3383 3863 3439 doce-

2224 3481 2347 3550 bat,
2379 3481 2450 3536 ab
2485 3480 2575 3536 his
2605 3477 2936 3550 distinguit,
2988 3476 3205 3548 quibus
3269 3475 3743 3549 praestantiorem
3774 3485 3864 3525 caa-

2224 3570 2366 3627 teris
2379 3568 2653 3625 omnibus
2672 3570 3144 3637 naturam,atque
3162 3564 3387 3621 idcirco
3402 3563 3665 3621 divinam
3676 3558 3868 3629 ,volens

2229 3658 2454 3726 nolens,
2487 3657 2791 3713 confessus
2820 3659 2929 3712 est.
2952 3654 3083 3723 Adi,
3116 3654 3166 3709 si
3222 3653 3417 3711 lubet.
3485 3650 3795 3712 Laertium,
3822 3648 3869 3700 et

2229 3746 2479 3819 Menagii
2508 3763 2576 3803 ac
2606 3744 2893 3802 Gassendi
2922 3742 3164 3799 inillum
3198 3752 3402 3813 notas,
3430 3747 3491 3799 et
3512 3742 3695 3798 alium
3713 3736 3869 3806 hujus

2228 3836 2447 3892 librum
2478 3835 2714 3908 (Laert.,
2741 3832 2844 3889 lib.
2874 3848 2934 3890 ι.
2964 3834 2993 3903 §
3040 3831 3182 3901 123;
3218 3832 3464 3905 Menag.
3527 3835 3585 3887 et
3614 3822 3871 3885 Gassend.

2230 3929 2400 3982 notas
2430 3924 2499 3980 ad
2534 3922 2715 3994 hujus
2768 3921 2871 3979 lib.
2931 3936 2993 3978 v1
3043 3920 3109 3978 de
3162 3922 3285 3977 vita
3316 3924 3374 3978 et
3431 3915 3872 3989 morib.Epicur.,

2232 4030 2361 4087 cap.
2395 4014 2448 4084 1,
2468 4015 2528 4082 2,
2560 4013 2643 4081 3.)

2304 4119 2585 4190 Deinceps
2610 4133 2745 4173 vero
2769 4115 3066 4173 Minucius
3098 4115 3367 4190 plurima
3396 4110 3774 4185 transcripsit
3797 4105 3874 4163 Gi-

2235 4208 2465 4265 ceronis
2494 4208 2690 4279 verba,
2722 4205 2941 4278 quibus
2970 4204 3311 4262 Aristotelis
3334 4206 3412 4261 de
3439 4209 3556 4261 Deo
3591 4204 3762 4259 refert
3779 4195 3885 4268 opi-

2236 4297 2666 4356 nionem.Ecce
2718 4295 3012 4368 siquidem
3073 4295 3379 4366 quomodo
3439 4293 3542 4349 ille
3601 4288 3884 4362 loquitur:

2240 4408 2269 4439 ‹‹
2299 4385 2637 4443 Aristoteles
2666 4384 2875 4455 variat,
2906 4388 2963 4440 et
2992 4383 3259 4457 assignat
3283 4387 3500 4439 tamen
3533 4396 3716 4438 unam
3750 4379 3887 4449 pote-

484 4470 716 4527 somnia
744 4476 941 4528 censet
970 4472 1091 4529 haec
1119 4489 1249 4530 esse
1294 4473 1623 4531 Democrati
1668 4490 1784 4530 non
1844 4470 2128 4536 docentis,
2240 4479 2475 4532 etatem,
2508 4474 2657 4530 Nam
2703 4472 2937 4528 interim
2999 4475 3279 4537 mentem,
3332 4472 3644 4527 mundum
3671 4462 3886 4523 interim

486 4559 585 4614 sed
619 4559 899 4630 optantis.
936 4561 1062 4634 Ipse
1093 4566 1287 4618 antem
1358 4563 1619 4635 singulas
1676 4561 1885 4619 mundi
1932 4561 2128 4632 partes
2158 4543 2205 4611 D
2235 4565 2419 4623 Deum
2450 4562 2614 4629 dicit,
2636 4560 2873 4617 interim
2929 4560 3151 4616 mundo
3198 4560 3400 4617 Deum
3464 4558 3731 4632 praeficit.
3760 4577 3787 4604 ›ι
3810 4551 3889 4607 Sic

482 4662 863 4721 persequens,
896 4650 1181 4723 quidquid
1214 4656 1317 4708 aut
1345 4652 1442 4722 sit,
1475 4656 1577 4708 aut
1605 4653 1726 4722 fiat,
1761 4647 2131 4707 naturalibus

482 4736 608 4792 ﬁeri
639 4740 741 4793 aut
771 4738 987 4795 factum
1018 4756 1146 4797 esse
1164 4741 1331 4798 docet
1346 4741 1703 4815 ponderibus
1762 4744 1819 4797 et
1847 4737 2126 4796 motibus.

482 4825 578 4883 Sic
635 4827 788 4884 482
822 4827 918 4884 ille
942 4828 1127 4886 Deum
1178 4847 1351 4903 Opere
1408 4846 1623 4903 magno
1661 4829 1892 4896 liberat,
1950 4830 2010 4883 et
2038 4838 2131 4881 me

481 4914 712 4971 timore.
748 4938 777 4966 »
792 4917 936 4988 (Lib.
963 4933 1037 4987 ιν,
1070 4918 1319 4974 Acadm.
1352 4921 1585 4989 Quaest,
1618 4932 1752 4990 pag.
1783 4910 2131 4985 35,1in.t6.)

480 5004 676 5060 Alium
707 5004 812 5061 tibi
843 5006 1007 5061 citari
1042 5006 1089 5062 si
1115 5007 1435 5074 desideras,
1493 5006 1553 5062 in
1607 5009 1817 5078 praesto
1876 5010 1965 5061 est
2005 5004 2134 5060 Plu-

483 5094 725 5150 tarchus
756 5095 857 5167 qui
888 5095 997 5151 boc
1055 5096 1127 5152 de
1174 5095 1462 5152 Stratonis
1516 5094 1791 5169 opinione
1848 5094 2133 5167 scriptum

486 5181 726 5255 reliquit
776 5201 789 5240 :
840 5183 940 5238 Καὶ
1010 5182 1118 5256 μὴν
1179 5186 1284 5237 τῶν
1355 5179 1542 5237 ἄλλων
1610 5186 2049 5258 περιπατητικῶν
2102 5183 2133 5239 ὁ

485 5270 912 5349 κορυφαιότατος
1016 5271 1268 5347 Στράτων
1351 5266 1473 5325 οὔτε
1553 5270 1918 5349 Ἀριστοτέλη
1997 5273 2136 5329 κατὰ

484 5346 673 5415 «alia
740 5346 1101 5438 cuppéperai,
1133 5359 1223 5413 καὶ
1280 5358 1532 5416 Πλάτωνι
1586 5346 1681 5423 τὰς
1737 5346 1978 5425 ἐναντίας
2045 5360 2132 5417 ἔσ-

486 5468 632 5526 χηκε
681 5445 835 5517 δόξας
887 5448 1010 5525 περὶ
1062 5450 1351 5523 κινήσεως,
1399 5449 1519 5527 περῖ
1568 5448 1684 5523 vei):
1731 5451 1820 5506 καὶ
1860 5450 1983 5528 περὶ
2030 5452 2133 5527 ψυ-

484 5539 619 5616 χῆς,
713 5536 801 5591 καὶ
878 5536 999 5614 περί
1074 5540 1354 5617 γενέσεως·
1424 5540 1601 5613 αὐτὸν,
1678 5539 1965 5611 τελευτῶν,
2038 5541 2130 5597 τὸν

479 5624 688 5698 κόσμον
771 5627 831 5686 οὗ
904 5632 1042 5698 ζῶον
1107 5628 1238 5690 εἷναί
1300 5651 1452 5709 φησι,
1517 5631 1582 5687 τὸ
1658 5626 1716 5687 δὲ
1778 5630 1914 5688 κατὰ
1975 5626 2132 5709 φύσιν

2238 4657 2435 4711 autem
2463 4649 2689 4707 Tullius
2723 4665 2738 4707 :
2772 4669 2802 4701 «
2831 4648 3171 4706 Aristoteles
3198 4649 3259 4704 in
3292 4649 3481 4705 tertio
3516 4649 3593 4703 de
3641 4642 3886 4701 Philoso-

2238 4741 2378 4817 phia
2405 4740 2553 4797 libro
2586 4737 2775 4795 multa
2802 4737 3020 4809 turbat,
3053 4754 3087 4793 a
3127 4737 3427 4810 magistro
3488 4735 3738 4793 Platone
3790 4740 3891 4817 uno

2238 4815 2613 4889 dissentiens.
2645 4828 2816 4885 Modo
2843 4827 3002 4883 enim
3034 4825 3216 4883 menti
3244 4827 3476 4883 tribuit
3506 4837 3745 4883 omnem
3764 4815 3892 4875 divi-

2239 4920 2504 4987 nitatem,
2537 4918 2711 4974 modo
2742 4916 3035 4972 mundum
3089 4915 3289 4987 ipsum
3325 4915 3531 4973 Deum
3592 4913 3739 4970 dicit
3762 4919 3894 4971 esse,

2240 5008 2415 5065 modo
2446 5006 2763 5080 quemdam
2794 5005 2977 5061 alium
3008 5004 3253 5077 prmﬂcit
3312 5005 3620 5061 mundo.»
3644 5002 3777 5074 (Cic.
3807 4994 3893 5050 lib-

2241 5096 2425 5165 citat.,
2457 5110 2589 5168 pag.
2620 5094 2749 5163 200,
2772 5093 2854 5148 lin
2883 5094 2955 5148 26
2983 5098 3040 5149 et
3099 5093 3292 5165 seqq.)
3356 5092 3433 5149 Et
3491 5092 3623 5148 haec
3680 5085 3900 5161 quidem

2240 5185 2529 5257 decerpsit
2550 5182 2863 5249 Minucius,
2922 5182 3025 5237 sed
3084 5180 3327 5253 reliquit
3388 5183 3558 5238 488
3591 5171 3900 5257 sequentia.

2245 5296 2267 5326 ι
2302 5256 2487 5346 Eique
2517 5288 2615 5329 eas
2649 5274 2843 5345 partes
2871 5270 3101 5336 tribuit,
3141 5276 3206 5326 ut
3252 5270 3662 5341 replicatione
3712 5256 3904 5322 mundi

2241 5364 2495 5436 quadam
2527 5365 2756 5417 motum
2786 5364 2950 5431 regat
2978 5363 3152 5431 atque
3180 5363 3435 5415 tueatur
3461 5376 3477 5417 :
3513 5364 3645 5414 tum
3680 5352 3902 5411 cmliar-

2240 5454 2437 5510 dorem
2471 5456 2652 5507 Deum
2682 5449 2825 5506 dicit
2853 5464 3061 5505 esse...
3093 5448 3237 5506 Cum
3269 5453 3486 5505 autem
3512 5446 3646 5505 sine
3674 5450 3903 5515 corpore

2238 5540 2394 5600 idem
2422 5539 2550 5598 vult
2579 5554 2706 5598 esse
2735 5538 2939 5609 Deum,
2972 5538 3131 5596 omni
3164 5536 3341 5593 illum
3374 5552 3569 5595 sensu
3626 5532 3812 5608 privat
3846 5528 3899 5581 et

2237 5630 2573 5705 prudentia.
2610 5651 2633 5683 ι
2668 5628 2950 5689 Pauciora
2977 5625 3397 5701 nihilominus,
3424 5641 3616 5700 quam
3646 5625 3903 5693 uterque:
