3942 6162
366 265 486 324 447

1656 263 1760 324 DE
1804 261 2113 326 MINUCII
2156 261 2492 325 OCTAVIO

3660 262 3797 323 448

366 397 496 468 ejus
526 395 707 451 animi
740 394 1030 453 fusionem
1064 395 1439 453 universam:
1480 399 1608 452 tum
1639 396 1787 468 ejus
1827 395 2012 468 ipsius
2042 397 2098 464 Α
2129 396 2422 468 Xenoph.,
2447 396 2548 452 lib.
2605 413 2663 451 1v
2689 396 2999 470 Μένων-σὰ,
3041 413 3176 470 pag.
3225 397 3333 452 802
3364 418 3378 466 ς
3432 396 3587 453 480
3637 396 3797 451 Lac-

364 482 780 556 principatum,
814 486 916 556 qui
970 486 1030 540 in
1085 490 1280 541 mente
1339 490 1395 541 et
1454 486 1681 541 ratione
1730 489 2011 553 versetur,

366 589 858 646 communemque
907 591 1101 629 rerum
1160 580 1456 642 naturam,
1522 574 1791 630 universa
1842 578 2015 645 atque

366 662 563 717 omnia
579 663 973 718 continentem
1007 681 1020 730 ;
1067 668 1194 719 tum
1218 663 1454 719 fatalem
1489 665 1782 734 umbram,
1817 667 1875 719 et
1923 679 2017 718 ne-

364 750 698 806 cessitatem
714 768 910 806 rerum
931 752 1281 807 futurarum.
1316 774 1343 801 »
1370 752 1595 817 Quibus
1615 751 1851 823 quidem
1872 749 2007 817 alia,

363 856 486 910 quae
518 839 735 895 ibidem
768 840 957 912 legere
980 841 1217 911 poteris,
1249 858 1382 896 cum
1417 841 1745 911 adjecisset,
1781 839 1902 895 haec
1945 855 2015 894 ex

368 929 628 984 secundo
659 927 819 984 illius
850 930 915 985 de
960 931 1170 985 Natura
1197 929 1395 985 itidem
1422 929 1645 985 deorum
1674 928 1822 984 libro
1856 931 2013 983 retu-

362 1016 473 1072 lit:
538 1040 559 1066 α
614 1018 674 1072 In
730 1019 987 1073 secundo
1044 1022 1239 1073 autem
1293 1018 1417 1073 vult
1470 1017 1705 1089 Orphei,
1789 1016 2010 1083 Musaei,

365 1105 621 1173 Hesiodi,
655 1107 1005 1178 Homerique
1065 1106 1308 1163 fabellas
1336 1107 1778 1164 accommodare
1807 1106 1877 1160 ad
1942 1121 2012 1161 ea

361 1211 488 1266 quae
521 1195 645 1266 ipse
680 1196 868 1266 primo
892 1196 1040 1251 libro
1072 1197 1143 1251 de
1168 1195 1733 1251 diisimmortalibus
1764 1194 2007 1263 dixerat,

360 1286 426 1339 ut
456 1283 627 1339 etiam
661 1284 954 1340 veterrimi
1002 1290 1204 1357 poetas,
1264 1285 1365 1357 qui
1414 1284 1536 1339 haec
1596 1300 1667 1339 ne
1724 1281 2009 1355 suspicati

363 1372 602 1443 quidem
634 1372 773 1438 sint,
805 1374 982 1429 Stoici
1014 1373 1195 1430 fuisse
1224 1375 1550 1431 videantur.
1586 1395 1607 1425 ι
1645 1374 1725 1429 De
1755 1372 1847 1428 his
1903 1390 2005 1427 au-

359 1464 481 1516 tem
512 1460 758 1532 aliisque
789 1462 998 1518 Stoicis
1030 1462 1245 1519 videsis
1285 1462 1595 1533 Laertium,
1658 1461 1759 1534 qui
1802 1478 2006 1518 eorum

359 1549 512 1605 vitas
544 1550 881 1621 publicavit,
937 1551 1332 1622 Plutarchum,
1390 1552 1675 1624 Lipsium,
1710 1567 1775 1607 ac
1806 1567 1931 1623 qua
1973 1567 2008 1607 a

360 1636 528 1693 nobis
566 1642 723 1693 torno
757 1640 1052 1712 superiore
1084 1641 1388 1697 observata
1418 1644 1578 1696 sunt.
1612 1640 1846 1713 (Laert.,
1898 1638 2003 1694 lib.

2125 489 2296 556 tant.,
2322 486 2423 542 lib.
2456 487 2521 542 de
2550 490 2647 542 Ira
2679 488 2791 558 Dei,
2823 504 2931 559 cap
2974 488 3060 559 11,
3102 504 3216 559 pag
3243 488 3351 543 795
3384 506 3398 555 ;
3457 486 3788 555 Theodor.,

2124 577 2268 630 tom.
2302 576 2399 641 IV,
2433 575 2608 632 Serm.
2645 576 2709 633 de
2740 576 2889 644 Fide,
2922 592 3055 648 pag.
3090 578 3237 645 477).

2197 679 2386 736 Pauca
2417 681 2651 738 Minucii
2678 682 2749 737 de
2774 682 3065 737 Aristonis
3095 682 3561 754 opinione'verba
3587 680 3785 751 pluri-

2124 769 2235 824 bus
2266 769 2357 824 his
2388 770 2583 827 Cicero
2614 787 2680 826 ac
2710 771 3059 827 clarioribus
3116 772 3387 842 exposuit
3419 788 3433 826 :
3476 792 3505 820 α
3569 770 3791 841 Neque

2123 857 2371 913 formam
2420 859 2522 915 Dei
2580 859 2831 933 intelligi
2863 877 3032 932 posse
3062 870 3279 929 censet,
3331 874 3521 930 neque
3551 859 3614 913 in
3659 858 3788 913 diis

2122 961 2365 1002 sensum
2397 963 2524 1004 esse
2542 949 3062 1020 dicit,dubitatque
3077 948 3316 1004 omnino
3329 948 3483 1004 Deus
3504 947 3789 1003 animans

2123 1051 2304 1092 necne
2335 1038 2414 1093 sit
2440 1039 2607 1109 (tom.
2643 1040 2982 1110 IApparat.,
3030 1054 3161 1111 pag.
3214 1038 3321 1092 782
3354 1056 3368 1105 ;
3404 1038 3545 1102 Cic.,
3574 1036 3683 1091 lib.
3742 1053 3787 1105 ι,

2117 1133 2185 1189 de
2238 1131 2361 1189 Nai.
2410 1127 2581 1197 deor.,
2641 1144 2769 1200 pag.
2800 1126 2928 1193 201,
2985 1126 3088 1182 lin.
3133 1127 3211 1197 8).
3268 1148 3297 1176 ››
3328 1126 3787 1182 Observandum

2118 1222 2307 1278 obiter
2333 1219 2391 1273 in
2425 1217 2583 1289 regio
2614 1217 2741 1272 cod.
2776 1232 2888 1272 ms.
2939 1216 3177 1271 Minucii
3208 1232 3321 1271 non
3352 1213 3465 1286 legi
3510 1214 3665 1270 sicut
3719 1214 3785 1269 in

2116 1310 2290 1367 editis
2333 1330 2360 1358 «
2393 1307 2584 1362 Aristo
2609 1305 2809 1373 Chius,
2840 1327 2863 1356 ι
2891 1306 2990 1361 sed
3007 1328 3035 1356 ‹‹
3055 1305 3246 1361 Aristo
3289 1303 3581 1359 Stoicus.»
3616 1303 3786 1367 Qua—

2117 1402 2353 1471 propter
2366 1395 2599 1466 rogabis
2612 1393 3040 1465 tortasse,anibi
3054 1395 3348 1450 «Stoicus»
3365 1392 3664 1463 potius,qu
3676 1407 3783 1446 am

2116 1486 2343 1541 Chius»
2365 1484 2676 1555 legendum
2697 1482 2725 1537 ‘l
2747 1484 2857 1540 Sed
2884 1482 3145 1554 quolibet
3166 1480 3533 1552 modolegas,
3555 1496 3783 1551 parum

2115 1570 2376 1631 interest.
2410 1573 2606 1629 Aristo
2629 1572 2919 1644 siquidem
2942 1576 2998 1627 et
3011 1572 3199 1644 patria
3218 1571 3491 1636 Chius,et
3507 1568 3706 1641 philos
3732 1586 3768 1625 ο

2114 1663 2264 1737 phiae
2291 1668 2449 1719 secta
2477 1661 2709 1717 Stoicus
2738 1661 2866 1716 fuit.
2901 1661 2963 1715 Id
2993 1665 3189 1716 autem
3222 1660 3365 1716 satis
3399 1663 3556 1729 patet
3585 1675 3658 1713 ex
3696 1657 3775 1713 iis

492 1726 753 1832 ἀεννξξξδ
802 1735 854 1832 εί
876 1728 1121 1832 έξᾳζηαί·
1142 1731 1289 1832 ποίαν·
1319 1729 1651 1832 ΡῘδίξ-οδίξρζιυν
1683 1728 2004 1832 ΡῙιξξξλΓοῘιςν
2035 1767 2084 1832 Β
2115 1726 2240 1824 quae
2266 1753 2335 1807 de
2367 1751 2467 1807 illo
2496 1750 2636 1807 alibi
2668 1749 3190 1806 animadvertimus
3220 1726 3445 1820 (tom.'I
3476 1748 3784 1819 Apparat.,

356 1815 458 1871 lib.
493 1832 513 1870 1
540 1815 606 1871 de
660 1818 838 1872 Plaeit
867 1818 1213 1891 Philosoph.,
1268 1836 1395 1892 cap.
1419 1821 1454 1872 7
1484 1820 1592 1875 et8
1624 1836 1637 1887 ;
1673 1835 1738 1873 ac
1775 1817 1879 1873 lib.
1938 1817 2002 1873 de

357 1904 583 1962 διοίσων.
618 1908 1219 1980 repugnant.;Lipsi.,
1276 1908 1404 1963 libi
1456 1907 1780 1979 Physiolog.
1840 1906 2003 1963 Stoic.

356 1994 652 2051 dissertet.
686 1996 719 2049 3
748 2001 805 2051 et
833 2012 1021 2068 seqq.,
1053 2002 1195 2053 tom.
1232 1996 1253 2052 Ι
1301 1999 1587 2068 Apparat.,
1646 2012 1781 2068 pag.
1842 1995 2005 2068 l780.)

429 2102 811 2170 Prosequitur
838 2103 1129 2159 Minucius
1162 2108 1380 2170 noster,
1413 2108 1470 2159 et
1495 2104 1577 2159 ait
1602 2120 1614 2159 :
1636 2126 1663 2153 ‹‹
1689 2101 2005 2175 Babylonio

359 2189 537 2245 etiam
570 2190 811 2262 Diogeni
861 2190 1171 2262 disciplina
1229 2197 1319 2249 est
1348 2192 1672 2265 exponendi
1720 2196 1778 2247 et
1820 2191 2005 2247 disse-

358 2277 524 2332 rendi
582 2277 745 2334 Jovis
802 2283 1057 2351 partum,
1101 2284 1159 2334 et
1206 2285 1400 2336 ortum
1456 2280 1748 2345 Minerva,
1780 2284 1838 2335 et
1898 2279 2007 2336 hoc

358 2381 545 2437 genus
573 2371 799 2435 cratera,
830 2384 1022 2423 rerum
1056 2368 1336 2424 vocabula
1360 2386 1509 2439 esse,
1538 2385 1653 2424 non
1686 2369 1949 2425 deorum.
1972 2389 2001 2419 »

352 2454 654 2511 Praeiverat
684 2456 880 2512 Cicero
912 2456 1005 2513 his
1058 2458 1251 2513 verbis
1282 2474 1295 2513 :
1334 2480 1364 2507 »ι
1420 2457 1707 2529 Diogenes
1761 2455 2004 2529 Babylo-

354 2542 512 2615 nius,
548 2565 578 2593 ››
599 2560 775 2616 quem
791 2545 929 2600 alibi
962 2562 1243 2617 magnum
1264 2550 1320 2601 et
1349 2562 1583 2618 gravem
1612 2546 1875 2601 Stoicum
1905 2562 2003 2602 vo-

354 2635 467 2703 cat,
502 2632 610 2687 «in
641 2649 707 2688 eo
776 2633 946 2703 libro,
981 2633 1081 2706 qui
1115 2635 1452 2690 inscribitur
1483 2636 1553 2690 de
1572 2635 1847 2705 Minerva,
1864 2651 2003 2707 par-

353 2724 484 2777 tum
547 2720 705 2793 Jovis
762 2727 1074 2796 ortumque
1140 2723 1382 2796 virginis
1440 2725 1511 2779 ad
1575 2723 2001 2795 philosophiam

356 2811 691 2878 traducens,
752 2812 1038 2885 disjungit
1088 2830 1122 2868 a
1178 2813 1375 2868 fabula
1405 2812 1544 2885 (Cic.
1570 2813 1671 2869 lib.
1704 2829 1723 2868 ι
1780 2812 1845 2869 de
1889 2813 2000 2868 Να-

354 2903 449 2956 tur
477 2901 657 2967 Deor.,
719 2917 849 2973 pag.
882 2902 1007 2955 220.
1041 2901 1144 2957 lin.
1196 2902 1286 2969 41,
1330 2906 1389 2958 et
1440 2901 1542 2957 lib.
1577 2918 1665 2971 ιιι,
1695 2901 1761 2957 de
1820 2902 1999 2975 0fﬁe.,

352 3004 486 3061 pag.
542 2989 690 3058 394).
727 3010 755 3038 ››
783 2988 944 3045 Alios
1028 2990 1154 3061 ejus
1230 2989 1412 3046 libros
1499 2991 1570 3047 de
1624 2992 1997 3063 Divinatione,

351 3077 668 3146 Nobilitate,
702 3081 754 3133 et
783 3080 1019 3147 Legibus
1040 3079 1111 3134 ab
1142 3079 1345 3134 eodem
1378 3080 1670 3147 Cicerone,
1702 3080 1995 3148 Athenaeo,

354 3132 413 3222 ει
458 3132 770 3222 multa.
827 3132 1357 3239 citatosreperies,
1388 3132 1670 3224 “ista;
1704 3132 1999 3225 ista";
2032 3132 2076 3200 α

356 3254 579 3323 credas,
616 3277 644 3306 ‹‹
675 3254 927 3323 Stoicus,
983 3278 1010 3306 »
1035 3256 1143 3312 fuit
1169 3279 1196 3307 «
1226 3273 1295 3312 ex
1325 3257 1589 3312 Seleucia
1644 3257 2002 3330 appellatus-

361 3360 478 3417 que
508 3347 597 3399 est
626 3344 981 3417 Babylonius
1028 3346 1100 3401 ob
1134 3346 1369 3401 urbium
1427 3345 1785 3402 vicinitatem
1824 3363 1837 3403 :
1875 3365 1899 3397 ››
1952 3346 2002 3401 si

362 3432 543 3489 Gellio
568 3433 739 3489 [idem
775 3434 1124 3501 habeas,ille
1151 3435 1338 3490 Plauti
1354 3439 1558 3507 poetae,
1574 3436 2006 3507 Carneadisque

356 3520 687 3577 Academici
734 3522 874 3578 vixit
914 3528 1212 3595 tempore:
1247 3526 1299 3580 si
1359 3523 1633 3595 Luciano,
1686 3541 1873 3597 usque
1932 3525 2005 3580 ad

359 3610 687 3665 secundum
720 3627 898 3683 supra
914 3611 1234 3685 nonaginta
1272 3629 1458 3669 annos
1488 3614 1666 3668 vitam
1680 3630 1850 3669 suam
1874 3630 2005 3685 pro-

359 3697 526 3753 duxit
552 3697 718 3767 (Cic.,
779 3699 925 3756 lib.1
974 3700 1041 3756 de
1089 3702 1353 3772 Divinat.,
1403 3702 1541 3774 Pag.
1572 3702 1720 3769 255;
1771 3702 2006 3774 Athen.,

362 3784 469 3841 lib.
494 3802 550 3840 IV
578 3786 967 3861 Deinop30ph.,
1002 3806 1134 3862 pag,
1169 3790 1291 3859 168,
1323 3794 1381 3844 et
1409 3789 1510 3845 lib.
1543 3806 1648 3857 xu,
1682 3806 1813 3863 pag“
1850 3792 1957 3846 526
1991 3815 2006 3859 ;

361 3874 682 3945 Plutarch.,
716 3878 813 3933 lib.
846 3878 914 3935 de
943 3880 1123 3945 Exil.,
1156 3895 1291 3952 pag.
1325 3879 1433 3933 605
1465 3895 1479 3947 ;
1535 3879 1748 3947 Laert.,
1782 3879 1882 3936 lib.
1927 3896 2006 3949 vr,

364 3964 476 4021 sub
509 3965 684 4021 finem
712 3967 853 4023 Vitas
883 3968 1072 4041 Diog.,
1106 3972 1132 4035 §
1159 3969 1223 4023 81
1263 3986 1277 4036 ;
1310 3967 1552 4036 Gellius,
1585 3968 1687 4024 lib.
1718 3984 1834 4023 xvu
1855 3969 2007 4026 Noct.

364 4056 522 4126 Alti.,
553 4071 681 4128 cap.
709 4057 775 4112 21
812 4072 827 4125 ;
854 4056 1112 4127 Lucian.,
1143 4057 1208 4113 de
1235 4057 1493 4127 Macrob,
1520 4073 1650 4130 pag.
1680 4058 1830 4129 916).

434 4159 581 4224 Quid
615 4160 781 4231 plura
807 4164 836 4219 ?
864 4168 1019 4219 Duos
1040 4163 1189 4219 alios
1218 4163 1513 4220 Minucius
1546 4164 1765 4235 profert
1795 4163 1853 4218 in
1886 4180 2008 4221 me-

370 4246 533 4305 dium
573 4251 672 4322 qui
727 4252 828 4308 Dei
888 4254 1255 4324 majestatem
1285 4253 1357 4308 ab
1388 4252 1729 4308 hominibus
1762 4251 2010 4326 intelligi

368 4353 543 4409 posse
566 4346 976 4413 pernegarunt.
998 4341 1156 4397 Alter
1176 4342 1350 4410 enim,
1378 4346 1443 4398 ut
1473 4340 1634 4397 illius
1660 4342 1850 4398 verbis
1883 4346 2010 4399 uta-

2115 1842 2150 1897 3
2181 1842 2412 1897 dissert.
2446 1839 2549 1895 lib.
2578 1856 2638 1910 II,
2665 1855 2793 1910 cap.
2827 1839 2917 1906 18,
2940 1843 3050 1909 art,
3082 1841 3136 1907 2,
3171 1853 3301 1909 pag.
3337 1837 3476 1891 1145
3504 1837 3578 1891 let
3615 1834 3781 1906 seq.)

2115 1930 2335 1986 Horum
2417 1927 2669 2000 denique
2707 1925 3193 1999 philOSOphorum
3277 1940 3487 1995 agmen
3550 1921 3776 1977 merito

2117 2017 2338 2074 claudit
2366 2016 2551 2085 Plato,
2580 2019 2918 2071 casterorum
2950 2013 3221 2069 omnium
3252 2011 3419 2067 facile
3470 2010 3775 2082 princeps.

2115 2105 2279 2162 Illius
2310 2109 2504 2161 autem
2536 2106 2607 2160 de
2640 2106 2750 2159 Deo
2782 2102 3130 2159 sententiam
3160 2103 3243 2157 sic
3267 2099 3561 2155 Minucius
3593 2115 3779 2154 enar-

2115 2198 2205 2250 rat
2237 2211 2249 2249 :
2286 2216 2308 2245 ι
2348 2192 2571 2250 Platoni
2601 2192 2661 2248 in
2695 2192 2871 2248 Timeo
2902 2196 3051 2247 Deus
3102 2194 3192 2247 est
3216 2189 3341 2261 ipso
3372 2204 3479 2244 suo
3525 2186 3777 2243 nomine

2116 2282 2321 2337 mundi
2354 2298 2586 2354 parens,
2647 2280 2873 2336 artillex
2913 2278 3141 2345 animle,
3197 2276 3517 2333 caelestium
3574 2280 3773 2330 terre—

2114 2372 2449 2443 striumque
2481 2369 2812 2441 fabricator,
2827 2376 3073 2441 quemet
3101 2366 3360 2423 invenire
3375 2364 3612 2421 difficile
3644 2381 3769 2435 prae

2114 2460 2300 2517 nimia
2338 2465 2396 2516 et
2424 2458 2750 2515 incredibili
2776 2462 3081 2530 potestate,
3112 2462 3171 2513 et
3198 2472 3332 2511 cum
3354 2454 3669 2524 inveneris,
3704 2454 3770 2509 in

2113 2548 2413 2623 publicum
2444 2548 2636 2603 dicere
2665 2546 3031 2618 impossibile
3053 2545 3347 2618 prmfatur.
3395 2566 3416 2593 ι
3480 2543 3773 2607 Quocirca

2112 2637 2306 2710 palam
2362 2635 2461 2693 ille
2499 2635 2757 2692 declarat
2780 2636 2930 2691 hanc
2952 2634 3208 2691 Platonis
3229 2632 3582 2689 sententiam
3631 2631 3773 2687 aliis

2112 2727 2390 2784 omnibus
2411 2742 2539 2782 esse
2568 2725 2939 2797 apertiorem,
2970 2727 3272 2794 totamque
3294 2723 3410 2778 fere
3442 2720 3771 2789 caelestem,

2113 2839 2141 2867 ‹‹
2166 2816 2280 2872 nisi
2302 2815 2398 2871 ille
2429 2813 2826 2888 persuasionis
2857 2812 3041 2869 civilis
3095 2826 3517 2883 nonnunquam
3574 2809 3774 2865 admi-

2110 2906 2299 2961 stione
2332 2905 2711 2971 sordesceret,
2741 2924 2770 2952 »
2802 2902 2911 2958 hoc
2936 2906 3047 2969 est,
3079 2900 3192 2957 nisi
3229 2898 3499 2971 .Socratis
3552 2914 3777 2970 praece-

2110 2994 2296 3067 ptoris
2317 2994 2410 3050 sui
2437 2993 2691 3049 cicutam
2712 3007 3028 3064 necemque
3042 2990 3283 3058 veritus,
3297 2987 3463 3045 falsis
3483 2987 3777 3059 vanisque

2109 3082 2371 3155 imperiti
2402 3081 2562 3156 vulgi
2593 3081 2969 3154 opinionibus
2994 3079 3202 3153 ignave
3222 3076 3622 3147 serviliterque
3675 3076 3776 3131 in-

2110 3174 2343 3229 terdum
2375 3171 2628 3241 :adulari
2675 3175 2912 3226 coactus
2962 3169 3217 3238 ,fuisset.
3279 3166 3441 3224 Unde
3490 3165 3775 3221 Justinus

2112 3261 2333 3333 Martyr
2365 3277 2379 3317 :
2406 3259 2661 3321 Ἐνταῦθα
2702 3258 2731 3312 ὁ
2779 3255 3008 3312 Πλάτων
3064 3254 3191 3317 τοὺς
3227 3256 3327 3325 τὴν
3384 3274 3456 3309 πο
3500 3253 3776 3323 υθεότητα

2112 3347 2521 3419 ἀσπαζομένους
2578 3342 2792 3417 δεδιὼς,
2848 3346 2917 3400 τὰ
2988 3344 3198 3399 ἐναντία
3261 3344 3434 3415 ἑαυτῷ
3496 3342 3589 3397 τὸν
3646 3344 3772 3397 κατ’

2112 3437 2271 3493 αὐτὸν
2302 3433 2642 3511 δημιουργὸν
2703 3432 2905 3510 εἰσάγει
2967 3431 3218 3509 λέγοντα.
3252 3457 3281 3485 ‹‹
3337 3434 3497 3490 Plato
3547 3432 3773 3490 multo-

2114 3544 2246 3584 rum
2304 3527 2550 3582 deorum
2581 3526 2806 3581 cultum
2838 3524 3135 3597 amplexos
3178 3524 3420 3589 veritus,
3472 3522 3777 3578 contraria
3842 3566 3849 3573 .

2114 3617 2267 3673 inter
2294 3632 2357 3672 se
2385 3615 2651 3687 opificem
2684 3619 2866 3670 Deum
2895 3630 3071 3671 suum
3103 3613 3329 3669 inducit
3350 3611 3714 3684 loquentem,
3737 3633 3771 3662 »

2113 3704 2380 3779 (Justin.,
2416 3704 2636 3760 Cohort.
2664 3704 2735 3760 ad
2782 3702 2976 3771 Gneo,
3034 3719 3168 3775 pag.
3193 3702 3257 3759 21
3290 3726 3304 3770 ;
3357 3700 3516 3757 Plato
3576 3702 3635 3755 in
3674 3702 3775 3755 Ti-

2115 3809 2280 3865 meo,
2304 3809 2437 3866 pag.
2471 3794 2561 3861 41,
2592 3797 2737 3850 tom.
2771 3792 2869 3864 ΙΙΙ)
2918 3808 3053 3848 cum
3074 3791 3204 3847 aliis
3226 3790 3427 3863 utique
3455 3789 3592 3859 diis,
3616 3805 3776 3861 quos

2118 3883 2193 3941 ab
2222 3900 2288 3940 eo
2321 3881 2501 3939 fuisse
2532 3882 2750 3938 ibidem
2773 3880 3017 3937 dixerat.

2189 3990 2386 4046 Cicero
2416 3993 2613 4045 autem
2635 3987 2737 4044 ubi
2770 3986 2933 4043 illius
2971 3986 3306 4059 opinionem
3335 3989 3589 4056 enarrat,
3647 3985 3774 4057 pri-

2117 4094 2281 4134 mum
2310 4077 2620 4150 exprobrat
2646 4075 3126 4132 inconstantiam.
3159 4097 3188 4127 ‹‹
3217 4075 3353 4132 Jam
3384 4076 3456 4131 de
3509 4074 3775 4131 Platonis

2116 4165 2532 4233 inconstantia,
2567 4186 2596 4216 ››
2666 4165 2766 4236 ait,
2802 4164 3103 4236 «longum
3158 4168 3247 4220 est
3295 4164 3505 4233 dicere,
3546 4162 3650 4235 qui
3707 4162 3773 4219 in

2118 4258 2313 4312 Τένηκο
2342 4258 2563 4326 patrem
2594 4252 2774 4325 hujus
2795 4253 3000 4309 mundi
3031 4252 3321 4309 nominari
3351 4257 3521 4325 negat
3552 4269 3776 4324 posse,,

2118 4345 2179 4400 in
2208 4346 2411 4415 Legum
2440 4346 2635 4398 autem
2685 4341 2853 4398 libris
2884 4341 3024 4415 quid
3059 4341 3136 4398 sit
3158 4341 3397 4397 omnino
3454 4341 3631 4408 Deus,
3683 4340 3777 4396 in-

374 4442 575 4493 mur,«
601 4429 934 4487 Socraticus
954 4431 1273 4504 XenOphon
1296 4431 1545 4487 formam
1572 4431 1673 4487 Dei
1696 4430 1813 4487 veri
1838 4435 2013 4503 negat
2044 4499 2078 4505 _
2119 4433 2273 4505 quiri
2313 4436 2579 4504 oportere
2608 4448 2723 4487 non
2756 4435 2973 4487 censet.
3003 4452 3031 4481 ››
3063 4430 3226 4502 (Cic.,
3256 4430 3360 4486 lib.
3393 4447 3432 4499 ι,
3463 4429 3530 4485 de
3568 4431 3773 4486 Natur.

370 4515 557 4571 videri
608 4534 800 4589 posse,
834 4524 889 4574 et
935 4521 1063 4575 ideo
1096 4499 1275 4591 quaeri
1307 4536 1420 4575 non
1451 4524 1736 4591 oportere.
1768 4537 1794 4570 ιι
1857 4499 2011 4575 Alter
2044 4499 2091 4564 D
2121 4499 2300 4593 (icon,
2334 4499 2467 4594 pag.
2498 4521 2626 4588 200,
2657 4519 2738 4575 lin
2770 4521 2882 4591 11.)
2912 4499 3487 4575 EumdemPlatonis
3544 4518 3770 4574 librum

371 4620 530 4674 vero,
565 4626 593 4656 ‹‹
639 4606 833 4663 Aristo
875 4608 1052 4663 Chius
1128 4608 1543 4681 comprehendi
1601 4608 1841 4665 omnino
1898 4625 2015 4665 non
2123 4626 2190 4668 ao
2222 4609 2574 4666 sententiam
2604 4607 2805 4664 citavit
2870 4607 3206 4663 Lactantius
3236 4608 3547 4680 (Lactant.,
3605 4607 3711 4665 lib.
3752 4628 3773 4666 ι

374 4710 566 4765 posse.
598 4715 627 4746 »
662 4699 739 4751 De
770 4696 958 4767 priore
992 4698 1300 4755 enodatius
1331 4698 1528 4756 Cicero
1562 4715 1575 4754 :
1603 4720 1632 4749 «
1691 4697 2015 4770 Xenophon
2120 4700 2326 4767 Insli¢.,
2359 4714 2487 4771 cap.
2527 4698 2583 4765 8,
2615 4712 2747 4770 pag.
2779 4696 2945 4765 4l,et
2974 4695 3076 4765 lib,
3098 4696 3278 4753 delra
3326 4696 3448 4764 Dei,
3498 4713 3625 4769 cap.
3674 4700 3770 4768 11,

372 4782 513 4838 facit
536 4783 592 4839 in
617 4784 712 4851 iis,
747 4801 874 4856 qua:
903 4804 936 4841 a
984 4787 1218 4844 Socrate
1247 4787 1402 4844 dicta
1448 4787 1667 4859 retulit,
1715 4787 2015 4844 Socratem
2121 4804 2254 4862 pag.
2284 4787 2432 4860 795).
2474 4786 2586 4843 Sed
2616 4784 2782 4858 plura
2798 4784 2878 4841 ibi
2906 4784 3125 4853 Cicero,
3159 4788 3219 4842 et
3243 4789 3444 4857 postea
3476 4786 3769 4844 Eusebius

372 4872 793 4945 disputantem,
819 4876 1065 4932 formam
1097 4878 1192 4932 Dei
1210 4877 1393 4950 qumri
1420 4894 1536 4933 non
1556 4881 1840 4949 oportere,
1855 4892 2013 4932 eum-

368 4962 623 5035 demque
679 4968 736 5020 et
785 4962 990 5036 solem,
1033 4970 1091 5021 et
1145 4966 1407 5022 animum
1462 4970 1645 5022 Deum
1695 4965 1907 5038 dicere,
1956 4968 2014 5022 et

367 5053 543 5109 modo
574 5070 783 5123 unum,
814 5059 941 5111 tum
973 5058 1167 5112 autem
1199 5054 1396 5127 plures
1444 5054 1602 5111 deos.
1636 5076 1666 5105 ››
1694 5056 1759 5111 In
1803 5058 2011 5126 quarto

368 5144 564 5196 autem
589 5142 993 5214 Xenophontis
1019 5142 1458 5198 Memorabilium
1483 5141 1653 5209 libro,
1681 5141 1738 5197 id
1761 5143 1915 5214 quod
1938 5143 2011 5199 de

366 5242 435 5285 eo
466 5236 662 5287 narrat
692 5231 911 5300 Cicero,
942 5247 1140 5287 revera
1197 5230 1512 5287 invenitur.
1560 5230 1819 5288 Primam
1876 5247 2010 5287 vero

365 5314 546 5386 hujus
572 5320 984 5391 propositionis
1035 5322 1263 5392 partem
1292 5318 1350 5374 in
1392 5336 1536 5376 usus
1557 5335 1696 5377 suos
1752 5320 2011 5394 sumpsit

368 5402 661 5462 Minucius
719 5414 934 5477 noster,
983 5412 1041 5465 et
1070 5412 1203 5482 post
1232 5407 1397 5464 illum
1441 5409 1800 5480 Lactantius,
1834 5413 2011 5482 atque

366 5493 542 5550 etiam
574 5496 986 5555 Theodoretus.
1015 5499 1131 5557 Nos
1160 5502 1357 5556 autem
1394 5499 1465 5557 de
1490 5516 1558 5557 ea
1587 5499 1725 5557 alibi
1780 5499 2010 5573 egimus

364 5582 504 5663 (Cic.
562 5583 669 5643 lib.
701 5602 720 5641 1
775 5588 841 5645 de
892 5591 1108 5658 Natam,
1158 5589 1334 5659 deor.,
1380 5606 1511 5664 pag.
1543 5592 1669 5661 200,
1729 5590 1833 5649 lin.
1893 5592 2006 5663 18;

2120 4876 2194 4933 de
2216 4876 2344 4948 ipso
2374 4874 2614 4932 Platone
2664 4875 2909 4946 ejusque
2964 4873 3358 4930 inconstantia
3413 4882 3768 4944 memorant,

2120 4965 2339 5039 quibus
2404 4964 2756 5036 respondere
2826 4961 3288 5035 Lescalopierius
3362 4966 3605 5019 conatus
3676 4968 3769 5019 est

2119 5054 2376 5125 (Euseb.,
2406 5052 2508 5109 lib.
2541 5069 2648 5110 xm
2693 5053 2944 5124 Praepar.
2977 5052 3182 5124 Evang.
3214 5067 3341 5124 cap.
3374 5052 3443 5108 14
3478 5077 3493 5121 ;
3562 5057 3769 5109 Lesca-

2117 5147 2265 5216 top.,
2311 5143 2568 5214 Exposii.
2629 5140 2691 5197 in
2745 5140 2901 5197 lib.1
2966 5140 3062 5197 Cic
3106 5141 3173 5197 de
3229 5141 3351 5198 Nat.
3406 5141 3768 5216 deor.,§30,

2118 5248 2252 5308 pag.
2284 5232 2395 5305 50).
2419 5233 2499 5289 Ea
2518 5234 2717 5289 autem
2739 5230 3028 5287 Minucius
3058 5231 3132 5286 ad
3191 5231 3528 5289 institutum
3587 5250 3769 5293 suum

2117 5339 2232 5381 non
2265 5321 2651 5378 conducentia
2696 5319 3086 5392 praetermisit.

2188 5411 2365 5469 Porro
2389 5413 2589 5467 autem
2638 5409 2817 5466 citata
2864 5426 2899 5465 a
2928 5406 3182 5466 Minucio
3212 5410 3271 5464 et
3318 5407 3450 5465 aliis
3508 5409 3767 5471 Platonis

2122 5500 2301 5559 verba
2330 5501 2392 5557 in
2421 5501 2551 5573 ejus
2582 5498 2797 5557 Timaeo
2829 5499 2915 5556 sic
2944 5514 3145 5556 revera
3172 5497 3486 5571 leguntur:
3516 5522 3545 5550 «
3575 5502 3769 5573 Atque

2118 5590 2287 5661 illum
2313 5590 2552 5666 quidem
2568 5592 2871 5664 parentem
2891 5587 3071 5661 hujus
3084 5587 3477 5648 universitatis
3501 5588 3763 5650 invenire
