3942 6162
196 264 291 322 449
1560 256 1765 319 οιεει

1948 258 2104 320 ΤΙΟ.

3397 272 3519 332 450

192 390 391 455 difﬁcile,
410 391 459 443 et
485 402 607 441 cum
639 385 955 455 inveneris,
986 386 1244 444 indicare
1292 387 1352 444 in
1402 389 1610 461 vulgus
1648 389 1754 444 im-
1782 394 1837 460 Α
1937 390 2232 447 Minucius
2260 409 2394 449 vero
2422 397 2620 451 noster
2642 394 2699 451 id
2728 398 3517 473 quatuorprobatcxemplis,

188 478 423 555 possibile,
454 474 523 535 εἰς
550 474 740 528 πάνται
781 471 1036 529 ἀδύνατον
1069 474 1277 550 λέγεινς
1308 499 1335 528 »
1369 478 1573 550 (Plato,
1608 482 1753 537 tom.

187 571 256 638 Ill,
284 584 390 639 pag.
420 566 525 635 28.)
552 565 763 620 Eadem
795 566 1168 638 transcripsit
1199 567 1620 639 Athenagoras,
1652 567 1754 623 ubi

184 661 297 716 sicut
326 658 452 713 437
482 655 765 712 Minucius
791 659 1003 728 noster,
1056 657 1226 729 plane
1266 657 1519 715 ostendit
1562 657 1755 714 ethni-

182 767 252 805 cos
278 745 617 819 philosophos
649 762 831 801 unum
885 747 1190 819 agnovisse
1238 764 1539 803 summum
1571 748 1754 803 Deum

181 838 447 911 {Athenag.,
474 836 653 905 Legat.
689 851 788 907 pro
821 834 1137 909 Christian.,
1189 854 1323 911 pag.
1353 839 1388 893 6
1418 841 1475 893 et
1522 853 1685 909 seqq.
1716 836 1753 910 ).

180 930 353 984 Rursus
374 941 495 981 vero
540 924 641 980 illa
686 924 1019 998 phiIOSOphi
1050 926 1225 982 verba
1282 926 1535 981 citarunt
1562 926 1757 981 Cicero

179 1020 219 1072 in
236 1016 552 1085 Fragmentis,
613 1017 672 1069 et
716 1013 1111 1070 Tertullianus
1150 1031 1371 1087 nosque
1403 1014 1541 1071 alibi
1573 1031 1641 1070 ea
1669 1030 1759 1070 re-

176 1106 366 1161 tulimus
392 1104 547 1175 (Cic.,
591 1104 832 1175 Fragm.,
865 1119 998 1175 pag.
1040 1103 1150 1173 26;
1210 1103 1479 1170 Tertull.,
1510 1104 1758 1176 Apolog.,

176 1211 265 1267 cap.
294 1194 365 1263 46,
396 1208 516 1265 pag.
554 1191 657 1262 40;
690 1196 832 1249 tom.
866 1197 886 1248 l
916 1192 1202 1266 Apparat.,
1236 1209 1367 1267 pag.
1396 1194 1499 1248 781
1550 1197 1608 1249 et
1630 1192 1757 1259 958,

260 1326 269 1337 .
296 1283 423 1353 155).

174 1300 570 1428 pagumwtieinde
600 1370 889 1427 Minucius
917 1370 1039 1426 hinc
1080 1372 1412 1429 subnectit:
1474 1394 1501 1423 «
1544 1371 1759 1427 Eadem

171 1463 254 1519 fere
277 1466 325 1517 et
347 1461 467 1529 ista,
502 1476 632 1533 qua
667 1465 864 1517 nostra
915 1464 1072 1517 sunt.
1106 1462 1253 1519 Nam
1286 1466 1343 1518 et
1374 1462 1559 1518 Deum
1594 1460 1762 1517 novi-

174 1568 286 1617 mus,
313 1556 361 1605 et
388 1554 683 1621 parentem
743 1550 1007 1605 omnium
1046 1551 1324 1607 diximus.
1395 1573 1422 1601 »
1483 1550 1765 1607 Similiter

173 1640 505 1712 Athenagoras
558 1655 573 1693 :
626 1636 690 1693 Ei
738 1637 915 1692 τοίνυν
958 1640 1057 1693 ούκ
1113 1634 1252 1695 ἔστιν
1306 1637 1459 1703 ἄθεος
1509 1636 1761 1709 Πλάτων,

170 1726 234 1782 ’ἕνα
268 1728 341 1781 τὸν
395 1725 728 1803 δημιουργὸν
788 1731 895 1781 τῶν
942 1725 1087 1781 ὅλων
1118 1732 1256 1782 νοῶν
1292 1727 1579 1804 ἀγέννητον
1608 1728 1755 1798 Θεὸν,

172 1814 259 1870 οῦδὲ
303 1818 451 1888 ἡμεῖς
505 1814 678 1883 ἄθεοι,
713 1815 799 1893 ὑφ’
830 1815 892 1870 οὗ
945 1815 1098 1891 λόγῳ
1150 1815 1637 1893 δεδημιούργηται,
1669 1814 1761 1871 καί

170 1909 224 1975 τῷ
265 1903 564 1980 παράὖτοῦ
617 1903 884 1977 πνεύματι
941 1905 1219 1980 συνέχεται
1280 1906 1347 1961 τὰ
1402 1908 1597 1976 πάντα,
1634 1910 1763 1961 τοῦ-

170 2014 232 2047 τον
256 1990 428 2055 εἰδότες
459 1992 548 2047 καὶ
583 1996 907 2069 κρατοῦντες
937 1992 1089 2050 Θεόν.
1124 2016 1152 2046 α
1182 1996 1344 2059 Quod
1391 1996 1439 2052 si
1489 2014 1605 2052 non
1654 1996 1766 2052 im-

171 2085 238 2155 pia
261 2088 333 2140 est
361 2083 469 2139 haec
501 2082 767 2138 Platonis
797 2083 869 2138 de
898 2100 1015 2139 uno
1063 2084 1458 2141 universitatis
1506 2085 1766 2157 ingenito

177 2173 254 2227 Deo
279 2172 569 2237 sententia,
612 2188 683 2227 ne
714 2188 820 2227 nos
854 2171 1091 2244 quidem
1123 2172 1408 2230 fuerimus
1439 2174 1624 2246 impii,
1664 2173 1765 2245 qui

174 2261 295 2317 illum
322 2261 690 2335 agnoscimus
721 2266 777 2316 et
804 2262 1182 2318 observamus
1238 2263 1445 2333 Deum,
1479 2264 1647 2335 cujus
1703 2266 1770 2318 ut

172 2350 296 2405 verbo
322 2350 602 2405 fabricata
630 2353 791 2418 sunt,
824 2350 907 2404 sic
958 2349 1167 2422 spiritu
1228 2352 1601 2408 continentur
1648 2351 1767 2408 haec

172 2438 407 2495 universa.
442 2461 471 2489 »

216 2528 275 2582 Ex
302 2528 382 2583 his
411 2527 693 2584 omnibus
739 2526 1225 2600 philosophorum
1280 2528 1654 2603 opinionibus
1687 2529 1769 2584 ita

170 2616 415 2688 explicatis
446 2617 603 2673 hanc
634 2616 924 2672 Minucius
941 2616 1377 2674 conclusionem
1411 2618 1568 2675 elicit
1596 2619 1771 2675 :«Ex-

165 2706 288 2775 posui
314 2706 613 2778 opiniones
636 2706 900 2761 omnium
916 2707 1097 2762 ferme
1126 2707 1767 2781 philosophorum,qui-

165 2792 243 2848 bus
266 2793 527 2851 illustrior
558 2794 752 2867 gloria
780 2798 889 2866 est,
921 2795 1103 2851 Deum
1165 2813 1350 2852 unum
1386 2797 1587 2853 multis
1636 2797 1771 2853 licet

162 2883 442 2953 designasse
474 2884 849 2950 nominibus,
868 2888 932 2939 ut
961 2883 1153 2955 quivis
1176 2885 1768 2942 arbitreturautnunc

162 2970 460 3029 Christianos
491 2988 629 3029 esse
651 2972 1053 3045 philosophos,
1076 2974 1570 3048 autphilosophos
1586 2975 1769 3032 fuisse

157 3061 245 3129 jam
269 3066 392 3117 tunc
420 3061 813 3129 Christianos,
848 3084 877 3113 »
918 3078 984 3118 eo
1017 3062 1286 3119 videlicet
1342 3081 1540 3133 sensu,
1592 3081 1765 3137 quem

1865 495 2111 551 quorum
2146 481 2416 537 ultimum
2450 500 2484 539 a
2539 484 2812 542 Cicerone
2873 487 3093 542 ibidem
3155 490 3517 561 proponitur.

1865 567 1973 623 Sed
2007 584 2075 623 ea
2128 574 2331 625 auctor
2387 576 2585 627 noster
2641 590 2756 644 quo
2809 574 3065 641 brevius,
3118 592 3182 631 eo
3213 578 3521 635 obscurius

1865 656 2085 712 retulit.
2127 661 2272 713 Nam
2305 675 2376 713 ne
2397 660 2633 715 nomine
2659 663 2896 733 quidem
2930 680 3033 719 suo
3064 663 3519 737 illos,quibusde

1865 744 2076 817 agitur,
2113 762 2368 819 unquam
2399 748 2676 820 appellat.
2710 754 2834 805 Non
2885 754 2991 807 abs
3051 769 3111 808 re
3168 754 3363 825 itaque
3412 755 3522 812 erit

1866 833 1987 889 haec
2019 835 2191 906 paulo
2219 836 2526 891 enodatius
2554 837 2860 910 explicare.

1937 923 2089 978 488
2119 924 2165 979 A
2196 924 2385 980 Persis
2414 925 2606 995 itaque
2636 926 2869 983 initium
2904 927 3063 985 hisce
3095 930 3261 985 duxit
3281 932 3474 990 verbis
3512 967 3526 1007 ε

1870 1030 1900 1061 ‹‹
1930 1011 2147 1068 Omitto
2172 1012 2398 1079 Persas,
2441 1014 2512 1071 de
2543 1030 2820 1087 equorum
2877 1016 3110 1073 hinnitu
3164 1026 3521 1093 augurantes

1869 1099 2283 1172 principatum.
2316 1121 2343 1155 ι
2378 1102 2594 1158 Verum
2627 1103 2759 1176 quis
2789 1104 2910 1160 haec
2938 1104 3244 1179 intelliget,
3278 1109 3391 1164 nisi
3413 1109 3525 1166 Da-

1869 1186 1939 1243 rii
1967 1191 2276 1245 Persarum
2306 1190 2459 1263 regis
2491 1191 2796 1248 historiam
2834 1194 3058 1250 noverit
3100 1200 3203 1251 aut
3248 1197 3533 1254 revocarit

1860 1275 1929 1332 in
1953 1280 2293 1334 memoriam
2318 1280 2581 1336 ?Occisis
2599 1281 2885 1352 siquidem
2910 1283 3116 1357 Magis,
3134 1301 3531 1358 oppressaque

1871 1367 2127 1434 sordida,
2163 1372 2232 1423 ut
2264 1368 2346 1423 ait
2378 1369 2650 1425 Valerius
2680 1371 2988 1442 Maximus,
3022 1388 3224 1429 eorum
3257 1375 3529 1431 domina-

1870 1455 2047 1523 tione,
2074 1456 2278 1512 Darius
2299 1474 2362 1513 ex
2408 1463 2573 1529 pacto
2602 1463 2660 1514 et
2706 1466 2991 1516 conventu
3032 1479 3130 1517 rex
3176 1462 3337 1519 solus
3369 1480 3524 1520 crea-

1870 1551 1967 1600 tus
2000 1550 2105 1611 est,
2141 1552 2449 1618 postquam
2483 1549 2608 1617 ejus
2656 1564 2845 1619 equus
2884 1550 2994 1604 sub
3026 1550 3220 1622 ipsum
3256 1551 3398 1608 solis
3429 1569 3523 1608 or-

1872 1637 1999 1688 tum
2031 1633 2164 1689 dolo
2193 1636 2419 1691 .IEbaris
2446 1636 2740 1691 hinnitum
2775 1638 3055 1694 edidisset
3104 1640 3310 1711 (Valer.
3346 1642 3523 1711 Max.,

1873 1720 1976 1777 lib.
2008 1739 2110 1789 vn,
2152 1740 2279 1795 cap.
2322 1725 2358 1779 2
2414 1726 2681 1793 Exler.,§
2726 1727 2803 1797 2).
2863 1726 3091 1784 Videsis
3148 1729 3525 1800 Herodotum,

1870 1811 2170 1867 Justinum
2203 1813 2569 1881 historicum,
2605 1813 2895 1871 Valerium
2930 1817 3266 1887 Maximum,
3298 1823 3355 1874 et
3384 1819 3530 1876 alios

1874 1900 2167 1969 (Herodot.
2203 1901 2304 1957 lib.
2332 1920 2417 1967 ιιι,
2449 1904 2588 1975 §82,
2620 1904 2690 1958 85
2731 1914 2784 1960 et
2811 1920 2920 1977 seq.
2952 1922 2967 1974 ;
3007 1906 3253 1973 Justin.,
3286 1908 3395 1963 sub
3420 1909 3523 1963 fin.

1872 1989 1974 2045 lib.
2009 2007 2060 2057 1;
2094 1989 2288 2046 Valer.
2321 1994 2466 2047 Max.
2501 1998 2598 2047 loc.
2628 1995 2720 2048 cit.
2753 1993 2792 2064 ).

1943 2082 2059 2132 Nec
2091 2078 2278 2151 magis
2309 2079 2464 2135 clara
2493 2085 2632 2135 sunt
2661 2080 2781 2136 haec
2819 2081 3240 2154 subsequentia
3288 2082 3528 2140 Minucii

1873 2166 2075 2222 verba:
2109 2189 2138 2217 «
2175 2168 2242 2223 Et
2268 2168 2676 2225 Thebanorum
2724 2188 2829 2243 par
2882 2178 3205 2238 mortuum,
3264 2173 3523 2229 fabulam

1873 2258 2144 2315 transeo:
2182 2279 2210 2307 ››
2236 2258 2322 2313 vel
2355 2258 2663 2315 obscurius
2695 2277 2761 2315 ac
2791 2264 3061 2333 corrupte
3099 2262 3158 2316 in
3208 2261 3402 2318 codice
3436 2279 3526 2319 re-

1876 2345 1970 2416 gio
2000 2366 2029 2395 «
2062 2361 2163 2416 per
2196 2351 2482 2402 mortuam
2518 2348 2798 2404 fabulam.
2818 2370 2846 2398 »
2869 2350 3077 2405 Paucis
3104 2350 3197 2406 his
3219 2351 3525 2407 verbisMi-

1876 2435 2085 2489 nucius
2116 2435 2480 2491 decantatam
2527 2454 2561 2492 a
2605 2438 2787 2492 Statio
2844 2437 3099 2511 Polynici
3158 2444 3215 2494 et
3273 2439 3524 2495 Eteoclis

1876 2524 2144 2593 fratrum,
2178 2529 2353 2595 atque
2382 2525 2583 2597 OEdipi
2626 2526 3037 2582 Thebanorum
3088 2528 3240 2600 regis
3273 2528 3524 2585 filiorum

1876 2611 2133 2667 fabulam
2167 2614 2790 2685 perstringit(Statius,
2814 2615 2915 2671 lib.
2948 2634 3005 2671 x1
3026 2620 3081 2672 et
3100 2634 3177 2672 ιιι
3211 2617 3520 2691 Thebaid.).

1878 2700 2006 2756 Haec
2037 2706 2230 2757 autem
2263 2703 2347 2758 sic
2372 2708 2660 2759 narratur.
2695 2704 2837 2760 Cum
2871 2706 3123 2777 OEdipus
3154 2705 3214 2760 in
3254 2707 3526 2762 exsilium

1878 2794 2081 2861 sponte
2102 2790 2584 2861 proﬁcisceretur,
2614 2792 2835 2848 eisdem
2869 2792 2986 2847 illis
3019 2792 3155 2849 {iliis
3190 2796 3315 2849 suis
3347 2811 3524 2866 regno

1878 2896 1984 2935 suo
2014 2896 2082 2935 ea
2112 2879 2239 2951 lege
2291 2880 2487 2947 cessit,
2548 2885 2614 2937 ut
2664 2880 2905 2937 alternis
2962 2881 3338 2953 imperarent.
3379 2887 3528 2939 Natu

1876 2985 2047 3040 porro
2081 2967 2267 3042 major
2288 2970 2542 3026 Eteocles
2564 2974 2870 3041 postquam
2904 2986 3057 3026 anno
3085 2970 3272 3043 primo
3290 2988 3530 3045 regnas-

1882 3062 1991 3124 set,
2026 3057 2283 3130 Polynici
2316 3058 2698 3129 subsequenti
2758 3075 2910 3114 anno
2963 3059 3289 3131 imperandi
3338 3060 3531 3117 locum

162 3149 373 3220 superius
394 3150 843 3224 explicavimus.
886 3155 960 3206 At
990 3152 1301 3224 perpende,
1328 3169 1546 3226 quzeso,
1569 3159 1765 3211 utrum

1946 3147 2210 3218 :negavit.
2254 3145 2569 3217 Repulsam
2619 3146 2717 3203 ille
2772 3164 3006 3220 passus,
3064 3164 3127 3204 se
3174 3149 3416 3205 contulit
3462 3150 3533 3204 ad

162 3240 209 3292 ab
231 3240 317 3295 hac
369 3239 744 3296 conclusione
792 3240 961 3313 longe
1019 3242 1324 3298 recesserit
1379 3243 1766 3316 Augustinus,

162 3328 228 3393 qui
252 3332 308 3381 de
339 3329 543 3385 iisdem
578 3328 1079 3401 philosophishaec
1098 3332 1477 3401 pronuntiat:
1508 3356 1537 3382 ‹‹
1568 3337 1769 3404 Itaque

160 3413 192 3468 si
215 3415 339 3472 hanc
367 3420 543 3473 vitam
585 3417 670 3471 illi
702 3417 809 3473 viri
869 3418 1175 3474 nobiscum
1207 3437 1443 3476 rursum
1476 3438 1644 3493 agere
1677 3439 1773 3494 po-

160 3502 374 3567 tuissent.
406 3507 676 3562 viderent
706 3506 960 3577 profecto
1013 3508 1183 3577 cujus
1238 3511 1580 3566 auctoritate
1628 3511 1769 3566 faci-

162 3588 241 3647 lius
268 3595 669 3651 consuleretur
687 3596 1048 3663 hominibus,
1073 3601 1131 3652 et
1155 3597 1354 3669 paucis
1372 3599 1611 3655 mutatis
1640 3616 1768 3655 ver-

162 3680 225 3735 bis
251 3688 404 3755 atque
433 3684 772 3755 sententiis,
801 3684 1116 3740 Christiani
1160 3686 1386 3755 ﬁerent,
1422 3688 1574 3743 sicut
1603 3688 1772 3760 pleri-

164 3782 243 3837 que
267 3773 647 3828 recentiorum
678 3776 1128 3845 nostrorumque
1144 3778 1473 3847 temporum
1488 3776 1769 3833 Platonici

164 3858 387 3916 fecerunt.
423 3884 451 3912 »
483 3865 686 3935 (Aug.,
719 3862 820 3916 lib.
843 3862 909 3918 de
966 3879 1095 3918 vera
1141 3865 1340 3936 Relig.,
1373 3882 1499 3937 cap,
1541 3867 1594 3932 4,
1626 3870 1767 3922 tom.

165 3946 252 4014 VII,
272 3965 391 4023 pag.
429 3951 619 4022 750.)
683 3950 875 4007 Unum
929 3968 1099 4023 porro
1156 3952 1249 4009 his
1299 3953 1549 4025 adjicere
1602 3954 1771 4011 liceat

166 4034 417 4111 plerosque
446 4041 589 4096 illos
622 4040 1005 4113 pbi1030phos
1037 4043 1303 4099 eamdem
1323 4045 1394 4099 ob
1426 4060 1661 4101 causam
1692 4044 1770 4100 ci-

167 4124 245 4178 tari
266 4144 293 4181 ιι
323 4129 701 4199 Tertulliano,
735 4128 1033 4186 Lactantio
1063 4134 1121 4186 et
1148 4130 1301 4201 aliis,
1353 4138 1526 4205 atque
1573 4150 1641 4189 ex
1671 4150 1771 4191 eo-

166 4228 265 4269 rum
289 4218 657 4288 opinionibus
688 4217 844 4273 idem
895 4219 1066 4290 plane
1097 4221 1303 4278 confici
1358 4238 1423 4276 ac
1480 4222 1769 4278 concludi.

168 4300 254 4356 Sed
278 4305 334 4360 de
359 4306 468 4363 illis
490 4311 703 4397 postea
731 4323 996 4379 agemus.

681 4446 947 4503 ARTICU
957 4448 1080 4505 LUS
1112 4451 1209 4506 ΙΙΙ.

1878 3236 2200 3291 Adrastum
2230 3235 2574 3307 Argivorum
2606 3251 2830 3308 regem,
2860 3242 2917 3292 et
2970 3238 3209 3309 Argiam
3259 3236 3417 3293 illius
3466 3238 3536 3291 fi-

1880 3323 2019 3380 liam
2053 3325 2163 3380 sibi
2197 3324 2527 3396 despondit.
2558 3326 2706 3379 Tum
2738 3330 2937 3381 coacto
2994 3326 3270 3393 exercitu,
3309 3326 3530 3381 Theba-

1878 3414 1971 3470 nis
2003 3413 2099 3470 ille
2129 3430 2263 3470 cum
2294 3415 2523 3487 Tydaeo,
2557 3412 2739 3469 altero
2791 3414 3025 3470 Adrasti
3066 3430 3297 3486 genero,
3330 3413 3528 3469 intulit

1877 3502 2116 3559 bellum.
2143 3507 2204 3557 In
2238 3518 2304 3559 eo
2331 3508 2535 3558 autum
2568 3503 2739 3559 ambo
2758 3504 2965 3559 fratres
2995 3503 3253 3559 Eteocles
3284 3507 3340 3559 et
3362 3502 3525 3575 Poly-

1878 3591 2058 3661 nices,
2091 3591 2374 3662 singulari
2405 3591 2721 3647 certamine
2753 3592 2917 3661 inito,
2944 3593 3165 3647 mutuis
3185 3591 3529 3648 vulneribus

1879 3681 2233 3736 occiderunt.
2278 3681 2539 3752 Denique
2569 3697 2771 3737 eorum
2801 3682 3183 3737 cadaveribus
3242 3697 3378 3753 rogo
3421 3681 3530 3735 im-

1879 3767 2107 3841 positis,
2140 3770 2376 3825 ﬂamma
2406 3770 2555 3824 duas
2585 3768 2645 3823 in
2679 3774 2871 3842 partes
2885 3786 3012 3826 sese
3034 3769 3090 3825 in
3108 3769 3223 3825 odii
3256 3768 3536 3842 implaca-

1879 3857 2014 3913 bilis
2046 3858 2280 3929 signum
2313 3857 2585 3914 divisisse
2616 3859 2817 3913 fertur.
2851 3859 3022 3927 Audi,
3075 3858 3125 3914 si
3182 3858 3361 3927 lubet,
3394 3858 3532 3914 Ovi-

1879 3944 2043 4001 dium
2075 3944 2217 4002 illud
2260 3946 2350 4002 bis
2379 3947 2648 4004 versibus
2679 3952 3016 4003 canentem:

2034 4061 2287 4119 Consilio,
2330 4075 2629 4112 commmne
2677 4076 2888 4112 sacrum
2927 4076 3048 4110 cum
3084 4060 3249 4110 ﬁatin
3287 4074 3378 4111 ara

2160 4125 2448 4195 Fratribus,
2483 4126 2689 4195 alterna
2716 4126 2806 4188 qui
2838 4127 3327 4195 periere_manu.m.

2030 4187 2154 4250 lpsa
2184 4187 2282 4250 sibi
2313 4187 2532 4247 discors,
2562 4184 2816 4250 tanquam
2841 4184 3224 4250 mandeturab
3256 4184 3375 4246 illis,

2129 4249 2402 4299 Scinditur
2459 4250 2513 4300 in
2571 4248 2748 4312 partes
2778 4254 2891 4299 atra
2922 4248 3099 4297 favilla
3127 4248 3279 4296 duas.

2101 4312 2296 4373 (Ovid.,
2327 4312 2362 4362 ι.
2405 4326 2437 4360 v
2471 4313 2640 4371 Irim,
2680 4312 2806 4375 eleg.
2836 4316 2882 4371 5,
2914 4326 2961 4359 v.
2990 4312 3049 4360 33
3078 4312 3126 4359 et
3153 4315 3314 4375 seqq.)

1954 4434 2192 4505 Exstant
2235 4434 2385 4491 hanc
2443 4434 2505 4491 in
2563 4452 2685 4490 rem
2744 4434 2923 4491 Graeci
2969 4435 3241 4492 Branoris
3296 4452 3528 4507 versus,

171 4526 457 4600 Elpendz'tur
484 4535 655 4591 aliud
687 4536 902 4593 Octaviz'
928 4536 992 4595 de
1048 4539 1150 4594 Deo
1207 4556 1316 4595 uno
1363 4549 1765 4612 argumentum,

1946 4540 2030 4579 lOS
2058 4523 2353 4579 Ausonius
2384 4523 2618 4612 Latinos
2650 4524 2784 4578 fecit
2831 4526 3094 4596 (Auson.,
3154 4525 3349 4599 Epigr.
3384 4528 3531 4600 129).

220 4617 277 4655 ea:
320 4615 658 4679 terrenarum
713 4624 1008 4679 regnorum
1077 4614 1129 4666 et
1182 4627 1370 4668 rerum
1424 4616 1770 4670 naturalium

218 4678 443 4747 exemplis
462 4678 834 4751 desumptufn.

218 4779 283 4836 Ex
309 4787 550 4842 terrenis
588 4786 872 4859 imperiis,
933 4788 1030 4843 ubi
1082 4789 1280 4845 nullus
1336 4789 1498 4862 regni
1548 4789 1767 4847 socium

168 4868 259 4933 pati
287 4877 485 4941 potest,
519 4874 679 4930 aliud
708 4875 997 4933 Minucius
1030 4879 1172 4949 petit
1202 4882 1769 4951 argumentum,quo

169 4968 256 5009 non
281 4962 437 5016 modo
470 4978 655 5019 unum
688 4964 969 5020 duntaxat
1015 4965 1198 5022 Deum
1255 4982 1403 5033 esse,
1454 4968 1555 5023 sed
1612 4967 1771 5024 illius

168 5044 308 5100 unius
332 5053 559 5106 tantum
589 5052 834 5124 imperio
881 5054 1079 5110 omnia
1120 5056 1432 5128 gubernari
1463 5056 1773 5113 conﬁrmat

170 5146 215 5184 ac
240 5136 525 5194 convincit.
554 5161 581 5188 «
613 5140 852 5203 Quando
912 5142 1093 5213 enim,
1127 5166 1155 5194 »
1220 5144 1411 5216 inquit
1448 5144 1566 5217 ille,
1600 5169 1628 5197 «
1662 5162 1771 5203 un-

170 5233 306 5286 quam
336 5228 495 5299 regni
529 5229 774 5286 societas
804 5236 907 5287 aut
937 5248 1068 5288 cum
1120 5233 1233 5289 ﬁde
1290 5233 1463 5305 ccepit
1512 5239 1615 5289 aut
1647 5234 1773 5291 sine

172 5320 331 5369 cruore
355 5318 726 5387 permansit?
753 5342 781 5370 »
815 5324 998 5377 Antea
1056 5322 1281 5379 Ennius
1339 5321 1491 5395 apud
1548 5322 1771 5380 Cicero-

176 5411 277 5454 nem
301 5418 312 5457 ἶ

322 5525 675 5598 Nulla_sancta
703 5533 948 5598 societas,
982 5547 1080 5585 nec
1110 5534 1241 5585 ﬁdes
1271 5534 1445 5598 “regni
1476 5538 1585 5586 est.

445 5590 589 5653 (Cic.,
614 5593 646 5643 ι.
690 5608 707 5645 ι
751 5595 813 5646 de
835 5590 1008 5660 0/ﬁc.,
1047 5612 1098 5662 p.
1130 5599 1240 5660 354,
1269 5590 1460 5654 lin.'9.)

1876 4613 2064 4683 Atque
2096 4617 2157 4665 ut
2186 4610 2560 4682 Pausaniam,
2592 4612 2907 4669 Diodorum
2940 4614 3226 4685 Siculum,
3250 4617 3529 4673 Senecam

1878 4698 2149 4771 aliosque
2173 4699 2534 4770 omittamus,
2571 4705 2834 4758 Lucanus
2864 4704 2935 4760 ad
2969 4705 3028 4761 id
3055 4704 3256 4762 allusit
3286 4706 3378 4763 his
3409 4721 3531 4763 ver-

1878 4788 2073 4845 sibus:

2159 4894 2454 4945 Ostendens
2484 4897 2750 4947 confectas
2780 4897 2995 4948 flamma
3026 4900 3241 4949 Latinas

1971 4957 2243 5032 Scinditur
2270 4959 2324 5032 inn
2348 4964 2542 5032 partes,
2573 4961 2892 5023 geminoque
2927 4963 3203 5012 cacumine
3226 4962 3399 5025 surgit

1970 5020 2250 5071 Thebanos
2279 5020 2486 5072 imitata
2513 5020 2688 5087 rogos.

1951 5142 2171 5199 Deinde
2198 5140 2329 5199 vero
2360 5143 2651 5200 Minucius
2684 5160 2697 5200 :
2731 5168 2751 5194 ε
2788 5146 2871 5202 Ob
2895 5149 3221 5219 pastorum,
3256 5168 3283 5195 »
3316 5144 3533 5217 inquit,

1882 5254 1910 5283 «
1940 5236 1998 5287 et
2018 5248 2163 5287 casas
2196 5248 2463 5305 regnum,
2495 5234 2564 5289 de
2594 5232 2845 5305 geminis
2894 5234 3175 5290 memoria
3222 5234 3533 5291 notissima

1882 5326 1989 5377 est.
2023 5342 2051 5373 ››
2090 5320 2260 5376 Recte
2289 5321 2546 5393 quidem,
2580 5323 2680 5378 sed
2728 5322 2900 5395 longe
2929 5322 3164 5391 clarius,
3196 5323 3244 5381 si
3295 5324 3532 5381 Romuli

1882 5417 1939 5469 et
1969 5411 2131 5467 Remi
2163 5425 2372 5465 nomen
2405 5411 2745 5467 addidisset.
2801 5412 2981 5467 Nemo
3022 5412 3175 5469 enim
3212 5414 3396 5470 nescit
3421 5415 3527 5470 Re-

1884 5517 2070 5569 mum,
2105 5502 2369 5570 proterea
2398 5500 2551 5568 quod
2586 5498 2779 5556 fratris
2811 5498 3061 5555 ludibrio
3090 5518 3267 5559 novos
3308 5503 3526 5559 transi-

1882 5591 2109 5648 livisset
2136 5588 2329 5643 Romae
2360 5603 2583 5657 muros,
2614 5590 2685 5645 ab
2731 5588 2879 5647 irato
2910 5588 3085 5646 fratre
3120 5592 3390 5662 Romulo,
3427 5596 3529 5650 aut
