3942 6162
215 312 307 371 453

1559 303 2103 370 DISSERTATIO.

3411 325 3530 386 454

206 439 375 497 menda
398 433 603 505 est,Deo
632 430 732 504 qui
757 430 918 488 solus
940 434 1051 501 est;
1082 432 1183 489 Dei
1200 433 1549 491 vocabulum
1580 440 1769 493 totum
1804 438 1861 505 Α
1958 438 2155 511 Neque
2183 441 2276 499 his
2308 442 2507 517 ofﬁcit,
2570 447 2726 518 quod
2784 447 2949 505 Celso
2993 449 3289 521 objicienti
3343 454 3527 513 Deum

203 534 271 587 est
291 545 304 596 ;
322 540 467 599 quem
495 522 541 580 si
570 525 791 594 patrem
820 521 1039 589 dixero,
1066 525 1361 579 terrenum
1393 523 1648 596 opineris
1672 542 1687 593 ;
1722 525 1772 581 si

202 633 374 689 regem,
398 611 671 669 carnalem
695 610 1014 683 suspiceris
1038 627 1052 678 ;
1075 611 1125 667 si
1144 611 1772 687 dominum,intelliges

200 706 352 777 utique
377 700 684 758 mortalem.
714 700 900 757 Aufer
927 699 1327 758 additamenta
1355 702 1683 772 nominum,
1719 707 1777 760 et

198 792 454 867 perspicies
479 788 821 846 claritatem.
858 812 880 840 ιι
914 790 1082 861 Apud
1112 790 1487 863 Cyprianum,
1522 793 1625 865 qui
1665 793 1776 865 pri-

197 898 316 939 mam
343 878 582 952 phrasim
612 878 856 935 totidem
898 878 1089 935 verbis
1120 880 1512 953 transcripsit,
1557 881 1777 938 omissa

194 968 432 1029 sunthaec
451 968 561 1024 duo
586 967 763 1024 verba
787 989 816 1018 ‹‹
849 982 952 1039 per
970 966 1255 1041 singulos,
1293 992 1316 1019 α
1351 974 1528 1043 atque
1556 970 1775 1028 ibidem

192 1059 425 1132 scriptum
453 1072 577 1113 esse
599 1071 613 1112 :
637 1078 666 1108 ‹‹
708 1057 847 1113 Deus
897 1073 1110 1113 nomen
1142 1056 1225 1113 illi
1256 1076 1270 1127 ;
1302 1057 1421 1115 illic
1476 1059 1775 1116 vocabulis

192 1164 306 1221 opus
330 1146 523 1218 est,ubi
548 1145 769 1219 propiis
790 1145 1251 1218 appellationum
1268 1147 1604 1221 insignibus
1628 1148 1777 1204 mul-

190 1237 339 1293 titudo
365 1235 686 1291 dirimenda
713 1239 821 1292 est.
855 1255 883 1285 »
917 1234 1134 1309 (Cypr.,
1163 1236 1336 1293 lib.de
1361 1237 1774 1305 idolor.Vanit.,

189 1342 290 1399 pag.
320 1324 418 1396 15.)
446 1324 645 1396 Neque
667 1323 749 1379 ibi
780 1322 881 1379 ille
910 1322 1100 1396 plura.

242 1430 546 1486 Lactantius
576 1433 775 1485 autem
819 1430 891 1485 de
927 1430 1308 1503 Trismegisto
1340 1449 1353 1488 :
1389 1454 1419 1485 «
1477 1432 1601 1505 Hic,
1623 1453 1650 1486 ιο
1689 1434 1778 1490 in-

188 1520 299 1593 quit,
320 1542 343 1569 α
374 1519 603 1590 scripsit
632 1519 833 1586 libros,
864 1522 923 1575 et
953 1518 1191 1592 quidem
1214 1521 1449 1591 multos,
1480 1522 1539 1577 in
1564 1523 1779 1595 quibus

188 1610 497 1679 majestatem
531 1607 753 1663 summi
784 1625 850 1663 ac
894 1607 1215 1680 singularis
1272 1609 1372 1665 Dei
1404 1611 1633 1678 asserit,
1673 1611 1779 1668 iis-

186 1698 384 1768 demque
405 1696 743 1753 nominibus
765 1696 1040 1769 appellat,
1074 1697 1291 1770 quibus
1349 1715 1453 1756 nos
1510 1700 1695 1757 Deum
1725 1704 1783 1757 et

1882 540 2011 612 esse
2039 530 2528 603 innominahilem,
2552 536 2863 607 respondet
2892 537 3169 610 Origenes
3200 541 3526 612 εΔταστολῆς

1884 611 2072 674 δεῖται.
2102 616 2165 674 Εἰ
2210 620 2303 691 μὲν
2336 621 2460 697 γὰρ,
2521 620 2602 677 ὅτι
2634 621 2787 678 οὐδὲν
2816 628 2926 680 τῶν
2956 624 3007 680 ἐν
3061 626 3234 697 λέξεσι
3283 629 3374 684 καὶ
3423 611 3523 701 σή-

1887 705 2231 778 μαινομὲνοις
2280 705 2495 766 δύναται
2546 719 2883 789 παραστῆσαι
2926 714 3022 779 τὰς
3089 714 3365 789 ἰδιότητας
3427 724 3525 775 τοῦ

1884 798 2036 867 Θεοῦ,
2087 794 2288 868 ἀληθές
2328 798 2436 855 ἐστι
2492 801 2556 856 τὸ
2604 800 2925 877 λεγόμενον,
2976 802 3029 859 εἷ’
3069 826 3132 881 γε
3170 806 3259 861 καὶ
3317 806 3526 864 πολλαὶ

1883 882 2321 972 ττοτότητεςᾲοόκ
2396 888 2525 944 εἷ’σὶν
2597 889 2913 965 ὀνομασταί.
2994 893 3085 956 Τίς
3139 896 3242 972 γὰρ
3306 894 3527 953 δύναται

1887 969 2116 1045 ὀνόματι
2182 970 2441 1053 διαφορὰν
2512 975 2697 1033 δοῦναι
2756 980 3051 1052 ποιότητος
3110 969 3372 1062 φοίνικος,
3429 986 3524 1041 καὶ

1884 1058 2227 1135 γλυκύτητος
2277 1063 2546 1141 ἶσχάδοςς
2583 1109 2597 1125 .
2631 1110 2645 1125 .
2678 1109 2691 1125 .
2750 1066 2914 1124 Οὐδὲν
2963 1068 3054 1126 οὖν
3113 1058 3415 1146 ὸαυμαστὸν
3478 1074 3527 1132 εἰ

1886 1148 1986 1237 οὐκ
2020 1149 2338 1237 Δὀνομαστὸς
2393 1157 2618 1218 οὕτωςὸ
2666 1156 2817 1221 Θεός.
2878 1160 2944 1214 El
3000 1158 3059 1215 δὲ
3108 1159 3172 1216 τὸ
3220 1161 3523 1237 ὀνομαστὸν

1886 1234 2199 1313 λαμϐάνεις,
2241 1243 2374 1306 καθὸ
2418 1243 2531 1298 οἶόν
2577 1246 2635 1300 τὲ
2684 1244 2824 1301 ἐστιν
2902 1247 3127 1322 ὀνόμασι
3184 1234 3526 1327 παραστῆσαι

1881 1348 1938 1383 τι
1986 1332 2093 1383 τῶν
2135 1329 2259 1406 περὶ
2307 1330 2492 1403 αὐτοῦ,
2542 1332 2618 1396 εἷς
2662 1335 2724 1389 τὸ
2772 1345 3184 1414 χειραγωγῆσαι
3213 1340 3305 1395 τὸν
3337 1340 3534 1419 ἀκροα-

1884 1417 2011 1485 τὴν,
2066 1420 2156 1473 καὶ
2207 1426 2432 1490 ποιῆσαι
2490 1429 2682 1492 νοῆσαι
2726 1424 2850 1499 περὶ
2899 1430 3054 1495 Θεοῦ,
3110 1430 3244 1483 κστὰ
3303 1429 3359 1485 τὸ
3410 1417 3533 1510 ’ἐφι-

1886 1506 2010 1561 κτὸν
2052 1510 2119 1580 τῇ
2169 1507 2478 1585 ἀνθρωπίνῃ
2529 1510 2703 1590 φύσει,
2753 1515 2874 1569 τινὰ
2909 1520 3016 1569 τῶν
3048 1518 3172 1593 περὶ
3202 1517 3385 1591 αὐτοῦ,
3438 1506 3530 1575 οὐ·

1890 1592 1975 1650 δὶν
2010 1593 2208 1652 ἄτοπον
2269 1596 2443 1675 λέγειν
2498 1601 2654 1657 αὐτὸν
2715 1602 3032 1677 ὀνομαστόνο
3066 1630 3096 1658 ‹‹
3159 1608 3535 1668 Distinctione

1889 1702 2037 1758 opus
2067 1692 2175 1743 est.
2209 1689 2268 1744 Si
2334 1691 2489 1745 enim
2547 1692 2655 1749 hoc
2709 1694 2855 1762 vult,
2916 1697 3069 1767 quod
3118 1696 3179 1753 in
3218 1699 3531 1757 verborum

183 1787 406 1842 patrem;
440 1803 505 1842 ειο
529 1803 602 1841 ne
632 1786 764 1857 quis
804 1802 1018 1841 nomen
1042 1788 1170 1858 ejus
1193 1788 1533 1860 requireret,
1575 1788 1780 1844 ἀνώνυ-
1811 1809 1859 1874 Β
1892 1775 2235 1874 significatis
2259 1778 2403 1834 nihil
2437 1783 2747 1874 potesthei
2782 1784 3164 1874 proprietates
3187 1788 3529 1862 exprimere,

191 1894 266 1945 μον
283 1891 395 1931 esse
406 1875 630 1930 dixiteo
652 1877 803 1945 quod
822 1874 1077 1931 nominis
1097 1877 1449 1948 proprietate
1465 1895 1579 1934 non
1596 1883 1781 1951 egeat,

183 1966 235 2019 ob
262 1965 425 2036 ipsam
456 1963 772 2019 unitatem.
791 1984 819 2013 »
842 1963 1126 2030 Lactant.,
1149 1964 1251 2022 lib.
1276 1967 1505 2039 I,cap.6,
1529 1968 1783 2041 pag.39.)

184 2053 498 2125 Trismegisti
525 2055 677 2108 441
715 2053 889 2109 verba
917 2071 948 2108 a
980 2053 1277 2110 Lactantio
1302 2054 1385 2111 sic
1417 2056 1589 2112 citata
1611 2061 1781 2113 sunt:

182 2142 221 2195 '0
245 2138 292 2195 δὲ
334 2141 476 2212 Θεὸς,
528 2140 629 2211 εἷς,
681 2141 709 2195 ὁ
768 2137 825 2195 δὲ
875 2140 950 2203 εἷς
1000 2139 1266 2215 ὀνόματος
1324 2141 1386 2197 οὐ
1442 2141 1782 2219 προσδὲεταιξ

182 2226 377 2307 ἔστιγὰρ
406 2231 433 2284 ὁ
466 2228 542 2284 ὥν
580 2230 886 2303 ἀνώνυμος.
930 2232 1083 2287 Tum
1132 2233 1341 2288 deinde
1370 2233 1617 2307 ipsemet
1648 2240 1783 2291 Lac-

180 2320 359 2377 tantius
387 2320 472 2378 sic
503 2320 773 2394 disputat
804 2337 816 2376 :
852 2344 880 2371 ‹‹
914 2320 1030 2376 Deo
1060 2320 1240 2393 igitur
1284 2339 1497 2379 nomen
1524 2341 1641 2379 non
1674 2328 1786 2397 est,

180 2409 284 2479 quia
309 2408 481 2466 solus.
509 2410 633 2466 Nec
665 2426 810 2482 opus
839 2413 929 2465 est
950 2411 1183 2483 proprio
1212 2411 1783 2482 vocabulo,nisicum

177 2498 448 2556 discrimen
480 2498 666 2573 exigit
696 2498 1050 2564 multitudo;
1090 2518 1269 2557 unam
1315 2518 1611 2577 quamque
1657 2520 1786 2577 por-

177 2604 343 2644 sonam
371 2605 481 2644 sua
512 2594 657 2645 nota
692 2593 751 2644 et
780 2587 1165 2661 appellatione
1212 2590 1506 2663 designes.
1539 2598 1652 2647 Deo
1683 2609 1787 2648 au-

176 2681 283 2745 tem,
304 2677 433 2749 quia
457 2693 698 2749 semper
720 2694 876 2733 unus
934 2681 1042 2745 est,
1099 2678 1400 2751 proprium
1454 2696 1668 2737 nomen
1701 2684 1790 2737 est

178 2769 307 2820 Dm.
336 2788 362 2816 η
386 2769 457 2821 At
478 2766 643 2838 quod
673 2765 754 2821 ibi
788 2774 919 2838 post
961 2768 1159 2823 Graeca
1215 2768 1580 2842 Trismegisti
1613 2770 1791 2826 verba

177 2853 368 2926 adjecit,
391 2854 541 2910 illud
578 2855 835 2927 profecto
862 2872 930 2911 ex
968 2860 1169 2913 nostro
1228 2863 1482 2925 auctore,
1552 2858 1707 2915 sicut
1735 2863 1792 2915 et

176 2941 263 2997 alia
288 2944 470 3015 plura,
514 2942 812 3000 delibasse
839 2944 1088 3015 videtur,
1122 2950 1179 3002 et
1198 2963 1439 3003 sensum
1470 2947 1630 3004 illius
1661 2949 1792 3005 red-

176 3040 294 3095 didit
332 3041 664 3099 clariorem.

1888 1882 2089 1920 verum
2118 1870 2749 1941 est;quandoquidem
2808 1873 3004 1928 multis
3062 1875 3370 1947 qualitates
3391 1882 3534 1934 sunt

1891 1953 2371 2011 innominahiles.
2433 1957 2572 2023 Quis
2639 1960 2798 2014 enim
2856 1961 3150 2018 discernat
3195 1966 3533 2023 nominibus

1892 2041 2236 2113 qualitatem
2322 2044 2650 2102 dulcedinis
2722 2047 2993 2119 palmula:
3077 2056 3134 2107 et
3206 2053 3532 2111 dulcedinis

1893 2129 2092 2185 caricae
2109 2130 2336 2190 7...Non
2372 2134 2587 2189 mirum
2618 2137 2817 2207 igitur,
2841 2138 2890 2193 si
2922 2143 3072 2195 Deus
3103 2140 3211 2195 hoc
3242 2147 3406 2212 pacto
3445 2147 3535 2199 est

1892 2218 2522 2286 innominahilis.Quod
2555 2223 2976 2282 sinominabile
3024 2228 3362 2300 accipiatur,
3386 2248 3531 2303 qua-

1892 2311 2063 2363 tenus
2084 2309 2413 2365 auditorem
2435 2316 2625 2384 potest
2638 2314 2974 2371 nominibus
2998 2317 3068 2371 ad
3088 2316 3347 2389 aliquam
3379 2322 3533 2378 442

1893 2397 2282 2469 cognitionem
2336 2400 2437 2455 Dei
2492 2404 2902 2472 manuducere,
2956 2410 3241 2477 quantum
3315 2413 3535 2465 naturas

1894 2485 2166 2542 humanae
2188 2486 2322 2544 licet
2352 2492 2820 2561 compreendere,
2845 2510 2959 2549 non
3003 2495 3253 2552 absurde
3310 2497 3540 2555 dicetur

1895 2574 2295 2633 nominabilis.
2326 2596 2353 2629 ι
2379 2578 2660 2651 (Origen.,
2692 2580 2795 2638 lib.
2855 2599 2945 2637 ιιι
2999 2592 3171 2640 contr.
3222 2584 3381 2654 εαξη
3406 2603 3539 2660 pag.

1894 2666 2019 2732 320,
2052 2665 2111 2720 in
2144 2666 2248 2738 4ο.)
2280 2667 2516 2723 Fatetur
2556 2668 2849 2740 siquidem
2905 2671 3188 2744 Origenes
3220 2691 3254 2728 a
3308 2675 3542 2731 nemine

1895 2770 2065 2825 posse
2086 2755 2201 2810 Deo
2223 2756 2524 2828 proprium
2555 2774 2765 2814 nomen
2789 2759 3032 2830 imponi,
3055 2776 3159 2815 nec
3183 2762 3254 2817 ab
3288 2762 3405 2818 ullo
3429 2779 3541 2820 no—

1900 2842 2556 2915 minari,nisiquatenus
2597 2846 3179 2918 fragilitatihumanaa
3197 2850 3401 2906 datum
3432 2856 3543 2908 est.

1968 2950 2039 3004 At
2059 2948 2132 3005 iis
2163 2950 2400 3021 quidem
2433 2950 2516 3007 ita
2544 2968 2673 3007 vere
2724 2969 2965 3024 prorsus
3018 2971 3082 3010 ac
3106 2960 3258 3011 recte
3315 2956 3540 3029 positis,

1901 3038 2192 3094 Minucius
2234 3044 2451 3109 noster,
2495 3057 2562 3096 ac
2585 3057 2716 3097 cum
2741 3041 2841 3097 illo
2874 3042 3201 3114 Cyprianus
3230 3048 3285 3100 et
3308 3046 3546 3101 Lactan-

230 3133 384 3186 Docet
412 3131 621 3203 itaque
649 3131 940 3189 Minucius
972 3132 1161 3205 primo
1216 3138 1484 3191 naturam
1521 3136 1615 3192 Dei
1664 3153 1791 3193 esse

1973 3144 2025 3183 is
2082 3133 2351 3184 asserunt
2395 3128 2504 3185 hoc
2547 3129 2894 3186 vocabulum
2950 3132 3088 3187 Deus
3138 3148 3336 3189 revera
3392 3149 3542 3203 esse,

177 3216 680 3290 simplicissimam,
714 3237 842 3292 quae
900 3221 1060 3277 nullo
1092 3223 1329 3294 penitus
1381 3224 1554 3280 modo
1611 3224 1793 3281 dividi

177 3312 338 3377 queat,
371 3308 577 3381 ipsum
609 3325 742 3365 vero
774 3326 961 3382 neque
1009 3314 1332 3380 terrenum,
1364 3328 1554 3386 neque
1593 3331 1799 3386 corpo-

176 3410 334 3462 reum,
366 3414 560 3470 neque
594 3397 921 3468 mortalem,
984 3404 1156 3472 atque
1198 3399 1328 3457 ideo
1387 3402 1669 3474 spiritalis
1699 3404 1803 3460 im-

177 3485 526 3558 mortalisque
561 3503 693 3543 esse
734 3487 1097 3544 substantias.

230 3572 429 3631 Deinde
452 3591 595 3631 vero
631 3576 810 3632 Deum
855 3576 1115 3648 quidem,
1175 3577 1367 3650 qualis
1424 3586 1799 3654 quantusque

174 3658 217 3715 in
243 3678 297 3717 se
322 3667 427 3734 est,
461 3681 497 3720 a
529 3664 706 3720 nobis
728 3681 843 3720 non
886 3666 1192 3738 cognosci:
1230 3668 1552 3739 quemlibet
1600 3674 1797 3726 tamen

171 3746 431 3809 hominem
487 3753 566 3809 ab
628 3751 789 3809 illius
836 3753 986 3825 idea,
1031 3771 1396 3829 quaecunque
1456 3760 1690 3813 terrena
1742 3764 1801 3815 et

172 3834 473 3909 imperfecta
503 3845 653 3897 sunt
686 3842 1076 3909 removendo,
1109 3844 1181 3900 ad
1238 3845 1609 3902 manifestam
1641 3846 1801 3905 illius

172 3929 435 3994 pervenire
465 3930 893 4002 cognitionem.

222 4031 419 4101 Tertio,
454 4036 706 4093 nomina
735 4036 808 4093 iis
837 4041 1069 4094 tantum
1118 4038 1295 4095 rebus
1325 4040 1575 4113 imponi,
1605 4058 1732 4113 quas
1768 4059 1802 4099 a

176 4133 224 4173 se
264 4122 504 4181 invicem
561 4125 858 4182 distincta:
918 4143 986 4183 ac
1042 4128 1282 4184 diversas
1338 4134 1526 4192 sunt;
1579 4136 1644 4185 ut
1673 4148 1801 4203 quis

178 4222 504 4285 unaquaeque
540 4214 641 4284 sit,
694 4215 1054 4288 designetur.
1113 4219 1506 4283 Quamobrem
1540 4219 1680 4291 Deo,
1710 4220 1801 4276 in-

178 4298 297 4365 quit,
324 4303 416 4372 qui
450 4302 934 4374 simplicissimus
964 4308 1071 4375 est,
1108 4323 1173 4362 ac
1198 4305 1360 4363 solus
1408 4311 1541 4364 ante
1598 4325 1803 4366 omnes

183 4392 434 4447 creaturas
496 4408 854 4464 semperque
910 4393 1149 4462 exstitit,
1210 4394 1462 4468 nullum,
1524 4396 1612 4453 uti
1670 4414 1805 4455 mox

192 4472 360 4533 citatus
397 4497 432 4535 a
490 4482 808 4538 Lactantio
859 4482 1284 4556 Trismegistus
1343 4485 1552 4553 aiebat,
1588 4503 1803 4543 nomen

1908 3221 2195 3289 quantum
2227 3217 2471 3284 homini,
2503 3223 2568 3273 ut
2596 3220 2679 3274 ait
2723 3219 3022 3292 Origenes,
3079 3238 3214 3278 eum
3244 3222 3549 3279 nominare

1910 3306 1996 3361 fas
2026 3310 2136 3377 est,
2168 3309 2355 3361 totum
2387 3322 2449 3361 ac
2484 3308 2783 3378 proprium
2811 3308 2932 3364 veri
2964 3309 3063 3365 Dei
3112 3327 3344 3367 nomen.
3370 3313 3556 3367 Antea

1908 3411 2041 3450 vero
2073 3394 2217 3450 illud
2249 3412 2283 3450 a
2338 3395 2692 3451 Tertulliano
2741 3395 2836 3452 his
2884 3398 3329 3469 comprobatum
3360 3400 3559 3457 verbis

1908 3482 2159 3554 legimus
2193 3498 2207 3539 :
2239 3505 2267 3533 ‹‹
2287 3482 2499 3540 Anima
2527 3482 2663 3539 licet
2701 3500 2944 3557 corpore
3001 3502 3226 3560 pressa,
3287 3488 3440 3547 licet.
3465 3528 3480 3546 .
3504 3530 3519 3544 .
3542 3529 3557 3545 .

1910 3576 2090 3626 Deum
2123 3572 2405 3641 nominat,
2438 3573 2545 3628 hoc
2576 3573 2719 3645 solo,
2774 3574 2913 3645 quia
2970 3576 3202 3648 proprie
3256 3594 3427 3634 verus
3460 3578 3556 3634 hic

1908 3666 2060 3716 Deus
2090 3661 2279 3717 bonus
2305 3665 2362 3717 et
2398 3679 2667 3734 magnus.
2703 3685 2732 3714 »
2779 3664 3052 3736 (Tertul.,
3086 3667 3390 3740 apologet.,
3422 3684 3552 3740 cap.

1909 3751 1998 3816 17,
2058 3765 2191 3822 pag.
2250 3751 2365 3822 24.)
2427 3752 2795 3824 Quapropter
2849 3754 2961 3810 hoc
3012 3756 3110 3811 Dei
3182 3772 3394 3813 nomen
3442 3756 3554 3829 ipsi

1908 3839 2018 3897 soli
2052 3855 2156 3895 nec
2185 3839 2350 3896 alteri
2385 3841 2647 3897 dandum
2678 3858 2807 3899 esse
2839 3849 3154 3901 asseverat.

1978 3946 2086 4011 Qui
2116 3951 2313 4003 autem
2342 3946 2437 4002 ille
2486 3947 2583 4015 sit,
2642 3949 2691 4005 si
2752 3950 2951 4023 quisa
3007 3951 3263 4008 Minucio
3330 3954 3554 4021 nostro,

1911 4036 2408 4108 quemadmodum
2432 4035 2718 4102 Caecilius,
2751 4038 3101 4107 sciscitatur,
3152 4039 3260 4095 hoc
3291 4038 3559 4111 protinus

1910 4126 1981 4180 ab
2014 4142 2079 4179 eo
2112 4142 2460 4195 responsum
2500 4125 2745 4200 accipiet
2776 4144 2789 4183 :
2826 4150 2851 4177 «
2874 4127 2976 4183 Hic
3008 4145 3111 4183 nec
3136 4128 3316 4183 videri
3346 4131 3557 4199 potest,

1910 4214 2035 4270 visu
2068 4214 2277 4269 clarior
2306 4218 2416 4284 est,
2475 4233 2580 4270 nec
2639 4216 3072 4288 comprehendi,
3134 4220 3293 4272 tactu
3352 4215 3558 4288 purior

1912 4307 2001 4359 est
2047 4303 2189 4376 (haec
2233 4304 2346 4360 tria
2403 4303 2725 4376 posteriora
2788 4305 2962 4361 verba
3019 4304 3127 4361 etsi
3179 4323 3213 4360 a
3266 4304 3553 4377 Cypriane

1909 4393 2282 4463 transcripta,
2314 4392 2375 4447 in
2403 4409 2515 4449 ms.
2548 4393 2745 4449 codice
2774 4393 2932 4464 regio
2986 4392 3241 4465 desunt),
3271 4410 3375 4450 nec
3397 4394 3552 4451 saeti-

1914 4480 2081 4549 mari,
2115 4480 2387 4537 sensibus
2434 4482 2624 4553 major
2688 4487 2777 4538 est
2839 4481 3154 4555 (inﬁnitus,
3202 4482 3552 4558 immensus,

189 4558 287 4617 dari
312 4574 516 4638 potest,
540 4570 747 4641 Neque
766 4570 1023 4627 absimili
1048 4548 1287 4644 prorsus
1318 4575 1492 4629 modo
1521 4548 1793 4633 justinus
1826 4548 1869 4612 D
1906 4576 1962 4626 et
1978 4570 2086 4625 soli
2117 4569 2228 4625 sibi
2260 4548 2655 4642 quantus'est
2684 4548 2879 4641 notus,
2940 4571 3109 4628 nobis
3141 4548 3295 4630 ivero
3355 4573 3428 4631 ad
3460 4548 3556 4631 in;

182 4647 387 4738 ζωῇ-ε
450 4661 578 4729 Θεῷ
635 4654 693 4711 δὲ
750 4654 872 4713 οὔτε
927 4658 1151 4722 ὁτιθεὶς
1211 4657 1383 4733 ὄνομα
1413 4666 1797 4738 προῦπῆρχεν,

179 4733 278 4793 οὔτε
327 4743 480 4807 αὐτὸς
546 4746 735 4801 ἑαυτὸν
798 4745 1082 4819 ὀνομάζειν
1141 4746 1298 4820 ᾠήθη
1362 4746 1491 4821 δεῖν,
1577 4751 1653 4813 εἷς
1712 4750 1804 4806 καὶ

184 4825 321 4895 μόνος
346 4832 642 4908 ὑπάρχων.
680 4836 829 4891 Fieri
868 4838 1107 4893 omnino
1166 4855 1281 4893 non
1314 4844 1506 4911 potest
1561 4845 1627 4896 ut
1672 4858 1802 4913 pro-

183 4916 355 4984 prium
385 4922 631 4995 aliquod
677 4924 794 4981 Deo
823 4941 1036 4981 nomen
1069 4926 1449 4996 attribuatur,
1504 4932 1810 5001 propterea

181 5008 310 5074 quod
352 5012 598 5069 nomina
655 5014 728 5069 ad
786 5014 1249 5087 designationem
1281 5020 1338 5073 et
1392 5017 1803 5076 discretionem

181 5096 560 5165 subiectarum
593 5119 790 5158 rerum
821 5102 1359 5176 imponantur,quaa
1386 5106 1555 5162 varia;
1587 5111 1727 5164 sunt
1746 5112 1804 5164 et

178 5183 366 5242 multa.
400 5188 520 5245 Deo
554 5195 773 5261 autem,
803 5190 905 5264 qui
928 5209 1140 5249 nomen
1164 5194 1421 5262 inderet,
1449 5212 1620 5253 nemo
1671 5201 1805 5254 ante

182 5284 293 5326 eum
338 5278 572 5333 exstitit
602 5296 616 5334 :
649 5296 836 5353 neque
857 5281 983 5353 ipse
1004 5297 1067 5337 se
1095 5283 1290 5355 ipsum
1318 5285 1554 5340 nomine
1610 5286 1807 5358 aliquo

177 5356 446 5434 designari
508 5384 659 5439 opus
710 5386 838 5427 esse
889 5371 1073 5441 duxit,
1136 5389 1293 5430 unus
1347 5377 1404 5429 et
1459 5373 1620 5431 solus
1659 5356 1805 5432 ensi-

176 5449 315 5515 stans
352 5454 599 5523 (Justin.
661 5459 851 5515 Cohor.
901 5459 975 5515 ad
1027 5458 1224 5527 Graec"
1282 5477 1415 5533 pag.
1452 5462 1559 5533 19).
1594 5484 1615 5514 ι
1653 5462 1805 5518 Rur-

179 5548 400 5596 susvero
414 5541 559 5598 alibi
576 5543 727 5603 haud
745 5547 926 5604 semel
940 5548 1219 5619 ille,sicut
1235 5554 1290 5605 et
1307 5549 1407 5605 alii
1424 5550 1688 5607 Ecclesiae
1702 5556 1805 5609 Pa-

175 5630 295 5698 tres,
324 5636 500 5703 negat
530 5633 711 5694 ullum
741 5637 883 5710 fingi
910 5654 1083 5711 posse
1111 5637 1418 5711 proprium
1440 5638 1541 5696 Dei
1559 5656 1797 5698 nomen.

1911 4658 2211 4714 tellectum
2243 4662 2446 4730 pectus
2479 4666 2797 4731 augustum
2856 4661 2988 4733 est),
3042 4665 3101 4718 et
3129 4661 3259 4719 ideo
3316 4663 3400 4719 sic
3422 4680 3557 4719 cum

1914 4747 2086 4820 digne
2118 4747 2481 4815 zestimanus,
2512 4749 2652 4803 dum
2713 4749 3186 4807 inmstimabilem
3218 4751 3490 4809 dicimus.
3525 4775 3552 4804 υ

1915 4838 2132 4909 (Cypr.,
2166 4837 2267 4893 lib.
2300 4836 2365 4892 de
2420 4837 2562 4895 Idot.
2600 4839 2807 4911 Vanit.,
2870 4856 3004 4913 pag.
3038 4841 3125 4897 14.
3157 4844 3178 4910 )
3233 4841 3314 4897 Ea
3360 4845 3555 4896 autem

1912 4925 2130 4997 omnia,
2162 4925 2253 4981 his
2275 4930 2507 4983 tantum
2536 4928 2808 5000 exceptis,
2842 4945 2970 5001 quas
2993 4929 3245 4999 uncinis,
3278 4927 3558 4983 claudun-

1912 5019 2030 5083 tur,
2066 5015 2304 5072 totidem
2338 5017 2530 5073 verbis
2562 5018 2872 5090 descripsit
2918 5018 3261 5090 Cyprianus.
3291 5019 3363 5071 At
3396 5020 3555 5072 utro-

1915 5121 2026 5177 que
2056 5105 2214 5177 prior
2242 5105 2659 5173 Tertullianus,
2694 5106 2848 5163 idem
2874 5107 3005 5162 aliis
3028 5105 3219 5161 verbis
3262 5105 3419 5159 hunc
3465 5104 3555 5160 di-

1910 5198 2075 5250 xerat
2111 5194 2171 5249 in
2202 5195 2442 5250 modum
2472 5211 2485 5249 :
2519 5214 2541 5244 α
2576 5195 2888 5251 Invisibilis
2950 5198 3059 5259 est,
3118 5193 3225 5249 etsi
3253 5191 3553 5263 videatur;

1912 5283 2545 5355 incomprehensibilis,
2586 5284 2695 5339 etsi
2740 5300 2843 5355 per
2872 5282 3118 5355 gratiam
3175 5288 3557 5353 reprmsente-

1911 5377 2048 5430 tur:
2076 5371 2526 5437 inaestimabilis,
2558 5372 2666 5427 etsi
2699 5370 2976 5427 humanis
3007 5368 3279 5427 sensibus
3310 5371 3556 5427 aestime-

1914 5466 2029 5531 tur,
2063 5462 2192 5517 ideo
2222 5477 2393 5515 verus
2450 5464 2650 5516 tantus
2700 5464 2811 5516 est.
2869 5461 3153 5518 Caeterum
3193 5461 3348 5531 quod
3372 5460 3554 5517 videri

1914 5548 2320 5616 communiter,
2374 5550 2528 5619 quod
2579 5549 3013 5617 comprehendi,
3068 5548 3221 5621 quod
3279 5549 3559 5607 aestimari

1914 5643 2123 5713 potest,
2157 5637 2355 5693 minus
2411 5643 2501 5694 est
2529 5644 2587 5695 et
2635 5638 2822 5696 oculis
2852 5638 3071 5711 quibus
3105 5644 3442 5712 occupatur,
3500 5642 3560 5697 et
