4088 6150
498 268 614 329 455

1782 250 1884 310 DE
1929 248 2235 312 MINUGII
2278 248 2620 313 OCTAVIO

3719 262 3811 324 456

499 394 770 453 manibus
800 390 1015 463 quibus
1045 384 1497 453 contaminatur,
1521 386 1576 437 et
1610 381 1883 437 sensibus
1925 381 2140 447 quibus
2170 390 2223 456 Α
2254 381 2324 436 de
2350 397 2455 436 sua
2485 384 2678 436 tamen
2711 380 2786 447 vi,
2815 385 2871 437 et
2900 381 3129 449 effectu,
3187 385 3241 437 et
3286 384 3558 455 operibus,
3602 404 3811 448 cernere-

492 478 975 545 invenitur.Quod
1025 475 1564 536 veroimmensum,
1600 470 1703 525 soli
1765 470 1876 525 sibi
1934 474 2138 523 notum

495 576 616 639 est;
640 572 750 627 hoc
779 573 887 639 est,
922 566 1075 638 quod
1111 566 1292 618 Deum
1325 560 1599 618 aestimari
1628 559 1780 626 facit,
1813 559 1954 613 dum
1986 556 2140 613 aesti-

496 661 643 717 mari
674 675 789 715 non
819 657 974 728 capit
1006 671 1019 710 :
1042 654 1124 709 ita
1143 669 1276 709 eum
1296 651 1382 707 vis
1406 647 1833 722 magnitudinis
1858 650 1914 703 et
1934 651 2138 701 notum

495 748 835 806 hominibus
866 743 1064 815 objicit
1094 746 1151 798 et
1184 743 1467 812 ignotum.
1514 765 1535 791 ι
1599 737 1814 793 Eadem
1870 752 1904 790 a
1952 735 2137 790 Theo-

484 838 645 913 philo
676 834 1056 902 Antiocheno,
1087 837 1145 887 et
1175 848 1208 886 a
1238 829 1597 885 Nazianzeno
1648 825 1896 897 aliisque
1942 822 2137 880 Eccle-

483 911 581 983 siae
639 925 909 980 Patribus
965 937 1116 993 saepe
1167 919 1382 990 sapius
1432 916 1647 972 tradita
1712 912 1813 985 qui
1860 911 2138 985 ignorat?

484 1014 743 1087 Theoph.
806 1010 1096 1068 Antioch..
1158 1008 1313 1064 lib.1
1366 1005 1442 1062 ad
1500 1005 1743 1075 Autolyc.
1804 1006 1937 1074 post
1981 999 2134 1069 init.,

487 1120 625 1176 pag.
654 1090 786 1175 74.)

556 1192 668 1249 Sed
701 1194 905 1247 contra
934 1188 1056 1243 haec
1109 1191 1230 1241 tam
1273 1188 1432 1239 certa
1462 1186 1705 1252 tamque
1758 1194 1895 1234 vera
1953 1178 2133 1233 docu-

494 1284 693 1338 menta
736 1280 1005 1351 insurget
1056 1276 1247 1331 adhuc
1305 1271 1518 1343 aliquis
1572 1268 1844 1324 ethnicus
1895 1270 1952 1322 et
1998 1281 2133 1320 cum

487 1370 714 1427 Caecilio
763 1368 1017 1440 urgebit,
1079 1366 1201 1420 haac
1251 1361 1720 1418 Christianorum
1782 1354 2132 1428 placitorum

494 1463 754 1515 monstra
783 1472 909 1513 esse
941 1472 1007 1510 ac
1036 1455 1322 1527 portenta,
1358 1448 1574 1521 quibus
1606 1463 1667 1502 se
1702 1447 1921 1500 frustra
1951 1448 2132 1499 Deum

491 1548 703 1603 habere
731 1546 1049 1601 affirmant.
1085 1540 1311 1596 Etenim
1342 1538 1509 1593 illum
1566 1551 1673 1591 nec
1730 1533 1982 1602 ostendi,
2028 1547 2133 1587 nec

490 1636 672 1692 videri
706 1650 876 1707 posse
909 1631 1072 1688 fateri
1110 1632 1418 1702 coguntur.
1439 1628 1530 1693 At,
1583 1623 1726 1695 quid
1781 1621 2021 1687 mirum,
2053 1620 2135 1674 ait

492 1724 806 1793 Minucius,
832 1722 882 1779 si
913 1718 1231 1777 Christiani
1262 1718 1446 1772 Deum
1479 1730 1677 1780 suum,
1710 1727 1885 1784 quem
1907 1727 1975 1767 ex
1996 1725 2129 1781 ope-
2166 1758 2215 1824 Β

532 1815 564 1824 ..
747 1813 759 1824 .
968 1809 1017 1824 οι
1106 1814 1115 1824 .
1293 1823 1298 1824 ,
1372 1808 1565 1824 ,-_-_m;
1653 1800 1904 1824 --__-_:..
1954 1796 2138 1824 --ηιξ-

497 1815 663 1870 ribus
711 1813 840 1884 ejus
895 1809 1190 1866 evidenter
1245 1808 1589 1879 agnoscunt,
1648 1800 1906 1873 corporis
1954 1796 2140 1854 oculis

496 1920 558 1959 se
600 1919 716 1957 non
765 1901 959 1956 videre
1005 1892 1432 1970 profiteantur?
1510 1890 1789 1962 Nunquid
1848 1894 1911 1943 tu
1990 1887 2136 1958 ipse,

498 1990 771 2064 quisquis
802 2006 865 2044 es
885 1986 1120 2060 gentilis
1148 1985 1345 2050 homo,
1375 1984 1615 2037 ventum
1640 1984 1695 2033 et
1722 1975 2139 2047 ﬂatus,quibus

494 2080 693 2137 omnia
749 2076 1148 2148 impelluntur,
1208 2072 1394 2129 oculis
1446 2070 1564 2125 tuis
1593 2067 1812 2124 vides?
1863 2064 2140 2135 Nunquid

496 2168 797 2226 oculorum
829 2171 1065 2221 tuorum
1083 2162 1237 2218 acies
1277 2159 1482 2228 solem,
1506 2157 1606 2229 qui
1639 2156 1912 2211 omnibus
1940 2153 2141 2208 viden-

495 2259 553 2313 di
574 2273 754 2313 causa
786 2260 893 2321 est,
928 2251 1211 2309 intuendo
1246 2266 1360 2304 non
1391 2246 1653 2303 hebescit
1683 2249 1741 2300 et
1756 2240 2145 2300 obtunditur?

496 2345 773 2418 Nunquid
808 2343 1064 2398 animam
1096 2344 1281 2408 tuam,
1319 2354 1436 2409 qua
1492 2335 1660 2402 vivis,
1694 2351 1811 2406 qua
1841 2331 2144 2388 animaris.

496 2453 613 2508 qua
643 2432 924 2505 loqueris,
956 2430 1117 2485 vides
1157 2444 1221 2483 ac
1253 2424 1590 2497 conspicis?

567 2541 723 2598 448
754 2540 869 2595 Nec
917 2553 1115 2601 suum,
1175 2550 1396 2605 quaeso,
1448 2530 1606 2586 ullus
1657 2529 1896 2584 inducat
1925 2528 1983 2583 in
2016 2526 2147 2580 ani-

499 2648 663 2688 mum
705 2648 739 2686 a
785 2626 908 2684 solo
958 2629 1193 2681 auctore
1225 2628 1426 2677 nostro
1485 2619 1581 2674 his
1609 2615 2148 2689 comparationibus

496 2722 828 2777 infirmatas
860 2715 1040 2771 fuisse
1069 2729 1250 2769 vanas
1280 2710 1646 2767 ethnicorum
1678 2705 1939 2779 argutias
1972 2709 2029 2760 et
2057 2720 2147 2760 ca-

492 2809 843 2866 villationes.
878 2806 1024 2861 Nam
1057 2802 1265 2859 iisdem
1296 2796 1838 2871 comparationibus
1870 2794 1955 2849 usi
1989 2797 2147 2860 sunt,

496 2915 612 2955 non
645 2894 1043 2967 antiquissimi
1095 2892 1291 2960 modo,
1323 2888 1541 2959 aliique
1601 2883 1868 2941 Ecclesiae
1927 2883 2144 2939 Patres.

500 2987 603 3043 sed
630 2983 954 3042 doctissimi
987 2980 1164 3037 etiam
1199 2979 1437 3049 quidam
1471 2974 1784 3048 gentilium
1815 2972 2147 3043 scriptores.

501 3079 688 3147 Atque
710 3078 774 3129 ut
792 3091 859 3129 ex
891 3070 1095 3126 multis
1128 3068 1415 3141 quosdam
1462 3064 1803 3135 seligamus,
1852 3058 2149 3131 Theophi-

501 3123 687 3147 ""1"'
713 3123 772 3129 -ν
796 3123 859 3129 ⁷-
892 3123 1090 3126 -----”-
1146 3123 1188 3141 ιν
1572 3123 1606 3135 υ
1790 3123 1798 3127 -
2017 3123 2036 3131 -

501 3165 595 3220 lus
681 3160 1120 3219 Antiochenus:
1177 3176 1205 3210 ι
1262 3156 1413 3212 Deus
1490 3153 1784 3220 universa,
1839 3171 1868 3200 ››
1935 3148 2144 3219 inquit,
2178 3123 2220 3191 C

502 3276 532 3305 «
564 3270 699 3309 cum
752 3268 865 3307 non
920 3250 1129 3313 forent,
1181 3243 1414 3314 creavit,
1474 3247 1533 3297 ut
1597 3258 1667 3297 ex
1699 3239 1973 3312 operibus
2020 3236 2146 3293 suis

501 3359 677 3415 quam
707 3339 991 3398 excellens
1022 3337 1119 3407 sit,
1151 3332 1373 3391 homini
1406 3332 1811 3387 innotesceret.
1846 3326 1921 3383 Ut
1952 3325 2149 3382 anima

503 3414 762 3489 humana
784 3428 841 3483 in
876 3428 1134 3483 humano
1165 3438 1423 3495 corpore,
1450 3437 1566 3476 non
1603 3418 1852 3485 videtur,
1885 3414 2145 3471 invisibi-

502 3518 575 3575 lis
605 3519 881 3583 existens,
911 3530 1114 3570 verum
1144 3530 1212 3569 ex
1243 3510 1502 3582 corporis
1532 3507 1787 3563 motibus
1844 3504 2146 3577 cognosci-

501 3613 617 3675 tur,
640 3607 723 3664 sic
754 3623 858 3662 nec
881 3605 1033 3660 Deus
1051 3600 1327 3657 humanis
1350 3604 1405 3655 et
1420 3596 1713 3670 corporeis
1746 3594 1932 3651 oculis
1964 3592 2144 3650 videri

499 3700 762 3769 potest...
819 3691 1322 3758 Quemadmodum
1382 3689 1431 3744 si
1473 3687 1605 3761 quis
1663 3688 1863 3741 cernat
1914 3698 2141 3749 navem,

499 3785 625 3842 suis
655 3781 1033 3839 armamentis
1091 3780 1460 3841 instructam,
1518 3790 1676 3830 mare
1733 3772 1959 3829 sulcare
1988 3774 2045 3826 et
2082 3769 2142 3824 in

496 3878 731 3947 portum
754 3870 1064 3945 appellere,
1098 3872 1254 3945 certe
1295 3866 1480 3921 credit
1510 3863 1764 3934 aliquem
1791 3878 1825 3916 a
1879 3876 2009 3947 quo
2042 3875 2146 3931 gu-

502 3946 873 4032 bernetur,in
907 3976 974 4015 ea
1004 3974 1132 4014 esse
1145 3957 1617 4029 gubernatorem.
1649 3992 1662 4004 .
1690 3993 1703 4006 .
1722 3992 1734 4005 .
1767 3950 1826 4005 Si
1850 3949 1908 4004 in
1935 3946 2142 4013 solem,

498 4052 652 4124 quod
685 4067 825 4106 sane
856 4048 1169 4104 minimum
1203 4048 1293 4100 est
1349 4042 1724 4109 elementum,
1760 4060 1788 4087 »
1845 4054 1979 4093 cum
2030 4040 2142 4091 Deo

495 4139 767 4196 videlicet
814 4136 1227 4208 compositum,
1282 4154 1308 4186 ι
1356 4132 1530 4186 homo
1586 4126 1784 4184 oculos
1840 4125 2143 4182 intendere

497 4228 723 4302 nequit,
750 4231 986 4300 propter
1016 4223 1226 4280 caloris
1279 4226 1338 4278 et
1393 4217 1663 4292 potentiae
1717 4214 2141 4281 excellentiam,

497 4319 681 4375 multo
714 4316 910 4373 minus
938 4313 1184 4387 gloriam
1215 4309 1338 4377 Dei,
1372 4324 1498 4381 qum
1530 4303 1882 4361 innefi‘abilis
1927 4308 2016 4359 est
2043 4302 2144 4358 ho-

499 4407 669 4475 mini,
700 4406 875 4461 homo
907 4400 1171 4459 mortalis
1207 4396 1469 4455 contueri
1528 4398 1737 4468 potest.
1774 4415 1802 4443 ››
1848 4391 2138 4463 (Theoph.

496 4493 788 4562 Antioch.,
820 4491 920 4546 lib.
958 4494 973 4545 i
1007 4490 1077 4546 ad
1106 4489 1375 4561 Autolyc.,
1411 4486 1646 4558 pag.72.
1680 4484 1697 4555 )
1732 4481 1907 4538 Plura
1952 4480 2143 4536 adhuc
2173 4484 2220 4549 1)

500 4583 599 4639 ille
629 4581 730 4650 ibi,
785 4597 912 4653 qua
964 4580 1014 4635 si
1074 4578 1267 4635 Grazce
1328 4576 1547 4647 scripta
1590 4572 1781 4628 videre
1829 4568 2053 4643 cupias,
2084 4569 2146 4626 in

498 4672 629 4744 ejus
658 4669 805 4725 libro
838 4668 1025 4741 legere
1054 4667 1207 4723 haud
1242 4664 1556 4722 difficiliter
1587 4661 1823 4735 poteris.

568 4782 777 4835 Postea
805 4793 935 4833 vero
967 4774 1305 4831 Lactantius
1336 4773 1536 4829 eodem
1570 4770 1739 4840 plane
1771 4767 1941 4823 modo
1974 4781 2146 4838 argu-

502 4871 799 4925 mentatur
865 4883 931 4921 ac
962 4865 1160 4937 plures
1207 4877 1440 4935 quoque
1497 4857 1735 4915 adhibet
1781 4854 2146 4927 ejuscemodi

502 4956 1001 5030 comparationes:
1040 4977 1068 5005 ‹‹
1102 4956 1251 5007 Ante
1283 4948 1499 5015 omnia,
1560 4945 1836 5018 quoniam
1897 4949 2043 5000 Deus
2074 4945 2146 5003 ab

502 5047 741 5105 homine
772 5044 951 5101 videri
976 5060 1089 5099 non
1120 5044 1331 5113 potest,
1359 5054 1429 5093 ne
1452 5036 1586 5108 quis
1617 5039 1809 5089 tamen
1841 5050 1910 5089 ex
1930 5049 1995 5088 eo
2018 5033 2146 5104 ipso

504 5138 737 5209 putaret
766 5134 949 5190 Deum
983 5148 1096 5187 non
1130 5145 1277 5197 esse,
1300 5126 1441 5199 quia
1464 5122 1812 5179 mortalibus
1833 5121 2017 5177 oculis
2031 5136 2147 5177 non

502 5228 774 5282 videtur:
809 5224 959 5279 inter
978 5224 1184 5277 caetera
1240 5215 1644 5271 institutorum
1697 5226 1938 5266 suorum
1971 5210 2145 5267 mira-

504 5315 654 5383 cula,
685 5311 819 5368 fecit
846 5312 1018 5367 etiam
1054 5306 1260 5375 multa,
1286 5319 1535 5377 quorum
1565 5300 1654 5357 vis
1684 5300 1923 5371 quidem
1967 5316 2144 5372 appa-

503 5409 611 5469 ret,
642 5400 943 5458 subtantia
974 5404 1167 5453 tamen
1211 5412 1326 5453 non
1382 5393 1631 5459 videtur,
1693 5389 1845 5447 sicut
1899 5393 1987 5446 est
2014 5407 2143 5460 vox,

502 5492 670 5557 odor,
700 5491 929 5553 ventus,
964 5492 1026 5542 ut
1060 5487 1263 5542 harum
1323 5498 1519 5540 rerum
1573 5482 1919 5553 argumento
1964 5482 2020 5535 et
2049 5496 2144 5536 ex-

499 5579 695 5651 emplo
725 5575 901 5633 etiam
930 5575 1139 5645 Deum,
1174 5573 1311 5634 licet
1360 5574 1469 5631 sub
1501 5569 1700 5629 oculos
1755 5584 1871 5625 non
1900 5569 2142 5642 veniret,

2252 487 2403 525 mus.
2447 469 2592 535 Quid
2650 486 2786 525 voce
2844 469 3079 538 clarius,
3139 475 3241 525 aut
3286 477 3441 528 vento
3496 474 3697 543 fortius,
3738 486 3817 536 aut

2249 560 2423 615 odore
2452 558 2764 615 violentius
2786 559 2959 613 Hlaac
2993 564 3183 613 tamen
3232 576 3359 615 eum
3404 577 3497 632 per
3546 580 3713 620 aerem
3752 568 3813 623 fe-

2248 653 2479 719 runtur,
2510 649 2581 703 ad
2614 664 2943 720 sensusque
2996 653 3227 704 nostros
3259 650 3506 721 veniunt,
3534 657 3588 707 et
3624 669 3709 709 eos
3732 673 3816 727 po-

2246 738 2428 793 tentia
2456 736 2787 809 impellunt,
2814 754 2927 793 non
2958 746 3277 793 cernuntur
3296 738 3412 794 acie
3438 738 3718 809 luminum,
3739 746 3815 799 sed

2248 825 2400 881 alliis
2427 826 2690 897 corporis
2720 827 2984 898 partibus
3015 827 3363 882 sentiuntur.
3415 828 3670 885 Similiter
3698 831 3818 887 Deus

2247 931 2362 970 non
2388 920 2627 987 aspectu
2690 915 2881 980 nobis,
2939 914 3124 971 aliove
3178 915 3367 986 fragili
3396 932 3563 971 sensu
3604 933 3822 991 compre-

2244 1002 2591 1059 hendendus
2615 1007 2723 1071 est,
2784 1004 2884 1058 sed
2920 1003 3132 1059 mentis
3163 1003 3344 1058 oculis
3372 1004 3685 1072 intuendus,
3715 1023 3822 1063 cum

2244 1107 2419 1163 opera
2458 1094 2586 1162 ejus
2618 1090 2896 1163 praaclara
2924 1096 2983 1147 et
3008 1091 3276 1147 miranda
3302 1091 3825 1174 videamus.»(Lact.,

2242 1179 2345 1238 lib.
2377 1198 2454 1236 vn
2484 1181 2548 1237 de
2580 1182 2698 1236 Vita
2729 1181 2905 1247 beata,
2951 1196 3077 1252 cap.
3108 1180 3188 1251 9.)
3249 1181 3555 1236 Irenaanum
3612 1180 3827 1254 aliosque

2244 1270 2445 1325 eadem
2476 1274 2814 1326 enarrantes
2856 1269 3016 1325 adire
3063 1269 3317 1340 poteris;
3361 1267 3611 1341 longiora
3656 1271 3831 1343 quippe

2248 1356 2351 1413 illa
2382 1364 2545 1427 sunt,
2579 1363 2644 1414 ut
2664 1357 2863 1413 omnia
2892 1358 3377 1414 transcribamus.

2316 1447 2462 1511 Quid
2499 1448 2652 1519 quod
2685 1452 2741 1503 et
2779 1448 2903 1517 ipse
2922 1446 3137 1513 Cicero,
3176 1450 3240 1502 ut
3284 1446 3454 1502 etiam
3508 1446 3729 1502 ethnicis
3752 1446 3834 1503 ho-

2243 1536 2504 1591 minibus
2527 1536 2826 1592 ethnicum
2882 1535 3222 1607 scriptorem
3285 1551 3638 1606 opponamus
3690 1536 3835 1591 simili

2242 1640 2483 1696 prorsus
2514 1625 2686 1681 modo
2712 1624 2858 1679 dixit
2881 1640 2893 1680 :
2927 1644 2948 1672 ι
2983 1624 3077 1679 Sic
3103 1628 3356 1679 mentem
3378 1622 3640 1691 hominis,
3668 1639 3836 1694 quam-

2244 1714 2332 1769 vis
2362 1731 2491 1770 eam
2524 1730 2638 1769 non
2668 1714 2886 1781 videas,
2920 1718 2985 1768 ut
3041 1718 3223 1768 Deum
3287 1729 3401 1768 non
3430 1712 3621 1780 vides;
3678 1717 3836 1767 tamen

2250 1806 2317 1858 ut
2340 1803 2525 1857 Deum
2558 1802 2862 1875 cognoscis
2891 1819 2960 1857 ex
2989 1801 3264 1873 operibus
3287 1803 3436 1872 ejus,
3468 1801 3550 1857 sic
3577 1817 3640 1857 ex
3665 1816 3841 1856 memo-

2248 1891 2333 1946 ria
2364 1908 2579 1959 rerum,
2611 1896 2668 1947 et
2695 1890 3051 1958 inventione,
3084 1894 3141 1947 et
3175 1889 3471 1946 celeritate
3499 1896 3698 1960 motus,
3748 1905 3843 1944 om-

2250 1978 2425 2050 nique
2454 1978 2889 2051 pulchritudine
2916 1980 3171 2045 virtutis,
3207 1979 3329 2034 vim
3376 1979 3623 2034 divinam
3668 1978 3843 2032 mentis

2251 2067 2581 2140 cognoscito
2606 2090 2627 2117 ι
2655 2068 2791 2139 (Cic.
2826 2067 2927 2123 lib.
2960 2084 2980 2122 ι
3012 2084 3107 2139 op.
3135 2068 3232 2122 cit.
3271 2084 3398 2139 pag.
3426 2067 3545 2133 126,
3576 2066 3669 2121 lin.
3699 2065 3795 2135 38.)

2321 2155 2609 2211 Minucius
2634 2156 2832 2228 itaque
2855 2156 2947 2211 his
2972 2155 3323 2226 rationibus,
3356 2172 3503 2228 quas
3522 2160 3635 2210 tam
3672 2152 3849 2210 ethnici

2253 2261 2430 2316 quam
2462 2244 2774 2301 Christiani
2814 2245 3129 2317 scriptores
3159 2262 3332 2316 aequo
3364 2245 3499 2315 jure
3560 2243 3851 2315 comproba-

2254 2338 2411 2403 runt,
2443 2333 2669 2389 Caecilio
2701 2334 3045 2405 planissime
3074 2333 3385 2399 satisfecit,
3417 2334 3651 2404 ejusque
3695 2330 3852 2386 fundi-

2253 2427 2349 2478 tus
2383 2422 2561 2478 diruit
2591 2423 3116 2479 ratiocinationem.
3150 2423 3438 2488 Quocirca
3465 2428 3611 2478 recte
3629 2420 3716 2477 ille
3747 2436 3855 2475 con-

2256 2512 2473 2567 cludit:
2511 2532 2539 2562 «
2596 2511 2675 2567 Ex
2739 2511 2849 2567 hoc
2920 2511 3214 2568 credimus
3290 2517 3497 2577 Deum,
3549 2511 3692 2582 quod
3748 2524 3854 2563 eum

2258 2601 2473 2657 sentire
2505 2617 2841 2673 possumus,
2874 2601 3068 2658 videre
3101 2618 3214 2657 non
3250 2617 3591 2673 possumus.
3624 2600 3680 2654 In
3706 2597 3857 2670 cperi-

2258 2691 2369 2745 bus
2400 2689 2555 2744 enim
2588 2691 2715 2759 ejus
2747 2695 2803 2744 et
2823 2690 3055 2746 Λυκίη
3098 2691 3309 2746 mundi
3343 2691 3596 2746 motibus
3627 2688 3857 2743 omnibus

2256 2778 2534 2833 virtutem
2566 2780 2693 2850 ejus
2730 2794 2962 2850 semper
2998 2783 3352 2852 praesentem
3385 2780 3714 2850 aspicimus,
3751 2792 3859 2831 cum

2258 2871 2442 2935 tonat,
2477 2866 2756 2939 fulgurat,
2790 2866 3224 2936 fulminat,cum
3260 2874 3514 2939 serenat,
3530 2868 3860 2941 quemadmo-

2261 2957 2400 3012 dum
2433 2973 2613 3029 supra
2644 2957 3031 3013 ostendimus.

2823 3117 3211 3176 ARTICULUS
3266 3119 3341 3176 II.

2259 3227 2465 3295 Quibus
2493 3228 2831 3297 argumentis
2871 3228 3144 3281 Minucius
3198 3229 3528 3297 probaverit
3578 3231 3735 3282 Deum
3780 3238 3871 3278 esse

2328 3299 2633 3368 inﬁnitum,
2664 3302 2955 3363 aeternum,
2990 3300 3349 3365 immensum,
3374 3315 3440 3353 ac
3467 3300 3603 3353 scire
3630 3298 3811 3352 omnia.

2328 3440 2610 3512 Pleraque
2642 3439 2741 3495 Dei
2772 3440 3073 3510 attributa,
3106 3440 3226 3496 sive
3282 3458 3534 3497 summae
3588 3440 3871 3508 divinaque

2254 3530 2383 3601 ejus
2413 3528 2813 3600 perfectiones,
2848 3546 2881 3583 a
2911 3532 3109 3584 nostro
3155 3528 3426 3586 Minucio
3484 3528 3771 3602 perspicue
3796 3541 3870 3580 ex-

2254 3618 2568 3690 plicantur.
2602 3618 2749 3673 Eum
2780 3617 2938 3672 enim
2969 3617 3270 3673 infinitum
3304 3635 3439 3675 esse
3471 3619 3600 3674 ideo
3654 3630 3872 3689 pronun-

2254 3708 2379 3772 tiat,
2411 3707 2551 3778 quia
2581 3705 2866 3777 principio
2895 3710 2952 3761 et
2982 3706 3096 3761 fine
3153 3712 3337 3763 caret.
3388 3708 3506 3766 Nec
3545 3707 3601 3763 id
3648 3703 3873 3762 Caecilius

2252 3796 2502 3851 inficiari
2533 3800 2783 3867 poterat,
2813 3794 2907 3849 cui
2964 3794 3109 3850 illud
3164 3802 3565 3853 memoratum
3602 3812 3633 3850 a
3688 3791 3875 3848 Laertia

2252 3884 2489 3939 effatum
2523 3882 2783 3939 Thaletis
2808 3888 3009 3939 notum
3033 3899 3162 3939 esse
3200 3885 3417 3941 debuit
3452 3904 3465 3941 :
3501 3883 3569 3941 Τί
3618 3882 3679 3937 τὸ
3706 3876 3875 3935 Θεῖονῗ

2252 3975 2443 4029 aiebat
2469 3971 2678 4028 Thales
2711 3989 2724 4026 :
2755 3970 2825 4024 Τὸ
2874 3971 3013 4043 μήτε
3051 3971 3230 4045 ἀρχὴν
3267 3967 3405 4049 ἔχον
3434 3974 3577 4046 μήτε
3630 3968 3877 4035 τελεύτην.

2251 4085 2281 4113 ‹‹
2319 4061 2470 4129 Quid
2506 4061 2709 4117 Deus?
2766 4060 2929 4124 Quod
2986 4060 3152 4117 initio
3219 4067 3281 4119 et
3311 4065 3433 4120 fine
3464 4066 3641 4120 caret.
3659 4060 3877 4133 »(Laert.

2250 4147 2352 4205 lib.
2388 4165 2406 4202 1
2444 4147 2503 4202 in
2541 4148 2663 4203 Vua
2693 4148 2897 4214 Thale.,
2930 4148 3093 4219 §36.)

2323 4236 2541 4293 Deinde
2570 4253 2702 4292 vero
2732 4236 3024 4293 Minucius
3070 4239 3318 4295 assserit
3367 4238 3545 4296 illum
3591 4254 3715 4295 esse
3749 4239 3881 4291 aeter-

2252 4342 2395 4381 num
2432 4344 2445 4394 ;
2478 4329 2544 4381 ut
2575 4329 2706 4397 pote
2736 4324 2837 4397 qui
2860 4346 2889 4376 «
2921 4324 3288 4385 nativitatem
3351 4329 3639 4385 omnibus
3664 4327 3883 4400 praestet,

2250 4414 2362 4471 sibi
2394 4415 2911 4486 perpetuitatem,»
2943 4418 3118 4487 atque
3138 4415 3266 4487 ipse
3300 4422 3447 4475 ante
3477 4417 3763 4474 mundum
3786 4414 3884 4467 fue-

2255 4502 2752 4559 rit.Tertullianus
2789 4506 2987 4559 autem
3019 4503 3171 4559 hanc
3200 4504 3307 4561 Dei
3348 4507 3886 4574 aeternitatemrepe-

2254 4596 2375 4648 tere
2395 4592 2629 4648 videtur
2649 4608 2715 4649 ex
2739 4592 3025 4664 snperiori
3055 4592 3297 4650 Minucii
3328 4598 3589 4663 ratione,
3621 4611 3733 4669 qua
3784 4604 3889 4663 pro-

2254 4681 2428 4737 batur
2451 4696 2579 4736 esse
2608 4680 2896 4736 infinitus.
2926 4679 3072 4737 Nam
3098 4681 3197 4737 ille
3228 4690 3446 4742 contra
3496 4685 3890 4755 Hermogenem

2255 4769 2339 4825 sic
2370 4769 2652 4841 disputat.
2678 4768 2819 4832 Quis
2850 4768 3002 4825 alius
3032 4769 3133 4825 Dei
3168 4786 3413 4844 census,
3451 4791 3637 4847 quam
3693 4766 3890 4826 aeterni-

2254 4862 2345 4915 tas
2374 4858 2401 4913 ‘2
2432 4857 2572 4921 Quis
2605 4856 2757 4913 alius
2790 4858 3133 4915 aeternitatis
3172 4864 3396 4929 status,
3458 4878 3644 4936 quam
3692 4868 3892 4927 semper

2254 4947 2436 5003 fuisse
2462 4951 2519 5002 et
2540 4947 2804 5003 futurum
2831 4962 2960 5003 esse
2989 4964 3057 5003 ex
3079 4952 3476 5021 praerogativa
3500 4950 3724 5007 nullius
3745 4942 3891 5005 initii.

2255 5040 2312 5092 et
2331 5035 2553 5092 nullius
2582 5036 2719 5092 ﬁnis
2740 5036 2768 5091 ‘I
2800 5060 2823 5090 ι
2859 5036 3106 5093 Tertull.
3138 5037 3242 5093 lib.
3291 5046 3429 5096 cont
3473 5043 3757 5109 Hermog.,
3785 5045 3889 5101 cap.

2255 5125 2309 5194 4,
2342 5141 2475 5197 pag.
2503 5125 2655 5197 267.)
2686 5125 2798 5180 Sed
2829 5123 2929 5179 illa
2959 5124 3073 5181 duo
3104 5125 3425 5185 inﬁnitatis
3478 5135 3541 5186 et
3583 5118 3899 5185 aeternitatis

2257 5214 2537 5270 attributa
2592 5230 2791 5270 secum
2856 5212 2939 5270 ita
2997 5220 3443 5274 connectuntur
3483 5222 3553 5274 ut
3609 5220 3899 5281 utrumque

2255 5304 2328 5361 ab
2359 5304 2470 5359 alio
2518 5319 2682 5375 aeque
2730 5302 2918 5375 possit
2963 5304 3215 5376 probari.
3270 5306 3394 5362 Sed
3449 5307 3665 5364 audias
3712 5301 3899 5364 adhuc,

2254 5392 2803 5465 velim,Gregorium
2863 5391 3292 5450 Nazianzenum
3337 5397 3415 5451 de
3456 5396 3777 5452 aeternitate
3819 5382 3902 5441 Dei

2254 5482 2679 5555 disputantem.
2732 5502 2761 5531 «
2820 5484 2973 5537 Dens
3029 5486 3085 5537 et
3138 5487 3260 5538 erat
3316 5499 3587 5556 semper,
3625 5506 3653 5532 ››
3711 5473 3903 5549 inquit,

2258 5592 2287 5625 α
2307 5577 2364 5629 et
2391 5576 2501 5642 est,
2525 5574 2584 5628 et
2605 5569 2715 5627 erit
2747 5584 2762 5626 :
2792 5568 2885 5626 vel
2912 5572 2973 5627 ut
3005 5572 3219 5628 rectius
3247 5570 3495 5645 loquar,
3531 5585 3764 5642 semper
3788 5565 3903 5628 est;
