4088 6150
285 262 385 320 45Ἱ
1712 255 1907 317 DISSI

2024 255 2256 319 PATIO.
3545 266 3667 327 458

283 406 401 447 nam
425 394 549 447 erat
576 393 637 446 et
663 390 793 459 erit,
824 389 1008 446 nostri
1042 390 1322 461 temporis
1368 389 1650 461 ﬂuxeque
1682 394 1901 442 naturae
1934 389 1988 453 Α
2017 387 2263 457 hujusce
2293 390 2586 462 opinionis
2617 397 2937 450 assertores
2967 392 3125 449 aliud
3154 392 3248 451 his
3274 394 3473 451 verbis
3496 394 3666 467 inge-

281 483 561 552 segmenta
591 482 749 534 sunt.
807 478 911 533 Ille
941 481 1141 534 autem.
1168 492 1400 549 semper
1440 482 1548 544 est,
1598 481 1771 548 atque
1801 474 1909 531 hoc
2021 476 2243 545 rebant,
2278 479 2392 534 nisi
2425 481 2605 536 Deum
2644 504 2663 530 ι
2701 481 3035 550 molestum,
3065 482 3418 554 inquietum,
3468 486 3526 538 et
3554 483 3665 538 im-

282 569 433 624 modo
482 568 744 640 seipsum
796 566 1094 639 nominat,
1163 583 1298 623 cum
1347 567 1407 621 in
1480 570 1676 622 monte
1728 564 1910 637 Moysi
2019 566 2305 636 pudenter
2349 567 2526 625 etiam
2558 556 2907 626 curiosum?
2940 593 2968 620 ››
3001 574 3070 626 At
3103 572 3221 627 haec
3250 577 3371 626 erat
3418 572 3668 643 ipsemet

281 656 563 713 oraculum
594 658 732 712 edit.
768 656 1113 713 Universum
1138 655 1300 712 enim
1328 655 1387 711 id
1418 655 1574 727 quod
1601 657 1713 723 est,
1756 653 1911 710 in‘se
2018 652 2283 726 Epicurei
2310 655 2642 730 philosophi
2686 658 2870 732 impia
2915 661 3068 729 apud
3117 660 3447 716 Ciceronem
3491 676 3665 731 expo-

281 744 688 818 complectitur,
739 762 843 807 nec
891 744 1245 817 principium
1292 744 1538 817 habens,
1584 759 1691 801 nec
1730 744 1907 801 ﬁnem
2015 742 3088 820 stulatio.«lmposuistis,-inquit,«in
3111 748 3429 804 cervicibus
3446 748 3663 804 nostris

282 834 574 891 habiturus
620 834 813 906 (Grcg.
864 833 1105 899 Nazan.,
1154 837 1301 891 orat.
1348 834 1440 902 38,
1489 849 1620 906 pag.
1674 833 1823 905 811).
1875 854 1905 885 »
2015 833 2438 906 sempiternum
2464 834 2792 907 dominum,
2816 851 2992 908 quem
3024 836 3150 892 dies
3179 841 3236 893 et
3264 840 3464 892 noctes
3495 836 3662 892 time-

282 926 398 990 Qua
428 923 666 995 quidem
723 922 931 979 iisdem
976 923 1168 979 verbis
1215 922 1275 978 in
1324 923 1585 993 ejusdem
1632 921 1905 979 Oratione
2014 937 2231 978 remus.
2275 924 2414 989 Quis
2444 925 2599 980 enim
2633 941 2751 979 non
2781 925 2985 980 timeat
3011 925 3209 981 omnia
3239 924 3657 996 providentem,

278 1012 519 1068 secunda
565 1028 745 1083 supra
793 1011 1306 1083 quadragesimam
1355 1010 1646 1067 habentur
1695 1011 1903 1082 (Idem,
2014 1012 2072 1064 et
2099 1011 2473 1084 cogitantem,
2491 1016 2549 1069 et
2576 1013 3159 1085 animadvertentem,
3185 1018 3244 1069 et
3272 1013 3468 1086 omnia
3496 1014 3570 1069 ad
3597 1028 3661 1069 se

279 1100 417 1157 Orat.
448 1102 540 1167 42,
572 1116 704 1173 pag.
735 1101 883 1169 898).
910 1101 1060 1156 Deus
1088 1099 1289 1171 itaque
1317 1116 1452 1155 cum
1485 1098 1631 1155 nihil
1662 1099 1736 1155 ab
1764 1099 1901 1164 alio,
2011 1098 2299 1169 pertinere
2345 1105 2673 1171 putantem,
2722 1101 3045 1170 curiosum,
3079 1106 3138 1158 et
3166 1100 3403 1173 plenum
3438 1100 3658 1171 negotii

275 1190 362 1245 sed
391 1206 425 1245 a
463 1188 682 1261 seipso,
713 1192 771 1244 et
800 1188 955 1259 quod
996 1193 1106 1258 est,
1152 1192 1211 1244 et
1255 1187 1542 1260 quidquid
1591 1193 1703 1255 est,
1752 1185 1901 1243 acci-
2009 1186 2229 1244 Deum?
2251 1210 2279 1239 n
2312 1188 2477 1262 (Cic.,
2508 1189 2610 1246 lib.
2635 1191 2662 1245 1
2694 1189 2761 1245 de
2786 1191 2911 1246 Nat.
2934 1192 3095 1257 Deor,
3120 1206 3253 1262 pag.
3285 1189 3657 1261 203,1in.29.)

273 1278 399 1350 piat,
431 1277 647 1333 idcirco
676 1280 734 1333 et
764 1275 1033 1332 inﬁnitus
1061 1281 1119 1332 et
1146 1280 1398 1332 mternus
1426 1293 1555 1333 esse
1602 1276 1794 1332 debet.
2011 1277 2370 1349 Quapropter
2418 1279 2717 1335 Lucretius
2760 1280 2833 1335 de
2879 1278 2990 1336 hoc
3038 1278 3249 1335 timore
3298 1278 3562 1349 depulso,
3602 1282 3661 1334 et

332 1365 497 1422 Aliud
530 1370 726 1421 autem
777 1364 1109 1421 christiana:
1153 1364 1428 1421 doctrina
1470 1378 1682 1421 novum
1726 1365 1899 1422 Ceci-
2008 1365 2229 1435 gratias
2258 1366 2504 1437 Epicuro
2534 1366 2822 1423 maximas
2842 1368 3046 1439 agit,et
3065 1383 3437 1440 summopere
3460 1370 3659 1439 gratu-

274 1455 378 1511 lius
407 1454 791 1510 contendebat
815 1469 943 1509 esse
968 1457 1317 1522 monstrum,
1350 1454 1505 1525 quod
1529 1453 1688 1510 illius
1717 1458 1903 1510 secta-
2008 1451 2184 1510 latur.
2206 1454 2353 1518 Quid
2377 1471 2531 1522 vero,
2555 1457 2709 1527 quod
2742 1456 2937 1512 Cicero
2969 1456 3069 1512 ubi
3102 1461 3301 1512 narrat
3330 1456 3660 1511 Stratonem

274 1546 419 1599 tores
465 1548 648 1598 Deum
712 1543 1091 1612 immensum,
1159 1546 1218 1598 et
1288 1541 1501 1612 ubique
1557 1546 1903 1614 praesentem
2010 1541 2278 1599 decuisse
2325 1565 2355 1593 ‹‹
2408 1544 2608 1599 omnia
2636 1560 2765 1601 esse
2795 1545 2997 1601 effecta
3026 1548 3255 1611 natura,
3291 1568 3314 1597 ι
3350 1545 3428 1600 ibi
3460 1547 3665 1615 postea

270 1632 659 1704 praedicarent.
714 1631 1015 1697 Quomodo
1062 1630 1300 1700 etenim,
1350 1631 1675 1703 inquiebat,
1711 1636 1901 1704 potest
2011 1630 2242 1687 addidit
2291 1648 2305 1687 :
2356 1655 2385 1682 ‹‹
2416 1632 2507 1688 Sic
2545 1631 2641 1688 ille
2673 1637 2731 1688 et
2760 1633 2942 1689 Deum
2975 1648 3147 1704 opere
3189 1648 3402 1703 magno
3433 1632 3661 1701 liberat,

269 1720 400 1777 locis
448 1720 723 1777 omnibus
768 1719 1069 1789 interesse,
1118 1720 1178 1775 in
1229 1719 1373 1776 coelo
1420 1720 1795 1788 constitutus,
1844 1724 1903 1775 et
1938 1750 1984 1814 Β
2017 1722 2075 1773 et
2102 1735 2195 1775 me
2216 1719 2443 1776 timore.
2463 1720 2605 1785 Quis
2625 1721 2782 1777 enim
2800 1724 3152 1793 potest,cum
3174 1721 3662 1777 existimetaDeo

270 1809 435 1865 simul
481 1828 511 1859 ‹‹
559 1825 662 1881 per
711 1808 978 1864 universa
1025 1807 1326 1864 districtus
1361 1808 1390 1863 Ἰ
1435 1829 1464 1858 ››
1512 1808 1661 1874 Quid
1708 1824 1844 1881 ergo
1877 1808 1905 1864 ?
1938 1807 1980 1814 '
2016 1823 2079 1863 se
2108 1808 2320 1877 curari,
2370 1826 2486 1865 non
2538 1814 2596 1866 et
2642 1811 2770 1866 dies
2796 1814 2855 1866 et
2886 1813 3083 1866 noctes
3132 1809 3395 1865 divinum
3443 1825 3663 1865 numen

267 1898 579 1970 respondet
631 1897 942 1954 Minucius.
976 1896 1178 1955 Nonne
1219 1896 1307 1952 sol
1339 1896 1481 1953 caelo
1511 1897 1743 1961 afﬁxus,
1774 1896 1906 1952 ubi-

267 2002 368 2058 que
416 2003 671 2058 prasens
715 1986 849 2042 est?
896 1985 1099 2041 Nonne
1162 1985 1258 2041 ille
1305 1986 1433 2041 sine
1486 1985 1730 2042 luminis
1778 2002 1904 2041 cor-

263 2075 546 2148 ruptione,
578 2075 679 2131 sed
710 2091 777 2130 eo
806 2090 1038 2145 semper
1066 2073 1293 2146 integro
1323 2080 1381 2130 et
1429 2072 1678 2142 illibato,
1710 2072 1902 2131 omni-

261 2166 362 2221 bus
393 2163 720 2219 miscetur?
747 2162 921 2233 Atqui
954 2161 1140 2218 multo
1165 2162 1355 2235 magis
1378 2163 1531 2218 Deus
1563 2179 1677 2219 non
1709 2162 1901 2219 solum

261 2254 431 2309 rebus
461 2250 733 2325 singulis,
767 2252 869 2308 sed
901 2250 1076 2307 etiam
1107 2251 1276 2306 nobis
1306 2255 1364 2307 et
1393 2252 1692 2323 proximus
1724 2257 1781 2307 et
1808 2252 1903 2306 in-

260 2343 423 2398 fusus
465 2346 575 2397 est.
628 2340 900 2405 Quinimo
949 2340 1110 2395 addit
1159 2339 1449 2396 Minucius
1483 2358 1496 2396 :
1527 2362 1555 2391 «
1591 2341 1717 2399 Non
1771 2347 1903 2396 tan-

254 2434 380 2486 tum
412 2430 525 2486 sub
572 2429 672 2485 illo
721 2429 972 2501 agimus.
1024 2428 1124 2484 sed
1172 2433 1229 2484 et
1276 2445 1410 2484 cum
1460 2429 1581 2496 illo,
1632 2435 1693 2485 ut
1728 2444 1903 2501 prope

250 2519 523 2587 dixerim,
554 2518 826 2573 vivimus.
848 2539 876 2569 »
904 2518 1127 2583 Quibus
1158 2518 1396 2589 quidem
1428 2517 1619 2574 verbis
1651 2519 1721 2573 ad
1755 2516 1903 2573 illud

251 2605 522 2680 Apostoli
563 2606 800 2662 effatum
841 2622 855 2661 :
902 2629 922 2654 ι
958 2605 1021 2660 In
1069 2622 1137 2661 eo
1166 2605 1437 2675 vivimus,
1490 2622 1792 2662 movemur
1844 2610 1904 2662 et

255 2711 471 2751 sumus
501 2694 699 2765 (Actor.
750 2710 876 2765 cap.
909 2710 1044 2760 xvu,
1077 2710 1130 2761 v,
1178 2693 1292 2764 28),
1343 2713 1370 2746 ι
1423 2693 1906 2751 animadvertisse

252 2782 529 2840 nonnulli
562 2783 802 2838 forsitan
850 2782 1328 2854 suspicabuntur.
1378 2783 1488 2838 Sed
1528 2799 1663 2839 cum
1694 2788 1814 2839 tota
1843 2785 1902 2839 in

251 2874 407 2930 445
446 2871 842 2942 disputatione
894 2876 1096 2926 contra
1143 2871 1405 2926 ethnicos
1453 2872 1700 2942 agendo,
1733 2870 1902 2938 nihil,

246 2963 335 3018 uti
372 2960 841 3028 observavimus,
891 2977 962 3016 ex
1011 2976 1179 3015 sacra
1212 2964 1411 3015 nostra
1471 2960 1777 3032 Scriptura
1806 2962 1903 3016 de-

2012 1896 2270 1966 horrere;
2302 1903 2359 1953 et
2387 1897 2439 1953 si
2468 1898 2611 1970 quid
2641 1898 2869 1955 adversi
2898 1898 3195 1966 acciderit,
3227 1898 3383 1970 quod
3415 1898 3507 1954 cui
3544 1914 3660 1954 non

2012 1985 2241 2055 accidit,
2274 1986 2652 2043 extimescere
2678 2004 2750 2043 ne
2780 1987 2839 2042 id
2861 1988 2997 2058 jure
3017 1986 3309 2044 evenerit?
3342 2024 3360 2043 ..
3391 1987 3530 2059 (Cic.
3555 1986 3660 2042 lib.

2012 2072 2261 2129 Academ.
2295 2090 2427 2146 pag.
2460 2075 2550 2143 33,
2582 2073 2687 2130 lin.
2718 2076 2832 2144 47.)

2081 2163 2189 2218 Sed
2244 2162 2575 2237 philosophi
2623 2163 2729 2232 illi,
2779 2167 2957 2235 atque
3002 2163 3063 2219 in
3112 2162 3321 2235 primis
3372 2161 3661 2234 Epicurei,

2010 2250 2279 2307 homines
2311 2252 2481 2324 plane
2525 2251 2900 2324 voluptuarii,
2950 2252 3073 2308 haac
3114 2251 3486 2322 objiciebant.
3528 2251 3662 2307 Per-

2013 2356 2248 2397 suasum
2294 2339 2589 2413 siquidem
2620 2341 2733 2413 ipsi
2766 2346 2892 2397 erat
2921 2341 3129 2405 Deum,
3161 2341 3210 2395 si
3240 2345 3405 2395 actus
3439 2339 3665 2411 cogita-

2010 2429 2317 2500 tionesque
2350 2429 2659 2486 hominum
2692 2434 3022 2502 cognoscat,
3054 2446 3182 2484 esse
3212 2429 3664 2499 timendum,at-

2012 2534 2126 2589 que
2139 2517 2282 2573 adeo
2298 2518 2403 2573 hoc
2419 2517 2995 2589 timorevoluptatem
3018 2516 3473 2587 felicitatemque
3494 2532 3663 2573 suam

2014 2606 2492 2678 pertubari.Deus
2509 2606 2899 2663 nihilominus
2922 2606 3164 2662 minime
3181 2605 3395 2661 similis
3417 2609 3507 2661 est
3530 2605 3661 2661 aliis

2012 2694 2268 2767 regibus,
2301 2696 2400 2767 qui
2431 2718 2459 2746 ‹‹
2495 2695 2653 2765 regni
2685 2696 2797 2763 sui,
2827 2718 2849 2745 ι
2885 2695 2965 2751 ait
2997 2695 3309 2765 Minucius,
3343 2716 3372 2743 «
3409 2710 3512 2765 per
3537 2695 3663 2750 offi-

2014 2782 2102 2839 cia
2124 2783 2550 2848 ministrorum,
2566 2783 2837 2840 universa
2858 2799 3119 2848 movere;
3148 2804 3175 2832 »
3200 2783 3298 2839 sed
3323 2785 3535 2837 cuncta
3560 2798 3664 2853 per

2014 2871 2397 2942 semetipsum
2449 2871 2767 2943 cognoscit,
2828 2887 3015 2942 neque
3072 2870 3155 2924 illi
3213 2870 3283 2925 ad
3344 2885 3411 2925 ea
3450 2886 3665 2941 cogno-

2016 2958 2233 3015 scenda
2255 2980 2284 3008 «
2309 2958 2541 3014 indiciis
2564 2975 2714 3030 opus
2736 2963 2845 3014 est.
2872 2981 2899 3009 ››
2925 2958 3087 3022 Quod
3113 2957 3350 3028 quidem
3382 2957 3667 3029 antiquis-

242 3050 547 3115 libaverit,
576 3048 727 3104 hanc
768 3052 921 3103 certe
962 3047 1245 3103 rationem
1297 3047 1425 3103 ideo
1472 3048 1734 3119 protulit,
1768 3050 1906 3120 quia
1944 3112 1977 3120 _
2019 3046 2153 3103 simi
2202 3046 2534 3119 philosophi
2580 3047 2733 3103 ultro
2786 3047 3137 3103 fatebantur.
3188 3046 3401 3102 Thales
3449 3045 3663 3118 quippe

244 3138 471 3194 ethnici
503 3154 631 3192 eam
679 3140 780 3192 aut
813 3136 1128 3205 inﬁrmare,
1161 3142 1264 3192 aut
1294 3153 1568 3208 respuere
1598 3154 1713 3193 non
1745 3143 1903 3210 pote-
1936 3112 1979 3178 (ἶ
2021 3134 2306 3203 Milesius,
2330 3136 2828 3206 quemadmodum
2854 3151 2921 3190 ex
2951 3133 3179 3190 Laertio
3210 3134 3548 3201 discimus,«
3578 3136 3663 3189 In-

245 3232 409 3282 rant.
459 3226 529 3280 Et
557 3233 707 3280 certe
748 3225 984 3293 Seneca,
1015 3225 1248 3280 tametsi
1275 3225 1528 3296 gentilis,
1562 3227 1816 3298 quadam
1846 3227 1904 3282 in

243 3313 521 3387 Epistola
550 3312 864 3383 scripserat
896 3328 911 3369 :
944 3333 971 3362 «
1023 3314 1153 3385 Ipse
1187 3314 1383 3385 (Deus)
1424 3314 1683 3371 humano
1712 3316 1906 3386 generi

244 3404 563 3459 ministrat
596 3402 883 3473 :-ubique
930 3405 987 3456 et
1035 3401 1309 3458 omnibus
1351 3407 1559 3474 praesto
1599 3408 1705 3459 est.
1754 3404 1909 3461 Alibi

240 3508 388 3548 vero
426 3509 440 3548 :
474 3490 834 3561 Quocunque
863 3489 1108 3556 ﬂexeris,
1142 3490 1220 3545 ibi
1250 3489 1418 3545 illum
1450 3492 1674 3548 videbis
1703 3510 1905 3551 occur-

238 3589 502 3637 rentem.
540 3578 696 3634 Nihil
729 3579 798 3633 ab
832 3577 928 3633 illo
969 3581 1133 3633 vacat
1160 3578 1416 3651 (Seneca,
1449 3581 1617 3651 Epist.
1650 3582 1684 3635 6
1726 3622 1739 3636 .
1775 3599 1907 3655 pag.

236 3672 353 3724 397
386 3674 442 3724 et
470 3685 608 3740 seq..
647 3666 750 3722 lib.
787 3684 843 3722 ιν
872 3666 938 3723 de
974 3669 1187 3738 Beneﬁ,
1242 3683 1369 3740 cap.
1418 3668 1495 3739 8).
1550 3691 1576 3717 υ
1627 3669 1909 3742 Denique,

237 3764 310 3815 ut
344 3758 530 3831 plura
559 3756 986 3824 omittamus,in
1011 3755 1125 3811 alia
1154 3773 1358 3812 rursus
1383 3756 1639 3828 Epistola
1668 3775 1680 3814 :
1710 3781 1737 3809 ‹‹
1762 3763 1911 3816 Deus

235 3849 314 3903 ad
375 3846 658 3903 homines
703 3844 881 3913 venit,
928 3844 1041 3901 imo
1085 3846 1239 3918 quod
1291 3845 1532 3917 propius
1575 3851 1685 3913 est,
1719 3847 1776 3902 in
1808 3848 1911 3904 ho-

232 3936 449 3991 mines
499 3934 658 3989 venit
697 3934 888 4004 (Epist.
943 3935 1034 3999 73,
1084 3949 1213 4005 pag.
1265 3933 1412 4004 305).
1458 3955 1487 3984 υ
1539 3934 1682 3989 Cum
1716 3935 1914 4008 itaque

230 4024 478 4091 omnia,
519 4023 604 4078 uti
637 4027 788 4078 recte
838 4026 969 4093 post
1015 4020 1314 4077 Thaletem
1364 4027 1421 4077 et
1463 4024 1705 4079 Aratum
1738 4026 1917 4081 tradit

227 4112 571 4182 Minucius,
590 4110 707 4166 Deo
738 4108 910 4181 plena
939 4110 1078 4177 sint,
1121 4109 1332 4165 debent
1358 4127 1591 4183 quoque
1621 4118 1678 4168 et
1706 4118 1916 4170 cuncta

2014 3228 2365 3295 terrogatus,
2398 3224 2674 3280 lateretne
2705 3225 2845 3280 deos
2886 3224 3060 3279 homo
3094 3223 3246 3279 male
3275 3240 3454 3295 agens
3486 3240 3499 3277 :
3535 3221 3661 3278 ἀλλ’

2014 3309 2152 3366 πὺδὲ
2183 3308 2591 3384 διανοούμεοος,
2615 3308 2828 3387 ἔφη.ΝΘ
2860 3312 3122 3384 cogitans
3147 3312 3662 3384 quidem,inquit.»

2017 3403 2251 3474 (Laert.,
2291 3401 2391 3456 lib.
2445 3404 2494 3468 1,
2531 3401 2591 3456 in
2648 3404 2747 3457 Vit.
2783 3401 2985 3456 Thaidi.
3018 3403 3045 3468 §
3073 3401 3187 3471 36.)
3235 3400 3501 3456 Valerius
3532 3416 3667 3456 vero

2019 3489 2309 3547 Maximus
2340 3489 2495 3545 idem
2527 3488 2776 3561 posteris
2804 3487 3065 3555 tradidit,
3105 3492 3281 3560 atque
3328 3487 3500 3542 istius
3532 3503 3664 3558 pro-

2019 3579 2270 3636 nuntiati
2299 3578 2453 3633 hanc
2482 3578 2736 3633 reddidit
2756 3577 3039 3633 rationem
3064 3594 3077 3633 :
3107 3600 3134 3627 «
3166 3576 3407 3632 Mirifice
3434 3574 3665 3632 Thales:

2020 3684 2157 3724 nam
2180 3667 2571 3738 interrogatus
2593 3682 2665 3721 an
2691 3665 2843 3721 facta
2866 3665 3171 3721 hominum
3196 3666 3334 3721 deos
3357 3663 3618 3720 fallerent
3651 3678 3665 3717 :

2022 3757 2178 3814 446
2207 3756 2315 3812 Nec
2342 3756 2600 3824 cogitata,
2650 3754 2845 3826 inquit
2874 3770 2888 3810 :
2941 3758 3008 3810 ut
3037 3771 3151 3810 non
3192 3753 3385 3810 solum
3436 3769 3668 3821 manus,

2021 3847 2122 3902 sed
2156 3844 2329 3901 etiam
2367 3847 2594 3899 mentes
2626 3860 2805 3915 puras
2835 3842 3049 3899 habere
3078 3842 3384 3909 vellemus,
3416 3857 3549 3896 cum
3577 3856 3667 3895 se-

2022 3934 2195 3990 cretis
2230 3932 2678 4005 cogitationibus
2705 3931 2889 3988 nostri
2921 3948 3137 3987 numen
3172 3932 3376 3986 adesse
3396 3928 3673 3985 credidis-

2024 4037 2224 4078 semus
2255 4020 2469 4092 (Valer.
2505 4020 2678 4089 Max.,
2710 4019 2812 4075 lib.
2861 4037 2961 4088 vn,
3022 4037 3148 4091 cap.
3180 4022 3235 4088 2,
3269 4018 3298 4091 §
3326 4019 3379 4088 8,
3412 4016 3605 4087 extr)
3640 4037 3668 4065 »

2024 4112 2198 4168 Ortus
2238 4110 2433 4178 itaque
2489 4108 2627 4164 inde
2675 4107 3015 4164 hominibus
3055 4107 3254 4173 timor,
3305 4106 3354 4161 si
3385 4103 3672 4176 epicureis

229 4216 387 4257 esse
442 4199 559 4272 ipsi
608 4198 843 4271 cognita
886 4197 1142 4269 (Thales,
1184 4200 1337 4270 apud
1372 4199 1636 4268 Aristot.,
1671 4201 1768 4257 lib.
1806 4220 1824 4258 1
1853 4203 1918 4259 de
2026 4198 2315 4270 malisque
2349 4197 2688 4253 hominibus
2720 4196 3128 4252 incommodus
3162 4195 3257 4260 sit,
3289 4193 3512 4249 caeteris
3535 4192 3671 4263 jure

225 4291 469 4355 Anim.,
498 4305 625 4360 cap.
648 4287 1122 4360 5).Quamobrem
1148 4286 1245 4343 ille
1265 4288 1531 4343 omnium
1562 4290 1913 4365 speculator,

232 4392 473 4433 omnes
504 4377 661 4433 novit
695 4375 999 4432 hominum
1031 4380 1087 4431 et
1108 4379 1269 4432 actus
1295 4379 1353 4431 et
1383 4377 1783 4448 cogitationes.

2028 4288 2234 4347 merito
2280 4285 2541 4359 optimus
2580 4284 3074 4357 justissimusque
3122 4286 3413 4339 censetur.
3448 4281 3673 4337 Videsis

2027 4380 2085 4435 in
2123 4376 2328 4433 Laertii
2361 4374 2555 4429 locum
2588 4374 2795 4430 citatos
2826 4376 3093 4427 auctores
3146 4372 3459 4435 Lucanum,
3505 4369 3671 4423 Euri-

330 4466 450 4520 Sed
485 4470 680 4521 contra
729 4465 849 4521 haec
901 4464 1101 4521 omnia
1128 4464 1391 4521 Cacilius
1425 4467 1797 4539 pertinaciter
1826 4467 1912 4525 in-
1944 4474 1992 4539 ι)
2024 4467 2239 4540 pidem,
2289 4469 2348 4520 et
2392 4462 2688 4519 Theonem
2734 4460 3090 4533 Sophistam,
3141 4459 3243 4533 qui
3292 4459 3401 4517 hoc
3430 4458 3673 4515 effatum

236 4553 678 4620 stabat,Deum
700 4555 917 4609 frustra
944 4553 1244 4625 gratisque
1276 4553 1416 4627 fingi
1442 4555 1718 4613 omnibus
1748 4557 1914 4630 locis,

232 4644 457 4712 factis,
491 4647 547 4700 et
576 4642 1030 4715 cogitationibus
1051 4642 1508 4708 interesse.Quid
1540 4644 1921 4720 enim,inquit

2028 4573 2146 4613 non
2174 4551 2423 4622 Thaleti,
2455 4551 2555 4607 sed
2589 4551 2809 4607 Pittace
2840 4548 3063 4607 tribuit.

1776 4792 2033 4857 CAPUT
2076 4791 2179 4852 Vl.

1578 4896 1665 4958 De
1706 4896 1921 4960 divina
1956 4894 2379 4961 Providentia.

739 5023 1146 5085 ARTICULUS
1169 5022 1461 5082 PRIMUS.

251 5132 697 5188 Emaminantur
741 5137 1090 5202 argumenta,
1141 5133 1342 5203 quibus
1371 5133 1651 5189 Minucius
1700 5136 1935 5191 ostendit

339 5204 643 5278 mundum,
673 5212 725 5261 et
754 5207 962 5278 omnia,
1004 5205 1316 5278 accingam
1334 5205 1439 5278 Dei
1461 5206 1803 5278 progidcntia
1830 5225 1932 5278 gu-

345 5276 583 5405 gzgnoari
620 5293 643 5339 ;
705 5277 802 5332 ubi
858 5276 922 5333 de
978 5276 1295 5345 Britannia,
1353 5277 1495 5348 Nilo,
1555 5276 1847 5349 Euphrate,
1880 5285 1931 5335 ei

350 5474 582 5539 Quibus
611 5476 973 5548 argumentis
995 5476 1287 5533 Minucius
1308 5480 1489 5531 Deum
1512 5473 1788 5532 exsistere
1809 5492 1936 5548 pro-

274 5561 461 5637 bavit,
502 5564 719 5623 iisdem
765 5564 983 5640 colligit
1033 5565 1304 5623 universa
1349 5564 1585 5636 singula
1631 5579 1759 5635 quis
1807 5566 1938 5637 ejus

571 5691 829 5753 Parcet.
882 5692 981 5755 Ill

2036 5034 2184 5087 nutu
2216 5044 2282 5085 ac
2307 5026 2606 5083 voluntate
2652 5021 2911 5097 primum
2952 5028 3145 5080 creata
3193 5026 3351 5093 sunt,
3401 5037 3466 5076 ac
3495 5022 3683 5076 totum

2042 5120 2332 5176 mundum
2357 5115 2556 5171 divina
2586 5113 2715 5183 ejus
2732 5112 3101 5169 Providentia
3120 5111 3239 5182 regi
3263 5116 3319 5166 et
3347 5109 3685 5182 gubernari,

2040 5212 2171 5265 Jam
2191 5222 2324 5263 vero
2346 5221 2415 5260 ea
2432 5205 2780 5275 argumenta
2794 5199 3066 5270 superius
3082 5198 3459 5270 exposuimus
3486 5200 3543 5253 et
3561 5212 3690 5252 exa-

2044 5293 2418 5353 minavimus.
2464 5291 2645 5346 Nemo
2676 5292 2872 5345 autem
2908 5303 3120 5359 negare
3150 5291 3340 5359 potest
3386 5301 3686 5342 summam

2044 5400 2172 5442 esse
2202 5382 2433 5439 illorum
2464 5379 2603 5445 vim,
2636 5382 2694 5432 et
2724 5375 2955 5447 pondus
2986 5376 3326 5432 maximum.
3366 5375 3564 5431 Cicero
3586 5391 3689 5429 au-

2044 5478 2183 5541 tem,
2216 5465 2714 5544 quemadmodum
2746 5464 3089 5533 diximus,in
3124 5464 3414 5537 praecipua
3449 5461 3694 5521 secundi

2045 5565 2137 5622 sui
2168 5563 2233 5619 de
2258 5562 2472 5618 Natura
2509 5559 2759 5612 Deorum
2782 5552 2921 5613 libri
2961 5559 3146 5630 parte,
3178 5552 3351 5625 longe
3378 5552 3701 5625 copiosius,

3349 5679 3425 5739 15
