4088 6150
480 287 600 345 459

1764 282 1865 342 DE
1908 280 2215 342 MINUCII
2260 279 2604 340 OCTAVIO

3718 291 3816 354 460

480 429 656 485 quam
703 416 908 468 auctor
952 417 1169 481 noster,
1220 412 1398 466 iidem
1457 412 1754 467 rationum
1803 412 2119 468 momentis
2149 415 2200 480 Α
2233 426 2300 466 ca
2329 409 2656 470 meridiem.
2683 409 2878 479 horas,
2911 407 3168 480 conspici
3215 407 3302 465 sol
3334 411 3528 481 possit.
3575 415 3720 479 Quod
3746 420 3822 491 ip-

480 500 1007 571 contraEpicureos
1028 501 1394 555 demonstrat
1417 500 1704 556 mundum
1727 500 1924 556 divina
1944 501 2128 572 provi-

482 588 678 644 dentia
708 589 1135 644 administrari.
1321 575 1326 582 ’

552 684 658 739 llle
686 701 840 753 vero,
873 702 938 740 ac
968 691 1103 756 poet
1146 701 1281 740 eum
1334 685 1624 742 Minucius
1662 686 1770 742 hoc
1816 689 1885 741 de
1933 686 2128 741 divina

483 772 851 828 Providentia
901 774 1343 839 documentum,
1419 774 1588 829 obvia
1633 774 1873 830 cuilibet
1917 775 2128 829 domus

482 861 919 933 comparatione
947 861 1155 917 asserit
1183 867 1240 917 et
1268 861 1542 918 illustrat.
1575 865 1652 918 Ac
1682 863 1974 918 Minucius
2005 861 2129 934 qui-

483 949 618 1005 dem
647 953 846 1006 noster
877 965 890 1005 :
921 971 950 1000 ‹‹
982 951 1144 1014 Quod
1196 950 1267 1014 si,
1318 972 1348 1000 »
1379 950 1596 1022 inquit,
1627 973 1656 1001 «
1689 951 1991 1022 ingressus
2021 949 2126 1006 ali-

483 1052 660 1109 quam
692 1037 953 1108 domum,
988 1039 1187 1094 omnia
1213 1037 1467 1105 exculta,
1488 1038 1791 1111 disposita,
1821 1043 2025 1095 ornata
2042 1039 2125 1094 vi-

481 1125 690 1194 disses,
716 1128 915 1198 utique
935 1141 1182 1198 praeesse
1211 1126 1262 1182 ei
1294 1127 1556 1182 crederes
1586 1127 1914 1194 dominum,
1932 1131 1990 1183 et
2008 1127 2128 1184 illis

479 1214 652 1270 bonis
699 1215 1049 1271 rebusveese
1098 1214 1395 1270 meliorem
1448 1232 1462 1270 :
1513 1214 1595 1271 ita
1651 1215 1711 1271 in
1762 1215 1871 1271 hac
1918 1215 2126 1271 mundi

479 1302 674 1369 domo,
707 1318 837 1357 cum
868 1302 1078 1358 omium
1109 1306 1442 1374 terramque
1473 1302 2127 1375 proepicias,providen-

478 1389 646 1457 tiam,
677 1389 963 1461 ordinem,
994 1389 1180 1461 legem
1205 1408 1218 1458 ;
1251 1393 1422 1446 crede
1450 1407 1579 1447 esse
1607 1393 2004 1448 universitatis
2028 1393 2128 1449 do-

479 1478 1324 1550 minum,parentemque,ipsis
1351 1479 1728 1547 sideribus,et
1751 1481 1930 1536 totius
1954 1497 2124 1536 mun-

478 1566 537 1622 di
570 1567 833 1637 partibus
865 1566 1314 1637 pulchriorem.»
1343 1569 1528 1623 Antea
1557 1584 1688 1622 vero
1718 1567 1926 1623 Orator
1954 1586 1968 1624 :
1999 1591 2027 1618 «
2052 1569 2125 1624 Ut

476 1654 526 1710 si
559 1655 691 1725 quis
721 1655 779 1709 in
809 1655 1049 1710 domum
1082 1654 1366 1727 aliquam,
1398 1661 1498 1710 aut
1526 1656 1584 1710 in
1617 1658 2124 1728 gymnasium,aut

475 1743 535 1798 in
560 1744 748 1798 forum
773 1743 1012 1810 venerit,
1039 1760 1174 1798 cum
1207 1744 1394 1799 videat
1416 1745 1682 1799 omnium
1715 1761 1912 1800 rerum
1945 1747 2121 1801 ratio-
2153 1777 2199 1841 Β

473 1848 627 1899 nem,
649 1833 911 1898 modum,
935 1831 1454 1903 disciplinam,non
1479 1833 1666 1904 possit
1695 1850 1764 1888 ea
1795 1833 1922 1888 sine
1943 1851 2122 1891 causa

471 1919 616 1987 fieri,
642 1919 929 1990 judicare,
959 1921 1060 1975 sed
1092 1936 1220 1975 esse
1251 1919 1506 1991 aliquem
1538 1919 1954 1992 intelligat,qui
1979 1939 2122 1994 prae-

471 2006 568 2074 sit,
593 2011 650 2062 et
668 2007 762 2062 cui
792 2012 1100 2080 pareatur;
1136 2006 1320 2063 multo
1343 2007 1532 2078 magis
1553 2007 1612 2062 in
1635 2009 1814 2063 tantis
1838 2009 2118 2079 motibus,

470 2096 770 2167 tantisque
825 2095 1350 2162 vicissitudinibus,
1382 2100 1502 2151 tam
1547 2095 1866 2152 multarum
1899 2114 2113 2166 rerum,

469 2188 644 2255 atque
672 2189 968 2240 tantarum
1004 2183 1330 2254 ordinibus,
1351 2184 1411 2239 in
1442 2184 1656 2255 quibus
1687 2185 1831 2240 nihil
1857 2203 2116 2258 unquam

465 2270 756 2329 immensa
783 2277 840 2329 et
867 2273 1097 2328 infinita
1137 2277 1396 2328 vetustas
1446 2273 1691 2329 mentita
1737 2275 1834 2346 sit,
1894 2281 2116 2333 statuat

464 2377 704 2417 necesse
731 2367 820 2417 est
862 2362 934 2417 ab
982 2360 1180 2432 aliqua
1210 2365 1403 2416 mente
1432 2365 1626 2417 tantos
1658 2367 1881 2418 naturae
1915 2369 2112 2422 motus

463 2450 798 2520 gubernari.
826 2472 853 2501 »
883 2451 1048 2522 (Cic.,
1084 2449 1165 2505 lib
1197 2465 1234 2505 ιι
1281 2451 1348 2506 de
1371 2451 1566 2506 Natur.
1600 2456 1786 2520 Dear.,
1819 2470 1952 2525 pag.
1983 2454 2111 2528 216,

462 2537 566 2594 lin.
597 2539 632 2593 3
660 2544 718 2595 et
749 2539 896 2610 seq.)

536 2635 734 2708 Neque
761 2651 956 2692 rerum
984 2637 1394 2692 tantummodo
1427 2635 1814 2708 universitati,
1848 2656 1964 2710 qua
1994 2657 2115 2697 om-

465 2723 562 2780 nia
593 2725 1093 2792 continentur,sed
1119 2724 1370 2798 singulis
1399 2725 1575 2780 etiam
1609 2727 1814 2782 mundi
1848 2729 2114 2799 partibus

462 2812 617 2869 Deus
668 2814 1029 2886 providentia
1075 2830 1184 2869 sua
1231 2814 1501 2870 consulit.
1553 2815 1664 2870 Sed
1697 2815 2029 2888 audiamus,
2063 2817 2112 2874 si

459 2901 645 2971 lubet,
678 2902 1001 2958 Minucium
1057 2903 1116 2958 id
1172 2902 1527 2974 quibusdam
1569 2919 1801 2975 quoque
1830 2906 2112 2977 exemplis

465 2990 968 3047 demonstrantem
1002 3007 1016 3045 :
1053 3012 1080 3042 «
1114 2991 1435 3057 Britannia,
1465 3014 1492 3040 »ι
1516 2991 1727 3063 inquit,
1759 3015 1786 3042 ‹‹
1820 2993 1939 3049 sole
1969 2994 2111 3050 deli-

469 3079 643 3150 citur,
679 3083 780 3136 sed
813 3079 1274 3136 circumﬂuentis
1324 3082 1503 3135 maris
1551 3084 1750 3153 tepore
1797 3088 2108 3139 recreatur.

464 3169 692 3242 [Egypti
724 3169 1045 3225 siccitatem
1075 3173 1362 3240 temperat
1390 3168 1576 3224 Nilus.
1609 3169 1754 3225 Colit
1784 3171 2105 3243 Euphrates

461 3257 962 3330 Mesopotamiam.
992 3257 1172 3312 Indus
1203 3261 1261 3312 et
1287 3272 1478 3313 serere
1493 3257 1784 3313 Orientem
1818 3259 2034 3315 dicitur
2047 3265 2107 3317 et

459 3345 720 3418 irrigare.
749 3371 770 3400 ι
800 3348 946 3402 447
974 3347 1037 3402 ln
1069 3345 1467 3417 manuscripto
1498 3351 1692 3402 autem
1720 3347 1877 3419 regio
1909 3349 2104 3406 codice

460 3441 593 3508 post
621 3452 816 3491 vocem
851 3457 876 3488 α
913 3434 1078 3493 Nilus
1112 3457 1140 3485 ››
1187 3435 1308 3490 haec
1339 3434 1614 3507 leguntur
1647 3453 1659 3491 :
1697 3459 1724 3486 (ι
1757 3437 1960 3492 Amnis
1991 3439 2103 3494 Eu-

458 3524 697 3596 phrates
731 3523 1212 3595 Mesopotomiam
1235 3539 1337 3594 pro
1368 3522 1631 3579 imbibus
1661 3529 1888 3594 pensat.
1920 3544 1943 3573 ι
1964 3525 2103 3589 Quae

455 3613 691 3684 quidem
725 3628 832 3668 cur
868 3613 926 3667 in
970 3612 1166 3668 editie-
1191 3615 1415 3668 mutata
1464 3611 1602 3681 sint,
1637 3613 1806 3670 nobis
1835 3620 1988 3670 certe
2017 3615 2104 3671 in-

455 3705 818 3772 compertum
851 3706 962 3757 eet.

524 3802 596 3854 At
625 3798 770 3854 nulli
811 3797 1150 3854 dubitamus
1193 3796 1317 3852 haec
1359 3801 1626 3870 excerpta
1667 3798 1846 3858 fuisse
1892 3819 1961 3859 ex
2009 3821 2104 3860 se-

453 3889 644 3944 cundo
675 3887 967 3944 Ciceronis
1015 3887 1081 3942 de
1123 3886 1332 3942 Natura
1376 3888 1605 3942 deorum
1655 3886 1826 3960 libro,
1869 3892 1968 3948 ubi
2000 3892 2102 3949 iis-

452 3978 584 4034 dem
607 3975 1144 4049 Nili,Euphratis,et
1174 3975 1297 4030 Indi
1329 3975 1711 4046 exemplis,ad
1736 3979 2099 4049 probandam

449 4081 684 4140 quoque
716 4065 816 4121 Dei
848 4064 1272 4120 Providentiam
1326 4063 1524 4119 utitur.
1581 4065 1964 4141 Transcripta
1993 4087 2096 4126 au-

451 4161 569 4212 tem
603 4173 636 4211 a
665 4154 834 4210 nobis
865 4153 1138 4226 superius
1166 4152 1324 4208 illius
1354 4153 1549 4224 verba,
1581 4152 1675 4210 hic
1708 4161 1967 4227 repetere
1996 4175 2095 4215 su-

441 4260 864 4317 pervacaneum
896 4243 1173 4298 duximus
1217 4242 1380 4313 (Cic.,
1427 4241 1524 4296 lib.
1582 4260 1620 4297 ιι
1651 4243 1716 4299 de
1758 4246 1879 4300 Nat.
1913 4248 2092 4321 Deor.,

443 4351 577 4407 pag.
606 4335 733 4400 234,
766 4332 869 4387 lin.
900 4333 1012 4400 20;
1044 4331 1160 4386 vid.
1197 4347 1326 4402 sup.
1363 4346 1491 4402 cap.
1522 4332 1578 4401 2,
1611 4336 1720 4388 art.
1749 4335 1827 4405 6).

2235 515 2366 554 sum
2401 497 2639 554 Morinis
2671 513 2924 569 quoque,
2952 501 3009 552 et
3037 497 3341 568 Menapiis,
3365 504 3419 554 et
3437 517 3625 558 eorum
3649 505 3826 564 vicinis

2235 584 2540 655 contingit.
2575 605 2604 634 »
2636 586 2880 654 (Strabo,
2915 583 3014 639 lib.
3050 602 3124 652 1v,
3160 584 3375 657 Geogr.,
3407 604 3530 660 pag.
3561 589 3698 662 300.)

2306 681 2484 736 Visne
2512 686 2570 736 et
2599 681 2778 736 alium
2830 682 2938 736 tibi
2992 683 3234 753 proferri
3268 688 3467 739 testem
3489 685 3515 739 ?
3559 687 3623 742 Et
3653 697 3827 760 praesto

2237 775 2325 826 est
2353 770 2611 837 Tacitus,
2639 771 2808 842 cujus
2837 770 2958 825 haec
3007 777 3145 826 sunt
3191 773 3364 827 verba
3396 790 3408 827 :
3449 795 3472 826 ι
3499 774 3703 832 Caelum
3729 795 3831 836 crc-

2237 859 2357 914 bris
2373 859 2664 915 imbribus
2685 877 2752 914 ac
2774 860 3004 914 nebulis
3027 861 3266 928 foedum;
3291 861 3564 932 asperitas
3585 864 3832 937 frigorum

2236 948 2420 1004 abest.
2441 947 2677 1004 Dierum
2709 948 2900 1019 spatia
2929 948 3084 1004 ultra
3111 947 3268 1004 orbis
3291 951 3470 1004 nostri
3495 966 3834 1023 mensuram;

2237 1040 2296 1093 et
2323 1053 2438 1092 nox
2482 1036 2659 1104 clara,
2709 1041 2768 1093 et
2795 1041 3056 1092 extrema
3085 1037 3396 1092 Britanniae
3446 1043 3622 1108 parte,
3651 1040 3837 1110 brevis,

2237 1129 2303 1180 ut
2322 1125 2496 1180 finem
2519 1131 2614 1196 atq
2625 1124 2938 1180 ueinitium
2951 1124 3102 1180 lucis
3121 1125 3328 1196 exiguo
3345 1125 3672 1182 discrimine
3687 1127 3842 1185 inter-

2238 1229 2465 1270 noscas.
2498 1214 2661 1280 Quod
2688 1214 2736 1269 si
2761 1215 2948 1269 nubes
2969 1229 3084 1269 non
3107 1213 3573 1285 ofllciant,aspici
3602 1231 3696 1286 per
3722 1232 3838 1272 ncc-

2235 1306 2352 1356 tem
2388 1301 2528 1358 solis
2559 1301 2866 1374 fulgorem,
2908 1317 3014 1357 nec
3044 1302 3305 1357 occidere
3333 1307 3392 1357 et
3420 1319 3737 1375 exsurgere.
3760 1304 3848 1360 sed

2234 1391 2484 1446 transire
2513 1391 2848 1458 afﬁrmant;
2881 1390 3098 1446 scilicet
3129 1395 3389 1445 extrema
3409 1395 3467 1446 et
3495 1390 3662 1462 plana
3689 1397 3848 1449 terra-

2235 1495 2365 1534 rum
2398 1479 2604 1534 humili
2637 1481 2847 1535 umbra
2876 1495 2992 1535 non
3051 1479 3286 1551 erigunt
3314 1479 3584 1535 tenebras
3609 1479 3851 1552 infraque

2233 1568 2443 1623 caelum
2478 1573 2534 1623 et
2563 1569 2756 1623 sidera
2789 1583 2898 1624 nox
2926 1569 3102 1624 cadit.
3158 1589 3186 1617 ιι
3235 1567 3447 1639 (Tacit.
3479 1569 3538 1623 in
3589 1571 3701 1624 Vita
3725 1571 3853 1626 Julii

2232 1657 2489 1728 Agricol..
2524 1657 2693 1729 longe
2724 1661 2873 1729 post.
2906 1657 3062 1727 init.)

2302 1755 2436 1809 Atei
2461 1759 2737 1826 praeterea
2759 1753 2993 1809 tertium
3018 1753 3250 1808 adhhuc
3270 1757 3544 1809 testetem
3568 1755 3854 1822 desideres,

2233 1843 2401 1898 nobis
2446 1844 2639 1898 adhuc
2671 1842 2728 1897 in
2762 1847 3035 1914 promptu
3086 1846 3176 1897 est
3227 1842 3445 1908 Caesar,
3496 1841 3592 1913 qui
3626 1843 3681 1896 in
3727 1842 3858 1897 hanc

2229 1931 2482 1988 insulam
2518 1931 2838 2002 trajecerat.
2867 1932 2947 1986 De
2977 1930 3077 1986 illa
3099 1931 3394 2002 siquidem
3421 1931 3580 1987 hunc
3601 1931 3792 1986 scribit
3810 1932 3860 1985 in

2230 2021 2470 2076 modum
2507 2043 2573 2077 :«
2607 2021 2753 2076 Loca
2785 2025 2922 2075 sunt
2949 2020 3574 2092 temperatiora,quam
3598 2020 3654 2074 in
3677 2019 3859 2087 Gallia,

2228 2109 2662 2164 remissioribus
2694 2109 3078 2182 frigoribus...
3115 2111 3179 2163 In
3210 2108 3324 2164 hoc
3356 2109 3556 2164 medio
3599 2096 3764 2164 cursu
3792 2113 3868 2164 est

2229 2196 2575 2268 insula,quaa
2590 2197 2919 2270 appellatur
2940 2197 3265 2264 Mona,com
3275 2197 3482 2269 plures
3497 2202 3764 2270 praeterea
3779 2196 3867 2250 mi-

2228 2302 2397 2341 nores
2419 2286 2656 2356 objecta:
2676 2285 2881 2340 insulas
2902 2286 3336 2352 existimantur,
3356 2287 3432 2341 de
3474 2285 3692 2358 quibus
3723 2285 3869 2340 insu-

2226 2373 2300 2430 lis
2333 2374 2596 2430 nonnulli
2628 2374 2991 2446 scripserunt
3017 2375 3144 2430 dies
3163 2375 3492 2430 continuos
3515 2374 3755 2447 triginta
3775 2373 3870 2429 sub

2227 2465 2436 2519 bruma
2466 2467 2694 2519 noctem
2727 2479 2876 2520 esse.
2903 2485 2931 2513 »
2955 2465 3208 2533 (Caesam,
3240 2464 3349 2519 lib.
3371 2480 3433 2519 1v
3465 2464 3532 2519 de
3552 2464 3701 2519 Bello
3727 2462 3872 2532 δαίμ,

2226 2568 2357 2624 pag.
2383 2553 2534 2620 743.)
2564 2554 2669 2609 Sed
2701 2552 2782 2621 hi,
2816 2552 3327 2624 quemadmodum
3364 2551 3873 2620 Herodianus,Ser-

2224 2640 2352 2696 vius
2375 2645 2432 2696 et
2457 2642 2782 2696 Jornandes
2805 2646 2905 2696 aut
2934 2641 3079 2696 falso
3102 2657 3345 2697 rumore
3369 2642 3609 2713 decepti
3641 2641 3876 2705 fuerunt,

2225 2733 2327 2784 aut
2354 2729 2425 2784 de
2456 2729 2679 2786 ultimis
2711 2730 2913 2786 Scotiae
2935 2747 3140 2786 versus
3163 2730 3648 2801 septentrionem
3681 2729 3878 2784 finibus

2223 2817 2560 2889 loquuntur.
2598 2820 2742 2876 Nam
2765 2821 2998 2875 Tacitus
3021 2820 3146 2890 jam
3177 2818 3474 2874 laudatus
3505 2819 3568 2874 in
3600 2815 3880 2874 VitaJulii

2221 2908 2499 2979 Agricolae
2526 2925 2540 2964 :
2567 2930 2595 2960 ‹‹
2619 2909 2764 2976 Mox,
2784 2908 2995 2980 inquit,
3020 2908 3264 2975 clara,et
3287 2913 3566 2964 extrema
3591 2906 3880 2963 Britanniis

2223 3002 2404 3068 parte,
2437 2997 2628 3054 brevis
2657 3016 2670 3066 ;
2713 3001 2778 3052 ut
2806 2999 2983 3053 finem
3015 3003 3188 3068 atque
3220 2997 3478 3053 initium
3512 2996 3664 3052 lucis
3692 2996 3880 3068 exiguo

2223 3086 2562 3142 discrimine
2590 3087 3005 3142 internoscas.»
3034 3087 3409 3157 (Herodian,
3443 3087 3553 3141 lib.
3582 3103 3646 3142 III
3679 3087 3879 3153 Histor.,

2142 3138 2184 3205 (ἓ
2223 3138 2524 3246 ani;
2538 3138 2732 3231 's‘.;.;:
2747 3138 2969 3230 2.7;;
2999 3138 3883 3247 1sese?egena.si;

2214 3262 2523 3330 Jornand.,
2555 3263 2618 3318 de
2647 3265 2759 3319 reb.
2795 3263 2959 3319 Gm'c.
2995 3280 3120 3335 cap.
3151 3264 3234 3334 2.)

2286 3363 2438 3428 Esto,
2473 3360 2625 3416 dicet
2650 3360 2821 3430 alius,
2856 3377 2947 3416 res
2979 3360 3058 3416 ita
3090 3377 3151 3417 ee
3181 3360 3591 3432 habeat,cedo
3624 3359 3880 3431 equidem

2213 3448 2423 3505 Verum
2455 3465 2594 3520 qua,
2626 3449 2873 3520 inquiet,
2925 3448 3218 3505 Minucius
3271 3451 3522 3506 ratione
3565 3451 3887 3506 constanter

2215 3537 2367 3594 448
2396 3537 2653 3592 affirmat
2682 3538 3039 3594 Britanniam
3082 3539 3266 3594 maris
3335 3545 3554 3610 tepore
3605 3535 3882 3594 recreari?

2214 3625 2359 3682 Huic
2379 3627 2573 3698 itaque
2585 3626 2878 3683 Ciceronis
2899 3627 3088 3683 verbis
3106 3629 3654 3700 respondebimus:
3669 3625 3884 3690 «Maria,

2213 3715 2424 3786 inquit,
2459 3713 2678 3787 agitata
2704 3715 2894 3771 ventis
2924 3715 3007 3771 ita
3034 3719 3376 3787 tepescunt,
3415 3723 3486 3772 ut
3515 3715 3766 3788 intelligi
3814 3715 3887 3768 fa-

2211 3803 2320 3860 cile
2351 3805 2536 3876 possit
2559 3803 2617 3859 in
2648 3805 2827 3860 tantis
2873 3803 2989 3860 illis
3021 3804 3392 3861 humoribus
3428 3806 3741 3862 inclusum
3777 3817 3892 3859 esse

2210 3891 2482 3947 calorem.
2513 3889 2628 3947 Nec
2658 3892 2813 3947 enim
2845 3892 2941 3948 ille
2971 3896 3248 3948 externus
3294 3900 3359 3949 et
3391 3894 3769 3950 adventitiue
3798 3892 3888 3946 ba-

2209 3980 2438 4037 bendue
2486 3987 2577 4037 est
2626 3986 2790 4053 tepor
2849 3997 2862 4035 :
2923 3982 3023 4037 sed
3084 3981 3324 4039 intimis
3384 3983 3585 4040 maris
3637 3981 3892 4057 partibus

2207 4071 2524 4143 agitatione
2556 4070 2860 4126 excitatus.
2911 4072 3072 4136 Quod
3121 4072 3362 4129 nostris
3416 4091 3672 4146 quoque
3703 4085 3889 4142 corpo-

2206 4158 2370 4214 ribus
2426 4158 2731 4232 contingit,
2799 4176 2932 4214 cum
2993 4164 3152 4215 motu
3212 4165 3415 4233 atque
3480 4159 3892 4219 exercitatione

2203 4245 2523 4303 calescunt.
2562 4271 2583 4296 ι
2619 4247 2781 4316 (Cic.,
2810 4247 2910 4302 lib.
2945 4265 2987 4303 ιι
3019 4253 3096 4304 De
3124 4250 3334 4305 Nalur.
3369 4252 3578 4322 Deor.,
3612 4268 3745 4324 pag.
3776 4247 3888 4312 217,

2200 4335 2303 4390 lin.
2338 4337 2405 4390 42
2431 4341 2486 4392 et
2518 4338 2660 4408 seq.)
2693 4342 2766 4392 At
2794 4337 3116 4409 generatim
3165 4339 3235 4393 de
3286 4340 3585 4410 quolibet
3637 4338 3788 4396 mari
3814 4335 3889 4391 lo-

516 4435 589 4487 At
645 4446 859 4497 nonne,
891 4427 1141 4499 inquies,
1185 4427 1478 4484 Minucius
1512 4444 1811 4502 perperam
1857 4437 1913 4487 et
1941 4450 2092 4504 prm-
2126 4503 2139 4504 ί
2201 4425 2422 4496 quitur.
2453 4425 2601 4489 Quid
2633 4441 2768 4497 ergo
2800 4426 3040 4495 mirum,
3073 4427 3122 4481 si
3172 4426 3506 4485 Britannia
3537 4435 3748 4502 tepore
3779 4442 3894 4481 ma-

439 4525 691 4592 poetere,
718 4519 906 4592 primo
937 4535 1039 4590 pro
1069 4516 1332 4588 exemplo
1364 4517 1726 4574 Britanniam
1760 4503 2091 4591 pr0posuit?
2123 4503 2167 4568 Ι)
2200 4514 2301 4583 ris,
2339 4513 2596 4584 undique
2625 4530 2753 4569 eam
2786 4513 3456 4581 circumdantis,calore
3480 4513 3893 4591 tepescat?Sed

438 4609 742 4666 Undenam
775 4608 931 4664 enim
964 4606 1061 4662 ille
1104 4607 1325 4678 accepit
1356 4604 1515 4661 illam
1551 4606 1672 4662 sole
1701 4608 1918 4664 deﬁci?
1974 4611 2086 4667 Sed

434 4699 550 4765 dic,
575 4713 991 4768 quaeso,nonne
1021 4695 1195 4750 etiam
1225 4695 1431 4749 Strabo
1463 4695 1735 4751 similiter
1765 4698 1835 4752 de
1865 4698 2084 4754 Britan-

434 4787 528 4842 nis
586 4786 707 4842 haec
764 4786 980 4856 scripto
1033 4783 1318 4840 tradidit:
1380 4776 1690 4856 Ἐπομϐροι
1743 4780 1788 4837 δ’
1847 4785 1976 4840 εἷ’σὶν
2028 4787 2082 4842 oi

429 4871 584 4950 ἀὲρες
650 4871 860 4946 μᾶλλον
919 4873 957 4941 ἧ
1011 4867 1346 4948 νιφετώδεις.
1415 4870 1499 4922 Ἐν
1559 4867 1616 4924 δὲ
1669 4876 1787 4933 ταῖς
1850 4873 2082 4950 αἰθρίαις

427 4961 645 5038 ὀμίχλη
678 4962 896 5037 κατὲγει
927 4957 1101 5014 πολὺν
1130 4957 1351 5034 χρόνονο
1387 4956 1525 5011 ὣστε
1557 4954 1626 5012 δι’
1655 4959 1863 5034 ἡμέρας
1917 4961 2077 5032 ὅλης,

425 5050 512 5106 ἐπὶ
541 5056 685 5124 τρεῖς
722 5049 885 5122 μόνον
943 5048 979 5117 ἢ
1036 5048 1292 5119 τέτταρας
1351 5043 1496 5120 ὧρας
1552 5045 1646 5107 τὰς
1694 5047 1817 5122 περὶ
1847 5050 1944 5116 τὴν
1979 5071 2076 5122 με-

422 5135 718 5217 σημϐρίαν,
775 5139 964 5215 ὁρᾰθαι
1018 5136 1108 5190 τὸν
1163 5133 1350 5203 ἥλιον
1380 5138 1542 5188 τοῦτο
1574 5131 1632 5189 δὲ
1685 5136 1781 5189 κᾶν
1812 5142 1928 5199 τοῖς
1960 5145 2074 5195 Μο.

423 5235 595 5305 ρινοῖς
627 5223 931 5301 συμϐαίνει,
963 5225 1194 5285 καὶτοῖς
1228 5221 1549 5291 Mevaniam,
1580 5223 1672 5277 καὶ
1717 5223 1834 5279 ὅσοι
1865 5231 2070 5283 τοῦτων

415 5317 830 5392 πλησίοχωροι.
865 5339 895 5368 ‹‹
927 5320 1038 5371 Αθι·
1066 5315 1222 5386 apud
1267 5328 1367 5368 eos
1397 5313 1689 5368 imbribus
1739 5315 1928 5389 magis
1959 5323 2069 5387 est,

417 5424 598 5480 quam
641 5406 874 5461 nivibus
923 5403 1210 5460 obnoxius
1257 5418 1271 5458 :
1324 5418 1390 5457 ac
1437 5417 1642 5458 sereno
1701 5405 1878 5462 etiam
1926 5409 2068 5465 cmlo

408 5498 602 5566 caligo
633 5493 902 5565 quaedam
953 5492 1206 5549 multum
1247 5489 1530 5562 temporis
1573 5491 1818 5564 obtinet,
1871 5495 1956 5551 ita
2001 5502 2068 5552 ut

406 5599 529 5647 uno
559 5582 653 5640 die
685 5597 800 5638 non
831 5580 985 5640 ultra
1011 5587 1134 5642 tres
1176 5585 1279 5639 aut
1313 5585 1584 5652 quatuor,
1619 5597 1750 5653 quae
1781 5589 1924 5641 sunt
1949 5585 2090 5642 cir--

2198 4602 2411 4657 melius
2441 4602 2680 4660 forsitan
2715 4602 2956 4658 dixisset
2985 4603 3142 4658 hunc
3185 4608 3480 4676 teporem
3538 4624 3665 4663 non
3719 4623 3785 4661 ex
3817 4605 3894 4658 in-

2194 4689 2356 4746 cluso
2387 4692 2446 4745 in
2479 4691 2626 4746 mari
2673 4690 2886 4758 calore,
2919 4692 3017 4746 sed
3054 4708 3123 4746 ex
3151 4691 3328 4748 illius
3362 4700 3624 4750 tantum
3668 4691 3894 4768 agitatis

2193 4779 2366 4836 salsis
2394 4780 2683 4852 partibus,
2713 4781 2960 4851 ejusque
2992 4780 3320 4849 vaporibus
3367 4785 3656 4841 excitari.

2263 4881 2340 4931 De
2359 4875 2550 4932 tribue
2573 4880 2767 4932 autem
2793 4875 3127 4932 memoratis
3149 4877 3491 4937 aMunicio
3516 4881 3892 4943 ﬂuminibus,

2189 4963 2237 5019 si
2271 4964 2538 5031 aliorum,
2565 4969 2773 5036 praeter
2793 4965 3151 5034 Ciceronem,
3177 4966 3590 5040 Scriptorum
3630 4972 3895 5028 testimo-

2188 5053 2284 5108 nia
2312 5053 2564 5125 petieris,
2599 5053 2784 5110 multa
2813 5054 2918 5109 tibi
2953 5055 3066 5110 cito
3101 5056 3532 5126 proferentur.
3573 5061 3731 5116 Nam
3782 5056 3892 5130 pri-

2187 5157 2281 5198 mo
2312 5142 2569 5214 quidem,
2619 5143 2908 5198 Diodorus
2957 5143 3190 5199 Siculus
3224 5144 3608 5207 luculenter
3640 5147 3898 5207 ostendit

2185 5247 2300 5286 non
2347 5230 2539 5287 solum
2593 5232 2888 5303 quomodo
2938 5232 3105 5288 Nilus
3133 5233 3385 5307 {Egypti
3427 5239 3805 5302 siccitatem,
3837 5240 3898 5290 ut

2181 5319 2261 5374 ait
2287 5319 2596 5384 Minucius,
2630 5325 2935 5393 temperet,
2954 5338 3156 5377 verum
3183 5324 3388 5382 etiam
3423 5329 3750 5400 quomodo
3773 5340 3896 5383 eam

2177 5408 2486 5464 fecundam
2534 5409 2896 5481 fertilemque
2942 5411 3163 5466 reddat.
3214 5415 3448 5471 Graeca
3509 5423 3724 5474 autem
3770 5417 3893 5487 ejus

2175 5499 2369 5566 verba,
2401 5498 2540 5569 quia
2565 5498 2831 5571 longiora
2861 5505 3020 5569 sunt,
3052 5499 3236 5555 latino
3271 5506 3537 5563 tantum
3577 5524 3652 5564 ex
3710 5506 3894 5563 inter-

2173 5588 2333 5657 prete
2361 5586 2676 5646 reddemus
2707 5604 2723 5645 :
2754 5609 2785 5640 α
2810 5587 3139 5647 Exundatio
3184 5589 3366 5664 ejus,
3424 5617 3460 5647 »
3498 5596 3737 5668 inquit,
3799 5623 3829 5648 υ
3862 5608 3898 5649 a
