3942 6162
251 327 328 389 461

1598 313 2136 377 DISSEBTATIO.

3426 323 3544 382 462

242 454 427 517 solstitio
449 450 718 525 incipiens
755 449 973 520 aestivo,
1023 449 1097 507 ad
1153 447 1561 521 aequinoctium
1613 463 1794 518 usque
1822 456 1875 520 Α
1905 446 1978 503 iis
2007 446 2297 503 imbribus
2324 446 2510 503 linum
2550 451 2663 504 seri
2694 451 2753 504 et
2799 448 3053 519 milium,
3101 453 3160 507 et
3214 468 3536 522 sesamum,

240 542 501 604 autumnale
528 545 790 614 augetur.
820 540 1058 596 Interim
1085 555 1299 596 novum
1317 537 1567 595 subinde
1583 535 1793 592 limum

239 636 507 705 importans,
539 634 659 684 tam
690 630 899 701 ignava
925 644 1103 700 quam
1144 627 1418 698 trugibus
1465 632 1524 683 et
1580 623 1797 697 plantis

240 721 354 778 culta
375 718 494 785 sola,
526 715 1796 789 quandiuvelintagricolm,humectat.Aquas

238 809 354 865 enim
378 806 560 862 leniter
618 806 957 862 accedentes
1012 804 1260 861 modicis
1291 804 1458 861 facile
1487 800 1798 877 aggeribus

237 900 464 961 avertunt,
494 892 680 965 iisque
709 893 949 965 apertis,
982 893 1033 950 si
1081 909 1150 949 ex
1181 910 1293 949 usu
1342 892 1627 959 videatur,
1677 904 1797 946 non

232 1000 395 1056 magno
420 981 603 1038 labore
643 981 857 1038 iterum
898 982 1219 1048 inducunt;
1270 984 1530 1054 adeoque
1568 982 1796 1035 tantum

230 1071 467 1127 laboribus
492 1070 842 1142 compendii,
873 1074 930 1126 et
959 1070 1299 1126 hominibus
1321 1067 1699 1126 emolumenti
1723 1065 1802 1122 af-

228 1160 309 1214 fert
334 1163 405 1225 ,ut
428 1174 553 1229 pars
583 1158 935 1213 rusticorum
966 1158 1222 1214 maxima
1248 1158 1573 1214 seminibus
1605 1155 1666 1210 in
1705 1168 1802 1208 ex-

227 1246 421 1302 siccatos
445 1244 664 1301 telluris
707 1262 877 1318 agros
905 1246 1204 1317 conjectis,
1237 1262 1445 1318 pecora
1473 1246 1545 1301 ad
1567 1240 1802 1300 concul-

227 1334 427 1392 candum
464 1333 760 1403 inducant,
799 1338 857 1389 et
903 1340 1035 1406 post
1080 1340 1333 1406 quatuor
1386 1338 1489 1390 aut
1545 1332 1805 1404 quinque

227 1436 409 1477 menses
435 1419 501 1474 ad
528 1420 940 1475 demetendum
971 1425 1354 1477 revertantur.
1379 1418 1806 1493 Aliquilevibus

226 1508 388 1567 aratris
409 1523 636 1564 summo
672 1512 839 1564 terrae
887 1507 1079 1579 dorso,
1129 1512 1263 1581 post
1313 1507 1806 1564 humectationem

226 1597 370 1654 obiter
391 1595 698 1668 proscisso,
728 1595 993 1669 ingentes
1026 1596 1263 1668 frugum
1310 1612 1543 1653 acervos
1588 1596 1809 1668 absque

226 1684 407 1758 magnis
433 1683 767 1756 impendiis,
794 1690 850 1741 et
876 1684 1144 1741 laborum
1190 1686 1468 1742 erumnis
1518 1685 1653 1740 inde
1695 1682 1810 1739 tol-

1906 534 2122 591 orizam
2151 539 2208 590 et
2234 534 2575 592 bosmorum
2601 554 2614 604 ;
2646 536 2888 593 hiberno
2920 542 3118 595 autem
3140 543 3400 612 tempore
3429 541 3545 597 scri

1905 622 2187 691 triticum,
2218 623 2523 695 hordeum,
2558 624 2876 697 legumina,
2896 632 2956 682 et
2970 628 3114 685 alias
3151 629 3345 702 fruges
3377 646 3550 686 escu-

1904 710 2116 779 lentas,
2174 729 2428 784 quarum
2467 730 2573 769 nos
2624 719 2904 786 expertes.
2938 736 2968 765 »
3025 717 3272 789 (Strabo,
3332 718 3433 774 lib.
3476 735 3544 774 xv

1907 800 2228 873 Geograph.,
2279 818 2412 875 pag.
2424 802 2570 871 690).
3542 864 3551 869 κ

1975 889 2225 945 Videsne
2255 906 2434 962 quam
2465 895 2617 946 recte
2647 890 2939 947 Minucius
2994 910 3064 949 ex
3116 893 3209 949 his
3264 895 3540 952 omnibus

1909 976 2220 1033 concludat
2248 978 2444 1034 omnia
2480 986 2535 1033 et
2565 977 2800 1051 singula
2832 980 2925 1035 Dei
2958 981 3323 1038 Providentia
3351 983 3545 1038 admi-

1908 1065 2168 1122 nistrari.
2197 1068 2405 1122 Terras
2434 1067 2729 1124 enimvero
2776 1073 2988 1125 natura
3044 1087 3154 1127 sua
3211 1072 3461 1141 steriles,
3491 1074 3549 1129 et

1907 1153 2050 1211 solis
2079 1153 2284 1209 ardore
2310 1157 2515 1223 tostas,
2549 1172 2652 1211 nec
2696 1156 2984 1213 imbribus
3030 1159 3405 1228 madefactas,
3440 1159 3545 1216 ho-

1909 1258 2043 1298 rum
2089 1242 2398 1299 ﬂuminum
2456 1243 2943 1301 inundationibus
3018 1246 3294 1304 fecundas
3349 1248 3546 1306 efficit.

1912 1331 2126 1386 Eodem
2158 1330 2329 1403 plane
2376 1332 2545 1387 modo
2598 1333 2759 1403 prius
2808 1335 3146 1391 ostenderat
3193 1335 3301 1392 hac
3353 1336 3550 1393 divina

1914 1416 2293 1489 providentia,
2325 1416 2575 1473 aliarum
2611 1419 2817 1474 mundi
2863 1422 3117 1491 partium
3150 1423 3489 1481 fecunditati
3520 1440 3556 1482 a

1914 1508 2068 1562 stata
2097 1508 2350 1576 quatuor
2378 1506 2517 1561 anni
2548 1510 2963 1579 tempestatum
2998 1510 3399 1568 vicissitudine
3442 1512 3555 1569 mi-

1917 1609 2049 1648 rum
2071 1592 2241 1664 plane
2275 1593 2335 1649 in
2384 1594 2625 1650 modum
2685 1596 2864 1652 fuisse
2916 1598 3289 1655 consultum:
3323 1622 3352 1651 ‹‹
3421 1601 3556 1658 Jam

1919 1680 2293 1751 providentia;
2324 1686 2575 1753 quantas,
2606 1683 2822 1755 inquit,
2852 1700 2925 1740 ne
2955 1684 3145 1743 hiems
3192 1687 3317 1744 sola
3371 1688 3559 1761 glacie

222 1773 335 1829 lnnt.
362 1795 387 1823 »
413 1772 693 1843 (Diodor.,
724 1771 826 1827 lib.
860 1790 879 1828 1
910 1774 1190 1841 Biblioth.,
1224 1790 1356 1847 pag.
1388 1774 1503 1845 22.)
1559 1772 1812 1828 Sanctus
1845 1818 1890 1847 η
1921 1772 2133 1839 ureret,
2156 1773 2259 1824 aut
2289 1769 2413 1825 sola
2443 1775 2614 1826 testas
2652 1773 2855 1827 ardore
2910 1776 3153 1830 torreret
3204 1777 3470 1832 antumni
3501 1780 3561 1834 et

1845 1818 1893 1884 B

224 1860 901 1934 quoqueAmbrosius,non
918 1863 1113 1919 minus
1135 1860 1489 1917 luculenter:
1518 1882 1547 1910 ‹‹
1566 1859 1814 1924 Verno,»
1845 1856 1893 1884 ”
1920 1856 2072 1913 veris
2103 1856 2355 1913 inserere
2386 1858 2643 1914 medium
2675 1863 3238 1932 temperamentum;
3273 1870 3337 1920 ut
3357 1881 3460 1938 per
3473 1882 3568 1923 ve-

220 1950 389 2020 inquit,
422 1970 450 2000 «
475 1950 638 2021 apud
686 1949 981 2021 {Egyptios
1026 1954 1283 2021 tempore
1326 1949 1490 2005 Nilus
1539 1948 1814 2014 exundat,

224 2040 269 2091 ut
285 2035 547 2107 jaciendis
579 2036 907 2092 seminibus
936 2041 1089 2092 terra
1125 2036 1446 2105 mollescat,
1479 2042 1537 2092 et
1556 2033 1818 2091 blandio-

220 2140 265 2180 re
288 2124 425 2195 sinu,
454 2128 509 2180 et
539 2123 916 2181 clementiore
939 2125 1161 2198 gremio
1193 2126 1421 2181 semina
1450 2124 1632 2181 missa
1679 2139 1814 2179 sus-

221 2209 482 2283 cipiantur.
518 2234 549 2261 ››
573 2211 868 2281 Ambros.,
899 2213 1000 2268 lib.
1031 2211 1098 2269 de
1122 2213 1235 2269 Noe
1261 2215 1311 2269 et
1336 2229 1492 2279 arca,
1525 2228 1653 2284 cap.
1689 2210 1817 2279 14,§
1926 2262 1940 2278 ,
2009 2264 2022 2278 ,

219 2300 286 2355 48.
312 2314 429 2372 pag.
456 2299 618 2371 247.)
648 2301 753 2367 Qui
786 2300 961 2356 Plura
988 2300 1427 2369 voluerit,adeat
1446 2300 1813 2366 Strabonem,

222 2387 411 2456 lelam,
442 2387 729 2455 Plinium,
771 2387 1059 2457 Solinum,
1091 2392 1149 2444 et
1204 2387 1369 2445 alios.
1402 2388 1617 2460 (Strab.
1648 2387 1750 2443 lib.
1780 2403 1817 2443 v

214 2474 512 2549 Geograph..,
544 2492 684 2549 pag.
724 2477 850 2543 694,
899 2481 958 2532 et
985 2477 1087 2533 lib.
1110 2493 1209 2544 vn,
1262 2493 1395 2550 pag.
1442 2477 1587 2533 788:
1645 2473 1812 2543 Mela,

208 2562 287 2621 lib.
316 2582 332 2619 1
358 2564 419 2620 de
444 2566 573 2621 Situ
605 2565 744 2634 orb,,
770 2581 896 2637 cap.
926 2565 998 2633 9;
1032 2564 1347 2636 Plin.,lib.-
1380 2567 1813 2635 Histor.natur.,

208 2667 306 2723 cap.
331 2654 381 2722 9,
409 2670 539 2726 pag.
573 2654 705 2725 357,
732 2656 788 2710 et
818 2653 919 2710 lib.
970 2670 1127 2725 xvm,
1180 2670 1305 2726 cap.
1362 2655 1415 2719 8,
1475 2670 1607 2726 pag.
1666 2654 1811 2723 49ος

203 2738 356 2809 Solin,
386 2758 509 2814 cap.
543 2742 665 2813 32.)

263 2846 541 2904 Testatum
577 2848 761 2903 iidem
792 2851 1060 2905 auctores
1090 2848 1311 2905 faciunt
1334 2848 1487 2905 sicut
1503 2849 1812 2921 Egyptum

204 2932 324 3001 Nilo,
352 2937 429 2992 ita
463 2935 975 3007 Mesopotamiam,
1026 2938 1319 3008 quomodo
1366 2936 1448 2992 ait
1500 2936 1811 3005 Minucius,

207 3021 473 3094 Euphrate,
508 3025 827 3082 fecundam
850 3024 993 3080 ﬁeri.
1027 3024 1107 3081 De
1137 3025 1248 3081 hoc
1268 3025 1559 3081 enimvero
1573 3024 1815 3080 ﬂumine

205 3110 392 3169 Plinius
418 3114 543 3170 haec
579 3116 814 3172 narrat:
852 3135 873 3162 α
909 3113 1179 3170 Increscit
1207 3117 1266 3170 et
1296 3114 1421 3186 ipse
1467 3113 1583 3169 Nili
1640 3114 1811 3170 modo

205 3201 340 3256 statis
386 3203 601 3258 diebus
643 3201 883 3272 paulum
913 3201 1209 3270 diﬂerens,
1241 3219 1307 3258 ac
1339 3201 1816 3274 Mesopotamiam

200 3284 436 3360 inundat,
470 3289 603 3346 sole
630 3290 931 3345 obtinente
956 3289 1295 3346 vicesimam
1327 3295 1549 3361 partem
1587 3290 1814 3346 Cancri.

202 3374 351 3431 Minui
378 3379 590 3450 incipit
621 3379 680 3432 in
706 3376 964 3450 Virgine,
998 3379 1181 3434 Leone
1209 3384 1595 3451 transgresso.
1630 3380 1692 3434 In
1724 3384 1816 3434 to-

198 3465 298 3519 tum
326 3482 452 3522 vero
486 3472 719 3521 remeat
756 3466 815 3520 in
848 3464 1125 3522 vicesima
1145 3482 1300 3522 nona
1319 3471 1483 3538 parte
1499 3467 1816 3539 Virginis.»

198 3549 338 3618 (Plin.
369 3553 469 3610 lib.
501 3571 535 3609 v
567 3554 770 3609 Natur.
795 3555 925 3609 hist.
956 3570 1083 3626 cap.
1132 3556 1223 3623 27,
1275 3571 1409 3626 pag.
1453 3555 1607 3625 584.)
1664 3554 1817 3611 Soli-

196 3653 284 3694 nus
310 3657 455 3713 vero,
484 3642 669 3697 Plinii
701 3647 1004 3713 sequester
1042 3647 1103 3697 et
1149 3643 1444 3698 imitator:
1479 3665 1507 3693 ι(
1560 3644 1818 3715 Mesopo-

197 3728 426 3797 tamiam,
453 3753 483 3781 »
516 3730 774 3802 inquit,»
790 3732 942 3787 449
956 3730 1591 3802 opimatinundaticnis
1610 3748 1818 3787 annum

201 3818 521 3888 excessibus,
555 3820 636 3875 ad
667 3818 855 3874 instar
880 3819 1129 3891 IEgyptii
1161 3819 1436 3890 amnis,id
1460 3825 1548 3876 est
1572 3820 1821 3884 Nili,ter-

202 3920 277 3961 ras
297 3908 865 3981 contegens,invecta
894 3907 1607 3975 solifecunditate,iisdem
1641 3909 1820 3964 ferme

204 3996 556 4068 temporibus,
596 3996 813 4069 quibus
842 3995 1029 4051 Nilus.
1062 4015 1092 4047 υ
1122 3995 1352 4066 (Solin.,
1388 4012 1514 4067 cap.
1560 3997 1675 4064 38.)
1723 3997 1818 4051 Vi-

208 4082 334 4138 desis
376 4084 754 4151 Strabonem,
802 4084 1137 4153 Arrianum,
1188 4083 1470 4148 Quintum
1536 4083 1819 4153 Curtium,

208 4176 355 4242 atque
383 4172 530 4230 alios
560 4172 952 4246 geographos.
985 4172 1200 4243 (Strab.
1237 4172 1336 4227 lib.
1374 4186 1466 4228 xvi
1503 4172 1821 4244 Geograph.,

206 4273 313 4331 pag.
338 4261 475 4329 740;
506 4262 715 4318 Arian.
747 4260 850 4316 lib.
882 4278 961 4318 vn
991 4260 1058 4316 de
1081 4260 1333 4333 Expedit.
1361 4260 1653 4330 Alexand.,
1688 4276 1821 4334 pag.

208 4346 360 4404 453et
384 4351 527 4419 489;
562 4351 634 4419 Ο,
667 4353 850 4419 Curt.,
883 4349 984 4417 lib,
1016 4366 1072 4417 v,
1102 4349 1277 4421 paulo
1306 4354 1518 4422 potest.
1562 4349 1719 4423 init.)

270 4452 413 4512 Porro
438 4465 649 4513 autem
681 4460 993 4527 postquam
1025 4454 1180 4511 idem
1211 4456 1419 4512 Strabo
1460 4457 1724 4527 quaedam
1755 4458 1828 4513 de

214 4537 387 4613 ﬂuviis,
410 4545 513 4617 qui
547 4546 618 4600 in
640 4544 899 4616 Gangem
930 4549 987 4600 et
1017 4544 1225 4599 Indum
1255 4544 1530 4615 inﬂuunt,
1551 4545 1825 4617 praafatus
1858 4536 1904 4601 Ι)

206 4633 297 4695 est,
320 4628 429 4688 haec
458 4650 605 4705 quae
633 4633 705 4688 de
738 4632 881 4687 Indo
932 4631 1245 4697 Minucius,
1300 4631 1508 4689 litteris
1560 4633 1834 4705 prodidit,

206 4715 618 4778 Erastosthenis
666 4721 1012 4778 auctoritate
1064 4722 1408 4777 confirmat:
1465 4720 1558 4775 Ἐκ
1625 4719 1683 4775 δὲ
1737 4723 1836 4790 τῆς

203 4801 596 4881 ἀναθυμιάσεως
652 4812 760 4863 τῶν
810 4805 1084 4862 τοσούτων
1134 4811 1419 4880 ποταμῶν,
1477 4807 1568 4863 καὶ
1615 4807 1674 4863 ἐκ
1725 4811 1833 4863 τῶν

206 4888 396 4951 tractim
444 4898 523 4961 ὡς
574 4897 965 4974 Ἐρατοσθένης
1015 4896 1169 4975 φησὶ,
1223 4895 1476 4973 βρέχεται
1534 4902 1655 4959 τοῖς
1699 4899 1839 4972 θερι-

206 4986 303 5046 νοῖς
348 4979 586 5060 ὄμϐροις
633 4988 669 5055 ἡ
730 4983 926 5054 Ἰνδικὴ
957 4985 1047 5040 καὶ
1073 4985 1321 5059 λιμνάζει
1351 4986 1419 5041 τὰ
1445 4983 1619 5041 πεδία⁸
1655 4986 1705 5041 ἐν
1742 4986 1837 5060 μὶν

208 5067 285 5124 οὖν
326 5075 544 5138 τούτοις
598 5080 714 5137 τοῖς
762 5070 993 5150 ὄμϐροις
1040 5072 1213 5147 λίνον,
1265 5072 1563 5150 σπείρεται,
1594 5074 1683 5130 καὶ
1714 5072 1841 5150 κιγ-

206 5176 342 5234 χροψ
388 5165 533 5241 πρὸς
581 5162 797 5227 τούτοις
835 5164 1109 5237 σησάμην,
1155 5161 1340 5239 ἔρυξα,
1391 5164 1687 5239 βοσμόρον.
1717 5168 1843 5226 Τοῖς

205 5258 498 5327 χιμερινοῖς
570 5250 631 5308 δὲ
681 5258 894 5328 καιροῖς
970 5252 1155 5329 πυροὶ,
1213 5253 1417 5326 κριθαὶ,
1475 5252 1693 5328 ὄσπρια,
1750 5252 1841 5308 καὶ

207 5332 349 5393 ἄλλοι
396 5340 607 5415 καρποὶ
663 5338 949 5416 ἰδώδιμοι,
1010 5342 1084 5397 ὧν
1143 5343 1305 5415 ἡμεῖς
1345 5338 1579 5417 ἄπειροι.
1617 5366 1646 5394 ‹‹
1707 5344 1843 5399 Era-

202 5428 491 5485 tosthenes
524 5434 728 5487 auctor
756 5436 926 5487 estex
951 5429 1163 5486 horum
1194 5434 1490 5486 tantorum
1531 5430 1843 5487 ﬂuviorum

209 5515 687 5588 exhalationibus,
720 5524 778 5575 et
807 5518 948 5575 ﬂatu
979 5517 1328 5586 Etesiarum,
1362 5518 1589 5575 Indiam
1632 5518 1845 5577 aestivis

207 5603 487 5667 imbribus
518 5609 753 5672 madere
782 5627 848 5669 ac
876 5626 1117 5683 campos
1157 5609 1383 5681 stagnis
1426 5608 1671 5683 oppleri,
1698 5614 1757 5669 et
1782 5610 1845 5671 in

1922 1945 2099 2016 stigia
2128 1962 2236 2002 sua
2264 1947 2401 2002 anni
2428 1949 2785 2018 revertentis,
2826 1950 3038 2006 occulti
3065 1955 3123 2007 et
3150 1952 3369 2009 innoxii
3400 1959 3563 2011 tran-

1922 2031 2072 2089 situs
2109 2038 2552 2107 reverterentur,
2587 2057 2617 2087 »
2676 2036 2762 2092 Ibi
2818 2042 3015 2094 autem
3074 2040 3237 2096 dixit.
3273 2062 3303 2093 «
3359 2042 3556 2101 Hiems

1923 2119 2107 2193 glacie
2135 2122 2274 2190 urit,
2309 2144 2338 2173 »
2388 2124 2886 2194 quemadmodum
2932 2126 3245 2200 Virgilius:

2090 2263 2105 2279 .
2172 2262 2186 2277 .
2214 2227 2321 2278 Aut
2351 2230 2532 2280 Borem
2561 2231 2891 2293 penetrabile
2908 2232 3076 2293 frigus
3097 2235 3303 2285 adurat.

2727 2293 2939 2359 (Virgil.
2970 2293 3058 2346 lib.
3089 2310 3180 2347 r.v.
3200 2299 3307 2361 es.)

2488 2416 2881 2475 ARTICULUS
2914 2421 2983 2475 ΙΙ.

1920 2501 2294 2557 Excutiuntur
2324 2501 2534 2559 Otacilii
2559 2506 2765 2560 ethnici
2812 2515 3001 2563 contra
3058 2509 3305 2566 divinam
3359 2515 3561 2570 Provi-

1993 2573 2241 2652 dentiam
2290 2583 2638 2652 argumenta,
2668 2592 2739 2652 ex
2777 2579 2940 2634 rebus
2955 2584 3232 2652 prosperis
3260 2582 3562 2652 malorum,

1991 2647 2041 2699 et
2077 2644 2847 2728 bonorgm'adyersis_ductu,
2906 2644 3004 2728 uhbi
3046 2644 3111 2706 de
3168 2653 3431 2728 Diqnysio
3474 2644 3562 2728 2y;

1994 2728 2193 2796 ζαηηο,
2246 2716 2563 2796 Phqiaride,
2634 2718 2864 2789 Rutilio,
2923 2721 3157 2796 secrete,
3236 2716 3566 2796 Cainiilofet

1991 2786 2305 2842 Iudaeorum
2333 2786 2875 2861 Christianorumque
2900 2793 3145 2850 miseria.

1994 2899 2167 2955 Plura
2196 2901 2473 2957 adversus
2538 2902 2794 2960 divinam
2841 2905 3265 2965 Providentiam
3298 2910 3565 2968 Cmcilius

1922 2988 2145 3059 objicit,
2175 3005 2425 3061 quorum
2456 2989 2571 3046 alia
2595 2992 2667 3046 ad
2696 3008 2901 3050 omnes
2928 2995 3245 3053 universim
3274 2998 3567 3067 homines,

1922 3076 2037 3131 alia
2067 3077 2139 3131 ad
2177 3077 2464 3148 quosdam
2511 3079 2927 3150 particulatim,
2984 3083 3099 3139 alia
3154 3085 3225 3140 ad
3275 3086 3557 3158 Gentiles,

1844 3172 1888 3239 ο
1927 3164 2042 3220 alia
2080 3165 2151 3220 ad
2180 3164 2432 3234 Judmos,
2465 3165 2579 3222 alia
2614 3167 2864 3241 denique
2902 3172 2973 3226 ad
3021 3172 3381 3231 Christianos
3428 3192 3568 3247 spe-

1928 3257 2111 3309 ctant'
2160 3253 2423 3309 Primum
2480 3259 2698 3324 autem,
2749 3260 3063 3327 quomodo,
3092 3261 3392 3333 inquiebat
3441 3263 3561 3333 ille,

1926 3347 2119 3398 stante
2150 3343 2246 3397 Dei
2299 3342 2686 3411 Providentia,
2747 3344 2873 3401 loca
2948 3363 3115 3403 sacra
3178 3354 3236 3404 et
3304 3351 3570 3421 protana,

1926 3431 2422 3504 quemadmodum
2514 3430 2784 3488 homines
2839 3433 2918 3505 pii
2967 3440 3023 3490 et
3078 3436 3266 3508 impii,
3325 3438 3571 3496 fulmine

1926 3520 2173 3591 aliisque
2203 3518 2458 3575 fortuitis
2478 3519 2713 3576 casibus
2742 3523 2961 3593 pariter
3010 3525 3425 3597 aequaliterque
3481 3528 3567 3584 fe-

1926 3607 2211 3664 riuntur?
2241 3608 2357 3664 Cur
2399 3613 2619 3675 sontes,
2676 3626 2838 3683 aeque
2892 3629 2961 3668 ac
3018 3614 3300 3687 insontes,
3352 3617 3487 3671 boni
3513 3621 3571 3672 et

1928 3695 2091 3764 mali,
2120 3696 2570 3769 tempestatibus
2600 3714 2665 3754 ac
2697 3700 3018 3773 naufragiis
3048 3701 3167 3758 ullo
3198 3703 3323 3759 sine
3363 3704 3571 3760 discri-

1930 3785 2085 3841 mine
2116 3785 2575 3857 opprimuntur?
2604 3786 2719 3842 Cur
2757 3789 3009 3861 denique
3060 3790 3163 3846 viri
3216 3792 3569 3865 nequissimi

1928 3873 2165 3946 optimis
2196 3889 2347 3946 saepe
2376 3874 2589 3947 saepius
2620 3876 2981 3934 ﬂorentiores
3003 3883 3141 3935 sunt
3155 3884 3212 3934 et
3232 3880 3515 3936 feliciores
3542 3880 3571 3935 ?

2001 3962 2156 4019 450
2186 3961 2400 4017 Deinde
2424 3978 2555 4018 vero
2585 3964 2936 4036 quibusdam
2970 3966 3248 4038 exemplis
3284 3965 3381 4022 ille
3435 3984 3570 4038 pro-

1929 4051 2189 4108 bandum
2246 4048 2492 4120 suspicit
2539 4050 2752 4109 falsum
2810 4068 2938 4110 esse
2977 4052 3175 4109 divina
3203 4053 3570 4112 Providentia

1931 4140 2219 4196 mundum
2233 4137 2672 4210 gubernari,aut
2687 4142 2961 4198 omnibus
2974 4158 3040 4198 ac
3060 4141 3308 4214 singulis
3318 4142 3571 4200 consuli.

1932 4231 2044 4288 Sed
2068 4234 2304 4304 prastat
2332 4230 2654 4300 ipsummet
2701 4229 2992 4287 Caecilium
3039 4247 3107 4286 ea
3160 4231 3570 4302 proferentem.

1934 4319 2174 4390 audire;
2209 4343 2237 4372 «
2266 4321 2428 4389 Quod
2460 4321 2507 4375 si
2543 4319 2821 4385 mundus,
2860 4342 2881 4369 ι
2916 4318 3128 4390 inquit.
3164 4340 3193 4367 »
3218 4319 3415 4374 divina
3434 4320 3574 4376 Pro-

1932 4408 2208 4480 videntia,
2241 4414 2297 4466 et
2325 4409 2575 4479 alicujus
2605 4405 2865 4462 numinis
2889 4406 3232 4462 auctoritate
3255 4412 3572 4481 regeretur,

1934 4513 2237 4569 nunquam
2268 4500 2584 4553 mereretur
2610 4493 2871 4550 Phalaris
2901 4498 2959 4549 et
2980 4493 3291 4568 Dionysius
3304 4513 3577 4570 regnum,

1944 4601 2246 4656 nunquam
2279 4583 2521 4639 Butilius
2557 4588 2614 4639 et
2640 4580 2920 4637 Camilius
2959 4582 3254 4655 exsilium,
3314 4588 3581 4643 Socrates

1942 4688 2274 4729 venemum.
2311 4694 2338 4722 »
2352 4671 2567 4728 Eodem
2617 4669 2785 4743 plane
2807 4677 3153 4744 argumento
3177 4673 3328 4744 apud
3354 4673 3585 4732 Cicero-

1944 4776 2079 4817 nem
2110 4764 2275 4817 Cotta
2291 4759 2672 4816 Academicus
2701 4758 3130 4816 Providentiam
3148 4760 3250 4817 Dei
3273 4767 3587 4822 concutere

1946 4848 2296 4905 moliebatur
2321 4849 2483 4921 (Cic.,
2515 4847 2616 4904 lib.
2656 4864 2710 4912 v,
2744 4847 2809 4903 de
2856 4850 2980 4905 Nat.
3034 4850 3218 4920 Deor.,
3268 4868 3397 4922 pag.
3456 4851 3586 4917 252,

1946 4937 2054 4993 lin.
2090 4939 2119 4993 4
2151 4942 2207 4992 et
2235 4939 2414 5010 θείῳ).
2447 4937 2553 4992 Pro
2584 4940 2740 4992 certo
2797 4942 2992 4993 autem
3032 4936 3084 4995 is
3122 4938 3320 5010 posuit
3363 4938 3517 5010 quod
3554 4952 3591 4993 a

1946 5023 2261 5082 Telamone
2292 5026 2363 5081 de
2392 5025 2504 5081 diis
2535 5025 2643 5080 hoc
2667 5041 2781 5080 uno
2812 5041 2982 5081 versu
3030 5026 3401 5081 decantatum
3460 5029 3588 5082 est:

2046 5143 2175 5191 Nam
2204 5140 2249 5190 si
2276 5144 2482 5199 curent,
2512 5140 2649 5191 bene
2681 5139 2838 5190 bonis
2864 5140 2949 5200 sit,
2979 5139 3121 5203 quod
3138 5152 3283 5189 nunc
3313 5140 3501 5190 abest:

2022 5254 2405 5312 Academicus
2436 5258 2631 5310 autem
2645 5252 2744 5309 ille
2765 5252 2972 5308 iisdem
2991 5257 3165 5324 atque
3178 5252 3306 5309 aliis
3326 5252 3595 5325 pluribus

1954 5360 2133 5417 quam
2160 5344 2419 5401 Caecilius
2449 5341 2750 5413 exemplis,
2796 5340 3014 5396 omisso
3074 5347 3269 5398 tamen
3328 5342 3594 5415 Camillo,

1953 5433 2074 5489 haec
2104 5434 2449 5489 confirmare
2476 5430 2701 5485 nititur.
2754 5429 2838 5485 Ibi
2896 5433 3089 5484 autem
3123 5445 3192 5485 ea
3246 5430 3330 5487 sic
3389 5439 3597 5505 urget;

1955 5544 1986 5573 ‹‹
2012 5521 2130 5578 Cur
2176 5518 2498 5575 avunculus
2530 5533 2697 5572 meus
2738 5517 2829 5572 vir
2866 5515 3382 5576 innocentissimus
3413 5520 3600 5577 idem-

1954 5626 2070 5682 que
2098 5606 2475 5666 doctissimus
2505 5606 2564 5664 P.
2598 5603 2853 5666 Rutilius
2880 5606 2940 5665 in
2960 5606 3165 5665 exsilio
3177 5612 3344 5670 est...
3370 5614 3493 5666 Duo
3525 5610 3598 5668 de
