4088 6150
464 289 585 351 I63

1751 281 1853 342 DE
1896 277 2198 347 MINUClI
2243 276 2582 340 OCTAVIO

3693 290 3794 351 464

470 415 861 492 quadraginta
890 415 1199 488 Dionysius
1228 418 1511 487 tyrannus
1556 429 1743 469 annos
1798 411 1909 466 fuit
1954 427 2099 481 opu-
2129 411 2185 476 Α
2212 409 2347 480 quis
2370 408 2498 480 {hoc
2557 408 2703 474 loco,
2753 425 2825 463 an
2859 405 3219 479 triumphare
3270 406 3481 477 justius
3522 412 3793 474 dixerit?»

470 505 811 564 lentissimae
842 509 901 561 et
929 504 1281 561 beatissima:
1331 502 1600 558 civitatis.
1653 504 1835 567 Quam
1888 499 2105 555 multas

469 600 601 651 ante
630 594 785 649 hunc
815 594 875 648 in
905 594 1031 665 ipso
1063 593 1289 649 Graeciae
1329 592 1469 649 ﬂore
1498 591 1929 659 Pisistratus,ao
1956 588 2104 643 Pha-

468 684 631 752 laris,
663 699 727 739 ac
756 681 1179 755 Appollodorus
1211 698 1412 753 pcenas
1441 678 1700 743 sustulit,
1730 677 1932 732 multis
1974 674 2103 746 qui-

470 773 603 828 dem
645 775 778 827 ante
836 769 1109 826 cruciatis
1165 773 1223 825 et
1275 769 1563 825 necatis...
1614 767 1759 832 Quid
1806 766 1996 820 dicam
2033 764 2106 820 de

470 861 723 925 Socrate,
757 860 925 929 cujus
969 858 1141 914 morti
1187 857 1538 929 illacrymari
1596 854 1753 912 soleo
1810 853 2105 910 Platonem

469 947 717 1022 legens?
752 969 773 997 ε
809 947 1067 1019 Denique
1097 950 1407 1018 postquam
1439 944 1625 1001 multa
1645 942 1903 1014 Dionysii
1924 940 2109 1013 impia

469 1037 619 1093 facta
646 1040 703 1092 et
729 1034 1051 1107 sacrilegia,
1084 1053 1117 1091 a
1147 1034 1372 1090 Valerio
1419 1034 1593 1090 etiam
1644 1032 1897 1087 maximo
1947 1035 2104 1101 post—

470 1125 714 1187 modum
744 1127 941 1179 notata
968 1123 1090 1195 (lib.
1125 1139 1164 1191 1,
1197 1122 1393 1194 cap.l,
1414 1117 2103 1193 Extem.§3).recensuit,

469 1213 565 1269 his
609 1212 1000 1267 narrationem
1067 1228 1235 1268 suam
1284 1210 1534 1267 absolvit
1588 1209 1817 1265 verbis:
1855 1230 1875 1257 ι
1940 1206 2106 1265 Hunc

469 1299 652 1372 igitur
680 1315 783 1355 nec
811 1299 1113 1371 Olympius
1141 1300 1370 1369 Jupiter
1389 1298 1635 1353 fulmine
1660 1295 1966 1369 percussit,
2001 1308 2106 1349 nec

469 1388 838 1460 Esculapius
868 1388 1080 1444 misero
1112 1388 1500 1458 diuturnoque
1521 1386 1721 1441 morbo
1744 1384 2104 1439 intabescen-

468 1481 589 1543 tem
620 1475 930 1546 interemit,
962 1480 1138 1547 atque
1193 1477 1253 1530 in
1302 1491 1409 1532 suo
1457 1472 1669 1530 lectulo
1727 1476 2013 1539 mortuus,
2046 1469 2105 1525 in

471 1564 850 1639 Tympanidis
880 1580 1087 1636 rogum
1119 1564 1316 1620 illatus
1346 1567 1453 1631 est,
1477 1577 1724 1634 eamque
1760 1563 2106 1633 potestatem

469 1669 647 1725 quam
680 1654 802 1724 ipse
835 1668 936 1724 per
966 1651 1155 1708 scelus
1179 1658 1302 1708 erat
1330 1655 1559 1720 nactus,
1597 1648 1762 1721 quasi
1795 1649 2019 1719 justam
2050 1649 2108 1703 et

465 1740 811 1813 legitimam,
843 1741 1198 1797 hereditatis
1227 1740 1351 1796 loco
1381 1739 1499 1794 filio
1539 1739 1831 1795 tradidita
1877 1737 2080 1805 (Cicer.

465 1827 577 1887 loc.
609 1829 731 1901 cit.)

540 1926 919 1983 Dissimulare
948 1930 1143 1982 tamen
1172 1942 1277 1981 nec
1305 1924 1569 1983 Cacilius
1600 1940 1704 1980 nec
1730 1922 1828 1979 alii
1847 1920 2105 1977 Gentiles

465 2018 735 2087 poterant
762 2014 1103 2086 Dionysium
1134 2012 1322 2078 illum,
1353 2015 1524 2085 cujus
1550 2012 1709 2067 varia
1750 2008 2105 2082 singularia-

467 2119 582 2174 que
612 2103 869 2159 facinora
899 2107 1163 2173 uterque,
1194 2101 1479 2169 Cicero,et
1506 2100 1769 2156 Valerius
1795 2098 2103 2165 Maximus,

469 2188 610 2247 alibi
638 2190 829 2245 adhuc
858 2193 1179 2255 recensent,
1213 2190 1273 2244 in
1303 2194 1424 2245 tam
1469 2190 1638 2245 beata
1668 2186 1937 2258 felicique
1986 2186 2106 2240 for-

468 2282 614 2333 tuna
644 2278 825 2333 fuisse
855 2277 1253 2333 miserrimum
1299 2277 1506 2349 (Idem,
1556 2275 1659 2330 lib.
1695 2293 1728 2330 v
1780 2276 2015 2342 Tuscul.,
2046 2289 2103 2344 p.

466 2365 592 2433 486,
626 2366 727 2421 lin.
760 2368 879 2422 3et
921 2383 1109 2437 seqq.,
1161 2365 1289 2421 Val.
1340 2367 1488 2421 Max.
1539 2364 1639 2419 lib.
1694 2381 1773 2430 1x,
1832 2379 1955 2433 cap.
2017 2363 2103 2417 t3.

464 2455 678 2524 Exten,
711 2455 739 2521 §
768 2454 842 2525 4).
877 2454 1023 2510 Nam
1055 2454 1303 2525 ipsemet
1340 2452 1537 2509 Cicero
1569 2452 1690 2508 haec
1730 2453 1800 2508 de
1848 2450 1948 2506 illo
2004 2450 2105 2506 lit-

461 2543 603 2598 teris
635 2542 746 2598 alio
772 2542 832 2597 in
862 2542 1010 2597 libro
1043 2542 1339 2597 mandavit
1372 2558 1386 2596 :
1423 2563 1445 2590 ι
1481 2540 1628 2607 Quid
1660 2556 1968 2596 censemus
2005 2554 2103 2594 su-

464 2632 751 2703 periorem
784 2630 952 2686 illum
982 2629 1370 2702 Dionysium?
1399 2629 1522 2694 Quo
1574 2628 1834 2684 cruciatu
1876 2626 2106 2683 timoris
2178 2646 2179 2649 ‘

464 2719 598 2791 angi
631 2718 888 2786 solitum,
924 2718 1023 2790 qui
1055 2719 1272 2773 cultros
1306 2722 1574 2773 metuens
1604 2716 1917 2786 tonsorios,
1973 2731 2107 2771 can-

464 2807 623 2863 denti
656 2808 903 2863 carbone
932 2806 1042 2862 sibi
1079 2807 1360 2862 adurebat
1388 2804 1666 2878 capillum
1685 2804 1742 2859 ?»
1768 2803 2105 2873 (Cic.,lib.11

464 2896 535 2952 de
562 2896 739 2966 0/ﬁc.,
774 2911 904 2968 pag.
936 2896 1064 2965 377,
1096 2894 1200 2961 lin,
1234 2894 1302 2951 l7
1332 2899 1390 2950 et
1416 2894 1573 2965 sqq.)

534 2992 802 3049 Valerius
830 3008 962 3047 vero
992 2991 1277 3047 Maximus
1308 3008 1444 3046 eum
1476 2991 1588 3046 alio
1615 2990 1786 3046 modo
1818 2990 2103 3047 scelerum

466 3095 708 3139 suorum
741 3096 942 3151 pcenas
966 3079 1198 3134 dedisse
1228 3079 1311 3134 sic
1334 3083 1601 3134 enarrat:
1639 3101 1667 3129 ‹‹
1710 3078 1817 3144 Qui
1867 3078 2101 3135 tametsi

465 3169 661 3225 debita
690 3166 978 3239 supplicia
1006 3182 1123 3221 non
1154 3165 1415 3231 exsolvit,
1446 3167 1726 3222 dedecore
1748 3171 1945 3222 tamen
1970 3165 2102 3233 filii,

465 3261 736 3312 mortuus
792 3271 991 3327 pinnas
1041 3254 1325 3327 rependit,
1377 3270 1525 3326 quas
1582 3254 1743 3311 vivus
1799 3255 2103 3327 effugerat.

466 3346 649 3402 Lento
681 3344 835 3400 enim
864 3344 1045 3415 gradu
1080 3344 1152 3399 ad
1185 3342 1496 3399 vindictam
1527 3343 1619 3398 sui
1658 3343 1855 3399 divina
1904 3360 2105 3415 proce-

464 3433 552 3488 dit
579 3433 686 3500 ira,
718 3432 1167 3503 tarditatemque
1198 3431 1468 3504 supplicii
1499 3431 1779 3503 gravitate
1836 3447 2108 3504 compen-

464 3525 578 3577 sat.
604 3541 631 3570 »
660 3520 812 3591 (Val.
851 3521 997 3574 Max.
1036 3520 1137 3575 lib.
1174 3536 1212 3589 1,
1238 3536 1367 3591 cap,
1401 3521 1452 3587 1,
1480 3520 1688 3586 Extat,
1722 3518 1856 3592 §5-)

541 3616 624 3672 De
652 3615 979 3671 Phalaridis
1016 3633 1153 3671 vero
1181 3620 1367 3671 morte
1416 3616 1537 3672 hinc
1570 3616 1820 3687 posteris
1864 3617 2107 3673 tradidit

468 3704 705 3760 Cicero:
739 3726 767 3753 ‹‹
814 3702 1007 3758 Tertia
1063 3711 1153 3758 est
1199 3702 1484 3771 Phalaris,
1530 3704 1700 3774 cujus
1759 3709 1849 3759 est
1903 3709 2107 3774 praeter

470 3796 709 3847 caeteros
742 3790 1053 3846 nobilitata
1071 3790 1514 3861 crudelitas,qui
1537 3807 1651 3846 non
1684 3791 2105 3849 exinsidiisin-

467 3880 628 3936 terii’t
668 3884 733 3935 ut
789 3880 840 3934 is
890 3895 1064 3950 quem
1115 3879 1286 3934 modo
1338 3879 1477 3946 dixi,
1522 3878 1881 3935 Alexander:
1927 3898 2041 3937 non
2071 3899 2106 3938 a

466 3969 691 4040 paucis,
726 3972 790 4022 ut
818 3967 914 4023 hic
945 3971 1177 4034 noster;
1211 3967 1311 4022 sed
1344 3966 1402 4021 in
1438 3983 1613 4038 quem
1645 3968 1915 4024 universa
1938 3970 2103 4041 Agri-

465 4058 836 4129 gentinorum
866 4055 1181 4111 multitudo
1213 4055 1497 4127 impetum
1533 4056 1685 4111 fecit.
1716 4079 1744 4105 »
1768 4056 1846 4112 Ex
1874 4058 2102 4115 Valerio

464 4150 663 4201 autem
698 4144 940 4200 Maximo
971 4145 1113 4200 4M
1155 4144 1343 4200 disces
1373 4145 1544 4215 cujus
1574 4145 1837 4215 consilio,
1873 4150 1926 4201 et
1957 4162 2101 4217 quo-

461 4233 635 4289 modo
663 4233 757 4288 hic
786 4238 1069 4304 tyrannus
1100 4232 1172 4287 ab
1198 4231 1596 4303 Agrigentinis
1622 4232 1961 4289 interfectus
1986 4234 2099 4290 fue-

460 4322 537 4377 rit
565 4322 777 4391 (Valer.
807 4321 980 4385 Max.,
1009 4320 1111 4375 lib.
1148 4338 1233 4385 111,
1264 4337 1390 4391 cap.
1423 4320 1476 4375 3.
1512 4322 1773 4391 Excern.,
1806 4323 1833 4393 ἕ
1862 4320 1938 4393 2).

530 4419 592 4473 P.
626 4418 826 4473 Rutilii
860 4418 1035 4488 Rulli,
1068 4434 1242 4490 quem
1274 4416 1610 4474 Paterculus
1641 4418 1828 4473 virum
1854 4435 1968 4474 non
2001 4436 2102 4475 saa-

2214 495 2363 567 (Val.
2414 497 2586 563 Maia,
2647 495 2727 550 lib
2779 513 2840 562 11,
2891 511 3016 567 cap,
3067 495 3155 561 40,
3216 495 3247 566 §
3293 496 3369 567 5.)
3415 499 3620 556 Similia
3660 503 3796 562 haud

2213 584 2393 640 semel
2425 585 2567 639 dixit
2597 585 2833 656 (Seneca
2879 585 3123 654 (Senec.,
3155 583 3255 637 lib.
3297 585 3467 652 Quare
3502 586 3641 643 bonis
3680 594 3796 649 viris

2213 674 2540 743 mala,etc.,
2572 690 2706 744 cap.
2766 674 2834 740 3;
2890 672 2991 727 lib.
3040 672 3104 727 de
3150 673 3398 742 Beneﬁc.,
3444 690 3559 746 cap.
3608 678 3701 744 17;
3751 686 3800 738 et

2213 760 2365 832 epist
2390 761 2462 816 25
2490 766 2546 816 et
2572 760 2662 815 69.
2689 763 2760 815 At
2789 761 3111 816 omittenda
3142 777 3257 817 non
3305 766 3438 817 sunt
3487 762 3599 820 haec
3640 766 3798 823 Ovidii

2218 865 2288 907 ue
2315 850 2518 905 eodem
2552 848 2769 905 Rutilio
2807 849 3108 905 carmina:

2431 1001 2493 1050 Et
2521 1014 2681 1066 grave
2710 1002 3033 1066 magnanimi
3062 1002 3227 1066 robur
3262 1002 3458 1066 mirare
3506 1004 3671 1066 Rutili,

2570 1076 2640 1111 on
2672 1064 2753 1111 usi
2785 1063 2983 1112 reditus
3024 1064 3329 1112 conditione
3360 1063 3480 1121 dati,

2214 1123 2442 1187 Smyrna
2464 1125 2639 1174 virum
2668 1126 2858 1187 tenuit.
2889 1139 3001 1177 non
3058 1129 3275 1183 Pontus,
3306 1130 3359 1174 et
3412 1126 3603 1177 hostica
3652 1128 3805 1181 tellus.

2461 1187 2650 1246 (Ovid.,
2681 1186 2827 1252 Eleg.
2859 1202 2924 1247 1!,
2955 1190 2995 1238 Ι.
3026 1187 3089 1237 de
3115 1192 3259 1252 pont.
3297 1203 3343 1237 υ.
3374 1190 3472 1250 65.)

2214 1325 2467 1398 Denique
2498 1327 2677 1399 hujus
2725 1328 2992 1383 meminit
3056 1328 3316 1397 Vossius,
3373 1345 3539 1399 quem
3586 1330 3629 1387 si
3672 1332 3809 1390 lubet

2214 1412 2370 1469 adire
2400 1414 2555 1470 haud
2587 1414 2822 1471 difficile
2852 1416 3065 1487 poteris
3095 1416 3308 1486 (Voss.,
3338 1414 3440 1472 lib.
3476 1435 3493 1473 1
3523 1419 3590 1475 de
3632 1422 3806 1477 Hister.

2212 1517 2408 1573 graec,
2439 1520 2565 1575 cap.
2602 1504 2715 1575 22).

2288 1590 2544 1648 Platonis
2576 1609 2741 1664 porro
2771 1592 2836 1648 de
2863 1592 3099 1649 Socratis
3129 1592 3293 1650 Morte
3324 1593 3487 1663 liber,
3532 1612 3694 1668 quem
3737 1597 3809 1652 Ci-

2215 1694 2345 1735 cero
2378 1696 2491 1734 non
2527 1679 2651 1735 sine
2698 1679 2971 1754 lacrymis
3018 1698 3279 1753 unquam
3332 1699 3366 1737 a
3412 1699 3473 1738 se
3528 1683 3813 1743 lectitatum

2090 1774 2104 1802 ’
2135 1780 2181 1844 Β
2222 1770 2494 1833 testatur,
2529 1768 2578 1823 is
2619 1768 2743 1841 ipse
2796 1774 2904 1836 est,
2966 1770 3063 1841 qui
3121 1770 3325 1836 Phedo,
3387 1770 3501 1826 sive
3555 1772 3814 1828 deAm'ma

2214 1853 2575 1911 inscribitur.
2611 1857 2672 1912 In
2721 1857 2848 1929 ejus
2898 1861 3091 1913 autem
3140 1859 3254 1914 ﬂne
3314 1857 3495 1927 Plato,
3554 1862 3813 1931 quomodo

2213 1942 2367 1999 idem
2399 1943 2666 2001 Socrates
2708 1962 2927 2001 veneno
2985 1949 3152 2018 epoto
3207 1945 3386 2002 vitam
3442 1946 3663 2018 finierit,
3719 1966 3813 2005 non

2214 2031 2426 2087 minori
2460 2032 2808 2105 eloquentia,
2844 2050 3018 2107 quam
3052 2034 3248 2091 dolore
3289 2034 3553 2107 deplorat
3578 2036 3743 2104 (Plato
3769 2038 3818 2092 in

2219 2121 2402 2177 Phccd.
2434 2125 2575 2177 tom.
2612 2127 2654 2190 l,
2688 2139 2817 2195 pag.
2852 2123 2955 2178 146
2984 2128 3040 2178 et
3071 2139 3258 2194 seqq.,
3290 2114 3352 2179 et
3418 2124 3684 2195 Apologet.
3736 2126 3817 2180 So-

2213 2212 2373 2275 cral.,
2406 2214 2549 2265 tom.
2584 2211 2649 2282 Ι).
2680 2212 2751 2265 At
2779 2211 2849 2266 de
2878 2211 2987 2266 hac
3016 2212 3161 2267 tanti
3191 2211 3525 2283 philosOpbi
3556 2214 3697 2268 caede
3724 2212 3817 2286 legi

2216 2300 2406 2367 potest
2445 2296 2605 2353 illius
2653 2298 2927 2371 Apologia
2982 2300 3053 2355 ab
3110 2301 3316 2356 eodem
3376 2301 3607 2357 Platone
3659 2302 3819 2357 Xeno-

2218 2384 2461 2456 phonte,
2492 2390 2549 2441 et
2586 2386 2830 2457 Apuleio
2860 2388 3210 2459 conscripta,
3244 2392 3424 2461 atque
3453 2389 3688 2456 Senecae,
3715 2388 3819 2445 Ori-

2213 2472 2398 2543 genis,
2457 2473 2791 2545 Augustini,
2840 2473 3206 2547 aliorumque
3274 2476 3532 2547 plurium
3598 2477 3718 2532 libri
3768 2493 3821 2531 ac

2214 2562 3041 2636 commentationes.(Xenoph.
3066 2564 3296 2636 Apolog.
3334 2564 3569 2633 Socrat,
3590 2566 3820 2639 pag.705,

2214 2651 2269 2703 et
2300 2648 2400 2704 lib.
2433 2650 2717 2707 "Memor.
2767 2651 2993 2724 Apulei.
3049 2654 3271 2724 Apolog.
3335 2653 3581 2723 Socrat.;
3641 2654 3822 2721 Laert.,

2214 2735 2314 2792 lib.
2350 2754 2390 2791 11
2424 2740 2567 2794 Vitae
2595 2740 2826 2811 Socrat.,
2858 2742 2885 2808 §
2918 2740 3021 2807 42;
3066 2744 3294 2810 Senec.,
3357 2741 3459 2798 lib.
3517 2742 3579 2797 de
3630 2741 3819 2797 Provid.

2216 2841 2346 2897 pag.
2403 2826 2549 2895 272;
2606 2828 2754 2884 lib.1
2810 2829 2875 2885 de
2937 2831 3039 2884 Vit.
3102 2830 3269 2897 beat,
3334 2847 3462 2903 cap.
3519 2831 3589 2885 26
3641 2834 3695 2885 et
3732 2831 3823 2894 27;

2214 2919 2273 2970 et
2353 2915 2529 2987 epist,
2613 2934 2795 2972 1.xx1v.
2878 2917 3061 2991 Orig.,
3139 2917 3241 2974 lib.
3310 2936 3375 2986 11,
3460 2924 3631 2975 contr.
3686 2918 3822 2983 Cela,

2214 3017 2346 3073 pag.
2376 3005 2442 3059 71
2471 3022 2485 3073 ;
2515 3006 2847 3078 Augustin.,
2874 3005 2975 3061 lib.
3004 3022 3107 3061 VIII
3137 3006 3201 3062 de
3233 3006 3426 3076 Civit.,
3468 3024 3591 3080 cap.
3622 3008 3672 3075 3,
3709 3020 3822 3078 pag.

2216 3095 2363 3161 492;
2395 3095 2598 3162 Laert.,
2630 3095 2738 3151 loc.
2772 3094 2870 3150 cit.
2898 3111 2912 3161 ;
2942 3094 3199 3167 Origen.,
3232 3095 3342 3151 lib.
3387 3113 3405 3151 1
3461 3100 3648 3153 contra
3687 3094 3823 3159 Cela,

2217 3204 2345 3259 pag.
2376 3187 2451 3253 5;
2484 3184 2708 3254 Seneo.,
2740 3182 2843 3239 lib.
2866 3182 2939 3238 de
2969 3183 3214 3251 Provid.,
3266 3200 3401 3256 cap.
3459 3186 3513 3252 3,
3546 3199 3670 3257 pag.
3702 3182 3826 3251 495.)

2213 3277 2495 3332 Caeterum
2537 3272 2696 3326 citati
2747 3288 2781 3326 a
2828 3271 2997 3326 nobis
3045 3272 3373 3343 Scriptores
3413 3277 3649 3327 narrant
3676 3286 3825 3343 quam

2213 3364 2358 3420 falsa
2390 3361 2705 3431 fictitiaque
2744 3359 2962 3414 fuerint
3003 3359 3273 3429 crimina,
3338 3366 3576 3433 propter
3628 3376 3742 3431 qua:
3770 3357 3827 3412 ab

2213 3449 2605 3523 iniquissimis
2619 3446 2920 3518 judicibus
2943 3452 3126 3504 morte
3148 3449 3476 3505 damnatus
3494 3449 3826 3505 est.Demum

2213 3539 2474 3596 Laertius
2503 3552 2571 3592 ac
2602 3539 2803 3607 postea
2833 3535 3109 3608 Origenes
3134 3538 3435 3593 memorie
3457 3538 3830 3609 prodiderunt,

2212 3626 2601 3683 Athenienses
2630 3624 2870 3695 injuste:
2901 3625 3647 3697 condemnationis,statim
3686 3628 3834 3694 atque

2212 3715 2311 3771 ille
2340 3718 2604 3770 mortuus
2634 3717 2742 3779 est.
2790 3712 3149 3783 paenituisse.
3201 3712 3598 3777 Quamobrem
3645 3713 3833 3768 Seneca

2213 3805 2364 3860 hanc
2397 3807 2641 3858 mortem
2671 3800 2755 3855 illi
2789 3807 2909 3856 tam
2941 3800 3258 3873 gloriosam
3312 3804 3499 3859 fuisse
3550 3804 3829 3868 asseverat,

2213 3908 2387 3965 quam
2445 3889 2682 3946 infamis
2739 3888 2849 3944 fuit
2922 3888 3170 3945 aliorum
3245 3889 3642 3963 plurimorum
3698 3889 3830 3943 vita:

2218 4000 2241 4029 ε
2273 3979 2442 4048 Male,
2482 3998 2508 4029 ι
2568 3978 2779 4048 inquit,
2816 4000 2845 4026 ‹‹
2888 3981 3202 4033 tractatum
3250 3984 3555 4036 Socratem
3606 3978 3831 4050 judicas,

2211 4069 2365 4140 quod
2396 4067 2552 4122 illam
2588 4065 2881 4137 potionem
2925 4066 3155 4137 publice
3204 4068 3475 4137 mistam,
3528 4085 3641 4123 non
3691 4064 3835 4121 aliter

2210 4172 2379 4228 quam
2442 4153 2931 4209 medicamentum
2987 4154 3459 4213 immortalitatis
3484 4155 3740 4221 obduxit,
3790 4154 3835 4205 et

2210 4245 2282 4299 de
2311 4248 2498 4299 morte
2525 4242 2844 4314 disputavit
2894 4257 3080 4314 usque
3140 4244 3211 4298 ad
3270 4244 3495 4316 ipsam.
3554 4243 3695 4298 Male
3722 4253 3833 4296 cum

2208 4331 2307 4388 illo
2337 4338 2530 4387 actum
2562 4336 2669 4399 est,
2702 4332 2856 4401 quod
2891 4331 3117 4403 gelatus
3145 4334 3301 4390 452
3345 4339 3440 4389 est
3499 4330 3754 4401 sanguis,
3782 4342 3835 4383 ac

2210 4419 2489 4491 paulatim
2519 4419 2733 4489 frigore
2764 4418 3024 4484 inducto,
3056 4436 3340 4477 venarum
3372 4422 3544 4493 vigor
3581 4418 3834 4481 constitit,

460 4505 576 4562 culi
606 4510 836 4560 tantum
870 4506 981 4572 sui,
1018 4506 1118 4561 sed
1149 4504 1342 4561 omnis
1372 4506 1475 4560 aevi
1508 4505 1793 4577 opiimum
1827 4506 2098 4579 appellat,
2133 4495 2178 4559 Ι)
2208 4508 2433 4573 Quanto
2464 4507 2651 4579 magis
2692 4506 2829 4562 huic
2887 4506 3268 4565 invidendum
3330 4519 3443 4578 est,
3507 4525 3684 4582 quam
3714 4505 3833 4571 illis,

458 4598 597 4648 nota
625 4598 713 4648 est
741 4593 1013 4648 omnibus
1046 4592 1291 4649 historia
1322 4593 1627 4665 (Patercul.
1669 4594 1770 4649 lib.
1806 4612 1843 4650 11
1875 4598 2095 4653 Hister.

457 4680 600 4745 Quis
632 4680 788 4736 enim
823 4681 1007 4737 nescit
1034 4681 1201 4738 illum
1234 4682 1703 4752 publicanorum,
1736 4700 1986 4755 quorum
2020 4685 2099 4741 la-

459 4770 706 4826 trocinia
736 4774 1089 4837 coercuerat,
1122 4770 1550 4843 conspiratione
1580 4771 1890 4842 depulsum
1915 4774 2097 4831 fuisse

458 4858 520 4913 in
550 4858 842 4925 exsilium,
880 4859 1166 4931 quamvis,
1198 4864 1345 4915 teste
1386 4860 1676 4929 Cicerone,
1724 4865 1879 4917 esset
1928 4862 2097 4920 inno-

458 4948 880 5003 centissimus?
910 4948 1051 5020 (Gic.
1084 4949 1241 5005 Orat.
1276 4965 1336 5018 11,
1382 4963 1478 5018 pro
1510 4949 1732 5013 Fonte,,
1802 4966 1932 5021 pag.
1991 4953 2099 5008 227

454 5041 511 5091 et
542 5054 685 5108 seq.,
716 5041 771 5092 et
802 5036 948 5093 Orat.
973 5039 1062 5105 37,
1105 5040 1165 5092 in
1210 5038 1419 5101 Pisam,
1473 5052 1605 5106 pag.
1665 5036 1816 5106 544.)
1873 5037 1951 5091 De
1998 5038 2097 5095 illo

455 5130 651 5181 autem
687 5148 716 5175 »
759 5125 1026 5181 Valerius
1078 5126 1367 5180 Maximus
1403 5124 1486 5178 sic
1535 5122 1834 5194 loquitur:
1874 5147 1895 5173 ι
1947 5125 2093 5189 Quid

452 5214 846 5283 damnatione,
881 5215 979 5286 qui
1012 5214 1214 5269 exsilio
1266 5210 1586 5267 miserius?
1636 5214 1709 5267 At
1743 5211 1803 5267 P.
1858 5212 2095 5286 Rutilio,

451 5302 882 5373 conspiratione
938 5302 1386 5373 publicanorum
1437 5299 1723 5371 perculso,
1782 5303 2095 5361 auctorita-

448 5396 567 5447 tem
616 5389 874 5445 adimere
926 5408 1042 5445 non
1091 5389 1421 5446 valuerunt.
1475 5389 1575 5444 Cui
1620 5389 1821 5445 Asiam
1879 5394 2095 5464 petenti

449 5492 657 5533 omnes
694 5477 999 5546 provincia:
1030 5478 1191 5535 illius
1221 5479 1486 5535 civitates
1516 5476 1765 5551 legatus,
1797 5497 2094 5540 secessum

447 5565 578 5640 ejus
609 5561 998 5639 opperientes,
1028 5568 1255 5630 obviam
1304 5567 1614 5645 miserunt.
1663 5566 1938 5627 Exsulare
1984 5570 2091 5630 ali-

2210 4598 2425 4671 quibus
2456 4612 2689 4669 gemma
2711 4595 3327 4668 ministratur,quibus
3346 4598 3637 4664 exoletus,
3668 4593 3839 4652 omnia

2208 4686 2327 4759 pati
2375 4686 2601 4753 doctus,
2666 4700 3016 4756 suspensam
3075 4702 3219 4741 auro
3279 4688 3484 4743 nivem
3540 4682 3751 4741 diluit?
3781 4678 3837 4735 Hi

2206 4773 2493 4847 quidquid
2524 4772 2799 4843 biberint,
2829 4774 3053 4828 vomitu
3106 4776 3499 4831 remetientur
3555 4775 3763 4838 tristes,
3790 4773 3837 4824 et

2205 4863 2380 4920 bilem
2414 4878 2580 4918 suam
2637 4865 3029 4934 regustantes.
3055 4864 3121 4918 At
3146 4863 3247 4922 ille
3275 4880 3579 4921 venenum
3600 4863 3757 4919 laetus
3788 4861 3838 4913 et

2208 4952 2394 5008 libens
2425 4951 2673 5007 hauriet.
2707 4972 2735 4999 »

2278 5041 2357 5097 De
2388 5039 2629 5096 Camillo
2660 5042 2916 5105 tandem,
2947 5056 3119 5111 quem
3151 5040 3425 5099 Caecilius
3486 5059 3603 5099 non
3660 5041 3833 5095 autem

2206 5128 2398 5191 Cicero
2428 5132 2735 5197 memorat,
2779 5128 2899 5182 haec
2956 5146 2990 5184 a
3046 5129 3271 5186 Valerio
3330 5132 3589 5187 Maximo
3642 5126 3837 5197 scripta

2206 5216 2493 5288 reperies:
2526 5238 2557 5266 «
2589 5215 2817 5271 Virium
2850 5216 3243 5274 Romanarum
3300 5226 3363 5275 et
3421 5218 3833 5275 incrementum

2204 5306 2595 5373 laetissimum,
2622 5310 2679 5360 et
2710 5304 2889 5361 tutela
2930 5307 3257 5363 certissima
3307 5310 3529 5365 Furius
3576 5302 3835 5362 Camillus

2204 5397 2261 5452 in
2320 5396 2474 5451 Urbe
2530 5392 2992 5450 incolumitatem
3048 5413 3219 5452 suam
3273 5399 3433 5453 tueri
3493 5412 3609 5452 non
3647 5388 3830 5452 valuit.

2203 5487 2373 5555 cujus
2404 5485 2527 5555 ipse
2572 5481 2821 5538 salutem
2867 5483 3207 5555 stabilierat,
3240 5486 3586 5543 felicitatem
3614 5478 3834 5539 auxerat

2203 5573 2563 5644 Siquidema
2597 5575 2687 5639 L.,
2731 5569 2973 5644 Apuleio
3019 5574 3256 5633 tribuno
3310 5574 3521 5647 plebis.
3569 5578 3831 5640 tanquam
