4088 6150
295 267 394 326 465

1744 266 2288 335 DISSERTATIO.

3553 272 3673 334 466

286 397 575 471 peculator
626 398 932 471 Vegetanis
992 400 1196 471 prada!
1262 415 1396 456 reus
1473 401 1685 468 tactus,
1735 402 1919 469 duris,
1951 403 2007 469 Α
2036 400 2171 467 lius,
2205 408 2330 460 tum
2362 406 2603 478 plurimi
2633 406 2732 462 alii
2763 405 3001 473 ethnici,
3033 422 3097 462 ac
3145 403 3470 477 prtesertim
3532 405 3671 476 Epi-

287 493 467 559 atque,
500 491 569 542 ut
589 485 671 541 ita
700 487 917 552 dicam,
942 487 1144 543 ferreis
1176 488 1483 544 sententiis
1529 490 1587 544 in
1650 489 1916 546 exsilium

286 576 494 632 missus
519 580 646 643 est;
698 582 755 632 et
806 576 1040 648 quidem
1085 593 1151 632 eo
1205 582 1485 648 tempore,
1529 594 1643 648 quo
1701 578 1921 649 optimo

274 666 477 737 juvene
510 663 632 720 ﬁlio
681 665 964 736 privatus,
1024 664 1251 721 solatiis
1313 667 1502 737 magis
1557 667 1917 733 allevandus,

280 770 448 826 quam
473 753 741 809 cladibus
800 755 1134 809 onerandus
1159 759 1301 809 erat.
1335 755 1445 809 Sed
1480 754 1791 810 immemor
1821 773 1919 827 pa-

278 845 384 899 tria
410 844 561 897 tanti
596 842 703 897 viri
754 842 1154 898 maximorum
1204 843 1571 909 meritorum,
1627 844 1920 915 exsequiis

275 933 399 1003 ﬁlii,
477 931 916 988 damnationem
1017 933 1199 1003 patris
1252 933 1467 1002 junxit.
1550 934 1635 1001 At,
1705 932 1915 1004 inquit,

272 1041 301 1074 κ
325 1020 534 1077 aerario
563 1021 767 1077 abesse
796 1019 1070 1076 tribunus
1110 1020 1294 1091 plebis
1343 1022 1695 1093 querebatur
1746 1022 1916 1094 quin-

267 1110 459 1166 decim
486 1107 673 1165 millia
695 1109 844 1176 aeris,
877 1108 1026 1163 tanti
1079 1125 1335 1180 namque
1365 1126 1535 1181 pmna
1589 1109 1751 1164 ﬁnita
1806 1113 1914 1167 est.

264 1199 580 1272 Indignam
613 1213 931 1261 summam,
966 1202 1204 1269 propter
1231 1214 1406 1270 quam
1441 1198 1693 1271 populus
1714 1198 1917 1254 Roma-

267 1303 383 1342 nus
444 1286 550 1341 tali
606 1286 865 1357 principe
923 1290 1160 1342 careret.
1198 1306 1222 1337 ι
1272 1286 1486 1358 (Valer.
1521 1287 1694 1357 Max.,
1726 1286 1827 1342 lib.
1859 1304 1915 1356 ν,

259 1390 391 1448 cep.
434 1376 493 1443 3,
524 1375 555 1447 §
583 1376 662 1447 2.)
695 1375 824 1430 Haec
885 1376 1160 1445 copiosus
1195 1374 1505 1447 descripsit
1543 1375 1914 1447 Plutarchus,

259 1480 441 1534 quem
473 1463 635 1519 adire
666 1463 906 1535 poteris,
939 1464 1439 1535 quemadmodum
1463 1464 1764 1529 Senecam,
1787 1463 1918 1520 Dio-

261 1552 482 1607 dorum
514 1550 801 1620 Siculum,
832 1551 1079 1618 Livium,
1128 1552 1383 1618 Florum,
1433 1557 1490 1607 et
1555 1552 1701 1608 alios
1755 1552 1914 1624 (Plu-

257 1641 475 1711 tarch.,
508 1641 570 1695 in
602 1640 801 1695 Camil.
844 1641 969 1707 ViL,
1002 1644 1143 1696 tom.
1178 1641 1223 1709 Ι,
1284 1657 1416 1714 pag.
1451 1641 1556 1696 334
1593 1649 1647 1697 et
1704 1657 1911 1713 seqq.-;

259 1730 497 1834 Sena-cz,
522 1728 625 1834 lib.
660 1747 736 1834 Iv,
864 1730 1121 1834 Reae/ia,
1150 1746 1297 1834 cap...
1314 1732 1410 1830 27,
1443 1734 1501 1786 et
1531 1729 1723 1834 Πὸλῦ
1781 1747 1908 1834 cap.
1946 1770 1992 1834 Β

260 1818 329 1873 17
361 1836 378 1885 ;
413 1818 648 1873 Diodor.
679 1817 879 1886 Sicul.,
914 1817 1015 1874 lib.
1052 1835 1145 1874 x1v
1174 1818 1423 1885 Bibliot,
1456 1835 1588 1891 pag.
1612 1820 1753 1889 456;
1814 1820 1911 1875 Li-

256 1906 416 1975 vius,
448 1906 555 1962 lib.
587 1923 642 1973 ν,
674 1909 702 1976 §
730 1907 848 1979 32.)

326 2003 423 2058 Ab
446 2003 701 2060 ethnicis
721 2005 793 2059 ad
813 2004 1045 2060 Judteos
1058 2007 1116 2060 et
1135 2003 1499 2061 Christianos
1512 2004 1719 2060 transit
1738 2004 1913 2059 Ceci-

255 2090 379 2147 lius
405 2096 588 2163 atque
620 2108 821 2148 eorum
854 2091 1117 2163 exemplo
1176 2091 1430 2147 divinam
1484 2092 1911 2147 Providentiam

254 2180 470 2237 tollere
502 2181 590 2236 sic
637 2181 892 2237 nititur:
954 2181 1133 2237 «Scio
1185 2181 1479 2252 equidem,
1510 2201 1541 2231 »ι
1590 2180 1908 2252 inquiebat,

252 2287 517 2327 «unum
549 2270 733 2326 Deum
794 2288 828 2327 a
881 2270 1101 2327 Judaeis
1159 2270 1353 2343 palam
1408 2273 1722 2341 aperteque
1778 2269 1908 2325 coli.

252 2358 367 2415 Sed
430 2376 615 2431 quam
675 2360 761 2416 eis
827 2376 1018 2432 opem,
1082 2361 1309 2432 quodve
1372 2358 1509 2415 tulit
1572 2358 1911 2416 auxilium?

254 2448 469 2506 Nonne
508 2448 843 2505 miserrima
870 2454 959 2505 est
984 2449 1164 2515 natio,
1213 2464 1392 2520 quam
1443 2464 1577 2504 cum
1633 2448 1750 2505 Deo
1803 2464 1909 2504 suo

255 2537 550 2593 Romanis
598 2537 950 2594 Numinibus
980 2538 1127 2609 (cod.
1182 2553 1301 2610 reg.
1349 2536 1709 2606 nominibus,
1741 2537 1908 2594 editio

254 2625 498 2696 Rigaltii
527 2624 886 2695 hominibus)
917 2631 1005 2681 est
1033 2625 1260 2698 captiva
1285 2625 1315 2680 ’ἶ
1348 2647 1377 2675 ››

327 2721 697 2778 Christianos
726 2738 860 2778 vero
917 2723 1108 2778 adhuc
1139 2723 1331 2778 acrius
1363 2726 1533 2795 urget
1563 2738 1576 2778 :
1614 2744 1641 2773 «
1674 2722 1841 2788 Ecce,
1878 2744 1907 2773 ››

265 2811 365 2880 ait,
392 2831 422 2860 ι(
454 2827 592 2882 pars
620 2816 877 2866 vestrum
909 2815 967 2867 et
997 2813 1182 2883 major
1214 2816 1269 2866 et
1299 2812 1525 2876 melior,
1575 2816 1640 2867 ut
1696 2811 1909 2878 dicitis,

260 2899 469 2970 egetis,
488 2899 718 2971 algetis,
737 2916 930 2971 opere,
954 2902 1106 2954 fame
1126 2900 1420 2971 laboratis,
1447 2906 1504 2956 et
1524 2905 1673 2956 Deus
1696 2900 1914 2973 patitur

265 2992 324 3044 et
352 2988 700 3044 dissimulat
732 3006 747 3056 ;
779 3005 894 3044 non
924 2987 1068 3055 vult,
1099 2992 1202 3044 aut
1230 3004 1343 3044 non
1394 2993 1587 3061 potest
1636 2987 1914 3060 opitulari

262 3077 430 3148 suis;
463 3077 547 3132 ita
590 3077 708 3137 laut
758 3077 1070 3145 invalidus,
1137 3082 1239 3133 aut
1290 3078 1529 3150 iniquus
1573 3081 1681 3134 est.
1717 3098 1746 3127 »
1802 3078 1912 3132 Sed

267 3184 297 3217 α
325 3165 468 3233 haec,
511 3187 537 3218 ι
583 3167 772 3239 pergit
817 3165 931 3233 ille,
961 3187 990 3217 ‹‹
1040 3182 1226 3237 pauca
1267 3172 1426 3235 sunt,
1481 3172 1540 3222 et
1595 3183 1729 3222 cum
1780 3166 1910 3223 aliis

266 3255 629 3310 communia.
666 3255 837 3312 Vobis
887 3260 1081 3311 autem
1135 3255 1375 3327 insuper
1412 3254 1729 3327 peculiaria
1784 3271 1913 3328 pro-

262 3345 510 3416 priaque
540 3360 776 3415 semper
803 3344 959 3400 mala
998 3360 1127 3399 esse
1173 3345 1464 3410 videmus,
1514 3346 1707 3401 minas
1752 3345 1913 3400 vide-

262 3431 415 3498 licet,
447 3431 761 3504 supplicia,
794 3436 1104 3501 tormenta,
1139 3449 1342 3489 cruces
1363 3439 1419 3490 et
1434 3433 1619 3506 ignes.
1640 3434 1745 3490 Ubi
1776 3449 1913 3506 ergo

260 3520 657 3578 Deus'vester?
676 3525 790 3576 Cur
802 3521 965 3578 vobis
986 3539 1101 3577 non
1123 3522 1412 3591 subvenit,
1437 3527 1493 3578 et
1513 3522 1872 3594 opitulatur?
1886 3544 1909 3572 ο

326 3620 437 3676 Sed
488 3636 605 3675 non
650 3619 813 3675 solus
844 3620 1130 3685 Caecilius,
1179 3636 1382 3676 verum
1443 3619 1661 3676 ethnici
1712 3637 1916 3676 omnes

260 3708 371 3764 hac
400 3709 535 3782 ipsa
564 3708 804 3781 querela
830 3714 889 3764 et
919 3709 1383 3781 expostulatione
1398 3709 1758 3765 Christianos
1786 3708 1915 3781 pul-

260 3814 393 3856 sare
424 3803 873 3855 consueverant.
912 3799 1057 3855 Nam
1089 3797 1226 3865 illis,
1258 3798 1428 3854 sicuti
1451 3798 1625 3853 refert
1653 3799 1920 3854 Clemens

257 3887 716 3957 Alexandrinus,
786 3887 1175 3959 objiciebant:
1249 3884 1313 3940 Et
1371 3882 1594 3955 κήδεται
1680 3886 1830 3958 ὑμῶν
1889 3885 1918 3940 ὁ

259 3976 419 4043 Θεὸς,
490 3974 545 4029 τί
606 3971 810 4045 δήποτε
867 3974 1143 4047 διώκεσθε,
1174 3974 1263 4029 καὶ
1294 3972 1614 4052 φονεύεσθες
1666 3975 1701 4044 ἢ
1760 3974 1919 4037 αὐτὸς

262 4063 413 4137 ὑμᾶς
448 4063 530 4125 εἷς
576 4068 738 4118 τοῦτο
786 4061 1039 4119 ἐκδίδωσι
1066 4083 1081 4134 ;
1111 4088 1139 4115 «
1175 4066 1234 4121 Si
1289 4070 1441 4122 Deus
1492 4066 1669 4122 vestri
1719 4081 1919 4120 curam

258 4157 442 4225 gerit,
479 4170 590 4210 cur
620 4154 886 4227 patimini
915 4154 1406 4226 persecutionem;
1438 4158 1497 4210 et
1528 4158 1713 4210 morte
1741 4153 1923 4210 afﬁci-

256 4245 417 4301 mini
449 4244 482 4298 ?
513 4245 595 4299 An
627 4243 753 4315 ipse
782 4260 883 4299 vos
920 4243 1004 4299 eis
1033 4244 1213 4298 tradit
1239 4244 1268 4298 ?
1295 4243 1592 4315 (Clemens
1620 4243 1921 4310 Alexand.,

2030 482 2187 547 curei
2236 498 2293 548 et
2345 495 2690 562 Academici,
2744 496 2825 550 uti
2877 512 2944 550 ex
2989 495 3280 550 Ciceronis
3336 493 3400 548 de
3464 494 3675 550 Natura

2028 580 2259 637 Deorum
2290 582 2455 638 libris
2486 584 2873 653 ostendimus,
2918 582 3349 638 Providentiam
3412 582 3671 639 divinam

2030 667 2474 741 impugnabant.
2493 671 2593 726 His
2607 677 2800 725 autem
2818 672 3058 742 probare
3072 670 3432 725 conabantur
3462 670 3647 725 Deum
3660 713 3674 740 ,

2028 756 2076 811 si
2112 759 2243 827 quis
2300 758 2400 825 sit,
2461 775 2695 814 summa
2743 760 2955 830 quiete,
2989 764 3045 813 et
3094 758 3364 814 felicitate
3425 759 3667 830 perfrui,

2028 845 2172 900 nihil
2218 864 2406 918 agere,
2442 847 2618 902 nullis
2662 847 3144 917 occupationibus
3172 847 3458 917 distineri,
3513 847 3674 903 nulla

2028 949 2204 1005 opera
2235 935 2445 1005 moliri,
2470 940 2643 1007 atque
2672 951 2738 990 eo
2771 951 2898 991 esse
2931 935 3187 1001 beatum,
3224 935 3376 1005 quod
3437 939 3663 990 certum

2027 1022 2509 1095 exploratumque
2539 1023 2750 1079 habeat
2782 1023 2901 1078 fore
2928 1040 2987 1079 se
3019 1021 3351 1094 semperjin
3399 1022 3670 1080 maximis

2025 1112 2375 1183 aeternisque
2407 1112 2827 1184 voluptatibus.
2870 1112 3259 1178 Quamobrem
3297 1115 3578 1166 assertum
3630 1129 3665 1168 a

2025 1199 2233 1256 Stoicis
2267 1200 2359 1256 Dei
2392 1199 2821 1257 Providentiam
2852 1203 3132 1271 tanquam
3165 1198 3461 1253 fatidicam
3490 1214 3670 1256 anum

2025 1287 2391 1357 rejiciebant,
2422 1289 2828 1359 negabantque
2860 1289 3039 1343 Deum
3054 1287 3273 1358 aliquid
3307 1302 3526 1343 curare.
3561 1290 3668 1343 aut

2024 1375 2222 1447 aliqua
2250 1378 2380 1445 ejus
2407 1377 2774 1448 providentia
2797 1378 3079 1431 mundum
3106 1377 3437 1448 gubernari.
3455 1378 3672 1431 Verum

2023 1465 2145 1521 haec
2175 1464 2261 1519 illi
2290 1470 2409 1521 tam
2442 1465 2640 1537 impie,
2673 1481 2847 1536 quam
2879 1469 3080 1520 contra
3119 1464 3483 1519 conscientias
3549 1479 3671 1519 suae

2024 1553 2295 1610 stimulos
2325 1554 2715 1624 objectabant,
2750 1557 2815 1608 ut
2842 1553 3084 1625 impune
3115 1567 3371 1624 peccare,
3404 1557 3464 1607 et
3492 1553 3673 1623 quod-

2024 1643 2165 1699 libet
2194 1658 2364 1714 agere
2392 1646 2648 1714 possent.
2687 1642 2795 1698 Sed
2840 1641 3163 1710 Octavium,
3197 1640 3246 1696 si
3276 1640 3456 1709 lubet,
3510 1640 3670 1697 varia

2021 1731 2122 1788 illa
2150 1735 2497 1804 argumenta
2546 1729 2923 1798 refellentem,
2970 1734 3028 1786 et
3083 1731 3435 1785 evertentem
3465 1728 3665 1785 audia-

2025 1838 2179 1878 mus.

2591 1934 2850 1992 ARTICU
2861 1934 2986 1991 LUS
3019 1935 3114 1990 III.

2093 2023 2361 2097 Quomodo
2424 2024 2679 2082 Octavius
2727 2025 3014 2097 superiora
3071 2024 3288 2081 chiliz’
3338 2028 3663 2095 argumenta

2515 2097 2785 2171 inﬁrmet,
2819 2104 2875 2179 et
2900 2096 3169 2151 destruat.

2090 2213 2329 2285 Objecta
2358 2212 2471 2269 sibi
2496 2229 2531 2269 a
2559 2211 2787 2269 Cecilio
2817 2214 3020 2268 contra
3048 2210 3306 2267 divinam
3354 2208 3664 2266 Providen-

2022 2302 2163 2359 tiam
2192 2306 2541 2373 argumenta
2585 2300 2855 2356 Octavius
2906 2303 3069 2355 tanta
3094 2297 3408 2366 'facilitate,
3440 2300 3663 2369 quanta

2022 2391 2317 2448 soliditate
2359 2389 2533 2445 diluit
2579 2388 2962 2459 funditusque
2992 2385 3259 2443 destruit.
3313 2386 3444 2441 Jam
3502 2385 3661 2441 enim

2022 2479 2323 2552 proposita
2351 2479 2422 2534 ab
2451 2476 2702 2533 ethnicis
2751 2480 3134 2549 tyrannorum
3190 2472 3534 2542 Phalaridis,
3592 2488 3660 2530 ac

2022 2568 2281 2640 Dionysii
2312 2571 2485 2639 atque
2512 2566 2687 2622 etiam
2718 2564 2992 2635 Socratis,
3026 2563 3267 2629 summi,
3299 2563 3655 2633 ut'aiebant,

2020 2656 2390 2727 mirandique
2419 2653 2750 2726 philosOphi
2779 2651 3062 2724 exempla,
3095 2652 3166 2707 ab
3189 2650 3261 2706 iis
3291 2650 3435 2723 ipsis
3456 2660 3657 2707 eversa

2019 2742 2501 2801 animadvertisti.
2550 2743 2637 2797 Ad
2690 2742 2834 2796 illud
2866 2746 3061 2796 autem
3122 2738 3275 2811 quod
3310 2738 3524 2794 dicitur
3584 2754 3654 2794 ex

2021 2832 2389 2897 fulminibus,
2448 2847 2574 2901 quae
2622 2834 2808 2899 {casso
2850 2828 3130 2899 irritoque
3187 2826 3327 2892 ictu,
3381 2830 3481 2880 aut
3538 2824 3656 2880 ullo

2023 2922 2243 2992 absque
2274 2918 2614 2975 discrimine
2646 2917 2771 2973 loca
2826 2933 2992 2972 sacra
3016 2922 3072 2971 et
3101 2915 3361 2987 profana,
3412 2913 3658 2985 piosque

2023 3015 2080 3067 et
2145 3009 2357 3082 impios
2430 3007 2700 3063 homines
2748 3004 2980 3061 feriunt.
3028 3003 3298 3061 Octavius
3348 3001 3661 3074 respondet

2025 3103 2255 3155 tantum
2289 3097 2513 3162 abesse,
2548 3099 2614 3150 ut
2646 3094 2780 3149 inde
2811 3093 2993 3149 Deum
3025 3108 3153 3148 esse
3182 3105 3486 3163 negemus,
3520 3089 3660 3161 quia

2026 3188 2243 3261 potius,
2280 3208 2308 3237 «
2340 3185 2398 3241 in
2432 3184 2659 3250 mundi,
2695 3206 2716 3233 ι
2742 3181 2955 3253 inquit,
2989 3204 3017 3231 ‹‹
3064 3179 3339 3236 omnibus
3399 3178 3660 3235 motibus

2019 3277 2295 3332 virtutem
2326 3276 2455 3343 ejus
2485 3288 2718 3343 semper
2747 3274 3088 3342 praesentem
3130 3267 3470 3339 aspicimus,
3526 3282 3663 3322 cum

2020 3368 2206 3431 tonat,
2270 3362 2547 3435 fulgurat,
2634 3359 2926 3426 fulminat,
2992 3373 3127 3413 cum
3173 3360 3422 3412 serenat.
3471 3378 3493 3405 ι
3546 3355 3664 3411 Nos

2021 3454 2315 3510 enimvero
2348 3452 2499 3506 sicut
2533 3454 2731 3516 Deum,
2764 3452 2821 3503 et
2849 3446 3308 3519 omnipotentem
3358 3445 3487 3515 ejus
3546 3443 3661 3499 vir-

2024 3545 2230 3612 tutem,
2279 3540 2338 3594 in
2385 3537 2512 3595 coeli
2554 3537 2885 3602 serenitate,
2934 3536 3017 3591 ita
3054 3535 3113 3589 in
3162 3531 3431 3589 maximis
3480 3531 3660 3603 hujus

2024 3625 2665 3698 turbulentissimisque
2719 3622 3163 3696 tempestatibus
3266 3621 3666 3694 agnoscimus.

2027 3723 2095 3774 Et
2142 3722 2293 3774 certe
2342 3716 2447 3772 etsi
2501 3731 2671 3771 nemo
2718 3719 2859 3769 tunc
2914 3716 3091 3767 Deum
3144 3710 3433 3782 corporeis
3480 3709 3665 3766 oculis

2025 3809 2239 3875 videat,
2263 3806 2396 3878 quis
2427 3804 2695 3859 dubitare
2747 3807 2941 3858 tamen
2993 3805 3182 3873 potest
3210 3800 3420 3855 horum
3476 3802 3672 3854 tanto-

2030 3913 2159 3952 rum
2192 3903 2455 3951 motuum
2489 3892 2743 3964 primum
2790 3907 2918 3946 esse
2940 3892 3256 3957 auctorem,
3306 3902 3479 3958 quem
3526 3890 3668 3940 tunc

2028 3984 2196 4040 timet
2243 3999 2309 4038 ac
2325 3985 2558 4038 veretur
2584 3980 2612 4037 ‘I
2643 3984 2789 4036 Nam
2830 3979 3046 4035 idcirco
3085 3977 3344 4034 tonitrua
3376 3974 3671 4045 mugiunt,

2030 4074 2112 4129 ait
2142 4070 2560 4140 Tertullianus,
2587 4090 2616 4119 «
2639 4072 2705 4123 ut
2733 4066 3000 4122 homines
3030 4068 3381 4129 terreantur,
3409 4082 3437 4112 »
3486 4076 3675 4133 eoque

2030 4167 2251 4219 terrore
2278 4157 2528 4231 improbi
2559 4159 2628 4213 ad
2662 4156 2955 4212 saniorem
2996 4157 3245 4209 mentem
3302 4151 3559 4219 redeant,
3620 4152 3678 4206 et

2034 4250 2350 4324 implorent
2380 4247 2480 4303 Dei
2524 4242 2985 4302 misericordiam
3050 4239 3320 4313 (Tertul.,
3378 4239 3673 4311 Apotoget,

254 4334 377 4388 lib.
406 4349 468 4387 iv
522 4331 748 4398 Strom.,
799 4347 933 4403 pag.
980 4332 1133 4403 504.)
1168 4332 1237 4387 Et
1268 4331 1439 4403 paulo
1488 4328 1837 4402 postmzart
1867 4326 1926 4384 δὲ
2036 4357 2163 4411 cap,
2218 4339 2304 4402 17,
2356 4352 2487 4409 pag.
2551 4334 2659 4405 18),
2713 4333 2822 4389 Sed
2873 4332 2942 4387 de
2998 4327 3358 4385 Tertulliano
3408 4343 3512 4383 nos
3571 4342 3675 4382 suo

267 4420 564 4495 βοηθεῖσθε
596 4416 994 4491 διωκόμενοι...
1031 4441 1059 4471 ‹‹
1093 4421 1210 4476 Cur
1240 4424 1434 4477 autem
1468 4436 1599 4476 cum
1647 4437 1748 4475 vos
1793 4437 1914 4492 per-

2036 4428 2184 4483 loco.

258 4514 628 4580 sequuntur,
654 4508 801 4563 nihil
829 4509 991 4563 vobis
1014 4509 1252 4564 affertur
1268 4508 1534 4564 auxilii...
1561 4509 1772 4579 »(lbid.
1794 4524 1925 4579 pag.
1964 4502 2006 4564 D
2108 4514 2371 4571 Secunda
2400 4510 2612 4567 Caecilii
2644 4510 2925 4565 adversus
2948 4506 3045 4561 Dei
3096 4504 3523 4561 Providentiam
3584 4520 3676 4560 ar-

253 4600 424 4671 505-)
462 4600 625 4670 ΑΙ)υά
648 4599 966 4654 Ευεθὺίυω
993 4614 1228 4669 quoque
1287 4599 1699 4669 Lugdunensis
1757 4597 1929 4652 Vien-
2038 4604 2424 4676 gumentatio,
2459 4600 2530 4654 ab
2572 4598 2702 4654 aliis
2735 4594 3071 4667 gentilibus,
3132 4600 3188 4650 et
3244 4594 3432 4650 atheis
3464 4593 3677 4665 saepius

256 4687 600 4758 οειιείείιιιθ
629 4685 885 4742 Εοοίθθία
911 4686 1203 4742 scribebat
1225 4704 1243 4739 -‘
1275 4685 1338 4739 Οἳ
1367 4687 1521 4743 4⁵³
1573 4681 1631 4739 δὶ
1673 4682 1930 4739 ἓπιεικέσο
2040 4709 2144 4749 nec
2174 4692 2301 4748 sine
2325 4688 2558 4744 fastidio
2589 4685 2846 4757 repetita,
2880 4685 3208 4739 desumitur
3262 4700 3333 4738 ex
3388 4682 3678 4739 malorum

253 4795 446 4849 τεροι,
502 4773 594 4828 καὶ
622 4774 760 4829 κατᾶ
785 4774 959 4828 ποσὸν·
993 4775 1290 4847 συμπαθεῖν
1321 4770 1622 4845 δοκοῦντες,
1655 4770 1914 4841 ὠνείδιζοη

2041 4778 2435 4852 quorumdam
2456 4775 2760 4831 hominum
2796 4770 3088 4843 felicitate,
3118 4776 3176 4828 et
3230 4770 3518 4827 honorum
3569 4769 3679 4825 mi-

261 4864 448 4933 πολὺ,
512 4862 788 4938 λέγοντες.
849 4866 963 4918 Ποῦ
1022 4864 1050 4917 ὁ
1108 4863 1236 4924 Θεὸς
1294 4861 1490 4931 αὐτῶν,
1535 4862 1624 4916 καὶ
1654 4861 1705 4916 τί
1737 4859 1914 4916 aiatait:

2041 4868 2214 4925 seria.
2248 4868 2511 4933 Quonam
2544 4861 2699 4919 enim
2733 4860 2926 4931 modo,
2965 4859 3261 4932 inquiunt,
3310 4864 3462 4913 Deus
3518 4868 3679 4928 aeque

267 4950 489 5022 ὤνησεν
518 4955 556 5022 ἡ
606 4952 886 5027 θρησκεία,
937 4953 1004 5021 ἢν
1036 4950 1127 5006 καὶ
1180 4952 1287 5027 πρὸ
1349 4957 1450 5020 τῆς
1483 4951 1683 5007 ἑαυτῶν
1718 4950 1914 5007 εῗλοντ‹

2036 4959 2239 5030 justus
2258 4972 2325 5011 ac
2357 4956 2562 5026 potens
2591 4951 2711 5006 haec
2747 4950 2894 5003 terre
2950 4946 3291 5021 potuisset?
3333 4946 3439 5001 Sed
3491 4943 3680 4998 Minu-

269 5043 510 5117 ψυχῆς;
556 5064 585 5093 α
624 5041 900 5098 Nonnulli
951 5041 1121 5114 paulo
1155 5041 1460 5113 aequiores,
1519 5046 1578 5097 et
1615 5041 1713 5113 qui
1747 5041 1914 5097 vicen

2045 5047 2171 5103 eius
2203 5044 2368 5101 facile
2395 5041 2836 5110 luculenterque
2866 5036 3119 5091 ostendit
3150 5050 3283 5089 eum
3334 5032 3522 5089 solum
3555 5045 3684 5088 esse

276 5136 549 5189 nostram
585 5132 781 5187 dolere
810 5132 1244 5202 quodammodo
1293 5131 1662 5196 videbantur,
1724 5146 1914 5200 expro

2044 5135 2292 5203 felicem,
2326 5132 2425 5203 qui
2451 5145 2655 5185 verum
2673 5119 2834 5181 454'
2852 5130 3031 5179 Deum
3056 5120 3370 5193 cognoscit,
3400 5119 3569 5190 eique
3591 5118 3684 5189 pie

282 5222 539 5278 braballt
568 5221 910 5285 identidem.
955 5220 1073 5275 δωο
1121 5219 1429 5275 dicentes:
1494 5219 1595 5274 Ubi
1647 5223 1735 5273 est
1786 5224 1937 5273 0608
2046 5209 3685 5283 aofideliterservitetobtemperat.Adinfirmandamvero

284 5326 515 5376 eorum,
546 5313 605 5365 et
633 5309 772 5380 quid
810 5307 928 5364 illis
960 5307 1177 5379 profuit
1208 5308 1327 5363 haec
1372 5306 1603 5377 religio,
1644 5307 1736 5361 cui
1759 5305 1914 5361 vitau

2046 5312 2253 5369 Czecilii
2286 5304 2849 5380 argumentationem
2881 5300 3089 5355 iisdem
3138 5297 3484 5370 plerumque
3515 5301 3688 5367 atque

288 5413 519 5471 quoque
579 5415 747 5454 suam
798 5396 1308 5468 postposuerunt?
1341 5417 1362 5447 ι
1417 5396 1674 5465 (Euseb.,
1751 5393 1853 5449 lib.
1904 5411 1914 5433 τ

2049 5404 2289 5466 Seneca,
2319 5394 2551 5452 tametsi
2583 5391 2847 5454 Ethicus,
2906 5393 2962 5443 et
3020 5388 3345 5442 rationibus
3402 5390 3460 5441 et
3496 5385 3689 5441 verbis

2050 5491 2235 5545 utitur
2265 5486 2515 5553 (Senec.,
2564 5479 2664 5532 lib.
2729 5476 2906 5544 Quare
2939 5475 3079 5529 viris
3102 5475 3275 5544 bonis,
3310 5477 3443 5540 etc.,
3478 5490 3531 5541 p.
3582 5472 3686 5525 488

2050 5583 2109 5635 et
2133 5576 2317 5647 seqq).

292 5491 518 5555 Hi:tor.,
550 5505 677 5559 cap.
709 5491 762 5553 2,
796 5502 927 5557 pag.
964 5486 1110 5555 165.)

360 5587 656 5645 Omnibus
688 5585 885 5656 itaque
914 5582 1008 5640 his
1042 5582 1405 5655 argumentis
1435 5597 1570 5638 cum
1601 5581 1726 5653 ipse
1766 5580 1939 5638 Ceci-
