4088 6150
341 332 344 336 -
446 289 564 348 467

1725 287 1828 346 DE
1871 284 2177 347 MINUCII
2221 285 2563 349 OCTAVIO
3679 294 3779 355 468

525 418 713 474 Primo
743 415 941 488 itaque
970 414 1202 488 penitus
1225 419 1398 487 negat
1427 430 1524 472 eos
1555 432 1682 472 esse
1730 414 1948 484 felices,
1983 415 2086 488 qui
2115 418 2172 483 Α
2270 417 2420 476 456
2457 418 2580 474 Huc
2610 416 2850 485 accedit,
2881 416 3035 488 quod
3059 429 3251 482 nemo,
3284 416 3363 470 uti
3384 416 3647 477 Minucius
3671 429 3778 492 post

454 507 674 562 divitiis
705 505 967 569 affluant,
1018 503 1106 558 vel
1139 503 1535 575 amplissimos
1567 504 1853 560 honorum
1898 504 2092 577 digni-
2201 509 2476 561 Senecam
2508 507 2609 575 ait,
2645 530 2671 556 ‹‹
2707 511 2826 561 tam
2863 520 3084 577 pauper
3113 503 3446 575 vivit,quam
3477 523 3676 579 pauper
3702 529 3784 566 na-

448 599 751 663 tatumque
782 592 1000 663 gradus
1033 591 1224 663 adepti
1247 599 1406 647 sunt.
1441 592 1627 649 Altius
1658 595 1950 666 siquidem
1984 593 2092 649 tol-
2201 596 2298 649 tus
2328 598 2439 650 est.
2472 616 2500 645 »
2533 595 2668 649 Inde
2687 596 2880 649 autem
2907 592 3080 647 infert
3107 592 3318 646 Seneca
3347 597 3780 654 contemnendam

451 685 674 748 luntur,
716 686 782 736 ut
812 681 1046 755 gravius
1076 679 1381 747 decidant;
1417 681 1504 737 vel
1539 681 1708 738 sicuti
1741 683 2095 738 Claudianus
2203 698 2332 740 esse
2383 686 2782 754 paupertatem
2841 682 3024 753 (Sen.,
3077 679 3178 735 lib.
3239 681 3310 736 De
3378 681 3554 747 Prom,
3616 700 3706 755 cap
3742 689 3789 757 6,

457 769 664 826 cecinit
699 786 712 827 :
2204 785 2336 843 pag.
2359 771 2506 842 504).
2540 770 2756 826 Deinde
2786 771 2939 842 quod
2973 768 3335 824 Christianos
3367 774 3589 840 spectat,
3629 771 3791 829 Minu-

2206 857 2333 913 cius
2388 857 2544 912 haud
2569 857 2907 913 dubitanter
2935 856 3145 912 asserit
3165 854 3292 910 illos
3322 872 3481 926 posse
3518 857 3722 915 divitias
3748 864 3796 916 et

2207 944 2530 1013 facultates,
2565 945 2614 1001 si
2636 945 2721 1002 eis
2739 945 2913 1001 utiles
2932 945 3139 1011 forent,
3172 961 3207 999 a
3229 943 3340 999 Deo
3370 943 3692 1016 impetrare;
3714 949 3798 1003 sed

2208 1032 2340 1088 illas
2371 1032 2444 1088 ab
2475 1031 2619 1105 ipsis
2649 1032 2845 1105 sperni
2877 1036 3046 1105 atque
3069 1030 3458 1087 innocentiam
3485 1033 3729 1090 anteferri
3749 1052 3802 1090 ac

2212 1121 2509 1194 pietatem.

2282 1219 2476 1290 Longe
2507 1222 2700 1274 autem
2735 1218 3006 1285 minoris,
3037 1217 3126 1273 vel
3162 1215 3356 1290 potius
3412 1215 3625 1273 nullius
3669 1218 3811 1290 plane

2213 1307 2496 1363 momenti
2526 1307 2672 1363 illud
2696 1312 2806 1374 est,
2839 1308 2994 1380 quod
3026 1323 3094 1363 ex
3133 1304 3466 1361 miserrima
3515 1306 3816 1363 Judmorum

2212 1395 2547 1451 conditione
2569 1401 2742 1467 urget
2779 1395 3061 1451 Caecilius.
3085 1393 3378 1458 Quamdiu
3394 1395 3542 1449 enim
3567 1394 3728 1450 Deum
3745 1395 3820 1467 pie

985 885 1266 935 Tolluntur
1293 885 1349 934 in
1381 884 1543 935 altum

674 949 739 999 Ut
767 947 917 1012 lapsu
947 948 1220 1020 graviores
1249 947 1460 1020 cedant.

954 1008 1270 1071 (Claudiam,
1301 1008 1334 1059 l.
1365 1023 1382 1058 ι
1412 1009 1466 1058 in
1496 1008 1685 1072 Ruﬁn.)

535 1144 747 1201 Adheec
777 1158 911 1198 vero
941 1141 1025 1208 hi,
1047 1145 1111 1198 ut
1139 1141 1412 1214 victimae,
1437 1143 1782 1216 saginantur
1819 1146 1888 1201 ad
1959 1161 2098 1218 sup-

464 1233 726 1306 plicuim,
757 1235 814 1286 et
859 1235 1140 1302 tanquam
1185 1230 1383 1287 hostiae
1417 1232 1487 1286 ad
1519 1249 1748 1304 pcenam
1818 1250 2100 1290 coronan-

464 1325 580 1377 tur.
613 1319 759 1383 Quid
795 1319 990 1386 etiam,
1020 1320 1173 1390 quod
1207 1319 1534 1376 adulatores
1572 1321 1720 1377 fictis
1778 1322 2103 1394 saepissime

467 1408 770 1465 blanditiis
800 1411 855 1463 et
876 1407 1371 1464 assentationibus
1392 1408 1637 1465 aliorum
1659 1410 1980 1467 abutuntur
2000 1428 2102 1484 po-

470 1496 653 1552 tentia
675 1498 702 1549 ?
2011 1483 2014 1484 ⁷
2212 1488 2530 1556 sancteque
2557 1484 2884 1550 coluerunt,
2917 1483 3199 1555 quamdiu
3263 1483 3562 1556 praeceptis
3585 1485 3698 1554 ejus
3723 1499 3822 1539 mo-

545 1585 822 1639 Praeterea
852 1599 1043 1638 nonne
1068 1582 1226 1638 dives
1250 1605 1279 1632 ‹‹
1311 1583 1553 1639 fortuna
1587 1584 1737 1641 male
1766 1585 2040 1642 creditur.
2075 1607 2104 1636 »
2213 1587 2334 1628 rem
2366 1571 2570 1628 εθάυίο
2601 1577 2926 1644 Haeserunt.
2963 1573 3189 1628 tamdiu
3219 1572 3353 1627 ίηοε
3384 1571 3643 1628 secundis
3672 1572 3816 1629 rebus

377 1671 384 1678 ’
473 1673 664 1745 inquit
685 1672 992 1739 Minucius,
1011 1672 1668 1743 ejusqueinconstantiaa
1686 1675 2108 1730 committitur?

2235 1663 2272 1716 ιι
2322 1660 2482 1715 omni
2533 1661 2988 1732 prosperitatum
3049 1677 3279 1732 genere,
3324 1677 3445 1716 non
3477 1660 3692 1732 magnis
3717 1660 3820 1715 sine

477 1767 673 1817 Nonne
733 1759 948 1815 divitiis
1001 1760 1146 1830 suis,
1200 1765 1480 1832 tanquam
1526 1762 1757 1830 viatico,
1811 1764 1882 1817 ad
1940 1764 2110 1819 breve

2235 1747 2544 1816 niraculis,
2576 1765 2715 1804 usos
2746 1765 2873 1804 esse
2904 1753 3152 1804 constat.
3189 1754 3263 1804 At
3300 1753 3604 1821 postquam
3655 1748 3826 1819 impie-

477 1849 900 1907 conﬁciendum
934 1847 1063 1903 vitae
1084 1847 1213 1916 iter,
1245 1848 1442 1904 minus
1488 1849 1893 1922 ιοουριειαιυιι,
1936 1868 2113 1923 quam
2143 1837 2182 1843 '
2225 1840 2346 1892 tate
2373 1837 2612 1909 suisque
2641 1837 2959 1893 sceleribus
2991 1837 3172 1892 Deum
3206 1838 3606 1902 deseruerunt,
3627 1840 3740 1891 tum
3767 1837 3824 1891 ab

479 1942 751 1995 oneratur
777 1937 804 1992 τι
832 1940 948 1992 Rex
970 1941 1188 2004 autem,
1223 1941 1343 1992 tam
1372 1937 1554 2003 timet,
1578 1955 1756 2010 quam
1775 1939 2038 2007 timetur,
2061 1945 2120 1997 et
2228 1940 2294 1980 eo
2325 1924 2560 1993 deserti,
2592 1926 2816 1981 debitas
2869 1925 3108 1981 luerunt
3150 1925 3472 1998 impietatis
3529 1941 3640 1982 sua
3683 1924 3830 1980 scele-

481 2028 552 2084 ad
584 2025 906 2098 periculum
938 2023 1099 2080 solus
1129 2028 1236 2080 est.
1261 2025 1407 2081 Nam
1462 2026 1752 2082 Labienus
1811 2044 1845 2084 a
1906 2028 2120 2086 Seneca

2235 2029 2480 2084 rumque
2538 2014 2994 2086 pcenasJAudi,
3054 2031 3274 2086 quaeso,
3360 2013 3592 2070 Minucii
3643 2013 3829 2068 verba:

485 2114 695 2170 citatus
721 2118 874 2170 recte
902 2113 1144 2169 canebat
1176 2129 1190 2180 ;
2237 2123 2258 2151 ι
2293 2102 2579 2167 Quamdiu
2612 2107 2791 2166 caste,
2823 2103 3077 2172 innoxie,
3134 2103 3522 2175 religioseque
3551 2101 3834 2167 coluerunt,

651 2259 876 2310 Necesse
903 2262 982 2308 est
1009 2257 1200 2307 multos
1226 2258 1410 2308 timeat
1437 2270 1595 2321 quem
1625 2258 1778 2309 multi
1804 2259 2012 2309 timent.

561 2393 668 2457 Qui
699 2409 830 2450 vero
859 2392 1086 2465 generis
1118 2392 1206 2448 sui
1252 2393 1530 2464 praedicat
1578 2393 1964 2466 nobilitatem,
2010 2413 2125 2454 non

491 2481 750 2554 seipsum
781 2481 1002 2550 laudat,
1033 2483 1134 2539 sed
1166 2486 1456 2554 parentes.
1516 2484 1774 2554 Denique
1803 2486 1903 2555 qui
1949 2486 2126 2542 fasci-

489 2561 603 2626 bus
641 2574 699 2626 et
737 2587 994 2642 purpura
1064 2569 1368 2643 gloriatur,
1418 2570 1514 2626 hic
1582 2581 1774 2628 mente
1819 2574 2124 2630 sordescit.

491 2659 704 2715 Omnes
761 2659 977 2730 quippe
1015 2658 1301 2726 homines,
1347 2659 1468 2716 sive
1521 2676 1806 2732 pauperes
1862 2661 1981 2718 sive
2037 2662 2125 2718 di-

489 2749 656 2816 vites,
688 2749 812 2820 pari
863 2752 1015 2804 sorte
1073 2751 1414 2820 nascuntur,
1464 2747 1588 2805 sola
1646 2749 1858 2807 virtute
1918 2751 2127 2808 distin-

489 2844 772 2912 guuntur.

560 2926 883 2999 Cyprianus
938 2940 1072 2980 vero
1128 2924 1186 2979 in
1247 2941 1355 2980 sua
1400 2926 1471 2980 ad
1532 2926 1824 2984 Donatum
1874 2928 2130 3000 Epistola

492 3014 664 3086 longe
694 3014 1007 3086 capinsius,
1041 3029 1218 3085 quam
1248 3017 1452 3069 auctor
1482 3019 1698 3083 noster,
1750 3017 2130 3088 prosequitur

489 3103 802 3176 (Cyprian.,
851 3104 1008 3174 epist.
1065 3105 1103 3156 2
1150 3101 1219 3156 ad
1268 3103 1486 3170 Donat,
1527 3119 1657 3176 pag-
1697 3106 1732 3158 7
1770 3110 1828 3161 et
1873 3106 1947 3177 8).
1999 3106 2123 3162 Non

493 3194 778 3248 audemus
807 3191 1125 3263 longiorem
1159 3190 1318 3246 illius
1348 3207 1676 3247 sermonem
1705 3192 1997 3265 integrum
2030 3194 2125 3250 hic

492 3281 841 3351 describere,
874 3296 1046 3350 quem
1076 3283 1271 3334 tamen
1330 3278 1540 3351 legisse
1597 3281 1796 3351 procul
1848 3282 2026 3338 dubio
2068 3287 2124 3338 te

490 3388 604 3426 non
639 3368 954 3441 paenitebit.
1005 3369 1300 3424 Addemus
1363 3367 1557 3439 itaque
1605 3367 1746 3424 illud
1780 3371 1934 3441 quod
1994 3371 2122 3427 bre-

490 3459 620 3514 vius
680 3458 750 3514 ab
781 3456 1024 3529 Apuleio
1074 3456 1360 3528 scriptum
1392 3457 1677 3529 legimus:
1715 3480 1743 3507 «
1796 3458 2124 3516 Generosus

492 3552 580 3602 est
600 3548 627 3600 ἱ)
662 3547 930 3602 Parentes
961 3545 1188 3600 laudas.
1222 3545 1390 3600 Dives
1417 3551 1506 3601 est
1534 3546 1562 3601 ?
1624 3546 1748 3602 Non
1780 3547 1949 3604 credo
2008 3549 2123 3604 for-

489 3640 662 3690 tuna}.
699 3635 877 3708 Magis
905 3635 1020 3690 ista
1048 3633 1399 3701 dinumero.,
1429 3633 1670 3691 Validus
1697 3641 1787 3692 est
1815 3636 1843 3692 ?
1870 3638 2125 3711 .IEgrltu-

490 3725 624 3780 dine
658 3722 1013 3794 fatigabitur.
1046 3721 1252 3778 Pernix
1278 3726 1408 3778 est?
1439 3723 1634 3780 Abibit
1660 3724 1718 3778 in
1743 3731 2121 3782 senectutem.

489 3813 800 3880 Formosus
829 3811 963 3866 est?
991 3815 1270 3882 Exspecta
1302 3810 1619 3883 paulisper,
1652 3817 1705 3868 et
1768 3831 1881 3868 non
1941 3815 2068 3870 erit.
2094 3836 2123 3865 »

486 3899 707 3974 (Apul.,
750 3900 815 3955 de
875 3903 984 3954 Deo
1040 3899 1248 3955 Socrat.
1307 3900 1417 3954 sub
1475 3901 1696 3970 finem.)
1753 3901 1898 3957 Vide
1947 3903 1996 3958 si
2029 3902 2125 3959 lu-

486 3989 602 4057 bet,
639 3987 884 4044 citatum
914 4005 947 4043 a
974 3988 1142 4044 nobis
1175 3989 1402 4044 Senecas
1433 3988 1650 4044 librum
1683 3991 1753 4045 de
1809 3992 2124 4048 Providen-

486 4078 587 4142 tia,
645 4077 764 4132 sive
806 4078 993 4142 Quare
1048 4077 1216 4133 bonis
1273 4077 1410 4132 viris
1461 4077 1616 4132 mala
1666 4078 1953 4150 accidant,
1987 4097 2122 4137 cum

487 4165 566 4220 sit
599 4164 986 4232 Providentia,
1021 4168 1194 4235 atque
1223 4164 1283 4219 in
1314 4164 1469 4220 hunc
1498 4164 1713 4220 librum
1760 4167 1967 4223 Mureti
2024 4168 2124 4225 Di-

485 4254 891 4324 sputationem,
924 4253 974 4307 el
1006 4251 1259 4320 Morellii,
1318 4257 1494 4325 atque
1552 4253 1797 4310 aliorum
1848 4256 2125 4314 Observa-

483 4340 694 4399 tiones.

559 4431 751 4502 Pergit
788 4429 1100 4496 Minucius,
1152 4446 1218 4485 ac
1249 4430 1628 4503 desumptum
1687 4448 1755 4488 ex
1805 4434 2122 4506 proborum

2233 2190 2514 2261 quamdiu
2540 2191 2845 2264 praeceptis
2893 2190 3253 2247 salutaribus
3313 2192 3836 2262 obtemperaverunt,

2235 2278 2306 2332 de
2335 2278 2537 2348 paucis
2567 2279 2860 2335 innumeri
2894 2279 3050 2347 facti,
3085 2280 3157 2335 de
3185 2278 3496 2352 egentibus
3529 2278 3737 2342 divites,
3783 2278 3839 2331 de

2235 2367 2621 2423 servientibus
2652 2383 2816 2439 reges
2850 2386 2864 2436 ;
2898 2368 3111 2424 modici
3147 2369 3394 2435 multos,
3436 2366 3637 2423 inermi
3674 2381 3837 2420 arma-

2234 2457 2349 2521 tos,
2380 2456 2521 2510 dum
2543 2456 2775 2528 fugiunt
2805 2457 3200 2529 insequentes,
3233 2458 3333 2513 Dei
3354 2458 3531 2528 jussu
3552 2459 3605 2512 et
3626 2455 3841 2511 elemen-

2235 2543 2312 2598 tis
2369 2544 2770 2601 adnitentibus
2795 2546 3183 2602 obruerunt...
3220 2546 3310 2602 lta
3341 2546 3505 2618 prius
3560 2561 3653 2600 eos
3706 2543 3842 2597 dese-

2237 2631 2426 2688 ruisse
2456 2634 2933 2706 comprehendes,
2956 2651 3135 2707 quam
3153 2651 3288 2692 esse
3320 2637 3601 2705 desertos,
3622 2649 3717 2689 nec
3731 2645 3842 2687 cum

2239 2721 2351 2776 Deo
2383 2738 2488 2777 suo
2519 2727 2741 2795 captos,
2774 2724 2878 2779 sed
2901 2741 2935 2780 a
2964 2724 3080 2780 Deo
3103 2729 3168 2780 ut
3188 2722 3841 2796 disciplinaetransfugas,

2240 2808 2492 2866 deditos.
2537 2833 2565 2860 υ

2315 2904 2512 2978 Neque
2543 2907 2823 2976 Ceciliae,
2857 2912 2958 2964 aut
2987 2908 3160 2977 alius,
3211 2909 3470 2980 quilibet
3540 2906 3848 2980 respondere

2237 3004 2462 3074 poterat
2490 2997 2636 3054 illud
2667 2998 2848 3069 gratis
2881 3015 2914 3053 a
2943 2997 3197 3054 Minucio
3257 2999 3486 3066 fletum,
3510 2997 3658 3070 quod
3688 2995 3740 3050 in
3768 3010 3848 3050 eo-

2239 3090 2510 3146 rumdem
2540 3087 2872 3141 Judmorum
2905 3085 3146 3157 scriptis
3175 3092 3413 3143 aeternae
3445 3085 3726 3143 memoria:
3753 3089 3849 3138 tra-

2240 3179 2452 3244 ditum,
2485 3175 2705 3248 passim
2739 3176 2959 3246 ubique
2989 3175 3222 3247 legitur.
3261 3175 3425 3232 Nihil
3472 3175 3627 3232 enim
3681 3173 3735 3228 in
3785 3169 3854 3226 eis

2235 3272 2439 3324 contra
2464 3281 2527 3319 se
2568 3280 2826 3334 suosque
2881 3269 3150 3334 parentes
3197 3266 3512 3338 scripsere,
3572 3262 3679 3318 nisi
3724 3258 3853 3332 quod

2233 3361 2335 3413 aut
2362 3360 2550 3410 tacere
2580 3357 2680 3408 aut
2710 3352 3085 3409 dissimulare
3117 3371 3234 3409 non
3272 3359 3517 3425 poterat.
3541 3350 3707 3408 Addit
3744 3362 3852 3403 vero

2236 3443 2535 3500 Minucius
2566 3459 2632 3498 eo
2665 3441 2853 3514 magis
2884 3458 3013 3498 reos
3046 3442 3230 3498 fuisse
3261 3444 3524 3513 Judmos,
3558 3441 3704 3513 quod
3755 3438 3853 3491 haec

2233 3532 2430 3590 omnia
2459 3531 2518 3586 in
2559 3531 2769 3586 iisdem
2801 3530 3035 3586 illorum
3069 3531 3238 3588 libris
3274 3533 3447 3604 longo
3475 3537 3606 3587 aute
3625 3534 3849 3598 tempore

2233 3623 2472 3678 fuerunt
2503 3620 2797 3692 praedicta,
2832 3636 3007 3691 quam
3035 3620 3383 3676 acciderint.

2307 3725 2458 3776 Duos
2487 3722 2680 3774 antem
2711 3722 2988 3789 praeterea
3008 3722 3188 3775 testes
3219 3719 3600 3788 :nominatim
3633 3711 3854 3788 appellat

2231 3808 2557 3880 Josephum
2587 3811 2644 3863 et
2671 3805 2987 3862 Antonium
3017 3806 3348 3863 Julianum.
3410 3810 3485 3862 At
3541 3806 3693 3878 prior
3739 3815 3854 3857 sane

2233 3899 2393 3955 omni
2428 3897 2540 3952 fide
2570 3897 2679 3952 hac
2711 3895 2769 3951 in
2804 3911 2864 3951 re
2894 3897 3082 3968 major
3107 3901 3255 3953 erat.
3287 3897 3537 3954 Judaus
3595 3891 3852 3965 siquidem

2235 3986 2369 4057 fuit,
2402 3992 2577 4056 atque
2608 3986 2663 4040 in
2697 3984 2884 4053 libris,
2919 4002 3068 4058 quos
3097 3986 3169 4042 de
3199 3991 3382 4059 gente
3432 4003 3563 4054 sua,
3621 3981 3854 4050 belloque

2232 4075 2472 4132 Judaico
2503 4074 2754 4144 scripsit,
2787 4074 3004 4145 quique
3033 4076 3302 4130 omnium
3367 4075 3643 4131 manibus
3695 4077 3854 4125 terun-

2235 4168 2352 4231 tur,
2383 4163 2575 4234 quivis
2596 4179 2682 4230 ea,
2704 4178 2830 4234 qua:
2854 4161 3143 4218 Minucius
3168 4164 3378 4232 refert,
3400 4163 3593 4236 legere
3613 4157 3854 4217 facillime

2237 4253 2463 4326 poterit.
2525 4251 2813 4307 Posterior
2891 4266 3126 4323 quoque
3185 4252 3261 4307 de
3319 4252 3568 4321 Judmis,
3623 4254 3684 4305 ut
3734 4244 3854 4302 satis

2235 4345 2431 4414 aperte
2460 4339 2747 4398 Minucius
2786 4339 2997 4406 innuit,
3059 4341 3529 4397 commentarios
3559 4337 3854 4408 divulgave-

2236 4435 2345 4485 rat.
2377 4431 2487 4486 Sed
2535 4428 2769 4485 illorum
2820 4430 3115 4498 jacturam
3143 4446 3176 4484 a
3205 4434 3331 4486 tam
3397 4431 3574 4501 longo
3628 4433 3858 4496 tempore

487 4518 793 4573 hominum
851 4521 1213 4589 paupertate,
1259 4519 1635 4589 adversisque
1675 4521 1906 4577 casibus
1950 4541 2125 4596 argu-
2159 4506 2202 4571 D
2237 4519 2499 4588 fecimus,
2531 4522 2597 4573 ut
2625 4518 2726 4589 qui
2763 4517 2852 4573 vel
2909 4533 3111 4573 eorum
3151 4518 3240 4573 vel
3302 4519 3624 4591 ipsiusmet
3667 4507 3858 4572 Julianl

490 4610 752 4664 mentum
786 4605 962 4660 simili
994 4606 1474 4678 modolexplodit.
1522 4608 1601 4663 Ea
1632 4609 1925 4666 enimvero
1974 4629 2124 4683 pau-

488 4698 682 4764 pertas
713 4693 917 4764 inquit,
953 4711 1140 4765 neque
1182 4695 1424 4751 infamia
1454 4705 1563 4765 est,
1617 4713 1804 4769 neque
1864 4699 2120 4766 miseria,

487 4783 586 4838 sed
619 4781 824 4855 gloria,
855 4782 1202 4855 virtutisque
1235 4786 1645 4857 comparandae
1674 4802 1738 4842 ac
1761 4788 2121 4844 stabiliendis

483 4872 727 4928 occasio.
759 4870 966 4926 Noster
994 4872 1284 4944 siquidem
1320 4895 1341 4924 ι
1396 4874 1629 4929 animus
1683 4880 1746 4929 ut
1776 4874 1912 4931 luxu
1954 4877 2123 4932 solvi-

482 4965 598 5027 tur,
630 4961 713 5016 ita
744 4960 1067 5032 frugalitate
1099 4961 1384 5017 firmatur.
1412 4987 1433 5014 ι
1471 4961 1690 5017 Deinde
1720 4979 1850 5019 vero
1881 4966 1939 5019 in
1989 4982 2120 5037 ege-

483 5052 630 5105 state
661 5050 820 5104 dives
867 5054 974 5119 est,
1028 5049 1126 5122 qui
1161 5049 1304 5103 nihil
1350 5049 1760 5121 concupiscit:
1815 5068 2035 5124 pauper
2091 5068 2122 5107 e

481 5137 768 5194 contrario
818 5138 913 5194 ille
959 5144 1065 5208 est,
1118 5137 1216 5209 qui
1284 5137 1502 5192 divitiis
1576 5139 1904 5211 abundans,
1956 5140 2124 5212 plura

481 5227 670 5282 adhuc
728 5227 1037 5283 desiderat.
1092 5228 1478 5290 Quamobrem
1528 5229 1885 5298 Pomponius
1936 5230 2121 5286 Rufus

479 5316 633 5385 apud
665 5314 960 5369 Valerium
997 5315 1312 5368 Maximum
1346 5314 1605 5370 dicebat:
1631 5338 1658 5365 ‹‹
1684 5316 1894 5372 Omnia
1925 5317 2119 5381 habet,

481 5403 578 5472 qui
613 5401 756 5455 nihil
789 5401 1171 5473 concupiscit,
1196 5417 1261 5456 eo
1295 5401 1524 5474 quidem
1561 5406 1794 5472 certius,
1816 5423 1987 5478 quam
2019 5408 2117 5479 qui

478 5492 690 5545 cuncta
722 5489 999 5560 possidet.
1027 5514 1048 5543 ι
1086 5489 1293 5562 (Valer.
1350 5492 1610 5560 Maxim.,
1642 5493 1743 5550 lib.
1787 5512 1866 5562 xv,
1925 5513 2030 5568 cap
2089 5498 2121 5553 4

474 5577 736 5649 Prom.)

2232 4606 2586 4672 meminerit,
2609 4607 2703 4660 vix
2733 4605 2889 4661 ullus
2922 4611 3131 4678 praeter
3153 4612 3463 4663 auctorem
3497 4609 3753 4662 nostrum
3779 4613 3857 4654 oc-

2231 4700 2448 4752 currat.
2483 4694 2692 4751 Nullus
2741 4699 2960 4763 tamen,
3005 4694 3118 4750 nisi
3141 4694 3314 4766 plane
3369 4693 3730 4759 incredulus,
3779 4701 3861 4743 nec

2230 4801 2368 4857 gare
2397 4787 2590 4856 potest
2618 4799 2686 4839 ea
2710 4799 2847 4839 vera
2887 4799 3037 4855 esse,
3089 4800 3215 4856 quae
3274 4801 3311 4840 a
3370 4783 3630 4841 Minucio
3689 4780 3859 4836 nostro

2232 4874 2628 4946 proferuntur.

2300 4971 2360 5026 Si
2383 4970 2516 5042 quis
2546 4973 2763 5037 autem,
2788 4968 3012 5024 Caecilio
3049 4969 3360 5025 morosior.
3392 4969 3586 5025 altum
3617 4983 3714 5039 pro
3770 4962 3858 5018 Ju-

2231 5057 2384 5114 liano
2414 5063 2622 5113 testem
2673 5057 2784 5113 sibi
2830 5056 2995 5113 citari
3045 5057 3326 5129 postulet,
3360 5059 3412 5114 ei
3471 5058 3729 5130 protinus
3775 5050 3859 5106 da-

2231 5146 2425 5201 bimus
2454 5146 2872 5202 Tertullianum
2907 5147 3078 5217 cujus
3111 5146 3228 5202 haec
3279 5149 3463 5203 verba
3489 5151 3659 5202 sunt:
3694 5143 3862 5197 «Tan-

2230 5239 2356 5290 tum
2389 5235 2608 5290 Judaeis
2641 5239 2765 5290 erat
2794 5235 2948 5306 apud
2983 5235 3165 5290 Deum
3227 5236 3446 5306 gratia,
3467 5237 3541 5290 ob
3594 5232 3860 5303 insignem

2222 5324 2520 5392 justitiam
2548 5328 2605 5378 et
2637 5324 2807 5379 fidem
2831 5323 3206 5395 originalium
3231 5329 3572 5393 auctorum,
3598 5315 3858 5377 undeillis

2228 5416 2286 5466 et
2308 5412 2540 5483 generis
2571 5413 2920 5483 magnitudo
2952 5417 3008 5467 et
3039 5414 3196 5482 regni
3255 5413 3605 5468 sublimitas
3665 5404 3860 5470 flomit,

2228 5506 2283 5556 et
2312 5506 2473 5557 tanta
2506 5499 2777 5569 felicitas,
2834 5507 2897 5557 ut
2943 5501 3042 5558 Dei
3085 5501 3325 5557 vocibus
3369 5503 3444 5558 de
3504 5494 3864 5575 promerendo

2228 5589 2344 5646 Deo
2374 5593 2432 5647 et
2463 5606 2577 5648 non
2609 5590 2954 5648 olfendendo
2975 5595 3502 5663 praemonerentur.
3528 5591 3636 5647 Sed
3664 5586 3864 5660 quanta
