4088 6150
413 272 530 333 471

1700 264 1802 325 DE
1844 261 2148 325 MlNUClI
2199 262 2398 324 OG'I‘A
2409 262 2538 325 V10

3669 275 3768 336 4Ἱῖ

414 390 686 474 Aqﬁllus
730 402 789 456 et
827 399 1087 472 Regulus
1142 395 1506 470 pertulerint,
1563 394 1695 452 silet
1743 393 2059 466 Minucius,
2088 395 2146 463 Α
2173 408 2503 452 sermonem
2533 411 2569 453 a
2597 394 2853 452 Minucio
2881 394 3006 451 ﬁeri
3036 394 3108 450 de
3138 392 3351 450 Marcio
3383 396 3759 473 Aquilio,quem

414 491 569 551 haud
599 489 774 545 dubie
802 487 942 561 quia
970 488 1090 543 haec
1132 502 1239 542 suo
1268 490 1527 559 tempore
1584 484 1805 541 nemini
1836 485 2057 539 incom-

414 585 579 655 perta
616 581 800 634 erant.
834 577 945 632 Sed
978 593 1050 632 ne
1078 574 1252 631 alicui
1301 575 1544 631 forsitan
1594 574 1891 646 incognita
1919 573 2056 640 sint,

413 686 481 727 ea
502 667 751 725 breviter
777 664 1223 733 enarrabimus;
1264 664 1335 719 de
1366 664 1535 719 Mucii
1569 668 1763 719 autem
1795 661 2059 717 Scmvolaa

414 756 726 830 supplicio,
760 755 879 810 haec
910 754 1198 809 Arnobius
1228 752 1445 808 ibidem
1460 752 1709 823 adjecit:
1746 775 1771 801 α
1798 751 2059 817 Quicum

413 848 663 902 errasset
676 844 735 898 in
755 844 991 915 Regem,
1006 840 1342 914 periissetin
1363 840 1652 910 hostibus,
1668 839 1781 896 nisi
1798 840 2057 894 dextram

414 933 779 1009 perdidisset.
815 953 843 981 »
875 930 1028 988 458
1063 931 1116 987 Is
1145 928 1301 985 enim
1331 945 1466 984 cum
1506 929 1821 996 Porsenna,
1854 928 2060 984 Etrus-

414 1039 614 1079 eorum
647 1038 764 1091 rex,
797 1020 1041 1076 Romam
1072 1018 1231 1091 gravi
1262 1017 1604 1089 diutinoque
1634 1016 1785 1072 bello
1832 1015 2058 1072 obside-

414 1115 524 1173 ret.
554 1110 612 1165 in
644 1108 903 1165 hostium
946 1111 1138 1163 castra
1184 1107 1481 1172 audacter,
1530 1110 1588 1161 et
1636 1104 1761 1160 sine
1812 1104 1952 1174 ulla,
1995 1107 2062 1159 ut

414 1199 497 1256 ait
524 1198 741 1264 Cicero,
775 1213 877 1269 spe
907 1194 1117 1252 salutis
1161 1194 1419 1263 intravit,
1468 1193 1666 1265 ibique
1720 1191 1873 1264 regis
1916 1191 2061 1247 scri-

414 1288 577 1358 bam,
627 1302 730 1358 pro
781 1285 1032 1357 ipsemet
1065 1298 1218 1355 rege,
1280 1297 1454 1352 quem
1502 1281 1761 1336 occidere
1812 1279 2058 1347 volebat,

414 1376 757 1448 imprudens
803 1371 1089 1428 interfecit
1135 1370 1316 1442 (Cic.,
1365 1370 1674 1441 Paradox.,
1725 1384 1858 1442 pag.
1911 1369 2056 1442 434).

416 1464 808 1532 Quamobrem
859 1465 1066 1533 captus
1096 1462 1155 1516 et
1184 1464 1318 1515 ante
1360 1459 1515 1531 regis
1551 1458 1809 1514 tribunal
1848 1458 2063 1514 adduc-

413 1557 532 1619 tus,
565 1552 825 1607 dextram
871 1565 1114 1605 accenso
1164 1548 1235 1603 ad
1288 1547 1643 1603 sacriﬁcium
1693 1546 1818 1601 foco
1863 1545 2065 1616 injecit

412 1640 760 1712 intrepidus.
810 1641 934 1705 Qua
985 1636 1228 1693 audacia
1275 1635 1687 1692 exterrefactus
1742 1634 2061 1700 Porsenna,

2167 483 2492 555 Appianus,
2528 501 2562 540 a
2591 484 2927 540 Mithridate
2957 481 3376 539 crudelissimis
3420 486 3575 541 morti
3612 492 3763 546 tradi-

2168 575 2317 641 tum,
2348 571 2442 629 his
2474 578 2675 629 narrat
2701 573 2892 630 verbis
2916 588 2930 627 :
2968 594 2995 622 «ι
3025 572 3140 628 Nec
3158 571 3340 627 multo
3365 577 3488 643 post
3515 574 3764 636 Marcium

2167 660 2487 732 Aquilium,
2518 660 2826 734 legationis
2856 661 3037 732 hujus
3068 666 3126 715 et
3176 660 3311 716 belli
3343 665 3618 719 auctorem
3643 682 3767 737 prn-

2168 750 2429 821 cipuum,
2461 755 2700 821 captum
2728 750 3110 821 vinctumque
3138 748 3197 804 in
3229 748 3389 805 asino
3418 751 3770 812 circumvehe-

2169 837 2286 905 hat,
2320 843 2582 895 coactum
2613 844 2822 910 suapte
2850 854 2989 895 voce
3018 838 3173 909 apud
3206 842 3546 909 spectatores
3573 842 3773 913 procla-

2168 942 2329 983 mare
2383 942 2447 983 se
2502 943 2631 983 esse
2685 927 2991 993 Marcium,
3043 927 3229 983 donec
3286 926 3542 999 Pergami
3594 946 3777 989 aurum

2167 1013 2461 1087 liquatum
2494 1016 2553 1072 in
2584 1032 2650 1072 os
2690 1017 2819 1087 ejus
2848 1014 3128 1083 infundit,
3178 1015 3532 1087 corruptelas
3576 1017 3776 1092 largitio

2169 1119 2308 1159 num
2340 1105 2695 1176 exprobrans
2726 1104 3151 1160 Romanouo
3184 1102 3427 1160 nomini.
3461 1125 3491 1153 ››
3516 1104 3783 1180 (Appiam,

2167 1191 2270 1249 lib.
2302 1192 2369 1248 de
2396 1194 2514 1249 Bel.
2548 1192 2815 1260 Mithridq
2857 1192 3027 1266 longe
3066 1196 3197 1265 post
3242 1191 3395 1259 init.,
3452 1209 3577 1265 pag.
3632 1196 3783 1269 125.)

2170 1280 2393 1337 Plinius
2424 1298 2657 1353 quoque
2706 1297 2721 1336 :
2754 1303 2783 1331 «
2818 1285 2931 1338 Nec
2956 1283 3106 1352 jam,
3148 1280 3361 1353 inquit,
3394 1280 3672 1346 Quiritum
3699 1284 3787 1339 ali-

2169 1385 2303 1440 quo,
2338 1371 2436 1425 sed
2470 1370 2741 1426 universo
2772 1370 3009 1426 nomine
3066 1371 3324 1426 Romano
3354 1370 3576 1439 infami,
3627 1388 3733 1429 rex.
3762 1395 3787 1423 ιο

2174 1457 2539 1514 Mithridates
2566 1458 2801 1531 Aquilio
2832 1459 2967 1513 duci
2998 1464 3389 1529 captoaurum
3409 1460 3469 1513 in
3490 1475 3555 1515 os
3581 1459 3790 1518 infudit.

2170 1546 2365 1619 (Plin.,
2387 1546 2489 1603 lib.
2522 1564 2700 1603 xxxm
2724 1550 2925 1603 Nalur.
2959 1548 3120 1616 Hisl.,
3153 1564 3282 1620 cap.
3314 1548 3371 1618 3,
3402 1563 3534 1620 pag.
3563 1548 3673 1619 32.)

2242 1653 2436 1709 Nescii
2485 1654 2721 1724 quidem
2780 1670 2896 1710 non
2953 1669 3163 1709 sumus
3214 1652 3452 1725 scriptis
3507 1671 3542 1709 a
3592 1653 3799 1712 Valerio

414 1729 583 1822 illum
608 1727 877 1822 liberta}?
898 1728 1177 1822 ἀρηαῖυξη
1201 1724 1449 1822 fligi“?
1492 1723 1764 1822 (Ῑςξχίαεη
1779 1722 2062 1822 δέθαάςηιτ
2094 1758 2142 1822 Β
2173 1741 2423 1798 Maximo
2452 1722 2771 1814 proditum,
2798 1742 3190 1815 M.Aquilium
3205 1722 3493 1799 maluisse
3507 1742 3798 1801 Mithridati

416 1818 520 1874 lib.
547 1835 612 1885 ιι,
644 1832 777 1889 pag.
800 1817 871 1871 22
900 1820 957 1872 et
984 1813 1153 1887 seq.).
1184 1817 1257 1869 At
1287 1814 1356 1869 de
1396 1813 1506 1869 hoc
1537 1811 1696 1868 illius
1738 1811 1887 1868 facto
1920 1809 2059 1867 alibi

418 1906 697 1964 diximus.

484 2012 715 2068 Marcus
754 2025 885 2065 vero
943 2007 1183 2063 Attilius
1215 2006 1492 2079 Regulus,
1525 2007 1695 2077 cujus
1724 2010 1929 2078 postea
1960 2023 2064 2062 au-

413 2105 539 2158 ctor
561 2106 760 2158 noster
791 2097 1078 2165 meminit,
1106 2097 1317 2153 iterum
1350 2096 1576 2165 consul,
1628 2096 1816 2167 primo
1848 2095 2064 2151 Punico

412 2189 586 2255 bello,
621 2189 693 2244 ab
722 2187 1018 2256 hostibus,
1050 2201 1197 2256 quos
1226 2184 1401 2240 variis
1433 2184 1698 2240 cladibus
1730 2185 1980 2255 fregerat
2011 2186 2066 2238 et

409 2278 646 2343 vicerat,
676 2279 903 2346 captus,
935 2290 1069 2329 cum
1102 2274 1172 2329 de
1202 2273 1447 2345 captivis
1477 2272 1916 2329 commutandis
1959 2272 2068 2328 Ro-

411 2381 570 2422 mam
604 2363 821 2420 missus
858 2367 1032 2429 esset,
1076 2363 1454 2434 jurassetque
1486 2377 1548 2416 se
1596 2361 1964 2416 rediturum:
1993 2359 2070 2416 Ut

408 2454 587 2522 venit,
619 2454 701 2509 ait
727 2451 945 2518 Cicero,
976 2450 1235 2523 captivos
1260 2450 1585 2505 reddendos
1614 2449 1674 2504 in
1710 2453 1918 2505 senatu
1950 2466 2068 2505 non

411 2542 659 2598 censuit.
693 2541 911 2598 Deinde
958 2555 1093 2595 cum
1140 2538 1489 2594 retineretur
1546 2555 1575 2593 e
1631 2536 1979 2611 pr0pinquis
2007 2544 2067 2597 et

413 2630 485 2687 ab
516 2630 744 2695 amicis,
776 2629 845 2684 ad
881 2628 1488 2684 certissimumtamen
1505 2626 1864 2699 supplicium
1882 2625 2071 2683 redire

415 2717 644 2789 maluit,
669 2734 847 2790 quam
879 2714 1037 2772 hosti
1058 2716 1255 2770 datam
1283 2714 1457 2771 fidem
1492 2714 1686 2771 fallere
1712 2714 1879 2785 (Cic.,
1909 2714 2065 2776 lib.t.

415 2806 481 2862 de
510 2806 688 2879 0/‘ﬁc.,
724 2822 853 2879 pag.
878 2806 1004 2873 356,
1039 2804 1139 2859 lin.
1177 2806 1311 2859 16et
1333 2820 1498 2876 seqq.
1533 2804 1574 2876 ).
1600 2823 1627 2856 ι
1661 2805 1743 2859 Ad
1763 2803 2071 2875 eositaque

416 2910 705 2965 reversus,
756 2893 975 2966 vigiliis
1022 2897 1080 2949 et
1147 2892 1339 2948 inedia
1393 2896 1632 2949 necatus
1687 2896 1794 2949 est.
1842 2892 2073 2948 Videsis

416 2984 689 3039 eumdem
748 2982 1082 3038 Ciceronem
1131 2981 1234 3036 lib.
1293 2997 1326 3034 v
1374 2980 1441 3037 de
1487 2980 1694 3047 Finib.,
1762 2996 1895 3053 pag.
1946 2981 2071 3051 “2,

415 3075 591 3144 atque
618 3069 911 3143 imprimis
941 3069 1041 3125 lib.
1076 3085 1139 3124 ιιι
1180 3068 1245 3125 de
1292 3068 1472 3139 0fﬁc.,
1518 3086 1648 3141 pag.
1703 3070 1802 3123 401
1839 3077 2069 3141 ειδεᾳ.;

412 3121 602 3215 viil—ai.
622 3121 955 3227 ἧξᾷξῆιῇ
966 3121 1040 3227 ἰ,
1058 3121 1274 3229 .‘gpga,
1300 3121 1472 3227 ξιξ
1495 3121 1677 3230 piis,
1710 3121 2072 3229 ἐυὶτὶέριὶῖὼζ
2103 3121 2148 3188 (ἶ

416 3249 518 3306 lib.
554 3266 595 3305 ιι
652 3249 850 3304 Ηίειον.
890 3250 1098 3315 Rom.,-
1146 3245 1441 3303 Aurelium
1496 3246 1786 3303 Victorem
1815 3246 1883 3302 de
1938 3248 2079 3303 Viri:

416 3338 730 3395 illustribus
794 3352 927 3409 pag.
971 3337 1127 3406 605;
1180 3342 1247 3391 A.
1301 3334 1577 3403 Gellium,
1635 3335 1736 3390 lib.
1800 3352 1854 3390 νι
1924 3335 2075 3391 Neci.

415 3429 753 3498 Attic.,cap.
789 3425 859 3494 4;
908 3424 1164 3496 Florum,
1209 3423 1312 3479 lib.
1365 3441 1426 3492 ιι,
1478 3440 1605 3496 cap.
1637 3424 1710 3493 2;
1769 3424 2071 3495 Senecam,

419 3516 521 3571 lib.
552 3514 617 3571 de
645 3514 984 3580 Provident.,
1035 3530 1160 3585 cap.
1196 3513 1282 3579 13,
1343 3530 1474 3586 pag.
1508 3514 1616 3566 272
1649 3530 1663 3581 ;
1725 3517 1873 3586 Aug.
1920 3511 2021 3568 lib.
2059 3529 2077 3568 ι

419 3606 488 3660 de
520 3604 760 3668 Ctvitat.,
794 3619 921 3673 cap.
954 3602 1040 3671 13,
1100 3617 1233 3673 pag.
1294 3602 1400 3668 15;
1434 3618 1560 3673 cap.
1611 3602 1703 3668 21:,
1767 3618 1897 3673 pag.
1959 3601 2071 3667 23;

421 3692 526 3748 lib.
560 3709 622 3760 ιι,
654 3708 780 3763 cap.
811 3691 903 3756 23,
936 3707 1066 3763 pag.
1098 3691 1188 3758 52,
1223 3694 1281 3744 et
1312 3689 1414 3744 lib.
1476 3707 1562 3753 ιιι,
1613 3707 1741 3762 cap,
1776 3690 1862 3761 18,
1896 3707 1952 3761 p.
1986 3691 2077 3746 66.

424 3786 503 3836 De
534 3786 779 3851 utroque
836 3783 1052 3844 autem,
1111 3777 1364 3833 Scaevola
1420 3784 1478 3833 et
1560 3777 1803 3850 Regulo,
1860 3778 2078 3849 Cicero,

423 3869 526 3925 lib.
563 3886 647 3934 ιιι,
675 3868 740 3924 de
772 3867 953 3938 0fﬁc.,
980 3884 1114 3939 pag.
1134 3868 1242 3922 252
1268 3883 1283 3935 ;
1307 3867 1595 3935 Lactant.,
1646 3866 1750 3921 lib.
1783 3883 1860 3933 v.,
1893 3883 1944 3921 c.
1989 3867 2076 3922 13.

423 3974 556 4031 pag.
589 3958 731 4013 496:
764 3954 1132 4026 Tertullian.,
1166 3955 1472 4028 Apologel.,
1499 3972 1626 4028 cap.
1667 3954 1760 4024 50,
1791 3959 1847 4010 et
1875 3954 1977 4011 lib.
2009 3955 2082 4010 ad

422 4048 670 4119 Martyr.,
704 4062 829 4118 cap.
892 4045 923 4098 4
975 4049 1032 4099 et
1078 4041 1246 4113 alios,
1310 4042 1504 4099 Unum
1570 4059 1744 4115 porro
1802 4043 2084 4101 duntaxat

423 4135 980 4202 animadvertemus,
1016 4131 1210 4189 varias
1270 4132 1452 4187 fuisse
1509 4132 1580 4188 de
1633 4132 1837 4205 Reguli
1896 4133 2082 4205 poenis

424 4222 811 4298 suppliciique
841 4237 1050 4295 genere
1082 4219 1293 4275 horum
1334 4220 1696 4293 Scriptorum
1754 4219 2078 4293 opiniones.

497 4333 775 4387 Caeterum
826 4343 941 4400 quo
971 4326 1332 4398 frequentior
1365 4325 1544 4397 hujus
1578 4325 1783 4398 Reguli
1810 4343 1876 4383 ac
1906 4327 2079 4383 Mucii

428 4418 692 4477 Scaevolas
724 4417 878 4489 apud
910 4415 1100 4472 varios
1156 4414 1495 4487 scriptores,
1528 4430 1594 4471 eo
1629 4415 1814 4470 rarior
1839 4414 2078 4487 Aquilii,

2172 1831 2421 1903 turpiter
2448 1831 2686 1898 servire,
2737 1847 2918 1903 quam
2961 1831 3214 1903 gloriose
3270 1847 3341 1887 ac
3389 1831 3611 1888 fortiter
3652 1833 3800 1889 mori.

2172 1920 2284 1977 Sed
2316 1935 2441 1992 ipse
2473 1919 2739 1977 Valerius
2770 1920 2886 1977 alto
2916 1919 3225 1992 ibipremit
3239 1918 3602 1992 silentioque
3624 1920 3805 1977 mortis

2174 2024 2384 2081 genere
2409 2009 2853 2081 obierit(VaIer.
2886 2012 3056 2079 Max.,
3111 2009 3214 2064 lib.
3266 2024 3353 2075 Ix,
3398 2025 3526 2080 cap.
3575 2008 3662 2078 l3,
3690 2008 3805 2081 §1).

2174 2098 2451 2164 Quamvis
2481 2102 2676 2155 autem
2716 2096 2815 2153 ille
2844 2098 2917 2153 de
2943 2096 3159 2170 Aquilii
3192 2102 3388 2153 morte
3431 2096 3615 2162 aliter,
3653 2113 3805 2168 quam

2176 2185 2480 2259 Appianus
2502 2190 2559 2242 et
2586 2185 2707 2255 alii,
2743 2186 3003 2254 sentiret,
3053 2186 3111 2242 id
3163 2190 3318 2242 certe
3386 2185 3683 2258 prohibere
3710 2202 3807 2241 non

2177 2274 2387 2348 potuit,
2432 2291 2505 2331 ne
2536 2275 2828 2331 Minucius
2855 2275 3068 2331 borum
3129 2274 3356 2346 potius,
3421 2290 3595 2345 quam
3623 2271 3811 2329 Valerii

2176 2363 2430 2433 Maximi,
2462 2370 2701 2421 secutus
2730 2364 2808 2420 sit
2854 2364 3210 2436 opinionem.
3243 2364 3380 2419 Huc
3410 2363 3646 2429 accedit,
3674 2361 3805 2432 quod

2177 2452 2273 2509 hic
2304 2452 2568 2524 Aquilius
2598 2468 2728 2509 esse
2757 2453 3051 2519 credatur,
3083 2453 3156 2509 de
3201 2469 3321 2524 quo
3359 2452 3555 2509 Cicero
3584 2451 3807 2523 quadam

2177 2540 2237 2596 in
2268 2540 2542 2597 Oratione
2568 2541 2657 2598 sic
2683 2542 2958 2597 disserit:
2993 2563 3022 2593 «
3054 2541 3172 2599 Vos
3198 2558 3345 2598 eum
3369 2556 3564 2613 regem
3583 2538 3808 2610 (Mithri-

2178 2628 2417 2697 datem),
2448 2627 2704 2685 inultum
2734 2645 2863 2685 esse
2878 2628 3327 2701 patiemini,qui
3365 2630 3617 2702 legatum
3639 2624 3812 2699 p0puli

2181 2716 2426 2773 Romani
2456 2716 2847 2788 consularem,
2876 2717 3145 2785 vinculis,
3178 2734 3243 2773 ac
3273 2718 3641 2786 verberibus,
3667 2720 3815 2786 atque

2181 2805 2340 2861 omni
2379 2805 2670 2876 supplicio
2700 2806 3095 2862 excruciatum
3115 2805 3355 2862 necavit
3383 2806 3411 2862 ?
3439 2828 3469 2855 ››
3497 2802 3815 2877 (Cic.,or.13,

2176 2909 2277 2966 pro
2305 2895 2441 2963 Lege
2468 2894 2682 2965 Manil.,
2713 2909 2845 2966 pag.
2875 2894 3027 2966 2’13.)
3086 2893 3361 2966 Denique
3420 2892 3718 2960 Arnobius,
3758 2890 3818 2945 de

2181 2999 2296 3054 quo
2327 2999 2434 3039 nos
2463 2999 2570 3038 suo
2599 2981 2745 3049 loco,
2776 2983 3108 3054 exemplum
3121 2983 3403 3054 ejusdem
3423 2981 3633 3055 Aquilii
3646 2983 3821 3037 contra

2184 3069 2469 3138 ethnicos,
2502 3071 2999 3142 quemadmodum
3014 3071 3305 3128 Minucius
3334 3076 3554 3142 noster,
3583 3066 3822 3127 adhibuit

2185 3159 2453 3233 (Arnoh.,
2484 3159 2587 3215 lib.
2620 3175 2660 3223 ι,
2693 3176 2828 3231 pag.
2868 3160 2985 3232 23.)

2253 3266 2389 3322 Jam
2418 3270 2614 3322 autem
2645 3265 2933 3335 animum,
2952 3282 3171 3339 quaso,
3199 3266 3479 3323 advertas
3491 3280 3664 3338 quam
3692 3266 3823 3334 recte

2184 3370 2254 3412 ex
2281 3354 2373 3415 his
2402 3353 2684 3427 exemplis
2713 3360 2915 3410 auctor
2943 3360 3143 3411 noster
3172 3359 3389 3412 contra
3403 3354 3661 3412 ethnicos
3674 3367 3823 3424 argu-

2187 3448 2502 3500 mentetur.
2537 3443 2794 3500 Primum
2824 3442 2978 3499 enim
3012 3460 3081 3500 ex
3138 3444 3419 3501 Scmvolee
3469 3441 3723 3515 exemplo
3754 3439 3823 3495 sic

2186 3531 2286 3588 ille
2313 3532 2576 3604 disputat
2607 3548 2621 3587 :
2654 3554 2683 3583 ‹‹
2716 3532 2786 3587 Et
2839 3538 2980 3604 quot
3017 3548 3086 3588 ex
3142 3534 3374 3589 nostris
3407 3550 3526 3588 non
3557 3534 3825 3588 dexteram

2188 3619 2405 3685 solum,
2438 3620 2537 3674 sed
2574 3623 2755 3675 totum
2788 3635 3002 3691 corpus
3053 3619 3167 3688 uri,
3213 3620 3498 3690 cremari,
3543 3620 3667 3675 sine
3711 3615 3827 3673 ullis

2188 3707 2506 3780 ejulatibus
2538 3708 2925 3780 pertulerunt,
2959 3724 3093 3763 cum
3132 3708 3359 3763 dimitti
3394 3708 3712 3780 prmsertim
3739 3705 3827 3759 ha-

2190 3798 2390 3853 berent
2443 3798 2500 3852 in
2561 3814 2670 3853 sua
2726 3800 3014 3868 potestate
3057 3800 3084 3854 τ
3140 3819 3169 3848 ι»
3224 3798 3451 3853 Acrius
3509 3796 3733 3861 deinde,
3776 3807 3833 3847 ex

2188 3885 2467 3941 omnibus
2492 3885 2670 3941 simul
2692 3885 3074 3958 conglobatis,
3095 3885 3252 3942 hunc
3281 3886 3481 3943 instat
3509 3886 3571 3940 in
3594 3883 3829 3939 modum:

2196 3997 2218 4025 ι
2250 3974 2419 4029 Viros
2448 3990 2584 4030 cum
2619 3974 2834 4041 Mucio,
2864 3973 2953 4029 vel
3011 3990 3145 4030 cum
3201 3974 3450 4047 Aquilio
3507 3980 3610 4031 aut
3639 3969 3836 4044 Regulo

2190 4079 2483 4135 compara.
2534 4063 2705 4119 Pueri
2757 4069 2816 4120 et
2866 4062 3226 4120 mulierculas
3283 4070 3513 4121 nostra;
3569 4078 3762 4121 cruces
3786 4063 3837 4114 et

2191 4156 2506 4216 tormenta,
2536 4152 2689 4209 feras
2718 4156 2775 4208 et
2804 4167 3012 4208 omnes
3068 4151 3512 4225 suppliciorum
3554 4149 3840 4210 terriculas

2192 4239 2473 4312 inspirata
2504 4240 2787 4313 patientia
2806 4240 3025 4297 doloris
3048 4240 3331 4299 illudunt.
3370 4266 3402 4293 κ
3435 4244 3656 4299 Eodem
3686 4240 3838 4313 plane

2192 4330 2363 4385 modo
2392 4334 2450 4386 et
2479 4346 2546 4385 ex
2574 4330 2783 4385 iisdem
2815 4329 2987 4385 Mucii
3032 4347 3097 4386 ac
3142 4331 3354 4404 Reguli
3396 4330 3689 4404 exemplis
3718 4334 3839 4384 Lae-

2190 4417 2412 4474 tantius
2445 4417 2852 4474 ratiocinatur:
2889 4441 2916 4469 «
2951 4418 3169 4485 Nostri,
3204 4424 3269 4476 ut
3312 4422 3389 4477 de
3430 4420 3601 4492 viris,
3644 4416 3837 4489 inquit.

430 4509 503 4563 ab
533 4488 773 4562 auctore
800 4509 998 4561 nostro
1029 4503 1246 4559 ibidem
1288 4504 1614 4571 memorati,
1662 4503 1900 4560 mentio.
1933 4504 2078 4559 Hinc
2111 4488 2154 4553 D
2184 4511 2432 4578 taceam,
2464 4506 2629 4579 pueri
2660 4510 2719 4562 et
2780 4506 3143 4564 mulierculae
3196 4512 3460 4566 tortores
3511 4488 3655 4565 suos
3696 4488 3842 4567 taciti

431 4601 586 4651 certe
616 4595 855 4666 quidam
888 4593 1203 4665 opinantur
1227 4591 1286 4647 in
1325 4595 1454 4663 ejus
1502 4593 1740 4650 nomine
1769 4594 2076 4649 scribendo

431 4699 657 4740 errasse
688 4682 1013 4752 librarium,
1047 4686 1222 4753 atque
1253 4681 1330 4736 ibi
1363 4698 1466 4753 pro
1480 4682 1734 4754 Aquilio,
1764 4681 2077 4755 legendum

430 4772 607 4827 Atilio
628 4775 729 4827 aut
756 4769 955 4826 Acilio.
989 4770 1135 4837 Quia
1164 4770 1400 4842 quidem
1451 4770 1603 4825 facta
1650 4772 2078 4839 emendatione,

432 4866 670 4918 censent
699 4860 855 4915 hunc
885 4876 1032 4930 esse,
1068 4876 1241 4930 quem
1279 4858 2080 4931 DionysiusHalicarnasseus

427 4948 697 5020 Ἀτύλιον,
728 4966 831 5005 seu
894 4948 1108 5020 potius,
1158 4952 1221 5003 ut
1250 4948 1335 5003 eis
1396 4947 1610 5020 placet,
1644 4945 1920 5015 Ἀκύλιον,
1974 4965 2081 5021 ap—

430 5037 1034 5113 pellavit(Halicarn.,
1068 5035 1168 5090 lib.
1232 5052 1294 5090 ιιι
1348 5037 1640 5107 Antiquil.,
1700 5051 1833 5108 pag.
1890 5037 1997 5091 259
2025 5042 2083 5093 et

432 5145 553 5201 seq.
588 5130 626 5200 ).
661 5128 771 5184 Sed
804 5126 1002 5182 futiles
1026 5140 1302 5196 vanaaque
1318 5128 1457 5180 sunt
1486 5124 1571 5178 ba:
1604 5124 2081 5196 conjecturam-

432 5218 642 5274 nucius
682 5216 839 5272 enim
898 5214 968 5269 de
1014 5211 1158 5267 viris
1216 5210 1737 5279 innocentissimis,
1779 5212 1883 5283 qui
1924 5211 2082 5267 vario

433 5306 854 5378 suppliciorum
914 5300 1347 5357 dirissimorum
1427 5314 1637 5370 genere
1693 5301 1870 5357 occisi
1920 5305 2081 5365 sunt,

432 5393 711 5465 loquitur.
747 5390 957 5444 Atilius
988 5387 1584 5451 autem,testeeodem
1620 5388 2079 5457 Halicarnasseo,

435 5480 679 5537 meritas
708 5476 973 5533 criminis
1003 5476 1093 5532 sui
1126 5491 1328 5547 pmnas
1358 5478 1653 5548 persolvit.

500 5564 649 5634 Quid
680 5580 833 5637 vero,
866 5566 1076 5623 amabo
1106 5568 1180 5637 te,
1236 5568 1393 5625 vetat
1445 5566 1764 5639 quominus
1817 5567 2085 5632 dicamus

2187 4597 2448 4661 vincunt,
2506 4599 2565 4652 et
2614 4596 2939 4667 exprimere
3003 4595 3122 4652 illis
3177 4597 3477 4669 gemitum
3542 4612 3650 4654 nec
3705 4592 3841 4666 ignis

2189 4689 2401 4757 potest.
2458 4684 2638 4740 Erant
2686 4684 2954 4751 Romani,
3012 4690 3073 4741 et
3125 4686 3319 4742 Mucio
3379 4685 3709 4757 glorientur
3758 4683 3846 4738 aut

2190 4772 2479 4845 Regulo...
2536 4774 2679 4829 Ecce
2735 4790 2908 4829 sexus
2964 4773 3257 4843 inﬁrmus,
3306 4780 3371 4831 et
3402 4774 3640 4847 fragilis
3697 4776 3845 4834 mtas,

2196 4861 2501 4918 dilacerari
2532 4878 2596 4917 se
2644 4866 2760 4920 toto
2808 4877 3046 4934 corpore
3105 4863 3300 4933 utique
3343 4864 3701 4937 perpetitur,
3743 4873 3847 4917 non

2191 4950 2564 5019 necessitate,
2588 4950 2729 5022 quia
2757 4949 2891 5006 licet
2920 4950 3119 5017 vitare,
3154 4952 3203 5007 si
3246 4952 3491 5021 vellent,
3526 4968 3629 5009 seu
3661 4949 3846 5008 volun-

2192 5041 2312 5093 tate
2343 5037 2482 5109 quia
2512 5038 2817 5094 confidunt
2846 5038 2983 5095 Deo.
3022 5061 3049 5088 »
3106 5040 3425 5112 (Lactant.,
3462 5041 3568 5097 lib.
3620 5058 3652 5096 ν
3681 5038 3843 5097 Imm.

2190 5125 2362 5181 divin.
2396 5142 2525 5198 cap.
2568 5128 2652 5193 l3,
2675 5144 2807 5200 pag.
2843 5128 2947 5183 493
2975 5131 3033 5182 et
3078 5143 3200 5201 seq.
3234 5128 3253 5200 )
3301 5128 3419 5184 Alii
3458 5147 3595 5185 vero
3622 5124 3845 5188 ethnici,

2191 5215 2457 5286 quamvis
2485 5216 2723 5273 robusto
2753 5232 2994 5288 corpore
3023 5216 3307 5289 vigentes,
3345 5235 3488 5274 cum
3522 5223 3847 5289 torqueren-

2189 5308 2306 5373 tur,
2338 5305 2767 5373 exclamabant,
2799 5306 3165 5378 edebantque
3194 5306 3480 5379 gemitus,
3510 5307 3651 5379 quia
3664 5305 3845 5362 «deest

2190 5392 2327 5460 illis,
2344 5393 2554 5465 inquit,
2575 5394 2861 5466 inspirata
2872 5395 3174 5466 patientia.
3192 5395 3459 5460 nQuibus
3475 5396 3713 5467 quidem
3726 5407 3840 5447 ver-

2191 5481 2282 5537 bis
2311 5481 2603 5537 Minucius
2635 5488 2854 5554 noster,
2889 5483 2970 5538 uti
3002 5484 3212 5555 cernis,
3258 5484 3395 5554 jam
3448 5502 3596 5541 usus
3642 5484 3837 5540 fuerat.

2192 5569 2530 5627 Lactantius
2559 5568 2738 5643 igitur
2764 5586 2883 5628 non
2911 5572 3084 5629 modo
3105 5570 3362 5631 auctoris
3396 5571 3584 5630 nostri
3608 5583 3835 5630 sensum
