4088 6150
257 275 369 335 473

1679 268 2220 333 DISSERTATIO.

3524 264 3647 324 ιη

256 408 309 461 et
336 405 734 474 mentem,sed
762 406 894 478 ipsa
910 406 1084 462 etiam
1104 406 1367 478 quaedam
1387 405 1563 462 verba
1581 402 1887 477 expressit.
1918 405 1974 471 Α
2003 401 2089 458 dit
2120 418 2134 458 :
2167 423 2197 452 ‹‹
2228 400 2412 475 Igitur
2438 401 2707 474 iniquum
2731 397 2992 471 judicem
3022 396 3265 470 fingitis,
3289 396 3389 469 qul
3429 399 3645 452 sortem

317 494 548 551 Nemini
606 510 780 567 porro
843 496 1135 567 ingratum
1191 499 1294 550 aut
1348 494 1737 565 injucundum
1774 491 1895 548 fore

256 588 551 658 putamus,
583 584 633 640 si
653 601 718 640 ex
750 587 996 655 utroque
1052 583 1151 640 illo
1209 583 1449 640 Minucii
1507 581 1895 654 Lactantiique

254 673 371 729 loco
402 674 785 729 observemus
815 689 928 729 non
953 690 1218 745 parvum,
1250 674 1403 728 sicut
1458 672 1698 745 quidam
1747 669 1893 726 falso

254 762 608 823 existimant.
634 763 818 818 fuisse
847 779 1047 818 eorum
1079 767 1339 834 tempere
1356 768 1677 834 martyrum
1696 774 1896 814 nume-

252 868 395 908 rum.
420 852 628 907 Nonne
672 852 828 908 enim
860 868 1135 923 magnam
1171 852 1380 907 horum
1419 851 1598 906 fuisse
1630 848 1894 904 multitu-

254 940 446 995 dinem
469 941 555 995 illi
588 940 777 1010 palam
810 946 1122 1011 aperteque
1150 939 1466 1007 declarant,
1499 955 1634 994 cum
1690 938 1896 992 dicunt

252 1044 357 1082 non
382 1033 619 1083 tantum
642 1029 815 1099 viros,
838 1045 1035 1084 verum
1058 1028 1233 1084 etiam
1277 1044 1488 1100 pueros
1543 1031 1601 1083 et
1657 1024 1894 1081 mulier-

248 1113 406 1169 culas
429 1130 668 1169 summa
700 1114 977 1187 patientia
1007 1132 1073 1171 ac
1114 1116 1239 1171 sine
1269 1114 1386 1170 ullo
1416 1114 1635 1185 gemitu
1690 1128 1894 1185 passos

249 1219 370 1258 esse
403 1219 620 1275 corpus
642 1220 815 1259 suum
848 1204 935 1259 uri
966 1209 1023 1259 et
1053 1204 1344 1260 cremari?
1364 1203 1507 1267 Quid
1538 1218 1669 1258 vero
1699 1202 1892 1258 dicen-

243 1292 377 1347 dum
411 1293 486 1347 de
514 1292 693 1348 variis
721 1292 850 1348 aliis
880 1293 1345 1361 cruciatuum,de
1372 1290 1895 1364 quibusillitacue-

243 1386 397 1448 runt,
432 1383 771 1453 generibus,
799 1383 1091 1451 crucibus,
1128 1384 1284 1439 400
1316 1382 1473 1448 feris,
1529 1386 1588 1438 et
1624 1402 1651 1432 κ
1706 1382 1893 1438 omni-

241 1470 368 1539 bus,
403 1492 436 1520 n
472 1474 540 1524 ut
576 1470 702 1542 ipse
732 1469 1011 1541 loquitur,
1046 1470 1468 1544 suppliciorum
1489 1469 1783 1525 terriculis
1811 1469 1840 1525 ‘I
1863 1491 1894 1520 υ

238 1559 442 1615 Nonne
476 1566 569 1617 tot
626 1566 860 1631 tamque
918 1561 1166 1616 diversis
1215 1560 1543 1626 tormentis,
1602 1575 1718 1614 non
1770 1561 1892 1614 tam

242 1665 415 1720 parvo
468 1649 783 1705 Christiani
834 1665 1077 1706 numero
1135 1649 1446 1704 crudeliter
1510 1647 1717 1717 necati,
1777 1646 1894 1719 pal-

240 1752 394 1792 mam
430 1738 701 1808 martyrii
727 1742 868 1792 tunc
900 1738 1193 1794 consecuti
1222 1740 1405 1794 sunt?

304 1824 914 1881 Animadvertendum
948 1827 1188 1899 insuper
1226 1842 1568 1898 persuasum
1620 1824 1894 1897 Minucio,

240 1914 749 1987 quemadmodum
788 1915 1109 1981 Lactantio,
1156 1915 1357 1981 fuisse,
1408 1914 1701 1971 neminem
1769 1913 1896 1970 sine

237 2003 432 2059 divino
463 2003 723 2059 victricis
743 2004 942 2075 gratiae
972 2002 1206 2074 auxilio,
1240 2003 1500 2076 potuisse
1554 2001 1895 2059 crudelissi-

238 2108 363 2147 mos
396 2091 537 2147 illos
570 2093 864 2147 cruciatus
896 2108 999 2164 pro
1020 2091 1237 2147 Christi
1260 2093 1623 2149 confessione
1642 2093 1709 2148 ad
1744 2106 1898 2148 mor-

236 2184 349 2235 tem
383 2197 585 2252 usque
614 2184 777 2237 tanta
796 2182 1050 2253 perferre
1066 2182 1394 2237 constantia
1423 2182 1729 2252 (Lactant.,
1786 2182 1891 2236 loc.

234 2271 373 2341 at).
412 2270 681 2326 Primum
714 2270 927 2326 etenim
950 2274 1194 2342 uterque
1214 2270 1426 2326 diserte
1446 2271 1702 2327 afﬁrmat
1715 2269 1894 2343 inspi-

232 2364 423 2414 ratam
456 2359 548 2414 eis
569 2358 748 2415 fuisse
773 2359 1137 2431 patientiam.
1161 2359 1273 2415 Sed
1295 2359 1588 2431 quomodo
1610 2360 1894 2432 inspirata

235 2452 342 2514 est,
382 2447 501 2503 nisi
535 2447 742 2503 divina
770 2448 971 2520 gratim
1010 2447 1226 2504 auxilio
1257 2449 1285 2503 7
1325 2448 1543 2504 Deinde
1582 2448 1747 2505 addit
1790 2449 1892 2504 Mi-

235 2537 452 2593 nucius
482 2559 513 2587 ‹‹
550 2538 844 2593 neminem
873 2553 1023 2609 esse,
1048 2538 1150 2609 qui
1178 2542 1280 2593 aut
1311 2537 1437 2593 sine
1477 2538 1701 2595 ratione
1758 2538 1895 2595 velit

234 2642 470 2696 pcenam
507 2626 729 2693 subire,
762 2629 864 2682 aut
892 2630 1183 2682 tormenta
1211 2625 1338 2681 sine
1360 2626 1472 2681 Deo
1496 2626 1684 2698 possit
1712 2627 1893 2685 susti-

235 2731 395 2770 nere.
436 2737 465 2763 ι»
526 2714 859 2769 Lactantius
918 2731 1050 2771 vero
1110 2719 1311 2787 postea
1366 2714 1650 2787 scripsit:
1688 2738 1717 2766 «
1775 2720 1893 2773 Nec

233 2802 433 2875 ipsam
462 2803 832 2875 patientiam,
864 2803 990 2859 sine
1013 2804 1151 2871 Deo,
1186 2803 1480 2859 cruciatus
1499 2808 1693 2861 tantos
1724 2822 1893 2877 posse

234 2892 817 2963 superare(Lactant,
859 2894 974 2949 loco
1010 2893 1149 2951 011.).
1208 2914 1238 2943 ››
1294 2893 1500 2951 Nonne
1554 2899 1750 2951 autem
1799 2895 1892 2951 his

237 2981 432 3035 verbis
460 2981 651 3053 ipsam
684 2981 890 3037 divinae
919 2982 1140 3055 gratias.
1164 2982 1235 3037 ad
1276 2988 1522 3038 mortem
1549 2987 1635 3038 tot
1678 2985 1888 3040 tantis-

242 3085 351 3140 que
380 3070 695 3126 tormentis
731 3071 1081 3137 obeundam,
1100 3071 1509 3127 necessitatem
1539 3070 1890 3130 luculentis-

245 3159 389 3215 sime
412 3160 626 3215 asserit
652 3166 710 3215 et
738 3159 991 3215 vindicat
1015 3160 1042 3215 ‘I
1071 3159 1153 3216 De
1196 3159 1490 3216 Lactantio
1534 3166 1730 3218 autem
1785 3161 1890 3218 ali-

252 3249 384 3319 quid
416 3248 613 3305 adhuc
644 3247 797 3304 intra
840 3249 1153 3305 dicendum
1200 3250 1458 3322 (Dissert.
1509 3252 1571 3306 in
1616 3252 1892 3319 Lactant,

253 3351 369 3409 cap.
400 3338 493 3405 28,
525 3341 635 3394 art.
677 3337 753 3409 1).

814 3453 1203 3512 ARTICUI.US
1238 3453 1309 3510 V.

252 3542 517 3610 Quomodo
571 3543 833 3598 ultimum
889 3544 1097 3599 Czcih'i
1150 3549 1343 3599 contra
1399 3544 1649 3599 divinam
1707 3546 1895 3601 Provi-

310 3614 559 3670 dentiam
588 3623 1001 3689 argumentum‘
1029 3631 1100 3670 exc
1156 3614 1603 3689 Christianorum
1650 3617 1725 3671 de
1774 3616 1893 3689 fato

310 3689 569 3758 Opinione
584 3690 839 3758 petitum,
870 3688 938 3741 ab
971 3686 1194 3743 Octavio
1222 3687 1498 3743 solvatur.

314 3800 592 3858 Ultimum
627 3807 831 3857 contra
875 3800 1128 3857 divinam
1190 3802 1622 3859 Providentiam
1679 3803 1893 3861 Caecilii

240 3889 748 3962 propugnaculum
773 3891 884 3945 fuit
911 3890 1264 3959 communis,
1286 3891 1373 3947 uti
1402 3890 1612 3961 aiebat,
1671 3892 1889 3964 opinio,

158 3968 163 3975 ’
235 3993 347 4034 non
380 3980 559 4035 modo
579 3980 910 4052 gentilium,
942 3981 1045 4035 sed
1068 3980 1333 4036 omnium
1372 3980 1550 4036 etiam
1608 3980 1890 4039 Christia-

232 4082 468 4135 norum,
504 4067 608 4141 qui
637 4069 756 4124 fato
801 4068 1001 4124 omnia
1056 4068 1182 4125 fieri
1223 4069 1680 4126 arbitrabantur.
1741 4070 1889 4138 Quid

226 4169 369 4226 ergo
399 4157 427 4211 ‘2
457 4157 755 4228 quomodo
785 4155 1050 4213 Caecilius
1080 4162 1203 4213 tam
1232 4158 1518 4215 afﬁrmate
1547 4174 1890 4231 asseverare

220 4244 425 4314 potuit
454 4245 611 4302 hanc
634 4262 1006 4302 communem
1041 4247 1219 4303 fuisse
1246 4246 1712 4304 Christianorum
1758 4249 1888 4305 uni-

1927 1770 1975 1836 Β

2004 491 2062 546 in
2098 490 2433 547 hominibus
2465 489 2690 562 puniat,
2712 505 2826 544 non
2856 487 3235 543 voluntatem.
3277 506 3305 535 »

2074 589 2184 644 Sed
2213 588 2362 644 hanc
2389 587 2616 643 futilem
2656 586 3029 656 ineptamque
3080 580 3646 653 argumentationem

2002 677 2117 733 cito
2145 682 2203 733 et
2227 677 2393 732 facile
2419 676 2708 732 Minucius
2752 676 2981 729 evertit.
3029 671 3307 737 Quamvis
3355 670 3649 727 enimvero

2002 782 2037 821 a
2082 766 2197 821 Deo
2253 767 2442 821 simus
2484 764 2673 830 electi,
2733 766 2956 819 certum
2997 766 3193 817 tamen
3251 764 3341 816 est
3403 758 3647 814 liberam

2003 869 2235 926 semper
2291 870 2420 911 esse
2476 854 2797 909 humanam
2858 850 3232 916 voluntatem,
3293 863 3359 903 ac
3407 847 3650 919 proinde

2002 942 2268 1001 homines
2292 947 2526 1015 propter
2547 942 2761 996 liberos
2791 956 2931 995 suos
2970 942 3156 1008 actus,
3213 938 3265 992 si
3320 936 3477 1008 pravi
3507 935 3645 1003 sint,

2003 1047 2118 1087 non
2142 1046 2277 1087 vero
2306 1030 2540 1087 illorum
2580 1034 2795 1085 sortem
2851 1046 2886 1083 a
2943 1028 3058 1083 Deo
3112 1026 3324 1098 puniri.
3361 1044 3392 1077 ι
3459 1024 3646 1091 Mens,

2003 1119 2241 1193 quippe,
2274 1121 2355 1175 uti
2388 1119 2485 1175 ille
2506 1120 2605 1185 ait,
2628 1119 2811 1174 libera
2833 1122 2941 1181 est,
2964 1121 3017 1172 et
3047 1116 3175 1170 ideo
3206 1118 3370 1170 actus
3389 1112 3648 1167 hominis

2004 1226 2118 1264 non
2151 1208 2403 1281 dignitas
2425 1208 2746 1279 judicatur.
2784 1232 2807 1253 η
2841 1207 2993 1263 Deus
3023 1220 3158 1276 ergo
3183 1204 3383 1274 justus
3412 1216 3649 1272 aequus-

1990 1313 2117 1369 que
2140 1298 2449 1368 estjudex,
2485 1298 2583 1369 qui
2644 1295 2908 1351 homines
2966 1298 3202 1366 pr0pter
3247 1293 3430 1347 bonos
3485 1293 3649 1345 actus

2004 1385 2260 1459 praemio,
2288 1403 2352 1441 ac
2380 1389 2615 1457 propter
2644 1383 2849 1447 malos,
2884 1382 3072 1455 poenis
3102 1381 3301 1437 afﬁcit.

2073 1484 2221 1540 461
2249 1483 2463 1538 Verum
2497 1482 2767 1538 Octavius
2806 1497 2938 1536 cum
2987 1478 3212 1536 Caecilio
3261 1476 3381 1549 agit
3434 1474 3645 1530 libera-

2002 1571 2137 1629 lius.
2162 1572 2437 1629 Concedit
2458 1571 2565 1641 illi,
2590 1572 2743 1642 quod
2769 1569 3120 1635 vult,omnes
3146 1566 3507 1624 Christianos
3528 1581 3652 1619 cre-

2002 1662 2223 1718 didisse
2253 1661 2451 1717 omnia
2474 1662 2591 1716 fato
2625 1660 2768 1716 ﬁeri.
2797 1661 2869 1715 At
2900 1658 3038 1730 quid
3061 1663 3149 1713 est
3180 1657 3384 1725 fatum,
3400 1654 3591 1726 inquit
3620 1653 3646 1707 ?

2003 1771 2033 1801 ‹‹
2067 1751 2272 1806 Fatum
2303 1754 2411 1816 est,
2447 1750 2600 1821 quod
2630 1749 2701 1804 de
2758 1763 3109 1819 unoquoque
3170 1749 3433 1801 nostrum
3491 1742 3645 1799 Deus

2006 1840 2161 1897 fatus
2187 1845 2297 1897 est.
2329 1861 2357 1891 »
2409 1840 2605 1911 Neque
2646 1837 2780 1894 huic
2826 1837 2927 1892 fati
2984 1833 3309 1891 definitioni
3361 1836 3650 1904 repugnat

2002 1928 2385 2003 Augustinus.
2437 1927 2583 1984 Nam
2632 1947 2660 1980 ι
2711 1926 2974 1981 ordinem
3023 1939 3356 1993 causarum,
3434 1920 3647 1992 inquit,

2005 2017 2101 2073 ubi
2126 2016 2396 2073 voluntas
2429 2017 2522 2072 Dei
2546 2014 2870 2088 plurimum
2893 2015 3103 2086 potest,
3128 2026 3313 2084 neque
3345 2025 3647 2082 negamus,

2004 2122 2192 2178 neque
2213 2107 2317 2161 fati
2359 2103 2638 2161 vocabulo
2698 2118 3129 2174 nuncupamus,
3186 2099 3298 2155 nisi
3356 2098 3523 2163 forte,
3584 2100 3649 2152 ut

2001 2195 2188 2252 fatum
2218 2211 2253 2250 a
2288 2193 2456 2266 fando
2486 2194 2706 2249 dictum
2734 2190 3155 2261 intelligamus,
3188 2187 3243 2242 id
3285 2190 3374 2242 est
3398 2226 3413 2252 ,
3472 2202 3506 2240 a
3561 2184 3647 2240 lo-

2003 2284 2257 2356 quendo.
2288 2302 2315 2334 ι
2353 2284 2649 2354 (August.,
2683 2281 2778 2336 lib.
2809 2278 2879 2334 de
2906 2278 3090 2345 Civit.,
3122 2293 3249 2348 cap.
3270 2275 3325 2343 9,
3361 2273 3644 2347 pag.123.)

2002 2371 2180 2427 Plura
2211 2370 2359 2428 ha'no
2391 2372 2450 2427 in
2490 2387 2612 2427 rem
2646 2368 2797 2440 apud
2832 2367 3103 2424 Vossium
3133 2366 3191 2420 in
3248 2362 3644 2439 Etymologico

2002 2460 2247 2517 videbis.

2074 2559 2191 2615 Hac
2221 2563 2416 2614 autem
2448 2559 2637 2631 posita
2667 2558 2767 2614 fati
2797 2551 3458 2626 deﬁnitione,contendit
3486 2551 3650 2607 Octa-

2002 2648 2129 2704 vius
2160 2646 2379 2704 nullam
2420 2646 2643 2703 homini
2700 2646 2772 2701 ad
2830 2646 3121 2718 agendum
3167 2660 3201 2699 a
3257 2647 3367 2699 Deo
3424 2640 3646 2713 imponi

2002 2736 2238 2794 fatalem
2291 2736 2716 2793 necessitatem.
2776 2735 2930 2790 Deus
2995 2733 3151 2790 enim
3200 2748 3330 2787 vero
3395 2752 3424 2781 «
3511 2745 3646 2785 cum

2002 2814 2329 2893 materiam,
2357 2849 2384 2874 ι»
2417 2825 2625 2897 inquit,
2658 2841 2760 2881 seu
2790 2824 2988 2878 futura
3028 2821 3244 2887 omnia,
3301 2819 3422 2875 sive
3469 2818 3649 2883 bona,

2000 2916 2120 2972 sive
2151 2914 2305 2970 mala
2331 2914 2638 2970 hominum
2669 2930 2862 2985 Opera,
2894 2934 2922 2962 ‹‹
2951 2911 3137 2985 possit
3167 2907 3451 2980 praiscire,
3510 2922 3642 2978 pro-

2000 3003 2226 3062 meritis
2255 3008 2312 3059 et
2359 3002 2741 3075 qualitatibus
2791 3000 3157 3073 singulorum
3207 2998 3324 3053 fata
3370 2993 3642 3052 determi-

2003 3097 2124 3149 nat.
2157 3114 2186 3144 »
2212 3092 2435 3157 Quibus
2466 3108 2607 3148 sane
2638 3091 2829 3147 verbis
2851 3091 3017 3146 docet
3040 3091 3242 3153 Deum,
3290 3085 3391 3159 qui
3448 3082 3644 3140 divina

2005 3197 2115 3238 sua
2141 3180 2505 3252 prsaacientia
2533 3180 2732 3235 omnia
2760 3180 2979 3246 futura,
3012 3194 3078 3233 ac
3126 3174 3410 3249 quidquid
3462 3188 3643 3228 unus-

2000 3270 2246 3342 quisque
2268 3274 2370 3326 aut
2417 3270 2585 3336 bene,
2636 3272 2738 3324 aut
2784 3266 2959 3334 male,
3015 3266 3116 3323 sed
3175 3280 3405 3336 semper
3435 3276 3650 3333 magna

2001 3374 2136 3415 cum
2170 3358 2455 3425 libertate,
2489 3361 2725 3414 acturus
2755 3362 2866 3425 est,
2900 3356 3117 3428 optime
3170 3351 3491 3425 cognoscit,
3544 3364 3648 3421 pro

2003 3447 2228 3503 meritis
2257 3446 2774 3519 singulorum,sive
2797 3445 2986 3514 bonis,
3019 3444 3139 3501 sive
3168 3441 3360 3511 malis,
3416 3442 3555 3509 fata,
3585 3438 3647 3494 id

2001 3540 2109 3604 est,
2142 3539 2357 3591 aeterna
2385 3539 2484 3590 aut
2505 3534 2811 3607 supplicia,
2836 3538 2937 3589 aut
2966 3532 3206 3604 praemia
3235 3528 3644 3594 determinare,

2001 3640 2106 3681 seu
2136 3629 2350 3681 aeterno
2373 3625 2601 3681 decreto
2631 3640 2739 3680 suo
2768 3627 3025 3679 statuere
3058 3637 3125 3677 ac
3180 3621 3507 3675 decernere.
3567 3616 3646 3672 Ex

2002 3713 2218 3785 quibus
2248 3713 2520 3770 illehunc
2573 3710 2872 3769 concludit
2927 3712 2986 3766 in
3047 3710 3325 3766 modum:
3366 3730 3394 3757 ‹‹
3440 3711 3528 3762 Ita
3585 3705 3645 3760 in

2003 3803 2174 3859 nobis
2206 3819 2320 3859 non
2350 3802 2620 3875 genitura
2664 3801 2957 3873 plectitur,
3007 3800 3108 3855 sed
3158 3796 3378 3871 ingenii
3440 3800 3649 3851 natura

2001 3892 2262 3963 punitur,
2299 3913 2327 3942 »
2373 3891 2483 3947 hoc
2533 3895 2643 3959 est,
2691 3907 2802 3947 non
2863 3890 3152 3961 genitura,
3201 3886 3329 3943 sive
3374 3882 3653 3940 nascendi

2002 3983 2233 4049 modus,
2265 3981 2366 4037 sed
2418 3980 2562 4036 vitia
2591 3983 2812 4045 nostra,
2862 3995 2927 4034 ac
2964 3993 3033 4034 ea
3088 3975 3306 4043 omnia,
3363 3989 3491 4045 quae
3551 3971 3649 4027 Dei

2000 4070 2296 4126 mandatis
2330 4086 2445 4125 non
2476 4066 2959 4140 obtemperando,
2993 4062 3378 4139 peccavimus,
3419 4061 3491 4117 ab
3549 4058 3648 4116 illo

1989 4158 2324 4232 justissima
2347 4159 2692 4231 puniuntur.

2070 4257 2245 4313 Porro
2276 4261 2474 4313 autem
2492 4257 2631 4328 quia
2661 4255 2918 4313 Caecilius
2948 4256 3141 4327 palam
3165 4257 3455 4309 asseverat
3510 4267 3643 4323 pro-

217 4350 538 4390 versorum
594 4335 947 4391 sententiam
975 4340 1000 4379 θ
1056 4335 1259 4392 Nonne
1306 4352 1436 4391 eam
1498 4337 1639 4394 totis
1705 4338 1888 4395 animi
2000 4351 2317 4419 pugnatam
2354 4364 2387 4402 a
2416 4346 2689 4418 plurimis
2712 4344 3027 4417 gentilibus
3049 4343 3290 4415 impiam
3315 4342 3385 4397 de
3408 4342 3640 4396 fatoseu

214 4423 806 4491 ingentibusviribus
833 4424 1325 4497 impugnaverunt
1354 4430 1377 4481 ἒ
1406 4426 1466 4482 Si
1497 4427 1568 4482 de
1593 4426 1853 4499 aliquibu
1878 4443 1907 4484 s
1931 4497 1965 4505 _
2006 4434 2161 4489 fatali
2187 4434 2533 4490 necessitate
2562 4434 2919 4505 opinionem,
2967 4450 2999 4487 a
3048 4432 3217 4487 nobis
3265 4431 3422 4486 haud
3472 4428 3649 4485 dubie

214 4513 527 4569 ὺωηῑίσὶε
576 4515 633 4569 id
686 4513 785 4569 ille
836 4513 1100 4582 άὶιίεεϐι,
1158 4530 1373 4570 manus
1421 4515 1471 4571 οἱ
1537 4497 1706 4571 haud—
1734 4516 1899 4572 inviti
1928 4497 1974 4562 D
2010 4521 2227 4594 aliquis
2257 4497 2655 4578 sciscitabitur
2684 4522 2925 4593 quinam
2960 4520 3043 4575 illi
3083 4520 3316 4575 fuerint.
3365 4520 3438 4575 At
3483 4518 3649 4574 cuili-

209 4603 534 4660 daremus.
568 4605 680 4659 Sed
707 4602 839 4675 quis
869 4603 1090 4674 ipsum.
1123 4603 1196 4659 de
1235 4603 1510 4660 omnibus
1569 4605 1888 4662 universim
1999 4610 2099 4668 bet
2128 4611 2186 4666 id
2219 4610 2433 4683 petenti
2464 4610 2829 4681 plenissime,
2869 4611 2954 4664 uti
2973 4608 3346 4673 arbitramur,
3378 4607 3471 4664 his
3493 4607 3647 4664 Cice-

207 4694 589 4751 Christianis
635 4694 742 4749 hoc
798 4696 1180 4758 asserentem,
1235 4693 1387 4750 ferre
1445 4694 1692 4765 potest?
1735 4695 1888 4752 Audi
2009 4698 2168 4755 ronis
2216 4700 2404 4755 verbis
2447 4699 2917 4755 satisfaciemus:
2959 4720 2986 4748 ‹‹
3036 4700 3117 4754 Ac
3182 4696 3328 4753 mihi
3385 4696 3647 4769 quidem.

202 4786 451 4848 tamen,
475 4784 740 4850 obsecro,
774 4798 889 4853 qua
907 4780 1131 4837 ratione
1156 4780 1300 4837 illud
1332 4783 1578 4854 probare
1617 4788 1883 4842 conatur.
1998 4786 2210 4858 inquit,
2247 4786 2497 4855 videtur,
2528 4804 2663 4843 cum
2694 4787 2821 4842 dum
2842 4786 3138 4843 sententiae
3194 4786 3443 4843 fuissent
3495 4789 3643 4841 vete-

202 4895 234 4923 α
268 4872 591 4945 Quidquid
621 4871 877 4944 agimus,
938 4870 1150 4942 inquit,
1199 4876 1262 4927 ut
1307 4870 1404 4926 alii
1457 4872 1595 4939 fato,
1646 4873 1729 4930 ita
1783 4890 1886 4931 vos
1994 4890 2127 4930 rum
2177 4874 2680 4947 philosophorum,
2734 4892 2852 4931 una
2908 4892 3132 4947 eorum,
3179 4875 3281 4947 qui
3335 4877 3640 4931 censerent

199 4960 335 5018 Deo
383 4962 587 5017 dicitis
617 4979 631 5029 ;
656 4962 740 5017 sic
761 4966 935 5017 sectas
951 4966 1153 5016 vestris
1185 4977 1301 5016 non
1324 4966 1675 5031 spontaneos
1692 4979 1881 5037 agere,
1994 4964 2194 5020 omnia
2217 4964 2296 5019 ita
2326 4964 2441 5020 fato
2485 4965 2630 5035 fieri,
2661 4967 2725 5021 ut
2774 4964 2829 5019 id
2876 4966 3058 5021 fatum
3117 4964 3234 5019 vim
3276 4960 3637 5019 necessitatis

202 5051 315 5107 sed
356 5050 603 5117 electos,
637 5072 663 5098 ιι
687 5049 878 5118 idest,
923 5065 1025 5105 vos
1080 5047 1392 5105 Christiani
1452 5066 1567 5106 non
1617 5051 1768 5109 ultro
1825 5058 1887 5109 et
1993 5052 2241 5118 afferret,
2273 5052 2333 5107 in
2365 5070 2483 5124 qua
2513 5053 2804 5110 sententia
2843 5052 3230 5119 Democritus,
3290 5049 3639 5116 Heraclitus,

203 5145 434 5212 sponte
462 5143 677 5205 vestra,
709 5139 808 5194 sed
834 5136 1032 5193 divina
1050 5137 1349 5208 electione,
1377 5142 1595 5195 sectam
1654 5140 1882 5212 religio-
1990 5139 2742 5212 Empedocles,Aristoteles
2768 5142 2882 5197 fuit
2914 5160 2927 5197 :
2987 5141 3167 5198 altera
3224 5154 3448 5209 eorum,
3507 5137 3637 5209 qui-

209 5246 483 5303 nemque
513 5234 765 5284 vestram
800 5225 1111 5298 amplexati
1138 5227 1301 5282 estis.
1334 5230 1477 5283 Cum
1512 5233 1709 5284 autem
1761 5231 1881 5287 hac
1990 5228 2103 5284 bus
2131 5230 2467 5287 viderentur
2494 5231 2621 5287 sine
2651 5230 2771 5285 ullo
2798 5232 2913 5285 fato
2932 5246 3059 5285 esse
3079 5229 3409 5284 animorum
3439 5232 3637 5283 motus

213 5319 580 5389 objectabat,
611 5318 938 5389 respexisse
968 5316 1198 5370 videtur
1228 5316 1301 5371 ad
1330 5332 1399 5371 ea
1427 5317 1640 5372 Chriin
1683 5319 1879 5382 verba.
1989 5320 2322 5389 voluntarii,
2378 5321 2738 5394 Chrysippus
2789 5327 3071 5391 tanquam
3114 5320 3333 5375 arbiter
3386 5318 3634 5374 honora-

216 5424 347 5478 quae
399 5408 497 5465 vel
537 5425 607 5464 ex
664 5405 1008 5461 Christianis
1066 5404 1348 5474 audierat,
1396 5405 1486 5461 vel
1542 5405 1762 5478 legerat
1816 5408 1877 5463 in
1988 5408 2136 5478 rius,
2168 5410 2426 5467 medium
2458 5427 2520 5465 se
2569 5398 2716 5465 ferre
2771 5407 3063 5465 voluisse:
3105 5409 3208 5465 sed
3266 5406 3521 5480 applicat
3570 5426 3634 5466 se

217 5499 469 5555 Joannis
499 5495 1001 5567 EvangeliozNon
1029 5508 1120 5550 vos
1168 5509 1254 5550 me
1309 5493 1581 5565 elegistis,
1635 5495 1726 5551 sed
1780 5512 1877 5566 ego
1986 5498 2058 5553 ad
2089 5514 2186 5554 eos
2209 5499 2402 5570 potius
2433 5499 2533 5569 qui
2566 5497 2910 5555 necessitate
2956 5503 3149 5555 motus
3200 5498 3430 5555 animos
3485 5496 3629 5555 libe-

221 5586 358 5658 elegi
384 5602 486 5644 vos
513 5589 704 5655 (Jama.
733 5601 827 5655 xv,
860 5583 972 5655 16).
1003 5582 1084 5640 Ex
1134 5580 1214 5639 iis
1245 5585 1441 5641 autem
1481 5581 1581 5641 ille
1637 5583 1879 5643 conclu-
1984 5591 2142 5646 ratos
2176 5586 2394 5647 volunt.
2414 5592 2567 5645 Dum
2598 5590 2796 5646 autem
2825 5585 3018 5646 verbis
3047 5587 3235 5645 utitur
3262 5587 3409 5658 suis,
3469 5587 3634 5644 dela-
