4088 6150
529 281 649 340 475

1809 286 1913 346 DE
1957 285 2259 349 MINUCII
2303 284 2640 347 OCTAVIO
3749 297 3839 356 I16

531 413 691 468 bitur
718 412 775 468 in
809 428 907 469 eas
938 414 1335 485 difﬁcultates,
1368 422 1431 473 ut
1460 418 1864 474 necessitatem
1886 418 1989 475 fati
2027 436 2162 476 con-
2194 423 2250 488 Α
2278 420 2454 488 tione,
2488 424 2552 475 ut
2580 417 2727 475 alibi
2749 418 3209 488 observavimus,
3249 417 3399 473 hunc
3443 434 3670 478 errorem
3706 425 3838 496 plane

533 501 725 556 ﬁrmet
752 502 986 559 invitus.
1023 526 1051 553 »
1078 504 1306 575 (Cicer.,
1343 504 1441 561 lib.
1476 500 1541 562 de
1566 508 1716 574 Fato,
1751 524 1881 580 pag.
1905 510 2030 579 307,
2063 508 2165 563 lin.

530 590 601 645 48
620 596 672 644 et
702 592 835 661 seq.)
885 593 989 656 Qui
1050 592 1218 664 plura
1263 593 1531 661 voluerit,
1590 596 1641 651 is
1687 598 1857 653 adeat
1902 598 2168 668 ejusdem

529 678 819 735 Ciceronis
850 680 914 735 de
940 683 1068 737 Fato
1091 681 1329 749 librum,
1391 699 1459 739 ex
1509 700 1624 756 quo
1686 686 1807 741 haec
1864 688 2171 758 desumpta

530 772 690 824 sunt.
743 768 913 840 Legat
959 769 1134 825 etiam
1194 788 1261 826 ex
1332 773 1753 830 recentioribus
1821 774 2170 843 Christianis

529 856 916 927 scriptoribus
971 858 1278 930 plurimos,
1339 860 1600 932 Lipsium
1650 866 1706 919 et
1753 862 2040 935 Vossium,
2102 880 2171 921 ex

527 944 789 1015 antiquis
846 962 980 1003 vero
1035 947 1302 1004 Ecclesiae
1377 949 1680 1019 Patribus,
1751 951 2168 1024 Augustinum,

526 1031 844 1089 Eusebium
878 1039 935 1090 et
963 1036 1297 1106 Tatianum,
1331 1038 1430 1110 qui
1462 1038 1521 1095 in
1551 1057 1660 1096 sua
1687 1040 1759 1097 ad
1781 1040 2007 1098 Griecos
2034 1040 2172 1098 Ora-

2279 508 2534 579 exagitat
2562 524 2628 563 ac
2660 506 2887 563 refellit.
2922 529 2950 559 »
2983 508 3000 578 (
3030 510 3191 574 Vos.,
3216 504 3254 559 l.
3288 522 3328 561 ιι
3350 506 3411 561 dc
3438 507 3839 583 0rig.etProgrcs.

2277 595 2494 663 idolol.,
2526 613 2647 668 cap.
2686 597 2753 651 45
2780 606 2839 652 et
2867 611 2989 666 seq.
3026 612 3039 650 :
3072 594 3251 665 Lips.,
3276 593 3370 648 lib.
3402 595 3463 649 de
3509 595 3692 668 Const.,
3741 618 3839 674 cap.

2276 685 2348 739 29
2376 690 2433 740 et
2462 701 2581 755 seq.
2618 702 2632 753 ;
2664 687 2935 756 August.,
2968 682 3069 738 lib.
3103 698 3137 737 ν
3162 681 3231 737 de
3261 680 3437 749 Civit.,
3468 699 3583 755 cap.
3617 686 3650 739 2
3697 696 3739 742 et
3760 691 3842 757 20;

2280 773 2512 842 Euseb.,
2542 773 2644 829 lib.
2675 790 2734 829 v1
2780 773 2845 829 dc
2881 775 3131 843 Prwpar.
3190 772 3412 841 anng.,
3464 787 3578 842 cap.
3634 774 3680 843 1,
3728 776 3772 843 2,
3817 778 3843 832 3

2277 871 2331 918 et
2354 878 2522 936 seqq.,
2555 866 2613 918 et
2640 861 2893 930 Tatian.,
2924 866 3068 917 tom.
3130 860 3151 915 Ι
3207 861 3459 930 Apparat.
3508 861 3694 930 nostri,
3739 880 3844 936 pag.

2277 951 2429 1023 543.)

1924 1183 2077 1240 402
2126 1181 2357 1240 CAPUT
2394 1181 2515 1238 VII.

1488 1282 1575 1342 De
1618 1280 1757 1342 aliis
1786 1281 2154 1343 Christianae
2194 1281 2516 1361 religionis
2545 1280 2967 1358 dogmatibus.

987 1411 1375 1468 ARTIGULUS
1427 1413 1700 1471 PRIMUS.

528 1533 899 1588 Excutiuntur
936 1541 1279 1611 argumenta
1334 1538 1527 1608 quibus
1568 1538 1817 1594 chilius
1874 1554 2167 1611 corporum

593 1612 901 1682 nostrorum
950 1610 1396 1682 resurrectionem
1454 1612 1758 1682 impugnat,
1802 1619 1858 1665 et
1916 1610 2165 1665 Oetavius

594 1691 716 1753 eam
742 1680 969 1753 tuetur;
1027 1680 1131 1753 ubi
1166 1681 1237 1735 de
1275 1680 1721 1753 metcmps‘ychosi
1770 1684 1933 1753 atque
1998 1682 2163 1753 hujus

595 1749 869 1873 (ἰξέὴῖίοηίδ
898 1751 1211 1807 auctoribus
1240 1760 1292 1807 et
1322 1749 1675 1809 assertoribas
1731 1749 2079 1825 Pythagora'
2107 1761 2162 1809 et

666 1835 699 1872 α
725 1835 843 1873 one.

666 1823 843 1875 atone.

598 1959 726 2015 Alia
784 1962 1049 2032 quaedam
1108 1962 1434 2018 christiana:
1476 1963 1773 2035 religionis
1812 1965 2164 2021 documenta

525 2048 844 2105 convellere
874 2049 1082 2105 nititur
1111 2050 1390 2118 Caecilius,
1440 2054 1541 2107 sed
1571 2070 1685 2108 non
1735 2052 1974 2109 feliciori
2023 2071 2162 2110 suc-

524 2155 714 2195 cessu.
750 2139 941 2196 Unum
965 2143 1156 2196 autem
1184 2158 1253 2196 ex
1269 2142 1576 2215 praecipuis
1598 2142 1741 2198 illud
1766 2143 1963 2216 procul
1985 2144 2161 2201 dubio

521 2234 627 2299 est,
660 2243 775 2299 quo
806 2228 1036 2284 futurus
1068 2230 1328 2303 corporis
1365 2231 1547 2286 nostri
1598 2232 1667 2287 ad
1717 2232 1893 2287 vitam
1937 2233 2160 2290 reditus

522 2315 819 2370 asseritur.
854 2320 931 2372 Eo
961 2317 1115 2373 enim
1148 2318 1399 2391 sublato,
1431 2336 1598 2391 vana,
1632 2325 1696 2375 ut
1715 2321 1797 2377 ait
1825 2321 2157 2395 Apostolus,

521 2407 578 2459 et
603 2402 795 2460 inanis
825 2405 934 2461 erit
964 2406 1105 2462 fides
1134 2412 1353 2463 nostra.
1385 2408 1651 2465 Caecilius
1681 2427 1810 2466 vero
1858 2410 1967 2466 hoc
2025 2410 2159 2467 fidei

518 2492 761 2566 speique
810 2500 1018 2550 nostrae
1104 2496 1550 2553 fundamentum
1623 2498 1736 2555 isto
1824 2499 2161 2558 dilemmate

517 2586 771 2638 evertere
802 2582 1188 2641 moliebatur:
1220 2584 1321 2640 Vel
1354 2603 1748 2659 resurgemus,
1775 2587 1987 2661 inquit,
2032 2590 2160 2646 sine

518 2685 776 2742 corpore,
809 2672 897 2727 vel
926 2689 1058 2728 cum
1090 2689 1347 2744 corpore.
1380 2674 1505 2730 Non
1558 2676 1815 2748 primum
1873 2678 2110 2749 quidem
2142 2695 2157 2745 ;

518 2774 654 2814 nam
689 2758 815 2814 sine
842 2776 1080 2832 corpore
1106 2777 1293 2835 neque
1322 2779 1509 2835 mens,
1542 2781 1727 2837 neque
1783 2767 1999 2835 anima,
2063 2783 2159 2823 ne-

521 2864 632 2919 que
657 2848 772 2903 vita
802 2853 909 2904 est.
943 2851 1123 2923 Atque
1176 2850 1259 2906 ita
1314 2853 1874 2924 argumentabantur
1920 2854 2156 2926 ethnici,

516 2935 615 3006 qui
649 2935 794 2991 nihil
815 2936 927 2991 nisi
952 2954 1290 3010 corporeum
1313 2941 1589 2997 exsistere
1611 2958 1780 3014 posse
1801 2943 2156 3015 garriebant.

512 3022 713 3095 Neque
753 3025 928 3080 etiam
988 3044 1119 3082 cum
1182 3045 1440 3101 corpore,
1498 3030 1689 3103 pergit
1732 3031 2013 3102 Caecilius,
2071 3032 2157 3088 vel

518 3114 771 3185 ipsomet
803 3119 1023 3181 nostro,
1055 3116 1144 3171 vel
1178 3117 1366 3172 alieno
1397 3135 1792 3191 resurgemus.
1825 3121 1951 3179 Non
1999 3122 2156 3193 ipso-
2188 3152 2231 3219 Ο

518 3206 637 3258 met
661 3203 896 3273 quidem
930 3207 1310 3275 nostro,quod
1343 3223 1377 3261 a
1406 3212 1527 3262 tam
1559 3207 1731 3280 longo
1758 3215 2018 3281 tempore
2047 3212 2157 3266 erit

519 3292 817 3346 mortuum
850 3311 865 3361 ;
899 3296 964 3347 ut
994 3293 1139 3347 nihil
1161 3310 1402 3365 prorsus
1425 3294 1580 3351 illius
1597 3296 2155 3369 residuiquidquam

519 3379 707 3452 possit
737 3397 1056 3437 remanere.
1089 3383 1213 3438 Non
1240 3383 1429 3439 alieno
1461 3385 2156 3459 etiam,quandoquidem

515 3486 630 3524 non
662 3469 816 3525 idem
848 3474 1219 3540 numero,sed
1238 3472 1389 3529 alius
1420 3489 1454 3529 a
1482 3480 1714 3530 mortuo
1745 3475 2032 3533 redivivus
2052 3476 2156 3532 ho-

518 3574 613 3612 mo
646 3558 807 3613 feret.

586 3646 852 3702 Secundo
883 3647 1094 3704 deinde
1115 3655 1459 3722 argumento
1489 3656 1692 3709 contra
1722 3654 1939 3709 mortui
1972 3654 2155 3710 nostri

516 3736 774 3807 corporis
805 3737 876 3793 ad
908 3737 1086 3793 vitam
1115 3739 1520 3796 excitationem
1552 3742 1637 3798 sic
1686 3741 1877 3798 adhuc
1935 3747 2158 3815 pugnat

515 3824 778 3881 Caecilius
812 3842 824 3880 :
855 3848 884 3875 α
915 3828 1054 3891 Quis
1078 3844 1230 3883 unus
1252 3827 1408 3884 ullus
1438 3829 1508 3884 ab
1539 3830 1743 3886 inferis
1780 3831 1869 3887 vel
1902 3832 2154 3888 Protesi-

517 3913 592 3968 lai
624 3917 778 3969 sorte
800 3915 1385 3984 remeavit,horarum
1419 3917 1625 3973 saltem
1659 3919 1946 3990 permisso
2004 3937 2157 3977 com-

519 4008 738 4071 meatu,
767 4003 944 4059 velut
972 4005 1233 4077 exemplo
1290 4007 1702 4063 crederemus?
1761 4031 1783 4058 ι
1842 4009 1973 4066 Jam
2020 4027 2155 4067 vero

518 4091 889 4148 observatum
913 4110 948 4149 a
976 4094 1145 4150 nobis
1167 4094 1279 4150 fuit
1320 4095 1607 4167 quosdam
1640 4096 1856 4153 frustra
1905 4098 2155 4156 ominari

516 4180 576 4237 in
600 4182 708 4238 hoc
728 4182 961 4239 Minucii
993 4187 1151 4239 textu
1202 4184 1424 4239 nomini
1472 4186 1739 4242 horarum
1793 4188 2154 4261 subjungen-

514 4270 656 4326 dum
688 4288 815 4327 esse
862 4272 1209 4344 adjectivum
1260 4291 1584 4346 paucarum.
1644 4276 1796 4333 Satis
1860 4278 2013 4333 euim
2075 4278 2154 4334 ibi

512 4359 977 4433 subintelligitur
1009 4380 1022 4430 ;
1057 4362 1194 4435 quia
1215 4363 1287 4417 de
1316 4368 1471 4421 sorte
1501 4365 1696 4437 agitur
1734 4366 2157 4439 Protesilai,qui

517 4448 744 4520 primus
782 4467 849 4505 ex
879 4451 1093 4507 Graclaa
1112 4452 1473 4524 principibus
1503 4454 1576 4509 ab
1607 4457 1847 4510 Hectore
1900 4454 1960 4509 in
2020 4456 2157 4511 Tro-

2275 1414 2536 1468 nondum
2568 1415 2861 1469 mortuum
2894 1411 3281 1469 resurrexisse
3338 1411 3606 1478 videritis,
3644 1428 3733 1468 vos
3780 1413 3850 1467 in-

2274 1501 2588 1558 credulitas
2644 1502 3086 1557 resurrectionis
3132 1506 3311 1557 tenet.
3372 1500 3625 1571 (Justin.,
3671 1502 3850 1572 Apolog.

2271 1592 2325 1645 2.
2358 1608 2415 1663 p.
2463 1592 2575 1662 65).
2640 1612 2666 1641 ››
2733 1589 3014 1647 Similiter
3069 1608 3104 1646 a
3140 1589 3462 1661 Theophilo
3507 1588 3847 1645 Antiocheno:

2272 1677 2447 1733 Ἀλλὰ
2494 1677 2584 1732 καὶ
2629 1678 2692 1733 τὸ
2738 1676 3010 1751 ἀρνεῖσθαι
3060 1697 3118 1731 σε
3158 1675 3380 1752 νεκροὺς
3410 1674 3720 1750 ἐγείρεσθαι·
3771 1676 3853 1752 φὴς

2193 1789 2240 1854 Β
2268 1767 2391 1854 γὰρ,
2440 1766 2618 1838 Δεῖξόν
2677 1787 2771 1841 μοι
2819 1766 2913 1822 κᾶν
2963 1763 3055 1821 ἕνα
3102 1764 3388 1842 ἐγερθέντα
3443 1763 3501 1820 ἐκ
3544 1768 3743 1838 νεκρῶν,
3785 1762 3856 1817 (ἱνα

2285 1853 2412 1911 ἰδὼν
2442 1854 2710 1910 πιστεύσω
2734 1873 2793 1912 :«
2826 1858 2933 1913 Sed
2964 1861 3021 1912 et
3060 1872 3239 1929 negas
3302 1861 3655 1910 mortuorum
3702 1871 3856 1909 resur-

2271 1946 2606 2002 rectionem.
2658 1947 2762 2001 Ais
2824 1962 3125 2019 namque:
3184 1945 3439 2001 Ostende
3496 1944 3632 1999 mihi
3690 1943 3855 1998 saltem

2270 2052 2456 2090 unum
2515 2053 2582 2091 ex
2640 2034 2887 2091 mortuis
2945 2038 3298 2100 revocatum,
3360 2048 3529 2104 quem
3585 2032 3631 2087 si
3682 2032 3857 2095 videro,

2269 2124 2461 2180 verbis
2491 2123 2794 2179 tuisﬁdem
2825 2122 3111 2179 habebo.»
3139 2120 3583 2194 (Theoph.,lib.i
3602 2120 3673 2176 ad
3696 2119 3859 2185 Autol.,

2269 2228 2401 2285 pag.
2449 2212 2565 2283 77.)
2606 2212 2706 2267 His
2757 2216 2966 2283 praeter
3007 2216 3270 2280 caeteros,
3332 2226 3479 2283 quos
3519 2210 3716 2265 referre
3757 2207 3862 2262 lon-

2269 2318 2409 2374 gum
2440 2306 2613 2369 esset,
2654 2301 3013 2373 adjungatur
3040 2301 3193 2356 468
3234 2299 3591 2369 Lactantius,
3633 2297 3720 2368 qui
3762 2295 3859 2367 pari

2269 2406 2502 2463 quoque
2532 2390 2700 2445 mode
2756 2390 3020 2445 ethnicos
3077 2389 3199 2444 haec
3254 2387 3595 2460 objicientes
3638 2384 3858 2441 inducit:

2272 2500 2300 2531 «
2352 2480 2461 2535 Tot
2505 2480 2631 2549 jam
2684 2477 2900 2534 saecula
2966 2478 3358 2547 transierunt,
3445 2476 3575 2548 quis
3626 2488 3861 2544 umquam

2268 2585 2424 2624 unus
2483 2567 2554 2624 ab
2611 2567 2813 2623 inferis
2871 2566 3205 2635 resurrexit,
3296 2570 3365 2621 ut
3442 2566 3567 2637 ejus
3644 2560 3863 2633 exemplo

2269 2658 2578 2713 credamus
2622 2655 2650 2712 ?
2702 2680 2724 2709 ι
2790 2657 3102 2730 (Lactant.,
3152 2655 3255 2711 lib.
3312 2671 3413 2722 vn,
3463 2670 3588 2726 cap.
3633 2655 3717 2719 22,
3761 2665 3864 2722 pag.

2267 2746 2418 2813 719.)

2339 2842 2449 2899 Sed
2511 2858 2635 2911 cur,
2696 2840 2909 2912 inquit,
2959 2839 3273 2908 Minucius,
3334 2843 3399 2895 tu
3460 2836 3662 2902 Caecili,
3729 2835 3870 2890 homo

2267 2931 2519 2997 ethnice,
2546 2931 2725 2987 audes
2758 2930 2905 2986 hanc
2961 2929 3435 3000 Christianorum
3488 2928 3556 2983 de
3609 2937 3869 2997 corporum

2268 3026 2604 3077 nostrorum
2680 3019 3102 3075 resurrectione
3168 3017 3554 3081 sententiam,
3631 3018 3871 3083 tanquam

2269 3110 2483 3165 anilem
2515 3109 2773 3165 fabulam
2788 3109 3026 3179 rejicere
3057 3110 3081 3162 Ρ
3109 3107 3225 3162 Cur
3255 3106 3412 3178 petis
3442 3106 3497 3160 id
3526 3103 3691 3160 unius
3716 3115 3873 3156 exem-

2270 3199 2363 3272 plo
2392 3199 2497 3255 tibi
2529 3197 2761 3272 probari
2781 3197 2809 3253 ‘I
2839 3196 3115 3268 Nunquid
3147 3195 3372 3252 oblitus
3385 3211 3449 3251 es
3479 3191 3765 3248 dimidiam
3789 3186 3876 3244 sal-

2265 3292 2383 3344 tem
2416 3287 2574 3344 illius
2604 3292 2830 3359 partem
2863 3288 3197 3342 constanter
3224 3282 3591 3356 propugnari
3645 3297 3677 3336 a
3705 3276 3875 3351 Pytha-

2266 3394 2407 3451 gora
2436 3381 2492 3433 et
2518 3374 2880 3448 Platone,qui
2914 3375 3245 3431 animarum
3281 3378 3617 3429 nostrarum
3646 3386 3711 3426 ex
3753 3382 3874 3422 mor-

2266 3466 2386 3522 tuis
2416 3465 2758 3538 corporibus
2798 3464 2855 3519 in
2889 3463 3003 3519 alia
3030 3463 3623 3536 transmigrationem
3651 3470 3875 3514 asserue-

2268 3560 2406 3612 runt
2432 3555 2461 3610 ?
2487 3557 2560 3610 At
2590 3555 2649 3609 id
2682 3554 2731 3610 si
2759 3570 2828 3609 ex
2862 3552 3145 3609 memoria
3172 3556 3280 3608 tua
3312 3551 3551 3620 excidit,
3575 3548 3714 3620 lege,
3753 3557 3877 3616 que-

2265 3661 2353 3712 so,
2381 3644 2598 3699 librum
2631 3643 2888 3716 primum
2930 3640 3166 3697 Diodori
3209 3640 3421 3712 Siculi,
3483 3643 3543 3694 et
3590 3637 3667 3693 ibi
3720 3635 3783 3690 ab
3830 3646 3880 3685 eo

2266 3735 2553 3806 scriptum
2596 3731 2850 3804 reperies
2883 3730 3271 3803 Pythagoram
3318 3730 3394 3785 ab
3436 3724 3709 3800 Egyptiis
3761 3721 3881 3775 hanc

2266 3822 2561 3895 accepisse
2583 3821 2916 3893 opinionem
2948 3817 3428 3891 (Diodor.Sicul.,
3462 3816 3567 3873 lib.
3586 3833 3611 3907 Vl

2264 3928 2397 3985 pag.
2441 3910 2556 3982 62).
2606 3908 2850 3965 Revolve
2900 3907 3170 3963 Herodoti
3216 3907 3431 3975 libros,
3481 3911 3542 3961 et
3579 3904 3656 3959 ibi
3699 3898 3884 3997 videbis

2265 4000 2432 4057 illum
2474 3998 2746 4057 similiter
2782 3997 2999 4053 dixisse
3036 3996 3290 4067 Grmcos,
3355 4011 3615 4069 quorum
3690 3999 3886 4046 nomine

2264 4090 2421 4146 haud
2444 4089 2618 4144 dubie
2640 4088 3025 4162 Pythagoram
3047 4091 3104 4142 et
3126 4085 3438 4142 Platonem
3461 4074 3882 4157 comprehendit,

2264 4180 2425 4236 illam
2457 4180 2529 4235 ab
2561 4178 2769 4234 iisdem
2825 4176 3113 4232 delibasse
3147 4176 3446 4249 Egyptiis
3488 4165 3886 4247 (Herodot.,lib.

2264 4285 2327 4337 ιι,
2356 4270 2383 4336 §
2410 4268 2552 4339 123).
2605 4266 2712 4321 Adi
2758 4266 3075 4333 Laertium,
3122 4270 3303 4337 atque
3349 4282 3423 4320 ex
3469 4261 3665 4351 citatis
3708 4258 3773 4313 ab
3812 4252 3889 4351 illo

2263 4356 2661 4430 Scriptoribue
2690 4355 3033 4428 comperies,
3068 4354 3209 4427 quid
3235 4354 3610 4426 Pythagoras
3642 4350 3709 4404 de
3748 4342 3895 4399 variis

2264 4446 2478 4503 animm
2508 4462 2627 4501 suis
2656 4443 3282 4515 transmigrationibus
3310 4441 3673 4515 praedicabat
3692 4435 3891 4508 (Laert,

515 4537 657 4608 jano
690 4539 841 4594 bello
862 4539 1203 4596 interfectus
1234 4541 1466 4597 dicitur.
1502 4542 1817 4598 Laodamia
1845 4559 1977 4599 vero
2006 4543 2166 4600 illius
2198 4525 2243 4590 Β
2276 4536 2377 4592 lib-
2412 4537 2592 4605 ναμε
2648 4534 2680 4588 4
2717 4538 2774 4589 et
2804 4534 2880 4604 5)-
2925 4532 2983 4589 Si
3033 4533 3155 4588 δεθο
3204 4532 3417 4587 omnia
3466 4528 3615 4587 satis
3654 4524 3755 4582 tibi
3802 4533 3895 4576 non

524 4643 687 4698 uxor,
720 4628 919 4683 statim
950 4635 1124 4701 atque
1156 4646 1288 4685 eum
1332 4635 1626 4687 mortuum
1666 4631 1850 4687 fuisse
1907 4632 2157 4700 rescivit,

524 4717 755 4787 magnis
767 4717 1037 4787 precibus
1059 4735 1092 4773 a
1108 4718 1582 4791 diisimpetrasse
1596 4722 1799 4790 fertur,
1824 4726 1888 4777 ut
1908 4721 2068 4778 illius
2085 4722 2157 4779 ad

519 4803 697 4859 vitam
725 4804 955 4861 excitati
988 4806 1271 4877 colloquio
1294 4824 1398 4878 per
1418 4813 1535 4864 tres
1558 4807 1732 4864 horas
1749 4809 1863 4865 frui
1886 4809 1998 4865 sibi
2027 4810 2159 4867 lice-

518 4897 626 4948 ret.
668 4893 894 4950 Videsis
945 4895 1331 4969 Propertium,
1394 4896 1710 4967 Hyginum,
1756 4896 2048 4954 Catullum
2104 4903 2161 4955 et

518 4983 807 5052 Ovidium,
834 4984 932 5056 qui
964 4985 1033 5040 ad
1067 4984 1223 5040 hunc
1256 4983 1634 5040 Protesilaum
1667 4985 1863 5040 uxoris
1902 4987 2030 5057 ejus
2063 5003 2161 5043 no-

517 5072 672 5130 mine
694 5074 931 5145 scripsit
961 5074 1279 5147 Epistolam
1310 5077 1618 5144 (Propert.,
1648 5072 1749 5127 lib.
1786 5090 1823 5140 1,
1866 5075 2017 5143 Eleg.
2051 5076 2154 5144 19;

516 5162 905 5234 Hygin.,Fab.
955 5165 1092 5228 103;
1134 5160 1346 5232 Catul.,
1391 5162 1561 5233 epist.
1620 5162 1692 5217 63
1744 5162 1813 5217 ad
1863 5163 2157 5230 Mallium;

517 5252 706 5321 Ovid.,
738 5254 907 5324 epist.
942 5254 1054 5324 13).

590 5341 884 5411 Frequens
914 5346 1107 5395 autem
1168 5356 1235 5394 ac
1292 5339 1505 5411 saepius
1563 5340 1809 5412 repetita
1864 5343 1976 5399 fuit
2035 5346 2157 5401 haec

516 5427 883 5483 ethnicorum
917 5429 1418 5500 argumentatio.A
1440 5429 1664 5485 Justino
1698 5430 1986 5503 siquidem
2007 5451 2159 5490 mar-

512 5523 637 5588 tyre
668 5519 751 5571 sic
794 5518 1176 5588 proponitur:
1231 5514 1319 5573 διὰ
1364 5518 1425 5572 τὸ
1477 5519 1643 5591 μήπω
1690 5518 1979 5594 ἑωρακέναι
2015 5522 2155 5594 ὑμᾶς

505 5600 802 5660 ἀναστάντα
831 5606 1039 5681 νεκρὸν,
1088 5606 1310 5665 ἀπιστία
1365 5604 1502 5683 ἔχει.
1563 5630 1592 5658 ‹‹
1645 5609 1951 5683 Propterea
1998 5612 2154 5683 quod

2269 4625 2407 4691 sint,
2441 4625 2616 4680 ﬁdem
2648 4621 3058 4695 proculdubio
3113 4636 3228 4675 non
3284 4618 3620 4692 denegabis
3675 4608 3893 4671 Laberio,

2269 4714 2368 4788 qui
2394 4714 2547 4786 apud
2578 4710 3005 4768 Tertullianum
3037 4709 3189 4766 hanc
3216 4709 3421 4781 ipsam
3453 4708 3529 4763 de
3579 4707 3895 4772 metempsy-

2269 4802 2430 4861 chosi
2456 4800 2793 4874 opinionem
2823 4816 2858 4855 a
2896 4798 3222 4872 Pythagora
3242 4800 3688 4870 propugnatam
3732 4788 3896 4874 aperte

2268 4872 2908 4961 testificatur(Tertul.,
2957 4887 3251 4960 Apologct.,
3286 4902 3425 4959 cap.
3486 4884 3579 4955 48,
3625 4895 3752 4955 pag.
3804 4872 3893 4943 42).

2266 4981 2339 5037 At
2359 4980 2609 5053 ipsemet
2637 4972 3692 5047 Tertullianus,Ambrosius,aliique,
3723 4977 3894 5053 quemf

2268 5052 2588 5125 admodum
2620 5067 2916 5123 Minucius
2948 5070 3164 5135 noster,
3196 5063 3341 5119 hinc
3381 5066 3545 5119 recte
3573 5052 3898 5117 concludunt

2266 5157 2664 5215 incredibilem
2698 5155 2949 5212 ethnicis
2974 5170 3104 5211 esse
3136 5169 3249 5209 non
3292 5153 3517 5208 debere
3571 5145 3901 5205 Christiano-

2266 5264 2397 5303 rum
2430 5248 2501 5303 de
2531 5245 2792 5318 corporis
2846 5242 3030 5300 nostri
3081 5241 3525 5298 resurrectione
3582 5230 3899 5294 sententiam

2265 5337 2580 5407 (Ambros.,
2614 5335 2714 5391 lib.
2747 5351 2789 5391 ιι
2830 5333 2898 5390 de
2917 5333 3021 5403 ﬁde
3048 5334 3294 5399 Rasum,
3327 5331 3482 5400 §.65,
3506 5333 3657 5384 tom.
3690 5325 3757 5393 II,
3787 5333 3900 5395 pag-

2268 5425 2446 5497 1154).

2336 5523 2481 5588 Quid
2518 5539 2671 5592 vero,
2705 5522 2860 5595 quod
2892 5520 3046 5577 idem
3104 5515 3519 5575 Tertullianus
3574 5514 3708 5573 alibi
3765 5504 3896 5605 haud

2266 5612 2604 5671 dubitanter
2632 5613 2945 5683 asseverat,
2976 5608 3089 5667 hoc
3133 5608 3203 5665 de
3246 5607 3594 5664 animarum
3651 5605 3897 5658 transmi-
