3942 6162
175 302 271 362 477

1514 282 2056 347 DISSERTATIO.

3362 285 3479 346 4'78

171 431 377 507 gratione
425 425 732 481 absurdum
784 423 994 495 dogma
1034 437 1150 477 non
1192 420 1365 475 modo
1413 418 1736 507 abeodem
1766 418 1824 486 Α
1850 421 1993 507 tam.
2052 416 2214 480 Quod
2262 416 2312 473 si
2362 416 2469 507 hoc
2518 417 2813 491 posterius
2862 416 2959 473 ille
3000 420 3234 473 tantum
3296 417 3483 474 edixit

171 506 449 594 Pythagora,
496 514 588 569 sed
638 512 812 568 etiam
857 529 891 566 a
940 509 1196 575 Platone,
1245 508 1417 564 sicuti
1456 506 1599 562 dixit
1629 506 1734 561 Mi-

170 610 331 666 nucius
381 608 576 669 noster,
637 601 819 656 fuisse
873 604 1165 654 assertum
1227 597 1426 668 (Idem,
1505 594 1605 650 lib.
1675 594 1739 649 de

166 699 325 759 Anim,
367 708 476 762 cap.
526 690 636 761 28).
686 690 793 745 Sed
845 687 997 759 quod
1054 686 1123 741 ad
1175 685 1473 739 Platonem
1508 682 1736 750 attinet,

164 785 287 841 nullo
303 798 517 853 prorsus
547 780 616 834 ad
650 778 709 833 id
745 777 1111 850 probandum
1146 778 1291 830 teste
1321 788 1468 845 opus
1498 770 1738 827 est.Non

166 875 353 929 obscure
420 868 565 923 enim
644 883 749 922 nec
815 863 998 920 semel
1074 863 1134 918 in
1193 861 1360 916 libris
1421 859 1543 916 suis
1596 859 1739 915 illud

164 960 415 1017 tradidisse
440 956 647 1028 legitur
679 954 872 1027 (Plat.,
904 953 965 1008 in
998 952 1098 1007 ﬁn.
1132 950 1235 1007 lib.
1269 951 1333 1006 de
1356 950 1564 1018 Am’m.,
1597 952 1740 1005 tom.

164 1050 233 1117 III,
257 1034 368 1119 pag.
403 1046 517 1112 104,
547 1050 603 1100 et
634 1043 737 1099 lib.
778 1060 836 1110 x,
884 1042 950 1098 de
996 1040 1242 1113 Republ.,
1292 1044 1436 1097 tom.
1486 1040 1557 1107 II,
1607 1052 1739 1110 pag.

162 1138 269 1206 620).

213 1226 515 1295 Priusquam
545 1239 680 1279 vero
720 1219 1163 1294 progrediamur
1208 1216 1474 1282 ulterius,
1506 1217 1621 1272 duo
1651 1214 1745 1271 hic

162 1313 455 1370 observanda
482 1320 642 1367 sunt.
676 1312 745 1367 Et
782 1310 970 1384 primo
1002 1308 1238 1380 quidem
1270 1307 1340 1361 de
1368 1305 1470 1361 illo
1501 1303 1744 1360 ridiculo

161 1402 579 1476 philosophorum
612 1417 804 1457 errore
834 1399 1156 1456 Minucium
1207 1396 1424 1451 dixisse
1473 1410 1487 1449 :
1538 1416 1567 1445 «
1618 1395 1743 1450 Non

160 1490 425 1564 philosophi
454 1490 782 1557 studio,sed
818 1488 1053 1544 mimico
1090 1485 1230 1541 vitio
1261 1485 1437 1557 digna
1466 1484 1578 1539 ista
1608 1499 1746 1538 sen-

159 1581 292 1635 tentia
339 1584 441 1634 est.
502 1600 530 1627 ››
598 1579 810 1633 Mirum
870 1577 1083 1633 etenim
1144 1579 1361 1646 quanto
1418 1572 1610 1628 studio
1642 1587 1746 1626 nec

158 1665 300 1739 pauci,
331 1682 425 1720 nec
455 1665 736 1721 ineruditi
769 1664 878 1719 viri
929 1665 1081 1719 hunc
1130 1662 1346 1729 locum,
1397 1677 1572 1733 quem
1621 1677 1744 1716 cor-

159 1760 339 1826 ruptum
369 1760 630 1820 censent,
663 1758 719 1809 et
765 1752 1074 1810 emendare
1122 1751 1406 1818 nitantur,
1459 1754 1517 1805 et
1567 1765 1744 1820 quam

157 1844 298 1897 varias
326 1842 478 1898 illius
512 1842 905 1899 correctiones
936 1839 1413 1914 excogitaverint.
1453 1838 1563 1894 Sed
1606 1837 1752 1892 nihil

161 1933 259 1987 certi
286 1932 543 1997 atterunt,
580 1936 818 2004 propter
848 1932 1003 2003 quod
1034 1930 1291 2002 genuina
1335 1927 1752 1999 manuscriptis

161 2021 320 2077 codicis
350 2021 483 2094 regii
524 2022 701 2077 lectio
733 2020 1031 2076 immutari
1081 2021 1309 2075 debeat.
1363 2017 1751 2084 Quamobrem

157 2127 203 2165 ea
225 2116 438 2179 retenta,
468 2100 768 2184 Rigaltius
797 2110 1132 2182 suspicatur
1152 2108 1474 2165 Minucium
1508 2106 1600 2162 his
1630 2122 1752 2162 ver-

158 2198 219 2253 bis
241 2201 299 2253 ad
328 2199 536 2255 mimos
590 2199 953 2270 collineasse,
986 2198 1086 2271 qui
1134 2198 1192 2253 in
1244 2214 1419 2254 scena
1465 2212 1592 2251 sese
1640 2194 1751 2250 ali-

154 2289 334 2358 quando
363 2289 419 2344 in
464 2288 698 2344 belluas
743 2289 1257 2349 transformabant.
1308 2302 1628 2357 earumque
1658 2283 1748 2339 in-

152 2375 350 2432 duebant
378 2378 624 2450 figuras.
658 2377 773 2432 Alii
800 2394 930 2433 vero
962 2378 1280 2449 opinantur
1309 2392 1343 2430 a
1366 2373 1619 2431 Minucio
1651 2390 1745 2429 no-

147 2464 225 2519 tari
246 2466 561 2539 Laberium,
598 2484 633 2522 a
664 2465 1051 2534 Tertulliano,
1085 2465 1169 2522 uti
1201 2463 1373 2538 paulo
1405 2469 1539 2520 ante
1570 2479 1747 2519 anno-

150 2554 370 2622 tavimus,
402 2557 564 2612 464
606 2556 933 2626 laudatum,
968 2559 1025 2611 et
1064 2554 1186 2611 haec
1220 2553 1379 2610 illius
1428 2551 1688 2609 carmina
1716 2568 1751 2607 a

150 2640 315 2698 Crinito
343 2644 646 2716 descripta
678 2659 691 2697 :

154 2792 159 2796 .
367 2743 426 2791 Et
452 2743 624 2792 audio
659 2742 799 2792 mala
828 2741 997 2791 multa
1027 2742 1188 2791 etiam
1218 2754 1281 2790 ex
1310 2740 1469 2789 bonis

237 2804 317 2867 ξει-
342 2804 489 2867 illud,
516 2810 584 2854 ut
613 2818 712 2854 nos
744 2804 888 2858 olim.
917 2808 1130 2853 mutant
1158 2801 1477 2867 philosophi,

238 2865 290 2914 Et
314 2879 450 2916 nunc
473 2862 550 2917 de
585 2867 728 2916 mulo
753 2867 1042 2925 hominem,
1067 2867 1132 2915 de
1159 2862 1385 2914 muliere
1405 2862 1685 2914 colubrum

235 2928 451 2987 Faciunt,
481 2935 539 2979 et
573 2944 640 2978 ex
670 2929 894 2979 diversis
927 2929 1139 2979 diversa
1168 2929 1290 2977 alia.

394 2993 652 3063 (Crinit.,
685 2993 722 3047 ι.
758 3009 812 3047 x1
838 2992 901 3048 de
933 2997 1156 3048 nonest.
1188 2990 1403 3062 discipl.
1441 3004 1563 3060 cap.
1596 2987 1674 3059 3.)

192 3105 436 3218 Laberius
466 3113 687 3218 autem.
702 3114 760 3164 et
818 3114 989 3218 poeta
1018 3115 1074 3165 et
1103 3110 1324 3165 mimus
1363 3108 1492 3177 fuit,
1527 3108 1599 3163 de
1627 3123 1743 3178 quo
1774 3150 1817 3218 Β

142 3197 300 3258 prater
345 3200 589 3251 caeteros
635 3196 965 3252 Macrobius
1020 3214 1035 3254 :
1094 3220 1121 3248 ‹‹
1170 3199 1476 3254 Laberium
1528 3215 1742 3269 asperae

142 3278 373 3338 libertatis
421 3285 691 3356 equitem
762 3285 1092 3342 Romanum
1159 3288 1348 3343 Caesar
1413 3288 1750 3362 quingentis

143 3367 351 3429 millibus
376 3372 673 3442 invitavit,
703 3379 768 3429 ut
813 3375 1072 3447 prodiret
1120 3376 1177 3431 in
1230 3392 1488 3448 scenam,
1539 3382 1597 3434 et
1625 3378 1752 3450 ipse

142 3465 290 3528 ageret
316 3462 555 3530 mimos,
590 3465 743 3535 quod
780 3465 1173 3536 scriptitabat.
1226 3488 1254 3515 »
1296 3466 1599 3539 (Macrob.,
1644 3466 1744 3524 lib.

141 3546 505 3623 u,Saturnal.,
541 3569 675 3625 cap.
724 3553 804 3624 7.)
852 3556 1042 3626 Atque
1091 3554 1168 3610 ibi
1220 3554 1550 3612 Macrobius
1581 3555 1751 3628 plura

142 3632 323 3694 Laberii
351 3641 623 3697 carmina
650 3642 845 3710 refert,
879 3642 1095 3714 quibus
1125 3644 1195 3698 ad
1228 3644 1520 3715 scriptosa
1550 3660 1609 3701 se
1638 3645 1748 3701 mi-

142 3738 234 3779 mos
256 3730 501 3800 agendos
533 3734 777 3787 coactus
801 3735 906 3787 est.
932 3731 1012 3787 De
1071 3731 1170 3789 illo
1202 3748 1434 3804 quoque
1472 3733 1748 3791 Horatius

143 3814 306 3871 cecinit
333 3835 347 3873 :

150 3954 151 3957 η
256 3922 311 3972 Et
338 3925 519 3976 Laberi
559 3926 773 3991 mimos,
806 3931 865 3977 ut
888 3927 1112 3990 pulchra
1142 3933 1388 3991 poemata
1409 3930 1587 3980 mirer.

595 3988 794 4060 (0rut.,
822 3988 918 4047 (1'6.
952 4008 1015 4058 ιι,
1047 3988 1292 4048 Serbian.
1326 3992 1492 4048 Satir.
1526 3994 1640 4062 10.)

195 4088 434 4151 Laberius
463 4096 673 4167 itaque
702 4096 809 4153 has
848 4096 1330 4170 philosophorum
1379 4099 1450 4155 de
1497 4105 1744 4158 metem-

142 4180 361 4249 psychosi
406 4183 812 4257 delirationes,
868 4204 983 4242 non
1040 4186 1228 4242 solum
1281 4188 1536 4261 scriptis,
1568 4190 1743 4261 paulo

142 4272 241 4321 ante
267 4270 461 4342 citatis,
509 4274 618 4329 sed
650 4273 827 4329 etiam
878 4275 1026 4331 actis
1078 4277 1331 4333 mimicis
1381 4278 1533 4334 haud
1566 4280 1743 4337 dubie

142 4351 387 4416 deriserat.
443 4362 749 4419 Minucius
780 4379 915 4436 ergo
960 4365 1095 4421 inde
1122 4366 1336 4422 inferre
1365 4368 1556 4440 potuit
1585 4368 1743 4426 hunc

144 4456 347 4503 errorem
375 4475 399 4500 «
432 4453 680 4508 mimico
710 4453 870 4521 vitio,
922 4476 944 4503 ι
979 4458 1079 4510 aut
1111 4456 1347 4513 mimico
1398 4458 1671 4529 convitio,
1711 4483 1734 4513 ι

1845 505 2167 578 ipsummet
2189 504 2389 576 procul
2415 507 2593 562 dubio
2620 511 2829 564 testem
2861 507 3101 562 habebit
3122 506 3499 575 Herodotum,

1849 596 2019 666 cujus
2075 595 2197 649 haec
2257 598 2399 649 sunt
2459 596 2681 652 verba:
2736 595 2923 666 Τούτῳ
2981 598 3059 665 τῷ
3108 592 3260 669 λόγῳ
3291 592 3390 649 εἶ’σι
3447 593 3499 649 o't

1847 681 2130 752 Ἐλλήνων
2178 681 2501 756 ἐχρήσαντο,
2556 684 2608 736 οἱ
2656 684 2748 755 μὲν
2800 683 3083 758 πρότερον,
3139 683 3190 737 οἱ
3242 680 3299 738 δὲ
3346 684 3495 739 ὕστε-

1851 790 1964 845 ρον,
1998 770 2071 832 ὡς
2122 769 2245 843 ἷδιῳ
2297 771 2497 825 ἑαυτῶν
2550 770 2708 826 εόντι·
2754 776 2859 826 τῶν
2919 771 3023 848 ἐγὼ
3055 769 3213 835 εἰδὼς
3244 773 3309 826 τὰ
3339 772 3500 827 οὐνό-

1854 880 2016 933 ματα,
2047 858 2109 914 οὐ
2140 858 2352 937 γάάφω.
2387 883 2415 911 ‹‹
2449 861 2609 917 Hanc
2663 862 2944 917 rationem
2995 867 3132 917 sunt
3159 878 3228 918 ex
3257 864 3490 933 Graecis,

1852 950 1952 1021 qui
1972 949 2385 1020 usurpaverint
2410 952 2687 1022 tanquam
2710 966 2879 1006 suam
2900 951 3289 1023 ipsorum,alii
3308 952 3491 1025 prius,

1852 1039 1952 1096 alii
2010 1038 2320 1111 posterius,
2383 1055 2634 1111 quorum
2689 1055 2793 1111 ego
2847 1039 3088 1095 nomina
3140 1041 3333 1097 sciens
3376 1058 3491 1097 non

1852 1128 2001 1184 duco
2031 1144 2159 1185 esse
2189 1127 2519 1184 scribenda.
2572 1150 2600 1177 »
2649 1128 2968 1200 (Herodot.,
3015 1128 3117 1184 lib.
3170 1146 3232 1199 ιι,
3281 1132 3309 1197 §
3347 1130 3493 1203 123.)

1854 1216 1965 1273 Sed
1996 1217 2166 1289 longe
2217 1216 2433 1272 clarius
2488 1217 2559 1272 ab
2607 1216 2954 1289 Hieronymo
3012 1216 3297 1289 scriptum
3340 1219 3497 1274 fuit:

1860 1324 1883 1354 ι
1914 1306 1984 1360 Et
2014 1306 2153 1377 quia
2174 1306 2555 1378 Pythagorica
2575 1306 2850 1377 dogmata
2875 1321 2967 1361 me
2987 1305 3197 1379 legisse
3219 1307 3498 1376 dixeram,

1854 1395 1991 1450 audi
2022 1396 2160 1466 quid
2194 1395 2346 1465 apud
2379 1396 2607 1451 Graecos
2635 1395 2989 1467 Pythagoras
3020 1394 3243 1467 primus
3272 1395 3502 1451 invene-

1853 1484 1948 1551 rit,
1983 1484 2345 1540 immortales
2375 1500 2502 1540 esse
2528 1483 2781 1549 animas,
2812 1494 2865 1539 et
2896 1485 2967 1539 de
2998 1484 3129 1540 aliis
3158 1485 3501 1556 corporibus

1853 1575 2106 1629 transire
2136 1574 2194 1629 in
2234 1573 2366 1628 alia.
2423 1595 2450 1622 »
2503 1574 2884 1645 (Hieronym.,
2940 1575 3238 1644 Apologet.,
3288 1574 3499 1631 advers.

1860 1664 2059 1734 Ruﬁn.,
2094 1662 2193 1717 lib.
2230 1679 2319 1727 III,
2352 1671 2480 1717 ante
2508 1663 2633 1727 fin.,
2692 1678 2825 1733 pag.
2861 1662 2986 1717 470.
3018 1663 3185 1717 Tom.
3244 1679 3260 1717 ι
3320 1663 3501 1734 Appa-

1857 1762 1990 1817 ναι,
2026 1768 2157 1823 pag.
2189 1752 2313 1821 522,
2372 1752 2477 1805 620
2525 1755 2581 1806 et
2615 1752 2769 1806 1136.
2804 1769 2817 1818 ;
2869 1752 3093 1806 Disserl.
3129 1753 3189 1806 in
3221 1753 3501 1820 Lactant.,

1864 1858 1989 1912 cap.
2022 1841 2112 1907 29,
2145 1844 2255 1895 art.
2290 1840 2309 1894 Ι
2340 1857 2353 1906 ;
2388 1841 2606 1894 Dissert.
2661 1841 2721 1894 in
2752 1838 2979 1895 Terlull.
3031 1841 3333 1911 Apologet.,
3372 1858 3501 1913 cap.

1868 1931 1950 1998 11,
1970 1933 2079 1984 art.
2103 1929 2183 2000 2.)
2214 1929 2292 1983 De
2321 1928 2427 1982 hac
2458 1945 2627 1999 porro
2653 1928 2813 1984 illius
2844 1945 2909 1982 ac
2940 1928 3200 1984 Platonis
3229 1929 3503 2001 Opinione

1862 2036 1895 2075 a
1927 2017 2094 2074 nobis
2120 2018 2240 2088 jam
2273 2017 2496 2072 dictum
2530 2020 2639 2085 est,
2688 2021 2744 2072 et
2773 2018 2924 2072 infra
2955 2017 3144 2072 adhuc
3176 2018 3505 2090 disputabi-

1859 2113 1974 2165 tur.

2422 2222 2822 2281 ARTICULUS
2863 2223 2932 2279 ΙΙ.

1858 2332 1993 2388 Alia
2020 2332 2091 2386 ad
2118 2331 2462 2402 probandam
2490 2346 2783 2402 corporum,
2805 2339 3116 2386 nostrorum
3154 2334 3507 2389 resurrectio-

1927 2420 2056 2489 nem
2086 2403 2314 2528 gtctaviz',
2350 2411 2400 2458 et
2427 2403 2708 2458 contraria
2758 2401 2967 2459 Caecilii
3011 2412 3341 2473 argumenta
3366 2422 3504 2461 exa-

1927 2491 2081 2528 mma
2150 2490 2240 2528 ur.

1926 2490 2240 2530 minantur.

1928 2596 2138 2648 Contra
2165 2591 2419 2663 primam
2451 2590 2667 2647 Octavii
2712 2591 3277 2663 argumentationem
3309 2594 3502 2664 objec-

1857 2682 2016 2738 tabat
2044 2680 2327 2751 Caacilius,
2361 2679 2577 2751 aliique
2625 2679 2893 2752 gentiles,
2926 2698 2988 2736 se
3027 2697 3329 2752 nunquam
3363 2676 3502 2739 ridi-

1857 2769 1999 2826 cula:
2042 2786 2281 2842 prorsus
2313 2772 2415 2824 aut
2447 2768 2779 2840 Pythagoras
2810 2772 2868 2824 et
2909 2768 3188 2836 Platonis,
3214 2774 3315 2825 aut
3342 2772 3503 2828 Chri-

1856 2859 2182 2915 stianorum
2213 2858 2284 2913 de
2314 2873 2551 2928 corpore
2609 2861 2809 2913 nostro
2841 2859 2912 2913 ad
2964 2858 3142 2914 vitam
3183 2861 3502 2917 revocando

1855 2946 2115 3020 opinioni
2132 2946 2284 3002 405
2309 2945 2674 3003 subscribere
2702 2946 2994 3018 potuisse;
3020 2948 3497 3020 quandoquidem

1855 3036 2017 3094 nulla
2048 3052 2331 3108 unquam,
2355 3051 2718 3107 quascunque
2742 3036 3249 3107 fingatur,ratione
3280 3038 3401 3093 fieri
3426 3037 3494 3093 il-

1854 3125 1955 3181 lud
1989 3125 2309 3197 potest.Sed
2340 3123 2600 3180 octavius
2629 3123 2919 3181 insulsam
2949 3125 3262 3182 adversarii
3293 3126 3406 3191 sui,
3429 3128 3501 3183 de

1859 3218 2145 3288 potestate
2174 3213 2371 3269 divina
2400 3212 2745 3283 dubitantis,
2772 3213 3156 3269 temeritatem
3187 3214 3271 3271 sic
3317 3216 3501 3288 repri-

1859 3304 1969 3361 mit
1999 3322 2012 3359 :
2052 3324 2080 3356 ιι
2108 3303 2249 3369 Quis
2279 3307 2398 3358 tam
2443 3301 2682 3371 stultus,
2715 3309 2816 3357 aut
2845 3304 3056 3358 brutus
3085 3307 3195 3370 est,
3226 3310 3293 3360 ut
3322 3320 3498 3377 nega-

1859 3410 1921 3450 re
1971 3393 2183 3449 audeat
2227 3397 2525 3447 mortuum
2581 3391 2878 3447 hominem
2918 3392 3183 3462 potuisse
3212 3410 3245 3449 a
3283 3394 3397 3450 Deo
3427 3396 3500 3450 ad

1858 3483 2038 3538 vitam
2069 3481 2324 3538 revocari
2351 3484 2379 3535 ?
2419 3502 2447 3530 ››
2479 3480 2981 3544 Quemadmodum
3013 3481 3171 3536 enim
3202 3482 3501 3540 hominem

1858 3588 1925 3628 ex
1956 3570 2137 3627 nihilo
2170 3570 2335 3625 finxit
2364 3586 2429 3624 ac
2460 3569 2693 3637 creavit,
2751 3570 2832 3624 ita
2860 3586 3021 3641 seque
3054 3569 3218 3627 facile
3267 3570 3434 3626 illum
3467 3589 3501 3628 a

1858 3660 2106 3717 mortuis
2161 3660 2412 3715 excitare
2467 3662 2675 3731 potest.
2731 3659 2841 3714 Sed
2917 3658 3027 3714 hoc
3086 3665 3501 3731 argumentum

1856 3750 2051 3807 acrius
2080 3754 2249 3821 urget
2291 3749 2561 3805 Justinus
2613 3752 2833 3820 martyr
2864 3765 2877 3803 :
2915 3770 2943 3800 (ι
2973 3748 3032 3803 Si
3076 3748 3210 3821 quis
3242 3765 3502 3822 unquam

1852 3839 2039 3907 vobis,
2102 3855 2236 3894 cum
2287 3838 2544 3894 nondum
2597 3836 2743 3892 tales
2808 3837 3134 3908 exstaretis,
3189 3855 3377 3909 neque
3433 3856 3501 3895 ex

1853 3928 2070 3985 talibus
2101 3929 2211 3983 orti
2243 3927 2472 3994 essetis,
2524 3932 2901 3993 asseveraret,
2942 3942 3142 3983 semen
3174 3926 3500 3984 humanum

1853 4021 1912 4074 et
1939 4016 2251 4088 imaginem
2283 4015 2497 4088 pictam
2549 4015 2839 4083 indicans,
2888 4031 2958 4070 ex
2988 4030 3055 4070 eo
3102 4015 3230 4086 ipso
3271 4014 3496 4070 semine

1855 4111 2126 4162 naturam
2155 4104 2495 4176 hujusmodi
2528 4103 2651 4159 ﬁeri
2693 4119 3030 4175 posse,num
3064 4102 3406 4173 priusquam
3440 4102 3498 4158 id

1857 4196 2073 4251 factum
2118 4198 2293 4260 esset,
2357 4192 2667 4249 crederetis
2705 4192 2733 4246 ‘?
2788 4191 2913 4247 Non
2961 4190 3231 4262 equidem
3291 4191 3500 4262 opinor

1853 4270 2209 4356 quemquam
2239 4286 2438 4337 contra
2488 4280 2597 4335 hoc
2637 4279 2827 4334 dicere
2859 4294 3140 4333 ausurum
3175 4294 3321 4334 esse.
3380 4278 3493 4335 Sed

1850 4372 2005 4428 enim
2037 4372 2329 4443 quomodo
2360 4369 2432 4424 ab
2464 4368 2628 4423 initio
2651 4384 2764 4424 non
2787 4365 3184 4422 credidissetis
3215 4367 3497 4438 possibile

1850 4477 1999 4532 esse,
2021 4465 2088 4516 ut
2115 4478 2145 4516 e
2175 4460 2333 4515 tenui
2367 4462 2532 4531 gutta
2562 4457 2709 4511 tales
2739 4455 3085 4511 exsisterent
3114 4460 3171 4511 et
3200 4456 3499 4514 exstitisse

857 4510 868 4521 ,
1240 4510 1337 4513 ﬂ-
1712 4510 1729 4513 η
1853 4510 1999 4532 ---Ἴ
2028 4510 2087 4516 __
2120 4510 2143 4516 ,
2181 4510 2332 4515 --____
2367 4510 2531 4531 of---
2571 4510 2603 4511 η
2664 4510 2703 4511 γέ
2754 4510 2757 4511 ν
3362 4510 3494 4514 κ---

145 4536 227 4585 aut
250 4556 273 4583 α
298 4538 445 4595 mimi
466 4541 751 4610 convitia,
794 4564 822 4591 »
857 4542 1136 4599 nimirum
1170 4544 1416 4613 Laberii,
1448 4545 1537 4602 vel
1569 4547 1619 4603 si
1650 4565 1745 4605 ve-
1775 4510 1821 4575 Β
1854 4554 2051 4605 tamen
2077 4548 2315 4615 videtis;
2349 4547 2553 4601 eodem
2579 4546 2750 4600 modo
2780 4544 3110 4601 existimate
3139 4545 3505 4617 impossibile

144 4618 507 4696 lis,cujuslibet
538 4631 888 4701 pantomimi
919 4648 1045 4688 esse
1074 4633 1340 4705 dignum.

194 4713 764 4775 Animadvertendum
800 4722 1054 4777 secundo
1086 4722 1472 4796 Pythagoram
1503 4724 1744 4781 aMinu-

142 4797 207 4852 cio
231 4804 491 4875 appellari
546 4807 826 4878 primum,
881 4810 981 4881 qui
1028 4809 1180 4866 hanc
1228 4812 1587 4883 opinionem,
1640 4830 1744 4870 seu

142 4889 301 4950 potius
360 4894 770 4952 delirationem
840 4897 1179 4955 introduxit.
1249 4901 1361 4957 Sed
1418 4917 1535 4973 quo
1585 4902 1742 4973 jure,

139 4987 286 5042 quove
328 4984 474 5039 teste
522 4984 580 5039 id
616 4989 733 5040 tam
784 4992 1185 5045 asseveranter
1212 4990 1569 5046 affirmavit?
1595 4990 1741 5047 Nam

140 5061 379 5125 Diodorus
428 5073 669 5128 Siculus
715 5075 1100 5147 apertissime,
1151 5078 1234 5133 uti
1278 5080 1403 5149 jam
1462 5079 1742 5148 diximus,

137 5154 177 5240 tt
200 5151 507 5217 Herodotus
541 5162 712 5233 paulo
742 5165 1050 5223 obscurius
1092 5167 1480 5224 testiﬁcantur
1520 5169 1742 5240 primos

137 5236 278 5311 bnjus
303 5248 596 5317 opinionis
626 5258 893 5309 auctores
922 5255 1103 5311 fuisse
1136 5256 1495 5330 £gyptios,a
1520 5236 1740 5329 quibus

138 5341 233 5385 eam
274 5333 625 5409 Pythagoras
671 5342 911 5415 accepit.
962 5347 1348 5410 Quamobrem
1399 5351 1499 5401 aut
1528 5348 1742 5405 erravit

140 5418 404 5503 lliuucius,
439 5432 545 5481 aut
573 5430 761 5500 potius
819 5432 966 5488 nihil
1024 5433 1178 5489 aliud
1240 5435 1353 5490 sibi
1390 5435 1591 5503 voluit,
1626 5435 1740 5493 nisi

141 5500 257 5604 Eli-nc
294 5517 644 5604 sententiam
693 5537 726 5575 a
772 5521 1117 5595 Pythagora,
1187 5528 1488 5597 tamquam
1546 5500 1737 5597 primo

142 5592 268 5654 illius
290 5598 589 5691 inventore
606 5611 661 5665 et
688 5592 925 5668 auctore
954 5592 1107 5684 apud
1134 5592 1359 5672 Graecos
1389 5592 1738 5673 disseminao

1855 4654 1969 4693 non
2001 4653 2130 4693 esse
2178 4641 2242 4690 ut
2304 4633 2611 4698 dissoluta,
2662 4638 2837 4705 atque
2886 4634 3179 4690 seminum
3228 4636 3415 4691 instar
3441 4636 3503 4693 in

1851 4731 2068 4783 terram
2100 4725 2323 4794 dejecta
2348 4739 2591 4795 corpora
2621 4721 3173 4794 humana,tempore
3202 4725 3503 4796 suo,jussu

1853 4813 1954 4871 Dei
2014 4812 2352 4885 relinquant
2407 4816 2465 4867 et
2520 4816 2791 4868 naturam
2852 4812 3352 4885 incorruptibilem
3412 4815 3500 4868 in-

1854 4904 2057 4959 duant.
2092 4926 2115 4954 ι
2152 4901 2413 4973 (Justin.,
2446 4901 2602 4973 Apol.
2638 4917 2700 4968 ιι,
2729 4917 2860 4974 pag.
2894 4903 3010 4972 65.)

1927 4993 2140 5048 Eodem
2163 5007 2398 5064 quoque
2420 4989 2533 5046 telo
2554 4989 2817 5046 ethnicos
2840 5008 2953 5047 non
2977 4991 3167 5047 solum
3191 4989 3492 5057 Tatianus,

1851 5086 1910 5138 et
1941 5078 2405 5153 Athenagoras,a
2438 5080 2605 5136 nobis
2640 5097 2775 5136 mox
2819 5080 3057 5151 citandi,
3088 5095 3287 5135 verum
3318 5078 3492 5135 etiam

1851 5169 2249 5227 Tertullianus
2270 5170 2355 5226 sic
2378 5170 2544 5226 ferit:
2572 5192 2600 5219 «
2625 5169 2945 5225 Considera
2965 5170 3276 5240 teipsum,o
3300 5167 3497 5239 homo,

1850 5263 1907 5315 et
1938 5260 2110 5316 fidem
2137 5259 2216 5315 rei
2235 5257 2799 5329 invenies.Recogita
2818 5257 2957 5328 quid
2980 5255 3499 5326 fueris,antequam

1851 5365 2056 5416 esses;
2118 5349 2319 5419 utique
2364 5347 2505 5402 nihil
2553 5346 2972 5401 :meminisses
3018 5343 3199 5410 enim,
3248 5343 3299 5398 si
3356 5345 3497 5415 quid

1850 5438 2083 5494 fuisses.
2108 5437 2212 5501 Qui
2240 5452 2375 5505 ergo
2398 5434 2542 5490 nihil
2566 5435 2745 5490 fueris
2777 5434 3119 5505 priusquam
3147 5432 3493 5503 esses,idem

1848 5526 1998 5583 nihil
2027 5527 2237 5591 factus,
2260 5541 2394 5579 cum
2424 5540 2553 5579 esse
2584 5522 2847 5593 desieris,
2871 5539 2975 5578 cur
3004 5540 3117 5579 non
3150 5523 3340 5596 possis
3363 5541 3488 5580 rur-

1848 5632 1953 5674 sus
1975 5630 2105 5673 esse
2133 5614 2203 5671 de
2231 5610 2437 5680 nihilo,
2460 5611 2724 5685 ejusdem
2755 5611 3010 5670 auctoris
3038 5611 3355 5686 voluntate,
3390 5613 3490 5686 qui
