4088 6150
507 242 628 302 479

1793 250 1895 311 DE
1936 252 2241 315 MINUCII
2290 256 2633 320 OCTAVIO

3737 276 3830 339 480

505 379 561 431 te
593 376 771 431 voluit
802 393 929 433 esse
960 378 1029 433 de
1060 378 1289 471 nihilo?
1336 381 1441 471 Qui
1489 398 1597 437 non
1647 398 1801 452 eras,
1843 384 2030 442 factus
2059 402 2144 459 es,
2173 390 2230 456 Α
2259 405 2387 461 quea
2417 389 2513 446 hic
2540 392 2926 450 transcribere
2955 392 3186 465 longius
3226 392 3386 461 foret,
3443 395 3500 453 in
3551 399 3667 471 ejus
3714 403 3830 465 libro

506 481 637 519 cum
674 466 881 521 iterum
916 483 1030 521 non
1061 467 1195 535 eris;
1231 468 1353 525 fies.
1388 469 1604 535 Redde,
1653 471 1704 527 si
1753 477 1936 543 potes,
1970 475 2143 531 ratio-

502 570 656 619 nem,
691 571 804 625 qua
838 556 1024 611 factus
1056 573 1137 622 es,
1172 561 1227 612 et
1255 563 1397 612 tunc
1427 560 1656 630 require
1687 578 1804 633 qua
1828 562 2027 618 fies.Et
2055 570 2143 620 tav-

497 658 627 696 men
664 643 891 699 facilius
919 646 1119 715 utique
1140 646 1426 718 ﬁes,quod
1459 648 1618 704 fuisti
1647 648 1983 721 aliquando;
2006 653 2145 724 quia

498 747 659 802 eaque
693 749 806 786 non
839 733 1073 788 difﬁcile
1105 735 1291 790 factus
1348 753 1432 804 es,
1456 739 1611 808 quod
1646 756 1948 810 nunquam
1983 742 2144 797 fuisti

498 820 833 891 aliquando.
880 823 1276 893 Dubitabitur,
1309 828 1502 894 credo,
1534 829 1604 883 de
1635 829 1736 884 Dei
1768 828 2005 898 viribus,
2043 834 2143 905 qui

502 913 728 965 tantum
764 911 870 966 hoc
901 929 1111 984 corpus
1142 916 1347 969 mundi
1380 916 1450 971 de
1481 932 1568 983 eo,
1601 919 1753 988 quod
1788 936 1900 975 non
1935 920 2144 991 fuerat,

504 1016 619 1054 non
653 1000 848 1055 minus
880 1018 1056 1073 quam
1092 1003 1163 1059 de
1195 1008 1379 1059 morte
1410 1006 1724 1062 vacationis
1753 1012 1809 1063 et
1844 1008 2143 1067 inanitatis

498 1089 1178 1159 composuit,animatum
1192 1092 1401 1163 spiritu
1415 1096 1676 1150 omnium
1691 1096 2143 1155 animatorum.»

498 1177 698 1248 (Tert.,
759 1179 976 1250 Apolog.
1037 1196 1085 1234 c.
1113 1182 1202 1244 48,
1260 1199 1316 1253 p.
1365 1183 1477 1254 42.)
1507 1185 1695 1254 Atque
1724 1184 1845 1240 haec
1876 1185 1970 1241 ille
2000 1187 2140 1243 ube-

497 1264 621 1319 rius
651 1281 717 1321 eo
742 1268 795 1320 in
824 1268 968 1322 libro
996 1270 1367 1340 prosequitur
1387 1272 1587 1341 (Idem,
1620 1272 1716 1328 lib.
1750 1273 1815 1329 de
1837 1276 2139 1332 Resurrect.

497 1370 699 1423 carms,
729 1372 779 1409 c.
817 1357 873 1409 11
910 1362 968 1412 et
996 1358 1205 1429 seqq.).
1237 1359 1471 1415 Brevius
1519 1366 1715 1417 autem
1766 1368 1970 1434 postea
2002 1366 2141 1420 Lac-

498 1442 722 1499 tantius
756 1461 768 1498 :
801 1467 820 1493 α
852 1446 909 1499 Si
932 1462 965 1500 a
990 1446 1274 1517 principio
1299 1453 1447 1504 Deus
1488 1448 1786 1507 hominem
1808 1453 2005 1508 nescio
2026 1471 2142 1524 quo

498 1532 872 1587 inenarrabili
897 1536 1069 1589 modo
1091 1534 1691 1604 instituit,credamus
1723 1541 1794 1595 ab
1824 1557 1890 1596 eo
1913 1542 2143 1597 restitui

496 1626 745 1677 veterem
780 1639 969 1693 posse,
994 1623 1095 1695 qui
1126 1642 1339 1681 novum
1373 1627 1507 1682 fecit
1538 1628 1846 1699 (Lactant.,
1872 1628 1971 1686 lib.
2006 1648 2140 1687 vn.»

494 1712 769 1777 Institut,
802 1728 926 1784 cap.
960 1714 1048 1768 23.
1084 1730 1214 1786 pag.
1246 1715 1396 1787 721.)

566 1864 873 1919 Instabant
894 1874 1085 1922 tamen
1109 1867 1355 1938 gentiles
1382 1868 1505 1924 fieri
1538 1873 1776 1925 omnino
1801 1886 1913 1925 non
1946 1887 2139 1943 posse,

495 1951 827 2007 uthominis
851 1969 1061 2025 corpus
1084 1955 1253 2025 aquis
1267 1955 1769 2029 absorptum,igne
1795 1965 2139 2028 crematum,

493 2040 555 2095 in
588 2040 904 2112 pulverem,
937 2043 1162 2098 eineres
1192 2048 1248 2098 et
1279 2043 1503 2100 favillas
1533 2047 1853 2117 redactum,
1888 2048 1947 2102 in
1983 2048 2140 2105 aliud

497 2146 707 2200 corpus
769 2135 1250 2201 transmutatum,
1282 2133 1436 2189 idem
1477 2151 1721 2191 numero
1746 2153 1949 2193 rursus
1977 2155 2142 2193 exsu-

498 2220 759 2285 scitetur,
792 2220 1102 2289 reﬁcietur,
1132 2238 1195 2277 ac
1228 2223 1592 2278 reformatur.
1613 2228 1681 2279 At
1702 2227 2013 2298 respondet
2035 2227 2140 2282 Mi-

499 2308 729 2375 nucius,
756 2325 1089 2381 quanquam
1111 2327 1321 2383 corpus
1349 2311 1491 2367 illud
1525 2313 1733 2368 «nobis
1755 2315 2138 2387 subducatur,

493 2400 608 2452 Deo
638 2403 831 2452 tamen
865 2397 1283 2455 elementorum
1315 2402 1544 2456 custodi
1577 2403 1876 2460 reservari.
1914 2426 1941 2453 »
1983 2405 2053 2460 Et
2081 2404 2140 2460 id

491 2486 727 2559 quidem
761 2486 856 2542 ille
888 2488 1272 2559 paueis,quod
1302 2490 1571 2561 pluribus
1593 2492 1878 2549 Tatianus
1900 2498 1959 2549 et
1980 2493 2137 2551 hunc

494 2576 739 2651 urgebat
767 2576 827 2631 in
879 2577 1119 2633 modum
1156 2595 1168 2633 :
1209 2600 1238 2629 «
1272 2581 1385 2634 Hoc
1415 2580 1495 2635 ita
1524 2580 1786 2637 futurum
1822 2582 2138 2653 credimus,

501 2664 646 2721 nihil
680 2665 913 2721 interim
955 2673 1247 2735 curantes,
1309 2674 1606 2741 utcunque
1656 2671 1863 2742 nugari
1922 2688 2028 2727 nos
2085 2678 2142 2727 et

500 2754 787 2810 blaterare
821 2756 1203 2812 arbitremini.
1238 2758 1524 2824 Quoniam
1575 2759 1727 2815 sicut
1776 2760 2138 2831 ignorabam,

500 2844 633 2917 quis
663 2861 877 2915 essem,
900 2850 1215 2917 antequam
1248 2863 1532 2915 nascerer,
1566 2865 1700 2904 cum
1734 2849 1930 2905 nullus
1954 2850 2141 2908 adhuc

497 2934 904 3003 essem,solum
930 2940 1123 2990 autem
1147 2935 1204 2989 in
1226 2936 1486 3007 subjecto
1509 2939 1761 2993 materia:
1784 2938 1975 2994 carnis
1997 2941 2141 2995 exsi-

499 3024 962 3079 stebamzdeinde
984 3025 1342 3096 genitus,qui
1356 3026 1495 3081 olim
1514 3044 1631 3081 non
1646 3029 1960 3101 eram,ipsa
1974 3045 2143 3100 gene-

2254 476 2443 549 legerc
2474 484 2529 535 te
2560 496 2674 536 non
2718 482 2933 553 pigeat.

2324 604 2597 666 Quamvis
2627 610 2819 662 autem
2850 606 3137 662 Minucius
3176 611 3263 662 tot
3315 609 3562 681 tantique
3606 617 3831 686 ponderis

2253 691 2577 761 rationibus
2592 693 2823 750 frivolas
2842 695 3204 751 ethnicorum
3226 696 3601 755 cavillationes
3617 702 3834 764 funditus

2253 781 2554 848 everterit,‘
2587 783 2758 837 variis
2807 783 3191 839 nihilominus
3241 784 3509 856 exemplis
3538 787 3655 844 illas
3681 793 3832 851 adhuc

2252 869 2462 926 refellit
2488 875 2544 925 et
2573 871 2821 927 destruit
2852 888 2865 927 :
2910 894 2937 921 «
2970 872 3112 927 Vide
3162 872 3323 941 adeo,
3362 873 3664 944 inquiebat,
3693 896 3836 949 quam

2250 958 2310 1013 in
2340 959 2611 1015 solatium
2643 961 2847 1026 nostri,
2889 961 3371 1016 resurrectionem
3415 963 3652 1019 futuram
3680 971 3837 1026 omnis

2254 1052 2461 1104 natura
2493 1049 2921 1106 meditetur.Sol
2954 1050 3239 1122 demergit
3258 1054 3314 1105 et
3343 1051 3839 1121 nascitur,astrala-

2249 1138 2470 1195 buntur
2498 1144 2554 1194 et
2583 1139 2843 1205 redeunt,
2878 1139 3048 1195 ﬂores
3100 1139 3372 1194 occidunt
3400 1144 3456 1194 et
3522 1140 3840 1217 reviviscunt,

2250 1232 2383 1299 post
2409 1228 2638 1284 senium
2673 1228 2912 1284 arbusta
2945 1229 3345 1294 frondescunt,
3389 1228 3605 1282 semina
3650 1230 3843 1287 nonnisi

2251 1322 2521 1388 corrupta
2553 1317 2914 1373 revirescunt
2946 1333 2959 1372 :
2992 1317 3072 1372 ita
3101 1332 3313 1389 corpus
3342 1315 3400 1369 in
3447 1316 3664 1380 saeculo,
3694 1323 3748 1373 ut
3774 1336 3845 1373 ar-

2252 1406 2419 1460 bores
2449 1405 2507 1460 in
2536 1405 2776 1461 hiberno
2810 1406 3000 1462 adhuc
3032 1405 3332 1461 occultant
3358 1405 3849 1473 virorem,ariditate

2250 1493 2510 1549 mentita.
2544 1494 2689 1559 Quid
2721 1494 2964 1549 festinas
2996 1499 3061 1549 ut
3090 1495 3271 1549 cruda
3300 1493 3487 1547 adhuc
3519 1493 3694 1549 hieme
3734 1495 3851 1549 revi-

2249 1583 2429 1638 viscat
2459 1587 2517 1639 et
2546 1583 2788 1639 redeat?
2820 1605 2848 1634 »
2880 1584 3092 1638 Eadem
3126 1587 3215 1640 est
3264 1582 3567 1653 Theophili
3596 1582 3849 1638 Antioche-

2252 1670 2311 1725 ni
2342 1672 2601 1727 futuram
2634 1672 2895 1744 corporis
2926 1671 3110 1727 nostri
3132 1670 3613 1726 resurrectionem
3636 1686 3852 1743 compro-

2171 1760 2217 1825 B
2250 1760 2423 1815 bandi
2458 1760 2622 1817 ratio.
2664 1782 2690 1813 α
2719 1760 2874 1816 Deus
2906 1759 3323 1833 plurimarum,
3355 1758 3563 1830 inquit,
3587 1775 3761 1814 rerum
3784 1776 3850 1814 ar-

2250 1854 2529 1924 gumenta
2550 1849 3130 1922 suppeditat,quibus
3152 1846 3597 1903 incredilitatem
3613 1852 3849 1918 nostram,

2250 1944 2533 2011 quantum
2567 1939 2637 1993 ad
2690 1938 3127 1994 resurrectionis
3161 1936 3458 2010 negotium
3506 1935 3718 2005 attinet,
3748 1952 3849 2006 pro-

2251 2027 2444 2101 pellat.
2480 2027 2751 2093 Observa,
2785 2027 2894 2083 nisi
2921 2028 3232 2083 molestum
3265 2026 3368 2091 sit,
3399 2029 3731 2095 temporum,
3756 2023 3850 2077 die-

2251 2134 2377 2172 rum
2412 2120 2469 2171 et
2508 2117 2767 2171 noctium
2819 2116 3139 2172 interitum.
3192 2120 3407 2169 Annon
3457 2112 3850 2179 animadvertis,

2251 2210 2315 2262 ut
2344 2206 2424 2261 ita
2455 2205 2788 2260 moriuntur
2816 2208 2873 2259 et
2903 2203 3266 2276 resurgunt?
3312 2202 3461 2267 Quid
3509 2204 3762 2273 praeterea
3785 2214 3855 2255 re-

2250 2292 2431 2350 feram
2464 2294 2950 2350 resurrectionem
3001 2293 3299 2347 fruetuum
3330 2294 3389 2346 et
3427 2289 3724 2357 seminum,
3754 2301 3855 2356 qua

2249 2382 2448 2438 omnia
2477 2386 2687 2438 nostra
2710 2380 2991 2437 voluntati
3016 2378 3333 2449 serviunt?
3354 2378 3414 2435 Si
3445 2377 3597 2433 enim
3627 2390 3856 2447 granum,

2249 2470 2495 2543 exempli
2527 2471 2736 2543 gratia,
2766 2470 2968 2538 tritici,
3000 2473 3103 2525 aut
3123 2467 3495 2538 reliquorum
3519 2466 3788 2520 fructuum
3811 2461 3859 2516 in

2250 2564 2465 2615 terram
2495 2558 2802 2631 sparseris,
2839 2558 3095 2630 primum
3133 2556 3379 2629 quidem
3412 2554 3656 2610 moritur
3683 2556 3733 2607 et
3756 2550 3853 2605 dis-

2250 2648 2516 2716 solvitur,
2546 2652 2604 2703 et
2651 2652 2775 2703 tum
2826 2648 3065 2703 demum
3115 2646 3405 2713 nascitur,
3456 2649 3513 2700 et
3553 2642 3609 2697 in
3639 2641 3858 2696 culmum

2253 2737 2699 2793 fructificantem
2730 2736 3005 2809 assurgit.
3038 2736 3333 2791 Arborum
3366 2738 3426 2791 et
3456 2746 3755 2805 quercuum
3780 2744 3862 2781 na-

2247 2829 2404 2892 tura,
2434 2826 2758 2881 secundum
2791 2825 3016 2881 Domini
3049 2820 3624 2896 imperium,occulta
3648 2816 3859 2889 quadam

2249 2916 2325 2984 vi,
2359 2915 2646 2986 nobisque
2693 2912 2995 2977 invisibili,
3047 2912 3217 2968 statis
3260 2910 3628 2983 temporibus
3672 2907 3857 2960 fructus

2250 3004 2571 3076 proferunt.
2621 3002 2917 3057 Interdum
2951 2999 3353 3072 passerculus,
3397 3004 3501 3054 aut
3547 2997 3655 3053 alia
3681 2991 3864 3050 avicula

419 3117 428 3125 '
500 3113 723 3169 ratione
755 3115 908 3169 406
939 3113 1203 3169 essentiaa
1227 3131 1367 3170 mese
1392 3115 1563 3171 fidem
1590 3115 1813 3185 habeo;
1846 3085 1925 3172 ita
1947 3124 2140 3189 natus,
2174 3121 2217 3188 α
2255 3094 2539 3189 ἀθνρῖίθξλε
2564 3107 2768 3189 femen
2802 3090 2962 3189 mali,
3006 3090 3340 3189 autﬁcus,
3373 3093 3479 3144 aut
3532 3085 3863 3189 alteri-13831:

505 3206 562 3258 et
592 3217 695 3273 per
726 3206 968 3257 mortem
1003 3204 1072 3257 ad
1107 3219 1221 3257 non
1246 3220 1373 3259 esse
1404 3205 1695 3271 redactus,
1728 3210 1903 3277 atque
1933 3207 2146 3263 iterum

509 3292 864 3363 conspicuus
892 3290 1076 3347 oculis
1097 3292 1289 3347 denuo
1319 3292 1587 3348 existam.
1619 3296 1895 3360 Quamvis
1917 3313 2047 3351 caro
2067 3301 2151 3352 to-

502 3383 563 3436 ta
593 3380 864 3435 incendio
893 3386 1292 3452 consumatur,
1314 3382 1617 3438 materiam
1648 3388 1845 3440 tamen
1875 3401 2149 3457 evapora-

498 3473 621 3524 tam
651 3469 907 3523 mundus
936 3469 1147 3540 excipit
1178 3486 1191 3527 :
1226 3486 1564 3544 quanquam
1595 3477 1697 3528 aut
1726 3474 1783 3529 in
1818 3473 2151 3544 ﬂuviis,aut

502 3557 648 3613 mari
681 3557 1112 3623 contabescam,
1145 3563 1246 3613 aut
1273 3560 1406 3615 feris
1437 3560 1927 3630 dilanier,condor
1953 3568 2149 3620 tamen

504 3646 563 3701 in
598 3662 747 3717 penu
784 3646 1079 3718 perdivitis
1109 3647 1361 3703 Domini.
1396 3650 1556 3715 Quod
1606 3650 1741 3707 licet
1780 3669 2065 3724 pauperes
2096 3656 2152 3708 et

503 3735 671 3807 impii
690 3734 983 3803 nesciant;
1014 3735 1169 3791 Deus
1186 3740 1383 3793 tamen
1405 3738 1501 3809 qui
1528 3740 2150 3811 regnat,substantiam

511 3825 623 3882 sibi
646 3824 751 3880 soli
773 3824 1168 3896 conspicuam,
1193 3827 1428 3896 quando
1456 3827 1723 3893 voluerit,
1749 3830 1817 3883 ad
1841 3829 2150 3900 pristinam

507 3913 902 3987 integritatem
936 3916 1188 3971 reducet.
1224 3936 1251 3966 »
1283 3916 1529 3986 (Tatian.
1563 3916 1712 3974 Orat.
1771 3922 1941 3974 contr.
1978 3917 2148 3976 erc.

505 4021 637 4077 pag.
674 4007 820 4078 146.)

576 4161 707 4218 Pari
741 4160 912 4217 etiam
947 4161 1120 4239 modo
1152 4158 1550 4216 Tertullianus
1582 4160 1895 4232 respondet
1928 4176 1941 4216 :
1969 4183 1996 4211 «
2020 4160 2153 4216 Ubi—

508 4269 739 4325 cunque
785 4251 1078 4307 resolutus
1136 4248 1335 4319 fueris,
1387 4265 1752 4320 quiscunque
1802 4254 1855 4304 te
1906 4249 2153 4306 materia

506 4342 874 4408 destruxerit,
908 4340 1187 4405 hauserit,
1219 4338 1553 4403 aboleverit,
1595 4338 1653 4393 in
1700 4338 1951 4394 nihilum
1987 4339 2149 4393 rede-

506 4432 675 4504 gerit,
710 4431 907 4486 rcddet
938 4435 1012 4485 te.
1067 4430 1205 4501 Ejus
1245 4432 1334 4484 est
1364 4427 1612 4482 nihilum
1647 4428 1863 4498 ipsum,
1895 4427 2063 4496 cujus
2092 4432 2153 4483 et

2256 3181 2447 3239 avolat
2474 3181 2533 3235 in
2564 3179 2759 3236 locum
2790 3179 3044 3251 aliquem
3075 3178 3327 3247 editum,
3360 3190 3655 3244 saxosum,
3684 3177 3736 3227 et
3758 3168 3869 3224 idin

2258 3270 2479 3326 foveam
2499 3271 2646 3326 407
2666 3268 2922 3340 aliquam
2956 3284 3058 3340 per
3076 3268 3378 3323 diversam
3410 3262 3664 3336 corporis
3686 3262 3868 3332 partem

2256 3359 2641 3423 emittit.Quid
2656 3358 2749 3413 fit?
2759 3358 2969 3414 Semen
2982 3357 3126 3412 illud
3143 3353 3633 3423 subcrescit,etin
3647 3350 3871 3407 arborem

2261 3465 2534 3521 magnam
2566 3448 2779 3514 evadit,
2812 3446 3079 3520 quamvis
3124 3446 3499 3511 devoratum,
3553 3458 3651 3515 per
3677 3441 3867 3494 tantum

2259 3537 2511 3593 calorem
2542 3537 2857 3592 transierit.
2905 3537 3007 3592 Sin
3054 3538 3251 3591 autem
3283 3532 3544 3589 volueris
3588 3522 3875 3585 mirabilius

2260 3626 2659 3698 spectaculum
2692 3641 2945 3695 cernere,
2977 3624 3131 3696 quod
3169 3624 3243 3678 ad
3278 3623 3336 3679 id
3373 3623 3763 3693 comparatum
3790 3616 3875 3676 est,

2260 3721 2326 3772 ut
2342 3716 2563 3787 majore
2583 3715 2873 3771 evidentia
2894 3717 3265 3769 mortuorum
3279 3708 3635 3768 resurrectio
3650 3714 3875 3774 compro-

2261 3806 2450 3874 betur,
2478 3805 2658 3875 juheo
2688 3808 2745 3859 te
2771 3804 2993 3875 erigere
3021 3801 3275 3869 vultum,
3330 3818 3451 3858 non
3483 3798 3672 3855 solum
3699 3794 3763 3850 ad
3785 3798 3877 3846 ter-

2260 3895 2493 3962 restria,
2515 3908 2717 3949 verum
2737 3893 2915 3947 etiam
2946 3891 3018 3947 ad
3050 3889 3385 3946 caelestium
3410 3884 3874 3945 resurrectionem.

2262 3984 2487 4039 Lunam
2518 3982 2668 4048 vide,
2693 3997 2820 4054 quae
2850 3979 3101 4053 singulis
3135 3979 3453 4035 mensibus
3484 3983 3543 4034 et
3574 3973 3715 4048 perit
3742 3975 3792 4026 et
3811 3981 3875 4021 re-

2260 4072 2653 4139 nascitur,nee
2682 4086 2799 4126 non
2830 4074 2888 4125 et
2914 4068 3033 4125 alia
3061 4067 3440 4124 considerato
3471 4069 3650 4121 astra.
3682 4060 3877 4115 Frater-

2260 4177 2330 4217 ea
2357 4164 2415 4216 et
2445 4160 2503 4215 in
2534 4159 2864 4231 temetipso,
2899 4156 3168 4229 quamvis
3218 4157 3279 4212 id
3331 4156 3596 4228 ignores,
3629 4158 3879 4243 resurrec-

2259 4250 2439 4307 tionis
2468 4247 2865 4321 operationem
2897 4262 3205 4319 cognosce,
3234 4262 3267 4300 ο
3299 4245 3508 4301 homo.
3561 4241 3681 4297 Non
3712 4234 3878 4290 dubito

2260 4338 2360 4411 qui
2392 4337 2705 4407 aliquando
2735 4336 2977 4393 adversa
3007 4334 3398 4392 valetitudine
3430 4323 3882 4395 afﬂictus,amise-

2259 4428 2341 4483 ris
2368 4443 2576 4482 carnes
2603 4431 2760 4492 tuas,
2798 4429 2856 4480 et
2909 4426 3180 4495 formam,
3241 4424 3591 4493 roburque;
3649 4419 3880 4471 ceterum

507 4491 719 4575 totum.
755 4542 782 4568 ››
814 4518 1081 4588 (Tertull.
1103 4491 1334 4589 vApolog.
1375 4534 1500 4588 cap.
1531 4518 1619 4583 48,
1654 4491 1785 4588 pag.
1962 4491 2153 4588 Longe
2182 4491 2227 4554 D
2259 4517 2411 4573 Deus
2439 4516 2545 4571 tibi
2577 4514 3035 4571 misericordiam
3080 4491 3542 4583 impertiens—et
3569 4502 3882 4563 medicinam

508 4613 704 4663 autem
738 4608 927 4662 fusius
966 4607 1366 4677 Athenagoras
1413 4605 1533 4661 huic
1580 4605 1859 4660 adversus
1906 4604 2153 4676 gentiles

507 4700 677 4767 urget
705 4701 762 4750 et
791 4695 1058 4767 explicat.
1117 4696 1198 4750 Ibi
1232 4700 1427 4751 autem
1475 4695 1621 4766 ipse,
1652 4694 2152 4765 quemadmodum

508 4785 606 4841 alii
629 4787 756 4857 jam
788 4784 945 4840 citati
979 4802 1012 4840 a
1042 4785 1207 4840 nobis
1238 4784 1564 4855 Scriptores
1597 4801 1610 4838 :
1641 4780 1718 4835 Ἐἰ
1757 4781 1834 4853 μὴ
1867 4781 1991 4836 ὂντα
2019 4780 2153 4836 κατὰ

505 4874 605 4943 τὴν
664 4872 886 4948 πρώτην
948 4871 1211 4944 σύστασιν,
1272 4870 1495 4940 ἐποίησε
1547 4870 1615 4924 τὰ
1675 4873 1784 4923 τῶν
1854 4870 2151 4943 ἀνθρώπων

508 4964 754 5036 σώματα,
817 4962 904 5017 καὶ
961 4963 1055 5024 τὰς
1112 4960 1316 5017 τούτων
1397 4958 1570 5035 ἀρχὰς
1643 4957 1732 5012 καὶ
1817 4955 2152 5031 διαλυθέντι,

506 5055 622 5109 καθ’
680 5052 737 5108 ὃν
794 5053 934 5130 τύχῃ
990 5051 1174 5118 τύπνν,
1224 5047 1503 5104 ἀναστάσει
1555 5046 1687 5119 μετὰ
1712 5052 1810 5110 τῆς
1844 5045 2153 5122 εὐμαρείας.

513 5144 738 5214 Ἐπίσης
770 5145 870 5219 γὰρ
904 5142 1047 5213 αὐτῷ
1076 5139 1163 5195 καὶ
1194 5142 1354 5192 τοῦτο
1405 5134 1643 5192 δυνατόν.
1701 5158 1729 5188 ‹‹
1762 5138 1819 5193 Si
1852 5137 2156 5193 hominum

506 5252 749 5307 corpora
777 5251 907 5288 cum
943 5250 1055 5287 non
1089 5234 1303 5295 essent,
1338 5227 1600 5283 condidit
1629 5227 1804 5292 Deus,
1837 5241 2156 5297 eorumque

503 5324 791 5398 principia
822 5323 975 5377 unde
997 5318 1281 5389 originem
1309 5316 1569 5381 trahunt,
1595 5315 1945 5387 procreavit;
1979 5314 2155 5371 etiam

502 5412 1032 5486 quomodocunque
1062 5408 1506 5476 dissoluta,cum
1542 5407 1745 5460 eadem
1770 5404 2044 5461 facilitate
2064 5404 2153 5459 in-

500 5500 816 5561 staurabit.
851 5501 911 5555 Id
944 5500 1098 5552 enim
1133 5496 1215 5550 illi
1250 5513 1412 5567 aeque
1446 5495 1607 5551 facile
1641 5500 1748 5549 est.
1777 5516 1804 5543 »
1828 5493 2152 5565 (Athrgor.,

498 5591 605 5651 lib.
639 5590 708 5647 de
728 5592 931 5648 Resur.
962 5603 1099 5655 cara,
1130 5602 1263 5663 pag.
1298 5585 1368 5642 43
1396 5590 1454 5642 et
1482 5584 1672 5657 seqq).
1710 5582 1928 5641 Caetera
1955 5586 2151 5640 autem

2260 4606 2545 4674 tribuens,
2569 4604 2762 4660 effecit
2788 4608 2854 4659 ut
2871 4619 3076 4659 carnes
3100 4602 3383 4667 amissas,
3420 4602 3691 4662 formam,
3718 4590 3883 4647 robur-

2262 4709 2373 4767 que
2403 4708 2795 4765 recuperares.
2828 4693 2898 4747 Et
2923 4690 3430 4762 quemadmodum
3462 4676 3884 4775 ignoras‘qufhfe

2263 4764 2484 4849 relicto,
2516 4764 2719 4838 carnes
2750 4779 3017 4851 abierint,
3047 4779 3133 4835 sic
3160 4784 3217 4835 te
3246 4778 3407 4851 fugit
3438 4776 3598 4833 unde
3623 4764 3882 4828 redierint,

2261 4873 2321 4930 et
2350 4870 2507 4926 unde
2533 4886 2630 4926 eas
2661 4868 2969 4939 acceperis.
3001 4871 3217 4924 Verum
3246 4867 3415 4923 enim
3442 4857 3807 4932 vero,inqui3,
3831 4864 3884 4907 εκ

2264 4960 2543 5017 alimento
2567 4963 2625 5014 et
2654 4956 3049 5031 saporibus,in
3080 4956 3440 5029 sanguinem
3474 4948 3886 5011 conversis,car-

2264 5066 2367 5105 nes
2398 5047 2846 5120 repullularunt.
2878 5046 3126 5103 Pulchre
3155 5045 3442 5117 quidem;
3478 5042 3579 5099 sed
3638 5054 3710 5096 ne
3736 5044 3884 5092 erm-

2264 5137 2373 5194 hoc
2424 5138 2517 5193 Dei
2569 5137 2920 5193 beneﬁcium
2948 5141 3056 5204 est,
3089 5151 3194 5191 nec
3223 5132 3397 5189 alteri
3429 5138 3522 5188 est
3551 5132 3776 5198 accepto
3815 5134 3887 5174 r0-

2264 5227 2622 5282 ferendumm
2650 5225 3060 5297 (Theoph.,lib.
3089 5240 3129 5278 ιι
3159 5222 3589 5294 Autolye.,pag.
3618 5218 3754 5271 77et
3769 5206 3886 5307 seq)

2265 5315 2479 5371 Iisdem
2505 5332 2735 5385 quoque
2764 5320 2866 5370 aut
2888 5313 3184 5370 similibus
3215 5313 3399 5382 plane
3429 5307 3712 5379 exemplis
3735 5301 3887 5374 pluri-

2264 5403 2366 5471 mi,
2416 5403 2576 5474 iique
2644 5402 2967 5459 doctissimi
3030 5399 3299 5457 Ecclesia
3358 5400 3587 5466 Patres,
3662 5395 3887 5449 futuram

2263 5509 2575 5564 corporum
2597 5498 2933 5549 nostrorum
2959 5490 3454 5547 resurrectionem
3472 5477 3888 5571 conﬁrmarunt.

2262 5581 2373 5639 Sed
2402 5582 2542 5655 quia
2570 5580 2880 5655 prolixiora
2908 5584 3050 5638 sunt
3077 5594 3280 5637 eorum
3309 5578 3694 5653 verba,qua_m
3725 5572 3785 5627 nt
3808 5565 3889 5620 hic
