4088 6150
243 318 333 379 481

1615 313 2160 375 DlSSERTATIO.

3462 318 3582 377 482

242 449 416 520 integra
443 447 848 515 exhibeantur,
880 462 948 502 ea
972 445 1220 501 curiosis
1248 445 1542 511 omnibus,
1578 445 1677 518 qui
1712 462 1831 500 om-
1860 446 1914 512 Α
1942 445 2121 500 telum
2155 445 2446 512 retundat,
2478 443 2613 515 alia,
2663 461 2840 516 quam
2891 444 3208 510 Protesilai,
3252 446 3462 502 tradita
3512 448 3582 502 ab

243 538 318 594 nia
342 537 568 592 suismet
613 536 798 592 oculis
844 536 1095 591 lustrare
1140 534 1362 603 volunt,
1417 534 1831 589 indicabimus.

242 628 414 699 Legant
442 627 638 698 itaque
668 624 1096 681 Tertullianum
1148 624 1420 694 Apotoget.
1470 640 1597 695 cap.
1659 624 1747 685 48,
1781 626 1838 677 et

240 714 321 770 lib.
345 714 394 770 de
418 715 834 769 Resurrectione
868 714 1073 777 carnis,
1132 728 1257 783 cap.
1296 712 1401 777 12;
1460 713 1834 766 Ambrosium

238 802 319 859 lib.
346 820 387 873 v,
413 806 701 868 limem,
735 817 860 872 cap.
889 801 1036 856 2Zet
1071 800 1162 866 25,
1195 815 1325 871 pag.
1360 799 1463 854 109
1489 804 1547 855 et
1575 815 1722 871 seq.,
1755 802 1839 854 at-

237 908 329 963 que
349 891 396 946 in
425 890 635 963 primis
664 890 764 945 lib.
799 905 839 943 η
867 888 933 944 de
958 887 1098 945 Fide
1126 890 1435 956 resurrect,
1469 890 1496 956 §
1522 887 1593 942 53
1623 892 1681 943 et
1710 902 1833 959 seq.

235 995 339 1052 pag.
367 979 497 1034 1147
528 982 585 1034 et
610 994 733 1050 seq,
759 995 773 1046 ;
833 978 1263 1033 Theodoretum
1310 981 1454 1032 orat.
1486 977 1521 1030 9
1551 977 1622 1032 de
1650 977 1838 1032 Pravi-

232 1068 352 1125 dent.
379 1068 483 1123 sub
516 1068 713 1122 finem.
750 1081 880 1139 pag.
911 1066 1017 1121 436
1040 1069 1098 1121 et
1125 1081 1285 1137 seqq.
1323 1064 1540 1134 ;Nilum
1568 1067 1709 1120 orat.
1736 1066 1840 1121 tiu

228 1157 424 1223 Pascha,
453 1156 608 1227 apud
639 1154 932 1219 Photium,
964 1154 1223 1211 Biblioth.
1257 1169 1388 1226 pag.
1422 1153 1578 1209 1530.
1616 1154 1841 1208 Adeant

226 1246 391 1304 adhuc
414 1244 811 1317 Augustinum
866 1243 969 1299 lib.
1018 1260 1138 1299 χιιι
1166 1244 1243 1299 De
1268 1242 1454 1311 Civit.,
1507 1258 1633 1315 cap.
1689 1245 1751 1296 21
1785 1245 1842 1297 et

226 1348 390 1405 seqq.,
412 1349 541 1405 pag.
558 1334 665 1387 676
688 1337 746 1387 et
775 1348 972 1404 seqq.,
1031 1332 1132 1387 ubi
1174 1330 1309 1386 ille?
1342 1331 1590 1402 explicat
1619 1334 1841 1401 utrum,

225 1428 274 1479 et
299 1423 575 1494 quomodo
600 1437 862 1492 corpora,
895 1424 999 1475 aut
1026 1418 1129 1475 illa
1156 1411 1286 1490 quis
1317 1419 1376 1474 in
1412 1419 1634 1475 favillas
1665 1423 1723 1474 et
1762 1418 1841 1473 ci-

221 1526 370 1568 neres
397 1511 628 1566 redacta
656 1513 814 1574 sunt,
846 1512 949 1564 aut
976 1507 1091 1563 alia
1119 1508 1193 1563 ab
1222 1506 1352 1563 aliis
1379 1507 1720 1563 hominibus
1749 1523 1841 1563 co-

220 1604 406 1666 mesta,
436 1604 540 1654 aut
565 1598 740 1654 etiam
770 1596 1110 1664 infantium,
1132 1596 1252 1652 sint
1273 1598 1346 1651 ad
1376 1597 1553 1652 vitam
1580 1612 1847 1652 revocan-

218 1689 302 1744 da.
331 1686 638 1743 Revolvant
666 1686 863 1754 etiam,
895 1685 943 1741 si
976 1696 1143 1741 vacat
1198 1689 1256 1740 et
1298 1685 1480 1757 lubet,
1515 1686 1845 1758 pseudony-

1943 533 2209 605 ipsismet
2237 532 2722 606 gentilibusexem
2735 532 2826 604 pla
2846 533 3002 588 hunc
3017 536 3302 605 profertin
3320 537 3579 592 modum:

1944 644 1974 671 «
2007 622 2117 677 Sed
2150 622 2289 692 quid
2323 621 2699 676 memorabile
2730 622 2892 689 facis,
2924 623 2973 676 si
3018 623 3214 678 videas
3273 630 3331 679 et
3359 624 3586 679 credis?

1943 705 2066 763 Εἷίτε
2112 707 2380 769 πιστεύεις
2446 708 2537 762 τὸν
2584 707 2854 782 Ἡρακλέα
2900 708 3167 764 καύσαντα
3223 711 3406 765 ἑαυτὸν
3464 714 3582 785 ζῇν,

1940 796 2029 852 καὶ
2113 795 2448 866 ’Δσκλήπιον
2529 798 2932 869 κεραυνωθέντα
3016 797 3324 875 ἐγηγὲρθαῑ,
3394 801 3461 854 τὰ
3529 797 3585 854 δὲ

1945 885 2049 941 ὑπὸ
2076 890 2173 939 τοῦ
2203 890 2336 941 Θεοῦ
2366 884 2447 939 σοὶ
2498 883 2768 959 λεγόμενα
2816 885 3096 955 ἀπιστεῖςς
3142 885 3267 950 ἴσως
3317 888 3412 944 κᾶν
3465 888 3587 943 ἐπι-

1947 971 2102 1044 δείξω
2148 994 2231 1028 σοι
2278 974 2460 1049 νεκρὸν
2526 972 2822 1049 ἐγερθέντα,
2867 974 2956 1028 καὶ
3028 980 3218 1049 ζῶντα,
3268 978 3359 1031 καὶ
3423 982 3586 1032 τοῦτο

1946 1060 2303 1123 ἀπιεῖ-πεύσεις.
2337 1063 2396 1119 Si
2426 1064 2615 1119 credis
2646 1063 2969 1132 Herculem,
3003 1081 3177 1136 quem
3226 1068 3464 1124 flamma
3494 1085 3590 1123 as-

1948 1152 2222 1225 sumpsit,
2254 1153 2463 1219 vivere,
2493 1151 2886 1224 JEsculapium
2920 1153 3163 1210 fulmine
3191 1159 3432 1229 tactum,
3461 1156 3593 1213 vita:

1950 1241 2307 1309 restitutum,
2340 1256 2464 1312 qua:
2495 1242 2787 1296 dementia
2816 1246 2905 1297 est
2921 1242 3069 1297 nolle
3100 1243 3238 1299 dare
3266 1243 3437 1301 ﬁdem
3455 1245 3595 1316 illis,

1950 1346 2081 1402 quas
2113 1335 2260 1386 Deus
2282 1330 2544 1401 loquitur
2564 1330 2592 1383 ‘I
2627 1330 2914 1385 Dubitatio
2945 1336 3000 1386 te
3049 1337 3290 1400 teneret,
3324 1338 3381 1388 et
3409 1333 3458 1388 si
3490 1333 3598 1389 tibi

1951 1422 2365 1491 praesentarem
2395 1418 2649 1490 aliquem
2671 1436 2702 1473 e
2723 1420 2971 1475 mortuis
3001 1426 3322 1491 evocatum,
3347 1439 3419 1478 an
3444 1422 3597 1493 apud

1952 1508 2214 1564 tetidem
2271 1507 2530 1562 invenire
2587 1508 2864 1579 possem?
2923 1531 2952 1557 υ
3006 1510 3312 1581 (Theoph.,
3373 1512 3468 1567 lib.
3530 1510 3601 1567 ad

1954 1597 2226 1669 Antolyc.,
2260 1612 2391 1668 pag.
2422 1597 2513 1651 77.
2550 1596 2567 1668 )
2625 1596 2852 1652 Poterat
2904 1598 3092 1652 adhuc
3153 1598 3250 1654 ille
3290 1599 3537 1655 allatum
3570 1617 3604 1655 a

1956 1685 2191 1741 Platone
2220 1685 2350 1741 Heri
2385 1684 2658 1753 Armenii,
2692 1686 2763 1741 de
2785 1702 2899 1757 quo
2930 1686 3213 1756 nosalibi,
3244 1687 3601 1759 exemplum,

216 1793 361 1832 mum
391 1775 610 1831 Justini
643 1775 915 1847 martyris
946 1772 1160 1830 librum
1194 1774 1394 1843 Quaest.
1426 1784 1477 1831 et
1518 1772 1847 1847 Responsad
1880 1819 1923 1847 η
1958 1774 2187 1846 aliaque
2218 1773 2404 1842 plura,
2439 1775 2510 1829 ab
2542 1774 2791 1829 ethnicis
2817 1774 3201 1844 venditata,in
3228 1777 3605 1831 mediumad-

216 1819 361 1832 μη...
391 1819 610 1831 -...,.....
643 1819 915 1847 .......,....
947 1819 1160 1830 ...,.-...
1195 1819 1394 1843 νην--.
1426 1819 1477 1831 ν,
1518 1819 1846 1847 ..ηραν-η
1959 1819 2186 1846 .......,..-
2221 1819 2404 1842 ..-.....,
2439 1819 2509 1829 ..υ
2545 1819 2791 1829 ν-.....ν.ν
2827 1819 3201 1844 .ν......υ....,...
3229 1819 3573 1831 meum...“

215 1865 392 1931 Grca,
432 1880 564 1936 pag.
594 1864 701 1918 208
747 1867 803 1919 et
852 1879 1039 1935 seqq.,
1098 1863 1252 1919 inter
1305 1864 1569 1935 ejusdem
1624 1861 1843 1919 Justini
1879 1819 1924 1884 Β
1954 1862 2325 1930 ducere;sed
2356 1861 2477 1917 haec
2505 1866 2786 1933 tanquam
2830 1880 3255 1934 supervacanea
3286 1864 3606 1937 Scriptores

210 1952 384 2026 Opera
413 1950 796 2024 divulgatum.

269 2057 483 2115 Verum
542 2057 807 2128 insurget
875 2056 1146 2112 ethnicus
1205 2056 1437 2129 aliquis,
1497 2061 1597 2113 aut
1653 2056 1845 2113 nescio

205 2149 328 2219 quis
357 2146 722 2212 incredulus,
754 2145 1034 2217 nobisque
1067 2144 1323 2216 objiciet,
1344 2146 1844 2219 propositahacte-

200 2253 306 2291 nus
326 2236 401 2291 ad
440 2235 801 2307 probandam
832 2232 1093 2306 corporis
1143 2234 1328 2290 nostri
1360 2235 1846 2290 resurrectionem

196 2323 485 2395 exempla,
521 2322 750 2378 minimi
782 2328 883 2379 aut
909 2322 1103 2395 potius
1134 2323 1357 2379 nullius
1386 2339 1514 2379 esse
1545 2323 1845 2379 momenti.

190 2416 394 2484 Neque
424 2411 585 2467 enim
616 2410 705 2466 sol
749 2415 805 2466 et
860 2415 1019 2467 astra
1047 2411 1398 2480 moriuntur,
1453 2428 1641 2483 neque
1671 2410 1848 2466 iidem

190 2518 447 2557 numero
491 2500 664 2556 ﬂores
704 2507 761 2555 et
804 2499 1030 2555 fructus
1084 2499 1299 2556 mortui
1355 2499 1723 2556 reviviscunt.
1782 2501 1853 2555 At

192 2606 336 2645 sane
373 2605 496 2644 non
546 2589 689 2644 adeo
736 2588 902 2643 bardi
932 2592 989 2643 et
1039 2587 1274 2643 hebetes
1304 2589 1539 2644 fuerunt
1566 2588 1787 2644 laudati
1820 2604 1854 2645 a

187 2679 364 2735 nobis
399 2675 727 2733 doctissimi
756 2676 839 2731 illi
870 2676 997 2747 viri,
1032 2682 1097 2733 ut
1140 2677 1260 2733 haec
1307 2682 1409 2733 aut
1436 2676 1853 2749 ignoraverint,

185 2773 289 2823 aut
321 2783 446 2822 non
482 2765 1016 2821 animadverterint.
1063 2766 1253 2822 Nescii
1300 2766 1512 2838 quippe
1546 2782 1660 2823 non
1690 2769 1857 2822 erant

184 2872 406 2910 omnes
436 2855 903 2925 comparationes
936 2854 1149 2926 aliqua,
1210 2859 1278 2910 ut
1332 2855 1518 2921 aiunt,
1577 2871 1647 2911 ex
1694 2858 1857 2927 parte

182 2944 553 3001 claudicare.
588 2943 976 3007 Quamobrem
1006 2959 1105 2998 eas
1152 2943 1282 2999 ideo
1316 2944 1655 3008 instituunt,
1688 2948 1753 2998 ut
1790 2959 1860 2999 ex

177 3032 304 3089 illis
336 3032 707 3105 patefaciant
736 3030 920 3086 multa
933 3035 1240 3103 suppetere
1260 3032 1427 3088 nobis
1440 3031 1859 3104 exempla,qua

181 3121 426 3193 aliquid
463 3136 601 3175 cum
633 3120 878 3176 mortuis
909 3121 1250 3192 corporibus
1285 3121 1525 3187 nostris,
1576 3121 1648 3175 ad
1682 3121 1856 3176 vitam

181 3208 527 3281 aliquando
560 3208 889 3279 revocandi,
921 3225 1232 3265 commune
1262 3226 1328 3265 ac
1360 3210 1553 3265 simile
1582 3209 1853 3280 habeant,

180 3303 241 3353 et
272 3298 515 3370 quibus
545 3296 615 3352 ad
647 3314 715 3352 ea
770 3297 1091 3353 revocanda
1148 3298 1248 3353 Dei
1306 3302 1584 3369 potestas,
1619 3314 1736 3369 qua
1787 3297 1857 3352 de

178 3387 316 3442 sola
354 3386 582 3459 agitur,
615 3384 786 3457 plane
845 3402 910 3441 ac
962 3386 1266 3457 perspicue
1323 3387 1622 3459 probatur.
1656 3386 1857 3443 Nonne

178 3475 423 3531 etenim
455 3473 600 3530 solis
629 3478 1037 3546 astrorumque
1065 3491 1328 3543 occasus,
1362 3478 1417 3531 et
1447 3479 1631 3542 ortus,
1666 3488 1858 3530 nonne

177 3565 437 3619 fructus
470 3563 702 3634 aliaque
731 3563 1150 3635 hujusmodiex
1180 3562 1860 3635 putrescentibusgranis

170 3654 318 3708 suis
358 3651 754 3720 renascentia,
778 3651 946 3708 nobis
977 3652 1249 3709 exhibent
1268 3652 1525 3724 aliquam
1549 3668 1860 3723 resurgen-

172 3742 257 3796 tis
286 3741 499 3796 nostri
515 3740 773 3812 corporis
796 3739 1242 3796 similitudinem
1257 3741 1369 3795 ?At
1385 3740 1434 3797 si
1450 3740 1569 3797 haec
1586 3738 1860 3795 solitaDei

172 3834 505 3900 potestate
526 3828 801 3883 continuo
833 3828 1001 3899 ﬁunt,
1034 3829 1495 3900 468quomodo
1510 3827 1725 3884 ethnici
1759 3844 1859 3884 ne-

175 3934 336 3990 gare
375 3918 682 3973 audebant
712 3933 952 3988 corpora
975 3923 1174 3973 nostra
1207 3922 1439 3973 mortua
1456 3933 1625 3989 posse
1655 3917 1859 3973 eadem

176 4007 291 4064 Dei
330 4007 608 4079 potentia
638 4006 708 4061 ad
720 4006 898 4061 vitam
913 4005 1145 4061 excitari
1163 4005 1275 4061 ?Ut
1299 4006 1641 4078 eaigiturad
1658 4005 1861 4061 amissi

177 4096 458 4151 luminis
494 4112 670 4150 auras
701 4094 958 4160 redeant,
981 4094 1127 4150 nihil
1160 4094 1318 4150 aliud
1344 4111 1520 4165 quam
1545 4094 1729 4166 ipsius
1760 4093 1863 4149 Dei

175 4184 488 4240 voluntas
518 4182 887 4239 desideratur
928 4184 1100 4255 Atqui
1126 4184 1181 4239 id
1216 4183 1398 4239 Deum
1422 4181 1566 4238 velle
1596 4200 1662 4239 ex
1682 4181 1867 4238 sacris

176 4274 429 4329 nostris
464 4271 788 4342 Scripturis
819 4271 1254 4327 evidentissima
1282 4269 1594 4343 colligitur,
1627 4277 1692 4326 ut
1720 4272 1865 4327 infe-

176 4360 334 4416 rius
368 4377 443 4415 ex
475 4359 610 4415 aliis
640 4360 857 4416 nostris
886 4360 1270 4431 scriptoribus
1288 4361 1688 4416 ostendemus.
1721 4360 1869 4426 Quia

178 4464 351 4503 vero
383 4448 602 4504 ethnici
632 4465 747 4505 non
780 4449 851 4505 de
880 4449 989 4505 hac
1042 4448 1242 4520 utique
1284 4449 1385 4505 Dei
1415 4448 1733 4519 voluntate,
1765 4449 1867 4505 sed

1954 1950 2140 2007 nostri
2171 1949 2465 2022 aspernati
2496 1956 2653 2005 sunt.
2687 1950 2968 2007 Caeterum
3003 1953 3052 2007 si
3111 1953 3182 2007 de
3222 1953 3420 2008 futura
3446 1970 3607 2008 mor-

1952 2043 2187 2095 tuorum
2248 2039 2669 2095 resurrectione
2748 2039 2915 2111 plura
3002 2040 3215 2107 adhuc,
3282 2057 3458 2112 quam
3515 2057 3605 2112 ea,

1955 2144 2104 2201 quae,
2135 2143 2206 2182 ex
2232 2128 2425 2183 citatis
2454 2128 3356 2199 auctoribusretulimus,aliquis
3386 2130 3613 2186 deside-

1955 2222 2064 2285 ret,
2096 2217 2146 2271 is
2168 2216 2503 2283 Tatianum,
2535 2216 2938 2288 Ambrosium,
2973 2217 3237 2289 aliosque
3285 2220 3473 2287 adeat,
3509 2219 3611 2291 qui

1957 2306 2214 2377 integros
2272 2305 2382 2361 hoc
2437 2306 2509 2360 de
2565 2310 2913 2378 argumento
2964 2312 3246 2363 tractatus
3306 2308 3615 2365 ediderunt

1957 2396 1977 2464 (
2007 2398 2148 2448 tom.
2184 2393 2225 2459 Ι,
2260 2393 2517 2464 Apparat.
2553 2393 2652 2448 lib.
2686 2410 2773 2462 ιιι,
2832 2394 3066 2451 dissert.
3125 2396 3182 2465 2,
3216 2412 3342 2467 cap.
3377 2396 3466 2463 16,
3498 2398 3609 2452 art.

1962 2482 2012 2551 1,
2047 2498 2180 2555 pag.
2213 2481 2394 2553 1116).

2521 2627 2926 2683 ARTICULUS
2958 2629 3049 2684 Ill.

1962 2733 2360 2859 Expenduntur
2386 2735 2731 2800 argumenta,
2764 2735 2962 2803 quibus
2991 2734 3296 2789 ostenditur
3345 2735 3613 2805 improbas

2074 2806 2279 2858 omines
2309 2806 2483 2859 omnis
2509 2806 2734 2859 aeternis
2765 2808 2926 2859 ataue
2972 2806 3101 2859 iane
3127 2806 3457 2859 sempiterno
3485 2823 3611 2859 cru-

2074 2806 2279 2858 omines
2304 2806 2483 2874 paeni:
2509 2806 2734 2859 (sternis
2765 2808 2926 2874 atque
2972 2806 3101 2875 igne
3127 2806 3457 2875 sempiterno
3485 2823 3611 2861 cru-

2035 2875 2255 2930 ciando:
2281 2892 2301 2936 ,'
2328 2877 2445 2946 pios
2483 2878 2666 2946 autem
2720 2883 2773 2930 et
2803 2876 2981 2945 justas
3036 2883 3296 2945 perpetua
3352 2876 3617 2945 felicitate

2037 2945 2336 3018 denuntias,
2365 2946 2465 3001 ubi
2501 2945 2583 3018 de
2616 2947 2817 3001 montis
2867 2946 3042 3018 ama
3097 2949 3147 3002 et
3209 2948 3423 3002 Vesuvii
3475 2948 3615 3018 igni-

2040 3018 2158 3087 bus,
2192 3017 2385 3089 Siyyia
2413 3017 2635 3085 palude,
2665 3025 2716 3073 et
2746 3019 2915 3089 igneo
2935 3017 3152 3091 inferni
3188 3019 3437 3087 ﬂumine.

2039 3142 2541 3207 Quemadmodum
2560 3142 2823 3199 Caecilius
2841 3143 3174 3199 christiana:
3203 3144 3335 3199 ﬁdei
3364 3144 3434 3200 de
3465 3159 3621 3199 mor-

1970 3237 2200 3287 tuorum
2231 3231 2534 3286 hominum
2565 3232 2637 3286 ad
2667 3232 2846 3287 vitam
2878 3246 3169 3305 regressu,
3203 3234 3285 3288 ita
3316 3238 3371 3289 et
3412 3234 3483 3288 de
3514 3234 3622 3287 im-

1967 3320 2282 3392 proborum
2322 3320 2506 3389 pmnis
2561 3320 2960 3391 sempiternis,
3018 3326 3344 3393 aeternaque
3388 3322 3617 3393 piorum

1968 3406 2240 3463 felicitate
2272 3408 2487 3479 dogma
2526 3425 2640 3462 non
2674 3408 2801 3464 sine
2830 3408 3101 3465 irrisione
3131 3409 3321 3481 rejicit
3351 3426 3417 3463 ac
3448 3425 3619 3480 repu-

1968 3496 2110 3553 diat.
2145 3519 2173 3546 ‹‹
2205 3494 2342 3561 Hoc,
2376 3494 2586 3567 inquit,
2629 3513 2821 3552 errore
2852 3518 2880 3546 ››
2950 3498 3125 3553 futuri
3183 3499 3253 3553 de
3313 3502 3498 3553 morte
3550 3496 3621 3554 ad

1969 3585 2146 3639 vitam
2181 3585 2429 3652 reditus,
2462 3584 2777 3641 Christiani
2809 3608 2837 3636 «
2871 3587 3096 3659 decepti
3116 3587 3345 3642 beatam
3393 3586 3525 3657 sibi,
3560 3589 3625 3641 ut

1968 3673 2160 3743 bonis,
2193 3678 2249 3729 et
2272 3678 2567 3745 perpetem
2599 3672 2777 3729 vitam
2809 3675 3057 3731 mortuis
3076 3674 3440 3747 pollicentur;
3467 3678 3628 3730 caete-

1971 3762 2054 3818 ris
2082 3766 2149 3817 ut
2174 3760 2432 3832 injustis,
2457 3778 2689 3834 poenam
2721 3764 3167 3836 sempiternam.
3189 3806 3202 3821 .
3230 3805 3242 3821 .
3265 3805 3279 3820 .
3314 3765 3460 3831 Quid
3495 3766 3628 3835 post

1973 3856 2217 3907 mortem
2251 3850 2605 3922 impendeat,
2668 3852 2866 3908 miseri
2896 3854 3039 3908 dum
3070 3852 3283 3921 vivitis,
3318 3853 3622 3908 aestimate.

1976 3941 2062 3996 Tu
2093 3941 2194 4011 qui
2224 3939 2725 3995 immortalitatem
2759 3942 3135 4012 posthumam
3169 3942 3451 4008 somnias,
3486 3954 3621 3996 cum

1974 4028 2227 4101 periculo
2258 4028 2537 4099 quateris,
2572 4046 2706 4084 cum
2739 4030 2999 4087 febribus
3032 4032 3238 4095 ureris,
3263 4047 3397 4085 cum
3429 4028 3628 4085 dolore

1974 4117 2268 4185 laceraris,
2297 4119 2557 4172 nondum
2590 4118 2980 4174 conditionem
2994 4125 3157 4175 tuam
3182 4120 3364 4175 sentis
3385 4115 3627 4172 ?»Deni-

1974 4223 2086 4279 que
2114 4208 2232 4260 tam
2260 4206 2533 4261 audacter
2562 4222 2739 4277 quam
2773 4207 2948 4278 impie
2980 4208 3075 4264 ille
3107 4206 3451 4279 pronuntiat
3476 4206 3630 4261 :«Si—

1976 4301 2074 4353 cut
2102 4297 2420 4360 nascimur,
2454 4299 2510 4349 et
2543 4294 2874 4361 interimus,
2909 4319 2937 4347 »
2971 4296 3029 4351 id
3086 4300 3193 4365 est,
3246 4299 3633 4367 quemadmo-

1976 4386 2117 4440 dum
2150 4389 2463 4454 antequam
2500 4399 2894 4449 nasceremur,
2927 4383 3072 4438 nihil
3114 4383 3470 4450 eramus,ita
3500 4386 3633 4455 post

1979 4478 2224 4528 mortem
2258 4472 2328 4527 ad
2359 4472 2513 4525 idem
2549 4470 2795 4526 nihilum
2827 4472 3064 4540 redacti,
3089 4472 3233 4527 nihil
3265 4472 3498 4545 penitus
3516 4471 3629 4527 eri-

183 4536 275 4630 ξῖξῗ
312 4535 489 4630 mitis
515 4542 743 4630 ίδιξξξιω
775 4536 1211 4609 Ροιθηίίδιιίῖθω
1242 4537 1553 4630 faciebant:
1583 4538 1728 4630 ἓδῖίθ
1759 4537 1870 4594 “ibi
1902 4545 1946 4608 D
1982 4578 2133 4616 mus.
2166 4565 2231 4614 Et
2282 4560 2362 4614 ita
2391 4558 2626 4629 quidem
2668 4535 3191 4630 argumentabatur
3247 4535 3529 4629 Caecilius,
3562 4561 3634 4616 At

178 4623 534 4692 Minucius,
563 4625 800 4696 aliique,
829 4641 959 4682 esse
988 4629 1270 4697 putarunt
1297 4626 1446 4682 hanc
1476 4626 1653 4682 variis
1677 4642 1870 4682 exem-

181 4712 345 4786 plis,
383 4729 460 4769 ac
490 4713 1036 4785 quibusdametiam
1059 4715 1130 4771 ad
1161 4714 1481 4785 hominem,
1515 4715 1599 4772 uti
1622 4715 1872 4787 loquun-

182 4806 323 4871 tur,
354 4804 735 4875 argumentis
766 4805 1217 4861 demonstrasse.

272 4908 477 4964 Porro
507 4913 702 4965 autem
760 4909 853 4965 his
892 4909 1006 4965 ista
1034 4908 1313 4966 stabilitis
1369 4926 1435 4966 ac
1491 4908 1872 4983 conﬁrmatis,

191 4997 363 5053 nihil
400 5002 611 5054 auctor
638 5004 837 5056 noster
865 4998 1120 5072 amplius
1142 4997 1371 5055 censuit
1404 5001 1874 5072 respondendum

195 5087 274 5143 ad
318 5086 593 5158 ineptam
641 5087 852 5144 Caecilii
891 5088 1340 5157 cavillationem,
1374 5103 1486 5159 qua
1543 5089 1879 5160 postulabat

200 5174 486 5246 aliquem
518 5181 813 5233 mortuum
845 5177 955 5233 sibi
988 5176 1368 5250 proferri,qui
1394 5177 1467 5231 ad
1498 5193 1603 5233 nos
1619 5194 1876 5250 unquam

202 5263 387 5319 vivus
418 5266 787 5321 remeaverit.
848 5265 993 5332 Quid
1027 5266 1185 5321 enim
1245 5281 1393 5336 opus
1450 5270 1573 5320 erat
1622 5266 1875 5321 divinam

210 5359 498 5409 mortuos
551 5354 945 5411 exsuscitandi
1001 5357 1346 5428 potestatem
1396 5357 1497 5409 aut
1552 5353 1877 5426 Protesilai,

214 5446 322 5497 aut
348 5441 477 5498 alio
506 5444 741 5515 probari
762 5444 1045 5517 exemplo,
1069 5460 1198 5517 qua:
1218 5442 1564 5499 certissimis
1587 5444 1879 5500 rationum

217 5531 553 5587 momentis
582 5532 981 5590 demonstrata
1010 5534 1196 5590 fuerat
1220 5532 1249 5587 τ
1293 5530 1651 5602 Theophilus
1683 5538 1881 5590 tamen

216 5620 662 5690 Antiochenus,
690 5625 757 5679 ut
781 5622 997 5681 herbas
1019 5622 1168 5680 illud
1219 5624 1280 5679 et
1306 5617 1544 5677 imbelle
1571 5621 1882 5693 gentilium

1982 4651 2076 4706 hic
2107 4649 2294 4705 obiter
2322 4646 2751 4703 observandum
2782 4648 2841 4702 in
2873 4648 2982 4704 hoc
3014 4654 3170 4706 textu
3202 4651 3378 4707 verba
3401 4652 3633 4724 pericu-

1980 4740 2034 4796 lo
2064 4738 2322 4810 quateris,
2357 4735 2710 4806 quibusdam
2732 4737 3126 4810 displicuisse,
3150 4757 3366 4813 eosque
3397 4739 3631 4795 ariolari

1981 4826 2292 4899 legendum
2322 4839 2643 4897 querquero,
2677 4824 2736 4880 id
2765 4830 2874 4893 est,
2906 4827 3116 4901 frigore
3136 4832 3193 4884 et
3211 4834 3481 4896 tremore,
3517 4827 3636 4882 sive

1984 4915 2128 4972 febri
2170 4912 2381 4986 frigida
2435 4915 2589 4969 469
2641 4917 2915 4987 quateris.
2976 4917 3087 4973 Sed
3127 4917 3266 4973 huic
3290 4918 3633 4987 conjecturae

1984 5004 2270 5075 repugnat
2303 5001 2741 5073 manuscriptus
2761 5004 2939 5059 codex
2953 5005 3167 5077 regius,
3184 5022 3247 5060 ac
3267 5004 3440 5059 verba
3455 5001 3633 5057 etiam

1985 5089 2405 5163 subsequentia
2439 5104 2565 5145 eam
2591 5089 2821 5146 admitti
2854 5093 3182 5163 prohibent.

2056 5178 2327 5235 Octavius
2385 5183 2580 5233 autem
2624 5179 2847 5235 Cacilio
2915 5180 3034 5235 haec
3080 5178 3427 5237 Christianis
3484 5177 3634 5248 obji-

1986 5269 2178 5339 cienti,
2212 5267 2300 5323 vel
2334 5267 2529 5338 potius
2551 5272 2891 5339 arroganter
2941 5270 3335 5340 exprobranti,
3368 5267 3632 5323 modeste

1988 5357 2300 5430 respondet
2378 5355 2683 5427 plerosque
2771 5357 3125 5412 conscientia
3211 5356 3549 5412 meritorum
3614 5399 3631 5422 ,

1987 5447 2046 5502 id
2074 5454 2160 5501 est
2189 5442 2439 5516 peccatis
2470 5442 2737 5511 vitiisque
2793 5445 3209 5501 conscientiam
3258 5444 3492 5500 illorum
3545 5460 3636 5500 re-

1991 5532 2434 5607 darguentibus,
2471 5530 2654 5600 magis
2681 5536 2899 5602 optare,
2926 5550 3102 5605 quam
3135 5551 3194 5588 re
3225 5536 3351 5607 ipsa
3401 5535 3636 5589 credere

1990 5623 2288 5683 hominem
2320 5621 2504 5678 morte
2550 5619 2842 5695 exstingui
2902 5624 3160 5696 penitus,
3221 5641 3325 5680 nec
3385 5624 3456 5678 ad
3517 5622 3642 5678 ulla
