4088 6150
548 266 667 327 483

1838 254 1940 314 DE
1984 252 2283 316 MINUCII
2328 255 2669 318 OCTAVIO
3772 279 3865 341 ιει

548 401 749 470 postea
776 392 1064 467 supplicia
1113 388 1414 446 reservari.
1466 388 1535 443 Et
1580 403 1721 477 sane
1768 386 2015 477 dubium
2074 402 2189 441 non
2220 392 2272 455 Α
2301 386 2531 477 divinus
2561 405 2664 461 per
2691 389 2951 462 seipsum
3001 407 3236 464 semper
3287 394 3421 451 vivit
3472 415 3533 456 ac
3580 402 3722 477 viget
3765 411 3865 471 sine

546 490 653 554 est,
686 483 828 558 quin
854 482 913 537 in
963 480 1093 537 illos
1141 479 1250 535 hoc
1281 494 1473 534 errore
1521 476 1744 549 seipsos
1785 474 2071 543 fallentes,
2124 492 2190 531 ac

543 573 785 631 liberius
815 574 1144 645 peccantes,
1179 584 1293 640 quo
1322 567 1570 635 tardius,
1599 582 1665 621 eo
1698 563 1956 621 severius
1978 563 2191 634 justis-

546 663 695 720 simo
737 661 834 718 Dei
873 659 1097 732 judicio
1129 656 1650 714 animadvertatur.
1707 653 1868 710 Unde
1925 651 2191 709 Valerius

545 753 835 811 Maximus
890 750 959 805 de
1015 746 1289 820 Dionysio
1346 747 1847 820 Syracusanorum
1904 746 2187 815 tyranno:

550 866 576 893 ‹‹
610 846 805 910 Lento,
839 838 1052 911 inquit,
1111 837 1294 909 gradu
1344 836 1415 891 ad
1472 834 1786 889 vindictam
1846 832 1935 888 sui
1996 831 2192 886 divina

544 929 804 1004 procedit
830 929 936 999 ira,
969 927 1420 996 tarditatemque
1441 922 1710 996 supplicii
1745 921 2025 995 gravitate
2039 936 2191 975 com-

543 1021 771 1093 pensat.
801 1036 828 1068 »
859 1015 1069 1089 (Valer.
1104 1015 1253 1070 Max.
1280 1013 1383 1069 lib.
1444 1030 1484 1079 ι,
1545 1028 1672 1084 cap.
1733 1014 1785 1077 1,
1815 1012 2041 1066 Euam.
2077 1008 2189 1081 g3,

542 1123 675 1182 pag.
696 1106 813 1180 21.)

613 1219 684 1270 At
714 1214 788 1282 si,
821 1213 1033 1268 fatente
1080 1208 1310 1265 ethnico
1367 1206 1621 1274 homine,
1683 1204 1879 1260 divina
1933 1202 2191 1258 vindicta

542 1320 658 1361 non
689 1301 830 1359 sinit
858 1299 1191 1373 graviorum
1230 1296 1543 1351 criminum
1576 1311 1702 1350 reos
1732 1294 1890 1349 abire
1928 1291 2186 1363 impuni-

540 1396 653 1459 tos,
678 1405 889 1463 negare
920 1386 1118 1459 procul
1149 1384 1326 1441 dubio
1358 1383 1580 1439 aliinon
1602 1386 1848 1455 possunt
1867 1381 2188 1462 improbos,

541 1479 875 1545 sceleratos,
906 1484 963 1533 et
995 1476 1206 1547 impios
1256 1471 1544 1537 homines,
1579 1470 1678 1541 qui
1709 1469 2056 1526 criminibus
2086 1469 2187 1524 ad-

541 1570 657 1626 huc
688 1565 1048 1639 coinquinati
1081 1563 1431 1627 moriuntur,
1490 1560 1702 1615 debitis
1750 1563 1883 1630 post
1940 1562 2187 1613 mortem

541 1656 729 1730 pmnis
759 1672 886 1712 esse
918 1652 1274 1708 afficiendos.
1307 1650 1469 1705 Tunc
1490 1647 1646 1704 enim
1679 1663 1825 1718 quas
1856 1647 1916 1702 in
1939 1646 2043 1702 hac
2069 1646 2189 1701 vita

2299 474 2438 531 ullis
2469 476 2785 547 alimentis,
2819 496 2925 535 nec
2980 481 3297 537 admistum
3346 484 3511 543 habet
3539 474 3761 565 fum‘um,
3787 502 3866 557 sed

2298 568 2388 620 est
2414 582 2598 636 purus
2618 583 2685 622 ac
2714 567 2994 640 liquidus,
3025 574 3081 625 et
3109 571 3168 626 in
3210 588 3370 643 aqua;
3418 579 3641 636 modum
3669 583 3864 645 ﬂuidus.

2296 651 2417 709 Non
2452 654 2608 711 enim
2633 655 2687 711 vi
2737 656 2933 728 aliqua
2963 676 3201 715 sursum
3249 678 3444 719 versus
3491 674 3728 743 urgetur,
3752 676 3872 733 sicut

2300 747 2561 835 noster...
2595 745 2753 801 Idem
2786 745 2963 819 igitur
3017 748 3248 805 divinus
3295 749 3444 823 ignis
3474 771 3586 810 una
3611 760 3874 835 eademque

2297 831 2376 899 vi,
2408 837 2582 904 atque
2612 834 2869 905 potentia
2914 840 2972 892 et
3028 838 3310 894 cremabit
3340 838 3564 913 impios,
3613 852 3664 901 et
3687 831 3872 909 recrea-

2299 918 2503 987 bit;et
2550 927 2834 993 quantum
2893 942 2927 980 a
2980 924 3318 996 corporibus
3369 928 3643 1000 absumet,
3691 938 3878 999 tantum

2299 1013 2538 1079 reponet
2566 1010 2786 1082 (noster
2838 1013 3017 1069 codex
3070 1014 3345 1087 resumet),
3386 1033 3450 1072 ac
3477 1018 3584 1074 sibi
3612 1020 3723 1093 ipse
3747 1030 3878 1082 teter-

2298 1113 2441 1152 num
2501 1098 2782 1169 pabulum
2858 1102 3348 1158 subministrabit.
3406 1105 3562 1170 Quod
3642 1116 3799 1181 poetas
3837 1118 3882 1171 in

2297 1183 2584 1241 vulturem
2608 1188 2756 1261 Tityi
2788 1189 3255 1247 transtulerunt:
3287 1191 3371 1247 ita
3406 1194 3530 1249 sine
3584 1196 3690 1253 ullo
3717 1202 3884 1259 revire-

2298 1274 2586 1331 scentium
2613 1290 2925 1349 corporum
2954 1280 3302 1336 detrimento
3345 1282 3548 1337 aduret
3588 1290 3810 1358 tantum,
3836 1308 3886 1348 ac

2299 1379 2473 1452 sensu
2508 1363 2722 1421 doloris
2744 1365 2976 1426 afﬁciet.
2992 1369 3298 1437 .»(Dz‘.s.sert.
3322 1370 3384 1424 in
3404 1372 3662 1440 Lactant.,
3684 1379 3885 1452 cap.29.)

2297 1451 2408 1507 Sed
2432 1453 2502 1509 de
2523 1452 2631 1510 hac
2664 1454 2947 1511 Lactantii
2964 1456 3427 1530 Tertullianique
3443 1466 3889 1532 argumentatione

2298 1540 2488 1597 adhuc
2517 1542 2738 1614 aliquid
2770 1562 2875 1600 suo
2896 1544 3021 1601 loco
3041 1546 3305 1603 dicemus
3325 1550 3888 1626 ostendemusquequo

2297 1646 2473 1686 sensu
2504 1630 2599 1686 hic
2653 1636 2712 1687 et
2741 1633 3032 1689 Minucius
3080 1635 3320 1691 verbum
3366 1653 3591 1711 erogare
3618 1641 3890 1713 acceperint

541 1763 658 1802 non
690 1746 992 1810 dederunt,
1027 1742 1085 1796 in
1117 1740 1314 1803 altera,
1359 1755 1485 1809 quas
1532 1741 1746 1792 eterna
1800 1736 1931 1802 erit,
1963 1735 2179 1807 sempi-

2293 1722 2549 1796 (Dissert.
2575 1719 2635 1774 in
2689 1722 2932 1790 Tertull.,
2964 1739 3090 1795 cap.
3126 1724 3236 1795 11).

538 1838 736 1890 ternas
766 1832 899 1904 igne
930 1836 1140 1886 aeterno
1171 1828 1353 1883 luent.
1378 1826 1525 1883 Nam
1560 1849 1581 1875 ι
1629 1825 1862 1897 sapiens
1893 1824 2069 1896 ignis,
2101 1824 2185 1879 ait

540 1920 857 1987 Minucius,
894 1918 1159 1974 membra
1186 1916 1396 1982 urit,et
1411 1914 1613 1980 reﬁcit,
1646 1914 1833 1985 carpit
1861 1918 1918 1968 et
1947 1913 2188 1968 nutrit.»

537 2011 736 2084 Neque
767 2007 979 2065 ethnici
1016 2005 1364 2077 respondere
1412 2006 1678 2074 poterant
1726 2001 1868 2056 illud
1902 2017 2189 2072 quorum-

534 2100 698 2168 dam,
730 2098 830 2171 qui
852 2096 995 2153 alios
1027 2099 1244 2151 terrere
1271 2091 1560 2159 volebant,
1593 2106 1720 2146 esse
1768 2094 2185 2147 commentum.

539 2188 666 2244 Non
712 2187 772 2242 id
830 2186 1049 2257 quippe
1108 2181 1493 2253 omnipotenti
1552 2180 1667 2235 Deo
1725 2179 2022 2234 difﬁcilius
2078 2183 2187 2246 est,

538 2292 717 2347 quam
739 2280 1040 2331 mortuum
1073 2271 1369 2327 hominem
1403 2270 1473 2325 ad
1510 2268 1687 2324 vitam
1736 2267 2011 2324 excitare.
2055 2268 2188 2323 Suf-

539 2364 663 2424 ficit
682 2364 860 2437 igitur
881 2367 946 2418 ut
977 2362 1031 2416 id
1066 2358 1224 2416 velit.
1282 2356 1449 2428 Atqui
1482 2373 1614 2413 eum
1650 2356 1727 2411 ila
1771 2355 1914 2412 velle
1945 2372 2061 2411 non
2093 2372 2186 2412 so-

538 2452 661 2508 lum
691 2470 867 2509 sacrae
896 2450 1204 2522 Scriptura:
1237 2446 1554 2514 declarant,
1615 2446 1714 2501 sed
1773 2445 1970 2500 divina
2011 2445 2186 2500 etiam

539 2541 696 2597 illius
718 2539 970 2613 justitia,
1004 2555 1130 2610 quae
1172 2535 1399 2591 nullum
1461 2535 1653 2591 scelus
1703 2534 1962 2589 inultum
2020 2533 2189 2590 relin-

538 2646 717 2702 quere
748 2632 957 2702 potest.

607 2738 679 2792 At
705 2734 996 2791 Minucius
1025 2738 1089 2788 ut
1114 2732 1259 2787 illud
1291 2730 1540 2786 ethnicis
1567 2729 1794 2785 facilius
1818 2730 2185 2801 persuadeat,

536 2824 597 2881 in
631 2824 811 2895 hujus
840 2821 1173 2879 documenti
1196 2819 1697 2875 conﬁrmationem
1721 2818 1988 2889 quaedam
2021 2817 2189 2873 aﬂ‘ert

538 2912 803 2984 exempla
832 2912 1081 2983 ignium,
1115 2908 1453 2974 fulminum,
1485 2924 1551 2962 ac
1601 2907 1890 2962 montium
1919 2909 2102 2960 IEtnaa
2133 2910 2189 2961 et

536 3000 771 3057 Vesuvii
829 3007 1003 3071 atque
1059 3004 1347 3053 terrarum
1394 2995 1612 3067 ubique
1668 2995 2017 3061 ardentium,
2059 3010 2186 3066 quas

537 3090 771 3160 quidem
800 3088 918 3143 illis
948 3087 1242 3158 incognita
1272 3083 1471 3157 procul
1505 3084 1680 3139 dubio
1715 3100 1826 3139 non
1857 3087 2041 3137 erant.
2068 3084 2183 3137 Au-

537 3178 665 3233 dias
695 3177 866 3233 velim
897 3192 1031 3232 sum
1064 3176 1398 3246 loquentem
1438 3189 1451 3227 :
1482 3196 1509 3223 ‹‹
1561 3172 1724 3227 Sicut
1774 3172 1939 3245 ignes
1990 3170 2184 3225 fulmi-

538 3285 704 3333 num,
736 3266 945 3338 inquit,
982 3280 1222 3336 corpora
1252 3266 1493 3333 angunt,
1519 3278 1623 3316 nec
1644 3262 2000 3327 absumunt;
2034 3259 2189 3314 sicut

538 3356 704 3427 ignes
736 3356 913 3411 IEtnze
971 3364 1027 3409 et
1056 3350 1314 3417 Vesuvii,
1346 3350 1745 3407 etardentium
1774 3349 1991 3420 ubique
2010 3352 2186 3403 terra-

534 3460 687 3510 rum,
710 3443 962 3514 ﬂagrant
985 3441 1139 3497 470
1171 3456 1273 3494 nec
1303 3442 1649 3509 erogantur:
1685 3437 1764 3492 ita
1795 3435 2018 3508 pmnale
2040 3435 2183 3491 illud

524 3530 895 3595 incendium,
924 3546 1038 3584 non
1088 3528 1319 3583 damnis
1380 3524 1711 3581 ardentium
1744 3524 2023 3596 pascitur,
2081 3524 2183 3578 sed

524 3620 767 3676 inexesa
795 3634 1105 3689 corporum
1157 3615 1514 3672 laceratione
1572 3614 1846 3669 nutritur.
1878 3634 1905 3662 »
1960 3614 2032 3667 At
2063 3612 2183 3668 haec

526 3708 622 3763 ille
651 3707 944 3762 delibasse
972 3706 1202 3760 videtur
1231 3722 1299 3759 ex
1328 3705 1439 3759 hoc
1471 3701 1815 3758 Tertulliani
1873 3702 1944 3757 de
1975 3700 2183 3756 iisdem

521 3794 755 3850 aeternis
784 3792 1019 3865 ignibus
1071 3790 1433 3863 disputantis
1491 3788 1655 3844 loco:
1711 3809 1738 3840 σι
1788 3788 2081 3844 Noverunt
2126 3793 2184 3844 et

520 3881 851 3955 philosophi
878 3880 1278 3937 diversitatem
1309 3878 1507 3935 arcani
1553 3881 1611 3933 et
1642 3876 1860 3947 publici
1892 3876 2064 3949 ignis.
2101 3878 2185 3934 Ita

521 3971 693 4044 longe
723 3969 876 4026 alius
907 3976 1018 4037 est,
1050 3969 1151 4040 qui
1187 3968 1319 4025 usui
1352 3968 1631 4036 humano,
1658 3965 1810 4021 alius
1832 3965 1930 4036 qui
1957 3964 2183 4036 judicio

522 4060 619 4116 Dei
648 4064 909 4132 apparet,
934 4061 1053 4114 sive
1084 4058 1156 4113 de
1198 4055 1339 4113 creto
1399 4054 1648 4110 fulmina
1707 4054 2025 4125 stringens,
2060 4054 2182 4109 sive

516 4151 588 4205 de
616 4155 771 4205 terra
799 4165 901 4220 per
930 4146 1178 4202 vertices
1204 4145 1493 4201 montium
1525 4146 1817 4198 eructans.
1866 4142 1987 4199 Non
2021 4142 2179 4198 enim

519 4237 798 4303 absumit,
832 4238 988 4309 quod
1020 4234 1248 4291 exurit:
1301 4234 1401 4289 sed
1464 4233 1602 4287 dum
1654 4237 1874 4303 erogat,
1927 4235 2175 4302 reparat.

517 4328 671 4383 Adeo
705 4330 945 4381 manent
976 4329 1208 4380 montes
1257 4339 1491 4395 semper
1534 4322 1830 4388 ardentes,
1889 4325 1947 4376 et
1977 4320 2077 4391 qui
2109 4321 2180 4377 de

520 4415 662 4472 cmlo
693 4415 973 4487 tangitur,
1008 4413 1204 4470 salvus
1233 4417 1340 4482 est,
1375 4417 1440 4467 ut
1461 4410 1622 4466 nullo
1646 4412 1772 4481 jam
1796 4410 1915 4481 igni
1943 4410 2176 4466 decine-

2369 1871 2686 1943 Pergamus
2716 1870 2971 1938 interim,
3005 1871 3196 1944 iisque
3225 1890 3625 1942 occurramus,
3679 1880 3766 1950 qui
3790 1895 3896 1951 gen-

2297 1958 2491 2014 tilium
2538 1960 2772 2015 nomine
2832 1960 2998 2015 nobis
3047 1961 3291 2016 forsitan
3353 1963 3642 2033 objicient,
3696 1982 3893 2037 prorsus

2298 2048 2525 2119 ineptas
2556 2063 2685 2103 esse
2714 2046 3048 2115 fulminum,
3082 2049 3373 2105 montium
3400 2068 3466 2107 ac
3495 2058 3758 2109 terrarum
3776 2072 3895 2112 sem-

2299 2152 2400 2207 per
2428 2136 2780 2206 ardentium,
2801 2153 2933 2191 cum
2958 2137 3276 2193 inferorum
3312 2139 3448 2211 igne
3466 2143 3894 2213 comparationes.

2298 2223 2499 2279 Nonne
2530 2224 2764 2290 etenim,
2806 2225 3051 2297 inquiet,
3085 2226 3305 2298 aliquid
3331 2244 3401 2282 ex
3418 2228 3668 2285 hominis
3697 2230 3895 2287 fulmine

2298 2312 2434 2367 tacti
2467 2313 2800 2368 substantia
2828 2313 3007 2385 hujus
3065 2315 3273 2371 ardore
3327 2318 3718 2373 consumitur?
3736 2320 3897 2374 Nonne

2297 2401 2472 2456 etiam
2506 2402 2739 2473 ignibus
2787 2402 2965 2457 Etuta
3011 2403 3369 2475 Vesuviique
3425 2405 3506 2477 (in
3557 2408 3898 2480 manuscriptc

2298 2489 2495 2545 codice
2548 2492 2766 2545 Hennei
2791 2499 2847 2546 et
2872 2493 3050 2560 Jesui,
3084 2497 3380 2565 corrupte,
3441 2495 3522 2548 uti
3592 2493 3774 2566 vides),
3822 2510 3900 2549 seu

2297 2576 2546 2633 aliorum
2578 2578 2891 2642 montium,
2935 2583 3038 2633 aut
3092 2580 3432 2635 ardentium
3489 2586 3758 2637 terrarum
3788 2598 3903 2637 nova

2298 2681 2529 2737 semper
2602 2667 3095 2722 subministratur
3152 2670 3404 2726 materia
3443 2669 3472 2724 ?
3525 2670 3726 2725 Contra
3773 2685 3903 2725 verro

2297 2754 2614 2810 Christiani
2672 2757 3085 2811 asseverabant
3167 2759 3446 2813 eumdem
3530 2776 3746 2831 semper
3812 2758 3905 2813 fore

2295 2843 2489 2916 ignem
2521 2842 2861 2909 inferorum,
2896 2843 3159 2917 nihilque
3180 2845 3425 2917 penitus
3440 2847 3676 2903 humani
3695 2845 3904 2918 corporis

2297 2932 2368 2986 ab
2398 2930 2498 2986 illo
2523 2932 2711 2987 exusti
2752 2933 3032 3003 deperire.
3066 2933 3284 2988 Verum
3321 2935 3733 2999 Tertullianus,
3763 2950 3903 3007 quam

2294 3020 2585 3075 Minucius
2617 3024 2814 3075 noster
2863 3020 2949 3075 uti
2984 3023 3105 3089 jam
3136 3025 3507 3094 monuimus,
3534 3024 3797 3095 sequitur,
3825 3023 3906 3077 hoc

2217 3119 2259 3185 ρ
2297 3108 2541 3163 rationis
2576 3113 2938 3164 momentum
2989 3109 3206 3166 ethnici
3253 3111 3433 3182 plane
3463 3113 3733 3184 precidit.
3764 3110 3903 3165 Maxi-

2299 3212 2455 3251 mam
2488 3197 2706 3268 quippe
2728 3196 2908 3267 hqjus
2948 3199 3284 3269 argumenti
3318 3200 3441 3255 vim
3473 3201 3533 3255 in
3565 3201 3669 3256 hoc
3697 3200 3904 3272 positam

2294 3300 2423 3340 esse
2456 3285 2729 3357 ostendit,
2764 3286 2920 3356 quod
2974 3285 3242 3357 gentiles,
3308 3288 3553 3344 nemine
3582 3288 3901 3351 reclamante,

2296 3374 2614 3429 faterentur
2644 3374 2932 3444 quosdam
2965 3374 3309 3442 fulminum,
3348 3379 3663 3445 montium,
3689 3381 3741 3432 et
3762 3383 3906 3431 terra-

2294 3478 2426 3517 rum
2477 3462 2642 3534 ignes
2721 3479 2850 3518 esse
2908 3465 3057 3518 471
3128 3480 3382 3535 prorsus
3442 3463 3902 3522 extraordinarios.

2294 3549 2498 3607 Nonne
2528 3555 2719 3605 autem
2754 3551 2888 3607 inde
2917 3550 3129 3607 inferre
3157 3553 3379 3624 potuit,
3410 3555 3485 3610 ab
3531 3554 3731 3611 iisdem
3755 3548 3906 3608 ethni-

2293 3637 2377 3694 cis
2410 3654 2711 3710 perperam
2734 3639 2934 3711 negari
2967 3639 3149 3695 alium
3182 3657 3301 3697 non
3367 3659 3545 3715 posse
3601 3642 3811 3697 infinita
3834 3636 3909 3694 Dei

2292 3726 2551 3799 potentia
2580 3726 2812 3781 excitari
2849 3727 3065 3799 ignem,
3098 3728 3198 3800 qui
3232 3730 3399 3786 idem
3446 3748 3677 3803 semper
3705 3729 3909 3790 maneat,

2291 3814 2727 3886 impiorumque
2756 3832 2998 3887 corpora
3027 3833 3142 3873 non
3191 3820 3626 3889 consumendo,
3673 3823 3909 3874 aster-num

2292 3911 2508 3971 exuret,
2534 3919 2599 3958 ac
2627 3903 2929 3959 cruciabit.

2362 4055 2561 4127 Neque
2591 4071 2761 4126 porro
2792 4055 2873 4110 ibi
2905 4055 3065 4112 stetit
3110 4056 3435 4126 Minucius,
3488 4059 3591 4115 sed
3621 4057 3731 4115 alia
3756 4054 3906 4111 adhuc

2290 4144 2743 4215 comparatione,
2795 4160 2900 4200 seu
2961 4144 3095 4216 alio,
3134 4152 3201 4201 ut
3259 4148 3458 4218 aiunt,
3504 4149 3576 4204 ad
3633 4146 3908 4210 hominem,

2290 4236 2632 4305 argumento
2662 4232 2971 4289 conﬁrmat
2998 4250 3175 4306 quam
3206 4235 3414 4309 inepte
3444 4236 3707 4293 Caecilius
3734 4232 3910 4302 aliique

2288 4320 2532 4393 gentiles
2579 4322 2636 4377 id
2669 4322 3022 4379 abnuerint:
3056 4344 3085 4373 «
3135 4324 3581 4395 Admonentur,
3611 4323 3808 4397 inquit,
3833 4319 3909 4373 bo-

2288 4410 2478 4466 mines
2509 4410 2983 4467 doctissimorum
3014 4410 3180 4468 libris
3225 4419 3285 4470 et
3349 4414 3717 4471 carminibus
3761 4412 3915 4483 poeta-

519 4508 727 4559 rescat.
772 4480 841 4558 Et
872 4480 977 4558 hoc
1008 4503 1117 4558 erit
1162 4480 1565 4558 testimonium
1626 4480 1778 4571 ignis
1809 4480 2033 4563 aeterni,
2071 4499 2183 4554 hoc
2214 4480 2258 4545 D
2291 4515 2443 4565 rum,
2475 4498 2635 4555 illius
2664 4500 2819 4572 ignei
2850 4499 3132 4570 ﬂuminis,
3164 4505 3223 4557 et
3263 4504 3342 4560 de
3373 4504 3582 4577 Stygia
3612 4480 3807 4576 palude
3832 4511 3911 4553 sm-

519 4592 850 4665 exemplum
874 4592 1037 4664 jugis
1063 4590 1269 4662 judicii
1305 4606 1533 4661 poenam
1580 4587 1912 4643 nutrientis.
1950 4588 2175 4643 Montes

521 4686 774 4737 uruntur
798 4686 855 4736 et
882 4685 1117 4735 durant.
1149 4680 1295 4743 Quid
1357 4683 1629 4734 nocentes
1661 4681 1717 4734 et
1772 4677 1872 4732 Dei
1935 4676 2173 4733 hostes?

524 4771 647 4825 Hac
680 4777 819 4826 sunt
846 4787 971 4841 qua:
1005 4769 1062 4823 in
1086 4768 1252 4823 nobis
1283 4767 1423 4823 solis
1456 4764 1944 4838 praesumptiones
1974 4782 2177 4821 vocan-

518 4863 635 4925 tur,
666 4859 725 4914 in
766 4857 1133 4930 philosophis
1177 4861 1233 4911 et
1289 4854 1475 4927 poetis
1527 4872 1771 4909 summae
1823 4853 2079 4909 scientiae
2120 4857 2178 4910 et

516 4946 1038 5019 insigniajudicia.
1076 4967 1103 4993 ››
1133 4943 1694 5013 (Tertull.Apologet.
1721 4958 1848 5012 cap.
1884 4943 2175 5013 48,ρ.43.)

518 5035 733 5092 Eodem
766 5051 994 5105 quoque
1026 5034 1196 5088 modo
1246 5032 1596 5096 Lactantius,
1658 5034 1791 5102 post
1841 5034 2173 5100 utrumque,

520 5123 945 5182 Tertullianum
981 5139 1046 5178 ac
1081 5120 1402 5176 Minucium
1434 5117 1703 5184 Felicem,
1748 5116 1871 5173 haec
1915 5116 2084 5187 plane
2115 5119 2175 5173 in

520 5214 714 5279 verba,
747 5211 819 5267 ab
861 5211 992 5266 aliis
1068 5208 1241 5281 paulo
1298 5208 1531 5263 diversa
1604 5210 2046 5278 argumentatus
2086 5212 2177 5264 est

516 5302 783 5375 (Lactant
813 5299 913 5353 lib.
947 5315 1023 5352 vu
1059 5298 1242 5353 Divin.
1299 5298 1537 5351 Instzt‘ul.
1600 5312 1726 5366 cap.
1758 5296 1849 5362 2t,
1898 5312 2030 5367 pag.
2069 5298 2176 5353 715

516 5393 575 5445 et
602 5405 723 5458 seq.
750 5388 767 5457 )
800 5385 957 5458 Ignis
984 5385 1323 5457 sempiterni
1356 5408 1383 5434 «
1446 5388 1653 5440 natura
1712 5384 1939 5439 diversa
1981 5390 2070 5441 est
2100 5389 2173 5443 ab

514 5477 625 5532 hoc
656 5477 873 5544 nostro,
907 5489 1021 5543 quo
1054 5473 1120 5528 ad
1157 5472 1281 5528 vitm
1303 5471 1629 5528 necessaria
1651 5470 1894 5539 utimur,
1928 5474 2026 5542 qui
2058 5474 2172 5529 nisi

528 5561 777 5633 alicujus
796 5561 1050 5620 materiae
1082 5562 1283 5622 fomite
1312 5561 1503 5620 alatur
1531 5560 1944 5635 exstinguitur.
1971 5561 2045 5618 At
2076 5561 2173 5620 ille

2285 4588 2418 4660 pius
2447 4588 2762 4644 ambientis
2794 4588 3041 4660 ardoris,
3100 4606 3233 4662 qua
3293 4593 3664 4649 cruciatibus
3721 4584 3910 4645 aeternis

2286 4682 2630 4749 praeparata,
2662 4682 2720 4732 et
2767 4678 3100 4734 daemonum
3154 4678 3402 4737 indiciis
3460 4686 3521 4738 et
3575 4681 3646 4737 de
3700 4672 3909 4736 oraculis

2287 4764 2706 4837 Prophetarum
2736 4766 2967 4838 cognita
2996 4767 3399 4827 tradiderunt.
3433 4792 3463 4822 ι»
3498 4770 3585 4827 Ibi
3617 4774 3798 4825 autem
3826 4762 3908 4819 Mi-

2286 4855 2495 4910 nucius
2546 4858 2604 4909 et
2655 4855 2927 4925 profanos
2985 4860 3044 4912 et
3109 4873 3311 4914 sacros
3373 4860 3695 4933 scriptores
3748 4846 3910 4928 procul

2285 4942 2463 4998 dubio
2521 4941 2736 4998 citavit.
2824 4944 3243 5017 Prophetarum
3329 4948 3635 5021 siquidem
3694 4942 3907 5001 nomine.

2285 5030 2467 5087 libros
2512 5031 2734 5088 Veteris
2762 5032 3143 5104 Testamenti,
3178 5040 3361 5107 atque
3417 5037 3623 5104 etiam,
3681 5034 3729 5091 si
3778 5026 3910 5089 velis.

2284 5119 2650 5193 sibyllarum,
2709 5124 2769 5176 et
2832 5120 3108 5191 aliorum,
3161 5140 3313 5195 quos
3369 5126 3596 5182 ethnici
3643 5120 3913 5195 propheta!

2284 5225 2411 5264 esse
2442 5208 2745 5280 putabant,
2777 5209 2954 5265 eﬂ‘ata
3008 5211 3323 5284 designat:
3369 5234 3392 5263 ι
3440 5215 3766 5270 daemonum
3806 5214 3912 5260 vero

2284 5297 2594 5367 indiciis,»
2659 5313 2857 5354 sacros
2914 5299 3057 5355 Novi
3109 5304 3475 5359 Testamenti
3530 5302 3781 5359 codices:
3832 5287 3917 5347 ubi

2282 5386 2533 5460 legimus
2561 5386 2857 5443 daemones
2888 5387 3105 5459 palam,
3133 5407 3198 5446 ac
3228 5392 3522 5448 omnibus
3559 5383 3914 5447 audientibus:

2283 5477 2579 5532 confessos
2629 5475 2811 5531 fuisse
2859 5476 3091 5533 aeternis
3131 5495 3192 5534 se
3230 5478 3485 5551 ignibus
3517 5475 3775 5536 cruciari.
3800 5468 3915 5527 Eth-

2282 5564 2429 5622 nicis
2461 5565 2659 5638 itaque
2690 5562 2987 5637 publicam
3043 5565 3207 5627 illam
3253 5569 3603 5628 daemonum
3632 5556 3913 5624 confessio-
