4088 6150
263 249 372 310 485

1673 256 2218 322 DISSERTATIO.

3524 278 3643 340 486

260 396 376 437 nem
408 380 626 453 objicit,
662 397 839 455 quam
873 399 978 440 nec
1015 343 1133 457 illi,
1164 402 1270 442 nec
1311 385 1468 443 ullus
1499 386 1650 444 alius
1681 405 1893 461 negare
1922 411 1976 478 Α
2005 390 2134 446 Alio
2169 392 2345 448 etiam
2371 393 2428 449 in
2461 395 2610 452 libro
2642 399 2886 455 canebat
2915 417 2930 456 :

261 473 487 540 poterat.

325 559 644 630 Scriptores
690 576 824 615 vero
873 562 1169 632 profanos,
1222 563 1340 618 sive
1392 565 1679 636 ethnicos,
1711 569 1890 622 testes

263 646 497 718 appellat
527 670 556 696 α
592 648 748 720 ignei
779 649 1042 706 ﬂuminis
1091 651 1161 706 de
1189 651 1383 724 Stygia
1413 654 1644 732 palude,
1685 676 1714 705 »
1748 658 1892 727 puta

260 734 611 804 Acherontis,
645 753 821 808 quem
854 737 1031 793 iidem
1061 739 1279 794 ethnici
1319 757 1502 796 unum
1542 759 1610 798 ex
1639 748 1892 814 quatuor

261 821 728 880 celebratissimis
756 825 1077 882 inferorum
1117 827 1309 883 ﬂuviis
1349 844 1478 885 esse
1530 830 1888 903 fabulantur,

260 911 623 985 ignibusque,
656 917 718 968 ut
747 913 828 970 ait
855 914 1110 988 Servius,
1144 915 1403 989 plenum,
1455 917 1555 989 qui
1588 918 1888 992 Pyriphle-

257 999 540 1072 gethontis
582 1017 764 1074 aquas
804 1003 1120 1075 recipiebat
1148 1005 1327 1077 (Serv.
1363 1008 1422 1062 in
1453 1006 1549 1063 lib.
1582 1023 1637 1063 vr
1671 1007 1888 1076 Virgil.,

255 1089 488 1156 ,Εηείάη
545 1105 677 1162 pag.
723 1090 846 1148 404.
896 1091 1002 1158 Qui
1053 1097 1248 1148 autem
1301 1093 1516 1150 fuerint
1562 1093 1623 1150 hi
1675 1093 1892 1166 aliique

256 1178 357 1233 duo
386 1178 707 1234 inferorum
740 1179 921 1247 ﬂuvii,
953 1195 1024 1236 ex
1053 1180 1314 1252 Platone,
1356 1183 1456 1254 qui
1498 1181 1630 1238 illos
1671 1183 1890 1239 descri-

251 1266 378 1338 psit,
412 1269 590 1337 atque
616 1265 747 1323 aliis
776 1283 953 1339 quam
985 1267 1257 1340 plurimis
1285 1269 1507 1326 discere
1537 1271 1784 1342 quilibet
1812 1271 1892 1329 fa-

252 1354 462 1410 cillime
511 1355 724 1426 poterit
773 1356 956 1427 (Plato
1001 1357 1161 1416 Plias.
1212 1362 1355 1415 tom.
1419 1359 1464 1426 ἰ,
1515 1376 1646 1432 pag.
1689 1361 1794 1416 112
1838 1363 1890 1417 et

250 1444 432 1514 καφ).

309 1533 394 1587 Ab
439 1530 540 1587 illo
579 1548 808 1604 quoque
859 1532 1092 1590 Platone
1131 1534 1336 1591 eadem
1381 1535 1655 1592 facilitate
1685 1537 1887 1594 edoce-

253 1620 426 1690 bitur,
460 1637 568 1675 cur
596 1620 736 1692 Styx
765 1638 799 1676 a
827 1621 1078 1678 Minucio
1108 1623 1300 1694 palus,
1331 1640 1517 1696 eoque
1547 1625 1751 1681 ardore
1781 1642 1886 1680 saa-

242 1710 371 1782 pius
421 1709 635 1765 ambiri
680 1709 906 1765 dicatur
960 1728 974 1778 ;
1034 1712 1268 1768 tametsi
1319 1711 1418 1768 alii
1468 1713 1708 1770 ﬂuvium
1758 1730 1888 1771 esse

241 1798 612 1866 tradiderint,
663 1799 833 1869 cujus
883 1799 1026 1854 adeo
1081 1800 1291 1872 frigida
1347 1807 1436 1857 est
1493 1819 1667 1874 aqua,
1728 1808 1793 1858 ut
1819 1820 1889 1859 ea

235 1893 406 1958 epota
439 1885 630 1957 quivis
662 1886 928 1958 protinus
958 1887 1264 1944 moriatur.
1287 1889 1428 1962 Styx
1456 1891 1636 1961 enim,
1664 1890 1884 1963 inquit,

232 1974 289 2029 in
343 1974 656 2030 horridum
711 1975 1151 2049 immanemque
1198 1977 1394 2034 locum
1439 1979 1666 2048 incidit,
1713 1978 1888 2052 palu-

228 2065 488 2135 demque
518 2064 698 2119 efﬁcit
725 2063 905 2132 (idem
945 2064 1080 2120 ibid.
1115 2082 1244 2139 pag.
1289 2068 1438 2140 113).
1485 2072 1722 2125 Terram
1753 2085 1887 2125 vero

228 2151 592 2224 ingreditur,
652 2156 709 2207 et
755 2152 1178 2210 circumrotans
1217 2155 1414 2210 inﬂuit
1463 2157 1522 2212 in
1579 2157 1886 2229 Pyriplile-

227 2240 606 2312 getbontem,
629 2239 761 2312 igne
793 2242 1114 2312 ardentem,
1139 2259 1327 2316 neque
1347 2247 1475 2316 ejus
1505 2250 1700 2302 tamen
1733 2263 1887 2317 aqua

229 2328 320 2384 illi
354 2333 466 2384 aut
495 2328 754 2401 cuipiam
804 2329 968 2385 alteri
997 2330 1170 2387 ﬂuvio
1202 2333 1500 2389 miscetur.
1533 2334 1762 2390 Circulo
1787 2352 1887 2390 au-

213 2421 341 2473 tem
395 2418 574 2484 facto,
615 2417 861 2473 eﬂ‘undit
915 2434 978 2474 se
1017 2417 1079 2474 in
1127 2420 1454 2478 Tartarum.
1487 2423 1669 2480 Totus
1714 2439 1885 2495 porro

216 2506 323 2561 ille
386 2504 654 2562 Platonis
712 2505 874 2562 locus
946 2508 1018 2564 ab
1089 2508 1338 2566 Eusebio
1413 2511 1743 2584 descriptus
1795 2515 1886 2568 est

215 2594 472 2664 (Euseb.
507 2593 612 2649 lib.
657 2611 716 2649 χι
760 2595 1006 2666 Ρνωραν.
1043 2599 1250 2668 Evang.
1304 2615 1432 2671 cap.
1479 2601 1571 2668 23,
1619 2617 1676 2671 p.
1732 2601 1882 2672 567).

217 2682 374 2746 Quis
407 2697 547 2736 vero
595 2681 706 2738 sibi
746 2682 913 2738 facile
944 2700 1061 2740 non
1090 2687 1466 2756 persuadebit
1495 2688 1652 2743 hunc
1689 2688 1880 2760 ipsum

214 2770 278 2825 in
313 2769 541 2842 primis
571 2769 890 2838 Platonem,
915 2772 1390 2831 doctissimorum
1423 2776 1751 2844 hominum,
1774 2777 1884 2845 vel,

214 2864 284 2914 ut
347 2859 440 2913 ait
516 2858 966 2927 Tertullianus,
1063 2861 1567 2936 philosophorum,
1628 2867 1882 2934 nomine,

208 2946 514 3019 huncque
562 2947 691 3017 ejus
737 2947 954 3004 librum
1017 2966 1052 3006 a
1098 2951 1350 3008 Minucio
1415 2959 1615 3010 nostro
1662 2953 1886 3010 citari?

209 3035 447 3092 Nullus
480 3052 714 3106 quoque
745 3035 974 3093 inﬁcias
1007 3039 1249 3096 fortasse
1278 3041 1404 3111 ibit,
1438 3047 1495 3098 et
1523 3042 1777 3099 laudatis
1810 3043 1883 3099 ab

214 3141 286 3180 eo
321 3130 390 3180 et
421 3123 782 3180 Tertulliano
815 3125 1020 3197 poetis,
1055 3129 1209 3184 412
1241 3129 1497 3201 primum
1533 3133 1798 3199 Homero,
1828 3135 1885 3187 et
1915 3128 1958 3196 C

211 3212 565 3269 secundum
599 3212 840 3285 Virgilio
868 3214 1129 3272 dandum
1178 3233 1305 3274 esse
1351 3217 1565 3275 locum.
1599 3220 1885 3276 Homerus

209 3303 537 3356 enimvero
567 3300 774 3357 cecinit
803 3317 819 3356 :

206 3393 401 3452 Ἔνθα
436 3388 536 3459 μὶν
567 3386 644 3450 εἰς
676 3388 976 3482 ’Δχὲροντα
1006 3389 1423 3518 Πυςιφλεγέθων
1451 3414 1508 3450 ιε
1539 3394 1731 3470 ῥέοισι,

214 3459 494 3518 Κώκυτός
529 3465 593 3518 θ’.
627 3458 685 3518 ὅς
718 3457 784 3518 δη
821 3461 1023 3518 Στυγὸς
1053 3463 1082 3516 ὕ
1121 3465 1246 3518 urbe
1277 3465 1414 3518 ἐστιν
1449 3466 1720 3518 ἂποόὁὼέ-

214 3457 494 3543 limat-nd:
529 3458 685 3543 θὶηὸς
815 3457 1023 3543 ’Στκυςγὸς
1053 3457 1421 3543 ὕδαίεὸ-ςῖςτιιί
1449 3457 1722 3543 ἆπόῥρὼξξ

213 3533 416 3606 Πέτρη
447 3551 529 3598 τε,
561 3529 762 3600 ξύνεσίς
789 3553 848 3586 τε
879 3529 990 3587 δύὶυ
1015 3540 1276 3608 ποταμῶν
1311 3529 1634 3606 ἑριδουπὼὖ.

212 3622 324 3676 Hic
391 3620 617 3692 quidem
668 3623 731 3678 in
793 3624 1154 3682 Acheronlem
1208 3627 1709 3701 Pyriphlethonquc
1755 3646 1886 3686 con-

216 3763 596 3841 royiusque,
628 3767 727 3835 qui
753 3774 896 3822 certo
928 3767 1112 3838 Stygis
1139 3786 1293 3840 aquae
1322 3779 1398 3826 est
1426 3702 1784 3841 ﬂuxug’luum

213 3835 534 3907 Petraquc,
581 3845 634 3892 et
662 3851 952 3893 concursus
980 3835 1224 3896 duorm};
1267 3835 1568 3927 ﬂuviorum
1613 3843 1772 3927 ualde
1799 3859 1885 3902 so-

1479 3915 1778 3982 Manlium.

825 3981 1025 4053 (Hom,
1059 3981 1244 4054 Odyss.
1276 4001 1332 4056 x,
1363 4001 1414 4040 υ.
1450 3985 1602 4056 145.)

214 4068 442 4124 Postea
474 4083 610 4122 vero
641 4065 942 4138 Virgillius
975 4086 988 4124 :

281 4181 551 4252 Eine-via
580 4181 844 4252 Tartarei,
874 4196 1015 4252 quae,
1042 4182 1146 4233 fert
1177 4183 1496 4252 Acherontis
1522 4188 1589 4238 ad
1626 4191 1822 4252 undas,

275 4243 563 4315 turbidus
593 4243 678 4315 hic
707 4243 1160 4315 omnm—vastaque
1192 4249 1446 4312 voragine
1475 4265 1669 4315 gurges

276 4305 521 4364 Eatuat,
554 4309 716 4369 atque
746 4320 958 4358 omnem
980 4305 1175 4372 Cocyto
1200 4305 1403 4363 eructat
1430 4305 1666 4364 ar'ena’m.

591 4387 847 4458 (νέφει,
875 4395 912 4443 ι.
954 4404 1009 4444 vi
1038 4389 1280 4461 ίΕηείςίη
1309 4407 1360 4446 υ.
1393 4392 1501 4448 295
1528 4402 1578 4450 et
1606 4395 1779 4468 seqq.)

2001 493 2104 586 rigui
2129 495 2191 550 τὸ
2222 493 2608 586 κξτειβόμξνον
2642 505 2847 586 Στμὶγὸς
2879 501 3045 586 fidem,
3081 507 3217 586 ilio-re
3251 509 3499 586 μέγιστος

1998 568 2215 640 Ὅρκος,
2251 565 2554 633 δεονότοὶτός
2582 593 2640 627 τε
2669 565 2824 629 πὲΧει
2855 565 3145 652 μακᾶρὲσσι
3178 565 3367 638 θεὸῖσῖ.

1999 658 2062 739 {Et
2092 659 2212 728 ipsa
2240 661 2522 730 subjacens
2551 662 2733 739 Stygis
2761 682 2922 736 aqua,
2949 669 3085 739 quod
3114 673 3430 728 maximum

1997 729 2398 798 Juramenlum,
2433 729 2937 808 grauissimurfique
2959 729 3176 795 'exsis'tzi
3206 743 3376 799 beatis
3406 746 3542 801 Diis.

2470 805 2662 873 (Idem,
2693 805 2885 878 Odyss.
2921 810 2960 864 ἱ.
2992 828 3045 877 ν,
3079 829 3129 866 υ.
3165 814 3268 868 185
3295 825 3346 871 et
3370 821 3539 890 seqq.)

2000 928 2250 1051 lHitirnero
2297 925 2468 998 plane
2498 929 2752 986 concinit
2781 932 3060 1006 Virgilius
3090 935 3249 993 hisce
3280 940 3642 1000 carminibus

2022 1012 2056 1051 a
2085 1012 2199 1051 mis
2231 1011 2247 1051 :

2022 1011 2199 1052 annis
2231 1011 2247 1052 2

2122 1101 2318 1180 Cocyti:
2346 1107 2534 1180 stagna
2556 1106 2663 1180 alta
2697 1109 3218 1180 videsS‘tygiamque
3249 1116 3517 1180 paludem,

2121 1164 2185 1213 Di
2214 1164 2367 1228 cujus
2389 1164 2573 1226 jurare
2606 1170 2799 1220 timent
2823 1176 2876 1221 et
2902 1164 3086 1224 fallere
3108 1164 3328 1227 numen.

2346 1229 2590 1300 (l’irgil.,
2622 1232 2659 1286 ι.
2691 1249 2744 1287 vx
2770 1236 3013 1304 AEneidu
3049 1255 3096 1292 v.
3132 1239 3237 1293 325
3263 1246 3317 1295 et
3345 1243 3539 1315 seqq.).

2069 1345 2242 1404 Plura
2272 1349 2322 1406 si
2353 1350 2515 1420 velis,
2568 1354 2663 1409 adi
2695 1356 3071 1426 Apollonium
3103 1363 3408 1432 Argonaut.
3442 1365 3544 1421 lib.
3581 1383 3644 1435 ιι,

1996 1449 2052 1526 :7.
2084 1437 2210 1506 290,
2261 1437 2574 1496 Hesiodum
2621 1443 2878 1515 Theogon.
2932 1463 3008 1518 ιν,
3060 1449 3165 1504 883
3212 1456 3269 1506 et
3304 1468 3467 1524 seqq.
3500 1459 3641 1526 etv,

1995 1521 2103 1576 795
2127 1529 2184 1579 et
2231 1542 2391 1599 seqq.
2444 1528 2713 1586 Ovidium
2764 1532 2863 1589 lib.
2923 1552 2964 1599 ι,
3021 1521 3490 1611 Μείανπονριιξὶι,
3540 1521 3644 1600 isi

1996 1614 2055 1700 et
2085 1628 2234 1684 seq.,
2276 1616 2580 1686 Apuleium
2611 1619 2713 1674 lib.
2744 1637 2825 1676 vn
2856 1627 3218 1696 Metamorph.
3264 1629 3417 1684 circa
3447 1632 3640 1700 med.;

2001 1698 2259 1791 l‘ialalem
2294 1706 2574 1762 Comitem
2605 1707 2706 1763 lib.
2728 1725 2792 1764 ιιι
2822 1715 3122 1782 Mytholog.
3151 1731 3278 1786 cap.
3305 1719 3329 1771 1
3365 1724 3423 1774 et
3452 1698 3641 1791 seqq.i

1921 1770 1964 1834 Β
2000 1787 2291 1856 Vossium,
2323 1792 2424 1848 lib.
2459 1809 2523 1850 ιιι
2581 1797 2649 1851 de
2702 1799 2854 1868 Orig.
2885 1770 2940 1856 ξε
2970 1770 3162 1874 Proqr.
3201 1770 3640 1880 lilol.,vcapv.1§1:

2000 1893 2132 1949 pag.
2165 1880 2271 1934 359
2298 1885 2356 1936 et
2383 1899 2550 1956 seqq.

2069 1966 2254 2030 Quam
2287 1976 2508 2026 certum
2545 1990 2714 2044 porro
2761 1981 2850 2032 est
2888 1977 3187 2050 improbos
3218 1981 3504 2052 homines,
3539 1985 3640 2056 qui

1996 2069 2066 2109 ex
2113 2055 2220 2111 hac
2275 2058 2394 2114 vita
2450 2060 2761 2119 criminum
2814 2067 3030 2122 conscii
3083 2069 3355 2141 migrant,
3408 2055 3641 2131 zeternis

1997 2143 2304 2217 suppliciis
2335 2164 2368 2202 a
2410 2149 2575 2220 justo
2605 2157 2664 2207 et
2707 2154 3104 2226 omnipotente
3148 2158 3263 2214 Deo
3309 2160 3482 2225 afﬁci,
3515 2167 3637 2218 tam

1995 2237 2262 2289 constare
2310 2235 2483 2292 debet
2522 2238 2741 2309 justos,
2791 2241 2849 2296 in
2893 2245 3126 2314 justitia
3179 2247 3516 2316 morientes,
3564 2250 3637 2306 ab

1994 2321 2196 2377 eodem
2229 2323 2345 2379 Deo
2400 2327 2757 2399 sempiterna
2787 2330 3056 2388 felicitate
3087 2334 3310 2390 donari.
3346 2336 3642 2396 Minucius

1995 2413 2192 2466 autem
2241 2427 2308 2468 eo
2357 2413 2505 2486 ipso,
2540 2433 2653 2487 quo
2707 2419 2962 2490 primum
2998 2423 3277 2492 probavit,
3313 2427 3641 2484 secundum

2000 2499 2143 2555 satis
2176 2515 2238 2555 se
2258 2501 2688 2561 demonstrasse
2707 2509 3026 2565 arbitratus
3058 2517 3163 2564 est.
3189 2513 3467 2576 Quocirca
3495 2515 3641 2574 illud

1998 2587 2254 2658 amplius
2315 2592 2683 2662 probandum
2734 2613 2849 2651 non
2908 2599 3279 2666 existimavit,
3333 2602 3645 2676 palamque

1996 2677 2371 2746 pronuntiare
2404 2697 2518 2736 non
2553 2683 2782 2740 dubitat
2813 2701 2826 2740 :
2862 2708 2889 2736 «
2914 2686 3050 2753 Hos,
3084 2688 3210 2759 pios
3241 2690 3508 2747 videlicet
3538 2693 3642 2750 ho-

1996 2761 2203 2832 mines,
2236 2783 2339 2838 spe
2370 2769 2581 2826 futuris
2611 2770 2904 2828 felicitatis
2936 2790 3170 2832 securos
3201 2776 3408 2835 vivere.
3440 2801 3468 2828 »

2541 2921 2942 2980 ARTICULUS
2985 2925 3076 2981 IV.

1995 3005 2408 3086 Examinunlur
2436 3016 2762 3086 argumenta
2791 3015 2990 3086 quibus
3021 3014 3278 3071 Octavius
3307 3023 3496 3074 contra
3537 3019 3643 3077 Ca:-

2066 3076 2480 3160 ciliumhprobat
2503 3076 2811 3160 ’νηηῃάψῇ
2825 3087 2953 3153 igne
2990 3087 3288 3158 aliquando
3309 3076 3641 3160 periturum,

2066 3162 2132 3200 ac
2159 3147 2581 3225 desloicorum,
2619 3147 3032 3225 Epicurebrum,
3080 3147 3138 3214 et
3181 3147 3430 3218 Platonis
3477 3179 3540 3220 ea
3580 3147 3646 3222 de

2065 3233 2128 3274 re
2154 3220 2525 3290 opinionibus.

2064 3353 2381 3411 Christiani
2411 3374 2514 3429 pro
2545 3363 2700 3415 certo
2748 3361 2938 3417 adhuc
2987 3367 3228 3436 ratoque
3275 3367 3505 3424 decreto
3534 3369 3640 3426 ha-

1997 3445 2213 3502 bebant
2242 3449 2428 3500 totum
2462 3446 2616 3502 hunc
2647 3451 2955 3520 mundum,
2989 3457 3047 3508 et
3074 3455 3271 3511 omnia
3303 3473 3428 3527 quae
3459 3458 3519 3513 in
3569 3474 3635 3516 eo

1997 3538 2138 3589 sunt
2166 3534 2298 3606 igne
2348 3538 2768 3594 consumenda.
2818 3540 2926 3596 Sed
2962 3541 3105 3597 illud
3136 3545 3398 3602 Caecilius
3432 3548 3635 3619 paucis

1996 3623 2091 3679 his
2119 3623 2309 3678 verbis
2365 3623 2674 3698 impugnat
2705 3643 2720 3683 :
2755 3649 2784 3678 «
2818 3628 2994 3692 Quasi
3041 3636 3143 3686 aut
3171 3638 3390 3690 natur:-
3424 3636 3640 3696 divinis

1996 3710 2223 3784 legibus
2278 3714 2630 3771 constitutus
2682 3720 2933 3774 aeternus
2991 3721 3131 3776 ordo
3186 3724 3476 3794 turbetur,
3537 3731 3644 3783 aut

1997 3805 2170 3872 rupto
2219 3801 2373 3858 472
2424 3802 2840 3861 elementorum
2881 3808 3145 3864 omnium
3179 3811 3411 3883 foedere,
3444 3819 3502 3870 et
3531 3831 3646 3872 cm-

1996 3887 2127 3945 lesti
2159 3906 2436 3963 compage
2467 3891 2670 3965 divisa,
2704 3895 2888 3951 moles
2919 3896 3052 3969 ista,
3076 3915 3202 3970 quis
3228 3903 3646 3972 continetur,et

1997 3977 2270 4049 cingitur,
2304 3979 2639 4035 subruatur.
2676 4003 2704 4032 »
2737 3983 2846 4039 Sed
2894 3985 3059 4041 illum
3091 3987 3365 4046 Octavius
3395 3991 3486 4048 bis
3515 4009 3642 4049 ver-

1996 4066 2086 4122 bis
2118 4067 2362 4140 castigat
2395 4084 2407 4123 :
2443 4091 2470 4119 ‹‹
2503 4071 2617 4124 Aut
2646 4070 3024 4143 improvisum
3056 4075 3251 4147 ignem
3284 4080 3509 4145 cadere,
3539 4085 3643 4137 aut

1996 4155 2230 4212 difﬁcile
2265 4174 2381 4213 non
2409 4159 2664 4229 credere,
2695 4160 2953 4232 vulgaris
2991 4165 3204 4221 erroris
3235 4171 3340 4221 est.
3374 4187 3400 4218 ιι
3438 4169 3639 4226 Multis

1997 4249 2186 4299 autem
2215 4244 2336 4300 haec
2358 4246 2534 4301 obscu
2545 4264 2609 4302 ra
2624 4247 3311 4315 videntur.Quamobrem
3329 4257 3643 4333 Rigaltius,

1997 4337 2052 4386 et
2099 4333 2334 4402 quidam
2385 4334 2482 4389 alii
2534 4336 2784 4392 duorum
2817 4341 3128 4396 verborum
3160 4344 3639 4417 transpositione,

1997 4420 2080 4475 sic
2109 4420 2167 4475 in
2201 4422 2372 4478 editis
2402 4429 2661 4481 correcta
2710 4427 2884 4483 scribi
2933 4429 3244 4488 voluerunt
3273 4450 3287 4490 :
3323 4455 3352 4486 «
3380 4436 3493 4491 Aut
3522 4435 3642 4493 im-

295 4492 468 4556 Quos
495 4490 552 4546 in
594 4509 801 4548 versus
848 4493 970 4549 haec
1016 4495 1251 4552 Servius
1280 4498 1551 4556 observat
1585 4517 1597 4556 :
1633 4524 1661 4551 ‹‹
1696 4503 1884 4559 Acbe-
1916 4494 1962 4558 D
1995 4510 2290 4581 provisum
2323 4510 2519 4582 ignem
2550 4515 2804 4585 credere,
2835 4521 2937 4572 aut
2973 4518 3210 4576 difﬁcile
3267 4539 3379 4580 non
3432 4527 3639 4584 cadere

194 4585 397 4634 tanta
429 4579 557 4634 vult
617 4581 792 4652 quasi
839 4583 912 4638 de
956 4582 1075 4639 imo
1105 4585 1266 4641 nasci
1295 4590 1512 4644 tartaro
1545 4604 1559 4643 :
1594 4589 1772 4660 hujus
1802 4608 1879 4646 ω·
1989 4579 2247 4669 vulgaris
2277 4599 2570 4669 opinionis
2601 4606 2708 4657 est.
2743 4624 2769 4653 »
2803 4602 3074 4662 Ouzelius
3105 4624 3237 4665 vero
3268 4613 3444 4669 unius
3473 4616 3636 4674 verbi

201 4668 458 4723 stuaria
488 4669 726 4740 Stygem
757 4686 970 4742 creare,
995 4672 1066 4727 de
1097 4672 1269 4745 Styge
1297 4679 1493 4731 autem
1523 4678 1682 4732 nasci
1714 4678 1881 4750 Cocy-
1990 4668 2286 4741 additione
2317 4668 2330 4669 ί
2353 4688 2578 4758 putavit
2637 4693 2916 4748 mendum
2965 4695 3176 4753 debere
3225 4699 3305 4755 ita
3363 4668 3562 4758 sméi

198 4761 413 4812 tum.»
439 4756 586 4813 Vide
606 4758 798 4815 adhuc
823 4759 872 4816 si
897 4761 1192 4834 velis,quaa
1219 4762 1316 4818 ille
1345 4765 1589 4836 priusin
1612 4767 1878 4838 ejusdem
1929 4769 1931 4772 ⁴
1991 4795 2019 4824 ‹‹
2050 4776 2159 4829 Aut
2192 4756 2570 4847 improvisum
2601 4778 2796 4852 ignem
2825 4784 3049 4851 cadere,
3083 4791 3184 4842 aut
3214 4756 3630 4849 sufﬁcerenon

195 4843 349 4900 libri
399 4862 639 4901 versum
675 4848 779 4903 167
825 4853 1216 4907 annotaverat.
1251 4852 1361 4908 Sed
1400 4853 1614 4929 Stygiis
1645 4857 1880 4929 paludis
1988 4863 2240 4930 credere,
2275 4843 2529 4936 vulgaris
2558 4843 2772 4925 erroris
2820 4875 2928 4926 est.
2980 4895 3008 4924 »
3033 4843 3161 4930 'Sed
3203 4843 3629 4950 perperamIa-c

200 4931 504 5004 frequens
532 4937 687 5008 apud
718 4938 908 4994 varios
940 4939 1250 5011 scriptores
1282 4943 1520 4999 mentio.
1987 4955 2191 5008 contra
2258 4953 2432 5010 ﬁdem
2499 4959 2879 5031 manuscripti
2958 4963 3192 5034 codicis,
3268 4931 3334 5021 ac
3390 4967 3631 5024 Minucii

279 5023 452 5077 Tum
509 5023 717 5082 deinde
773 5025 1064 5084 Minucius
1123 5045 1137 5084 ε
1194 5050 1223 5079 »
1280 5030 1351 5085 Et
1407 5031 1536 5090 ideo
1566 5035 1720 5108 apud
1752 5053 1873 5104 eos,
1987 5045 2266 5098 mentem.
2322 5044 2610 5102 Omnibus
2658 5023 2950 5120 siquidem
2982 5053 3125 5108 satis
3157 5023 3388 5124 apertus
3419 5059 3506 5112 est
3534 5055 3632 5112 hic

207 5110 439 5182 inquit,
472 5111 648 5169 etiam
679 5115 804 5187 ipse
836 5131 936 5172 rex
961 5116 1193 5188 Jupiter
1240 5133 1344 5190 per
1390 5123 1674 5179 torrentes
1715 5125 1876 5198 ripas
1985 5129 2142 5186 illius
2171 5148 2379 5187 sensus
2405 5150 2417 5188 :
2442 5132 2713 5207 VSlgaris
2730 5110 2950 5194 erroris
2975 5145 3063 5195 est
3093 5110 3322 5198 credere
3355 5110 3631 5215 improvi;

211 5201 274 5252 et
305 5203 502 5254 atram
532 5205 868 5275 voraginem
893 5205 1057 5276 jurat
1092 5205 1383 5278 religiose,
1417 5230 1447 5258 ››
1479 5209 1586 5266 hoc
1633 5218 1741 5284 est,
1773 5231 1878 5286 per
1985 5235 2116 5274 sum
2151 5220 2344 5292 ignem
2380 5239 2495 5278 non
2525 5226 2751 5291 cadere,
2785 5231 2888 5281 aut
2913 5225 2970 5281 id
3017 5244 3144 5284 esse
3185 5230 3422 5287 difﬁcile
3453 5233 3628 5288 nimi-

215 5301 410 5358 aquas
443 5287 623 5344 dubio
653 5291 854 5362 procul
881 5293 1128 5366 Stygias,
1173 5295 1242 5349 de
1297 5296 1514 5368 quibus
1545 5300 1870 5359 Homerus:
1985 5323 2114 5362 rum
2170 5287 2304 5374 ﬂeo,
2340 5311 2438 5381 qui
2485 5313 2607 5383 pari
2667 5287 2870 5385 utique
2916 5314 3212 5382 facilitate,
3264 5335 3381 5390 qua
3429 5287 3627 5379 omnia

1983 5396 2216 5467 creavit,
2250 5396 2349 5452 illa
2380 5403 2569 5470 potest
2615 5402 2930 5458 destruere.
2973 5405 3044 5459 At
3090 5404 3240 5461 hanc
3270 5422 3398 5464 esse
3425 5427 3621 5468 veram

1982 5485 2110 5555 ejus
2172 5489 2424 5541 mentem
2482 5487 2701 5558 liquido
2781 5495 2939 5564 patet
3003 5509 3071 5549 ex
3127 5495 3622 5568 subsequentibus

1980 5573 2170 5646 ipsius
2195 5573 2389 5632 verbis
2417 5579 2477 5632 et
2503 5581 3032 5650 argumentatione.

215 5411 406 5496 Ἂῖρει
435 5413 528 5463 νῦν
566 5431 659 5482 μοι
689 5408 926 5496 agonem;
956 5413 1393 5496 duutov_2_t§ybc
1427 5417 1594 5496 ὕδωρ.

229 5513 233 5515 λ
279 5485 398 5552 Age
449 5499 601 5541 nunc
645 5485 783 5543 mihi
815 5485 1378 5565 jurc__inviolab_ilem
1414 5485 1598 5565 Stygis
1641 5513 1866 5565 aquam.

928 5560 1199 5633 (ﬂamen,
1228 5561 1390 5619 Iliad.
1419 5560 1535 5641 xx'v',
1567 5583 1616 5624 υ.
1647 5560 1800 5643 271.)
