4088 6150
530 290 646 348 m
1813 270 1916 330 nn
1962 264 2266 328 MINUGII
2319 263 2656 326 OCTAVIO
3750 274 3839 337 ηε

598 412 1112 472 Verumenimvero
1168 404 1625 480 propositionem
1673 416 1864 470 suam,
1924 398 2017 454 his
2073 396 2171 453 ille
2200 408 2255 473 Α
2286 399 2505 452 natur:
2540 417 2570 446 ‹‹
2606 393 2902 461 Fontium,
2959 390 3147 449 dulcis
3181 407 3355 463 aqua,
3402 394 3567 451 maris
3593 399 3838 461 nutrimen

530 506 738 581 probat
766 497 1167 574 argumentis;
1210 512 1275 551 ac
1306 495 1494 567 primo
1527 492 1765 564 quidem
1799 507 1813 545 :
1847 510 1875 538 ‹‹
1911 486 2053 551 Quis
2084 503 2173 541 sa-
2284 483 2345 539 in
2402 483 2517 539 vim
2572 482 2727 556 ignis
2790 482 3108 538 abiturum.
3184 502 3211 529 ››
3269 480 3470 536 Verum
3519 491 3841 560 praeterquam

530 568 1077 669 pientiumrinquit,
1110 586 1343 658 ignorat
1371 583 1569 639 omnia
1600 596 1728 651 quae
1757 581 1886 669 orta
1913 579 2176 642 sunt,oc-
2286 573 2443 669 quod
2493 572 2615 629 haec
2663 572 2941 669 correctio
2994 568 3334 625 auctoritate
3379 570 3532 627 nulla
3581 577 3841 648 stabilitur,

530 658 756 751 cidere;
789 658 917 753 quae
952 658 1118 733 iacta
1161 675 1320 743 sunt,
1356 669 1639 727 interire?
1677 666 1897 723 Caelum
1947 677 2177 737 quoque
2285 663 2611 733 quodnam,
2665 661 2926 731 obsecro,
2976 663 3067 715 est
3116 658 3268 714 inter
3319 659 3551 716 fontium
3594 668 3647 719 et
3696 666 3844 725 dulcis

530 792 664 831 cum
695 770 993 835 omnibus,
1040 780 1165 837 quas
1198 760 1339 819 coslo
1389 759 1784 824 continentur,
1834 756 1915 810 ita
1945 757 2009 809 ut
2064 768 2176 807 cce-
2287 766 2450 821 aquae
2482 750 2909 807 nutrimentum
2940 746 3302 805 discrimen?

530 864 705 937 pisse,
736 859 997 916 desinere
1026 856 1055 910 ?
1086 879 1113 905 η
1148 852 1232 908 Ibi
1268 849 1470 923 procul
1502 846 1680 904 dubio
1711 846 1955 901 indoctae
1984 841 2141 897 homi

2355 858 2427 912 At
2455 873 2629 928 quam
2662 857 2911 913 obscura
2940 858 2998 911 et
3026 853 3331 910 emendatu
3361 853 3604 910 difﬁcilia
3629 862 3748 913 sunt
3770 876 3848 916 auo

531 936 673 1007 num
706 943 1066 1005 multitudini
1091 941 1333 1014 opponit
1362 936 1809 1010 sapientes,sive
1840 949 1906 988 eo
1939 936 2145 986 nomini

2287 946 2464 1001 ctoris
2494 945 2678 1001 nostri
2709 945 2905 1015 verba,
2957 947 3079 999 tam
3126 945 3347 998 certum
3393 944 3629 1014 profecto
3669 946 3852 1004 videtur

531 1036 912 1113 philosophos
942 1032 1228 1103 designet,
1261 1029 1380 1085 sive
1410 1026 1554 1082 alios
1585 1021 1901 1095 quoslibet,
1934 1021 2033 1090 qui
2062 1021 2142 1072 im

2286 1033 2454 1089 illum
2504 1034 2576 1089 ad
2628 1033 2751 1089 haec
2780 1032 3107 1105 respexisse
3138 1031 3423 1088 Ciceronis
3451 1032 3613 1088 verba
3642 1050 3654 1089 :
3683 1055 3707 1083 «
3734 1035 3850 1094 Sunt

531 1107 728 1201 βθτίίδθ
759 1107 941 1196 Plebis
983 1114 1649 1206 opinionib99_du°i_3?
1688 1127 1803 1166 non
1853 1107 2174 1206 βδῖξυῐὶξξπ·
2286 1121 2466 1178 stellae
2525 1127 2737 1178 natura
2792 1122 3096 1191 ﬂammeae,
3150 1120 3417 1192 quocirca
3469 1124 3643 1188 terrae,
3694 1124 3851 1197 maris,

531 1215 701 1270 Prius
732 1217 925 1267 autem
958 1209 1176 1275 Cicero,
1211 1204 1494 1261 Velleium
1540 1200 1881 1273 Epicureum
1927 1196 2011 1251 sic
2054 1195 2173 1250 dis-
2287 1226 2575 1282 aquarum
2606 1211 2923 1282 vaporibus
2955 1210 3196 1265 aluntur
3218 1208 3311 1276 iis,
3334 1208 3427 1276 qui
3457 1224 3488 1263 a
3516 1210 3625 1264 sole
3651 1226 3709 1265 ex
3732 1195 3855 1285 agris

531 1306 828 1377 putantem
865 1300 1173 1354 induxerat
1222 1312 1236 1350 :
1287 1317 1319 1383 «ν
1366 1293 1531 1348 Hunc
1580 1288 1948 1383 (Platonem?
1975 1298 2177 1383 03.0353
2286 1298 2611 1370 tepefactis,
2642 1304 2701 1354 et
2729 1315 2797 1354 ex
2827 1299 2998 1370 aquis
3028 1297 3440 1354 excitantur....
3489 1296 3567 1351 Ex
3593 1314 3695 1367 quo
3720 1316 3856 1356 even-

529 1373 757 1465 primis,
803 1393 869 1444 ut
898 1386 1132 1455 dicitur,
1178 1382 1359 1438 labris
1408 1384 1679 1453 gustasse
1725 1373 2143 1448 physiologiam

2285 1389 2486 1443 turum
2516 1388 2698 1443 nostri
2731 1387 2976 1459 (scilicet
3005 1385 3201 1456 Stoici)
3233 1389 3440 1457 putant
3467 1384 3541 1453 id,
3572 1386 3637 1440 de
3661 1402 3758 1457 quo
3782 1390 3856 1445 Pa-

529 1481 630 1553 qui
661 1477 983 1551 quidpiam,
1016 1474 1170 1545 quod
1203 1476 1394 1527 ortum
1427 1469 1526 1538 sit,
1548 1470 1709 1538 putet
1737 1469 2015 1519 aeternum
2046 1476 2138 1515 ess

2288 1475 2524 1530 nantium
2557 1476 2899 1531 addubitare
2929 1475 3218 1545 dicebant,
3253 1478 3319 1529 ut
3347 1474 3415 1528 ad
3446 1479 3737 1530 extremum
3761 1492 3857 1532 om-

526 1568 744 1643 posse?
773 1567 906 1631 QUID
938 1569 1027 1620 est
1057 1562 1213 1618 enim
1252 1556 1674 1631 coagmentatio
1706 1570 1819 1643 ηφίη
1852 1547 2175 1643 dissqlubi;
2286 1563 2378 1619 nis
2404 1564 2662 1620 mundus
2694 1566 3039 1636 ignesceret,
3071 1579 3230 1627 eum,
3283 1560 3520 1616 humore
3548 1569 3857 1634 consumpto,

519 1635 601 1714 lis
625 1659 652 1711 ?
683 1661 791 1712 Aut
820 1655 957 1725 quid
985 1656 1095 1721 est,
1127 1651 1296 1719 cujus
1327 1644 1677 1719 principium
1714 1638 1933 1711 aliquid
1966 1638 2061 1702 sit,
2094 1653 2130 1691 n

2286 1668 2469 1723 neque
2502 1656 2653 1708 terra
2703 1652 2777 1708 ali
2820 1656 3039 1725 posset,
3070 1667 3263 1723 nequa
3294 1655 3569 1705 remearet
3596 1667 3699 1716 aer,
3727 1652 3858 1722 cujus

540 1747 623 1803 hil
654 1746 1087 1839 siifxff‘emﬂm
1112 1739 1148 1839 _?
1176 1759 1204 1788 ν
1239 1737 1370 1839 (οξοι
1428 1735 1528 1790 lib-
1582 1750 1621 1788 Π
1665 1731 1731 1786 de
1773 1730 1965 1785 Ναίανο
2014 1727 2171 1782 θεον·
2204 1772 2253 1839 Β
2286 1744 2468 1805 ortus,
2502 1756 2652 1812 aqua
2683 1742 2842 1797 omni
2883 1741 3188 1810 exhausta,
3243 1754 3373 1795 esse
3420 1755 3528 1793 non
3576 1744 3762 1810 posset.
3797 1740 3861 1795 Ita

538 1852 671 1910 pag.
702 1836 805 1890 108
833 1832 936 1887 lin.
969 1830 1036 1885 31
1073 1832 1124 1884 et
1151 1830 1323 1899 seqq.)
2204 1827 2251 1839 ”
2283 1827 2533 1900 relinqui
2565 1829 2710 1884 nihil
2758 1834 2963 1901 praeter
3018 1830 3236 1901 ignem,
3291 1845 3325 1883 a
3368 1843 3479 1899 quo
3511 1843 3722 1882 rursum
3764 1828 3859 1882 ani-

592 1939 916 2013 Cyprianus
948 1951 1079 1991 vero
1110 1933 1182 1988 ad
1217 1928 1649 1986 Demetrianum
1682 1922 1886 1980 scribit
1915 1920 2063 1976 hanc
2101 1918 2174 1975 ab
2283 1922 2479 1971 mante
2510 1934 2575 1972 ac
2609 1923 2740 1986 Deo,
2775 1918 3068 1973 renovatio
3099 1917 3308 1972 mundi
3340 1916 3518 1983 fieret,
3562 1921 3718 1986 atque
3742 1916 3860 1971 idem

523 2004 777 2104 ipsemet
804 2031 915 2081 Deo
947 2021 1329 2078 constitutam
1359 2033 1488 2072 esse
1538 2014 1747 2087 legem,
1779 2016 1844 2066 ut
1890 2026 2014 2080 quae
2047 2012 2176 2063 orta
2282 2010 2524 2060 ornatus
2573 2006 2841 2061 oriretur.
2894 2027 2922 2056 »
2980 2006 3119 2079 (Cic.
3170 2004 3270 2061 lib.
3323 2020 3382 2071 ιι,
3431 2004 3694 2059 deNatur.
3737 2005 3858 2059 Deor.

525 2092 887 2185 s.unt,omnia
907 2110 1193 2174 occidant,
1226 2111 1282 2162 et
1310 2104 1625 2176 aliquando
1648 2100 1929 2155 ﬁniantur
1953 2113 1966 2153 :
1991 2096 2171 2166 «Haec,
2282 2108 2414 2164 pag.
2444 2093 2697 2162 252,1in.
2725 2095 2791 2149 12
2821 2096 3060 2167 ειεεᾳᾳ.)
3087 2095 3255 2150 Vides
3280 2093 3435 2149 enim
3466 2093 3708 2164 quaedam
3735 2092 3861 2147 exiis

519 2206 734 2279 inquit,
767 2201 1056 2259 sententia
1085 2195 1306 2252 mundo
1339 2195 1474 2249 data
1495 2196 1603 2261 est,
1635 2190 1756 2245 haec
1792 2187 1889 2243 Dei
1923 2186 2015 2242 lex
2043 2189 2170 2252 est;
2281 2180 2473 2236 verbis
2525 2183 2727 2238 eadem
2776 2199 2926 2254 esse,
2979 2188 3155 2254 atque
3218 2182 3375 2254 apud
3428 2180 3739 2248 Minucium,
3787 2178 3863 2250 qui

528 2300 593 2352 ut
622 2292 817 2349 omnia
844 2294 973 2346 orta
1020 2286 1306 2351 occidant,
1340 2287 1397 2338 et
1435 2285 1605 2336 aucta
1635 2280 1964 2342 senescant,
1996 2280 2053 2330 et
2081 2274 2172 2328 in-
2282 2269 2523 2340 proinde
2554 2286 2793 2327 sensum
2825 2271 3119 2327 Ciceronis
3168 2272 3411 2326 reddere
3456 2268 3645 2324 voluit.
3696 2271 3740 2323 Is
3764 2284 3866 2323 vero

522 2380 835 2437 ﬁrmentur
865 2378 1058 2440 fortia,
1089 2378 1146 2430 et
1177 2388 1390 2444 magna
1432 2370 1796 2435 minuantur,
1829 2370 1887 2420 et
1919 2380 2053 2420 cum
2084 2362 2171 2417 in-
2281 2373 2410 2414 esse
2438 2359 2672 2415 videtur
2703 2376 2715 2415 :
2750 2360 3044 2415 neminem
3093 2359 3449 2432 sapientium
3500 2358 3739 2429 ignorare
3776 2372 3867 2410 caa-

526 2471 757 2525 firmata
783 2473 840 2524 et
869 2465 1157 2522 diminuta
1197 2461 1436 2526 fuerint,
1467 2458 1769 2512 ﬁniantur.
1816 2477 1844 2505 »
1878 2451 2171 2526 (Cyprian.
2282 2445 2428 2514 lum,
2461 2464 2528 2504 ac
2558 2449 2776 2515 omnia,
2827 2466 2954 2520 quas
2988 2449 3045 2503 in
3079 2465 3145 2504 eo
3177 2447 3569 2515 continentur,
3598 2459 3705 2500 tam
3747 2441 3868 2498 dulci

525 2560 596 2616 ad
625 2560 860 2614 Demetr.
893 2560 1035 2611 tom.
1070 2553 1114 2619 Ι,
1147 2566 1278 2624 pag.
1331 2548 1477 2617 187.)
1527 2546 1596 2601 Et
1649 2546 1771 2599 haec
1810 2542 2046 2615 quidem
2078 2538 2174 2595 ille
2282 2534 2552 2624 fontium,
2588 2553 2765 2609 quam
2798 2538 2978 2593 maris
3009 2554 3127 2609 qua
3157 2536 3413 2600 nutriri;
3444 2533 3864 2605 illudqueipsum

532 2647 722 2703 fusius
746 2641 1273 2718 prosequitur,quaa
1297 2640 1354 2691 in
1387 2637 1515 2704 ejus
1540 2634 1688 2688 libro
1710 2632 1899 2703 legere
1933 2626 2170 2701 poteris,
2282 2622 2515 2690 caelum,
2549 2642 2903 2698 omnemque
2935 2627 3246 2693 mundum,
3284 2618 3869 2696 consumpto,utiStoici

525 2735 699 2794 sicuti
733 2742 784 2790 el
810 2731 1040 2788 inﬁnita
1069 2726 1490 2801 propemodum
1525 2721 1725 2788 alia,in
1759 2719 2023 2775 eamdem
2049 2731 2173 2772 rem
2284 2713 2696 2785 opinabantur,
2730 2716 2995 2784 humore,
3028 2716 3087 2769 in
3117 2730 3245 2770 eam
3302 2714 3457 2769 unde
3503 2715 3749 2783 coeperat,
3775 2708 3865 2761 vim

526 2828 596 2882 ab
629 2824 759 2880 aliis
790 2799 1175 2892 scriptoribus
1207 2814 1440 2884 tradita,
1493 2828 1617 2883 quis
1659 2825 1814 2865 nunc
1863 2820 2174 2879 congerere
2281 2801 2435 2874 ignis
2466 2804 2784 2871 abiturum,
2816 2803 2872 2857 Si
2905 2803 3047 2874 quid
3079 2807 3285 2858 tamen
3317 2801 3527 2873 aliquis
3557 2799 3748 2855 certius
3767 2810 3867 2867 pro-

524 2913 669 2971 nibil
703 2926 939 2967 necesse
964 2914 1073 2964 est.
2284 2890 2448 2959 ferat,
2489 2890 2624 2945 huic
2656 2908 2769 2945 non
2801 2890 3246 2963 refragabimur.

593 3007 771 3057 Porro
802 3004 995 3055 autem
1028 2993 1319 3051 Minucius
1371 2995 1569 3048 noster
1599 2987 1956 3044 verissimam
2010 2982 2171 3038 illam
2352 2995 2432 3050 De
2479 2996 2589 3052 hoc
2636 3002 2829 3052 autem
2861 2995 3186 3052 Stoicorum
3218 2996 3458 3067 placito,
3492 2996 3683 3066 praeter
3710 2989 3868 3045 lauda.

528 3091 990 3147 Christianorum
1021 3086 1092 3139 de
1125 3081 1329 3137 mundi
1381 3081 1516 3143 δηθι
1550 3080 1861 3147 fmuroque
1892 3073 2051 3128 ίηίυθ
2083 3071 2171 3125 ίο’
2205 3135 2244 3157 η
2281 3088 2402 3140 tum
2427 3102 2460 3140 a
2492 3085 2661 3140 nobis
2693 3084 3217 3157 Ciceronem,Philo
3250 3084 3375 3140 haec
3408 3081 3630 3154 scriptis
3656 3077 3869 3135 tradidit:

525 3180 729 3236 cendio
756 3174 1128 3242 sententiam,
1153 3188 1265 3226 non
1300 3170 1473 3224 modo
1504 3165 1800 3223 communi
1834 3162 2139 3233 sapientun

2281 3173 2341 3227 Oi
2400 3171 2457 3228 δὲ
2514 3173 2747 3227 Στωῖκοῖ
2804 3135 3172 3245 κόσμον,ἓνα,
3221 3135 3575 3249 Tartesiacis;
3602 3135 3745 3223 αὐτοῦ
3770 3163 3868 3219 Θεὸν

527 3269 802 3341 opinione
816 3261 1255 3328 confirmat,sed
1275 3257 1665 3329 quorumdam
1687 3267 1916 3324 quoque
1936 3253 2141 3305 tamets

2278 3261 2471 3330 αἴτιον,
2515 3263 2713 3339 φθοθᾶς
2752 3258 2808 3317 δὲ
2860 3260 3053 3335 μηκέτι
3097 3248 3249 3332 eeav,
3299 3259 3448 3317 ἀλλὰ
3491 3260 3586 3328 τὴν
3643 3256 3870 3329 ὑπάρχου-

528 3338 644 3415 non
662 3356 927 3429 ejusdem
950 3356 1122 3409 sectae
1146 3346 1627 3421 philosophorum
1651 3338 2142 3398 testimoniis.Pos

2277 3371 2369 3405 σαν
2432 3350 2481 3405 ἐν
2529 3338 2656 3411 τοῖς
2710 3348 2828 3405 οὖσι
2877 3350 3046 3426 πυρὸς
3094 3351 3379 3423 ἁκαμάτου
3410 3346 3647 3421 δύναμιν,
3699 3342 3869 3419 χρόνων

525 3447 706 3505 citata
735 3444 1027 3501 enimvero
1058 3457 1094 3495 a
1124 3437 1291 3494 nobis
1318 3433 1619 3506 superiora
1650 3430 1806 3485 illius
1837 3428 2139 3494 verba,con

2282 3443 2511 3515 μακραῖς
2563 3436 2859 3513 περιόδοις,
2911 3438 3245 3494 ἀναλύουσαν
3290 3439 3358 3494 τὰ
3404 3438 3571 3493 πάντα
3600 3435 3670 3495 εἱς
3697 3430 3869 3498 ἒαυτήν,

521 3537 775 3593 tinenter
815 3530 1112 3601 subjecit:
1147 3550 1174 3577 «
1224 3526 1495 3581 Fontium
1546 3521 1704 3576 dulci
1752 3521 1886 3591 (ms.
1936 3515 2135 3572 dulcis.

2279 3527 2329 3600 ἐξ
2384 3528 2452 3597 ἦς
2509 3525 2673 3583 πάλιν
2725 3525 2790 3582 αὖ
2848 3528 3193 3604 ἀναγὲννησιν
3267 3526 3481 3602 κόσμου
3552 3522 3772 3578 ἵστασθαι
3815 3516 3868 3587 τῇ

519 3640 673 3694 aqua
704 3621 951 3677 marisve
999 3615 1207 3672 nutriri
1238 3615 1372 3684 (ms.
1426 3610 1609 3666 maria
1661 3606 1903 3678 nutrire)
1951 3605 2011 3660 in
2051 3605 2133 3658 vir

2277 3616 2586 3692 προμηθείᾳ
2627 3621 2722 3672 τοῦ
2769 3615 3041 3693 τεχνίτου.
3094 3642 3122 3669 α
3172 3618 3357 3675 Stoici
3407 3632 3588 3674 unum
3633 3611 3872 3668 mundum

520 3712 675 3785 ignis
707 3710 1026 3771 abiturum,
1062 3703 1272 3761 Stoicis
1327 3706 1605 3757 canstans
1646 3697 1841 3768 opinio
1874 3699 1981 3764 est,
2017 3710 2130 3765 quo

2278 3711 2634 3775 asserunt,et
2666 3712 2844 3763 Deum
2867 3712 3161 3763 auctorem
3194 3707 3329 3778 ejus
3358 3700 3751 3778 generationis;
3773 3711 3868 3751 cor-

528 3783 878 3869 consumpto
893 3798 1048 3851 474
1071 3794 1313 3848 humore
1347 3789 1602 3844 mundus
1634 3786 1727 3842 hic
1757 3783 1948 3841 omnis
1979 3791 2142 3854 ignes

2279 3795 2569 3867 ruptionis
2607 3812 2741 3851 vero
2796 3814 2911 3852 non
2950 3796 3091 3851 item
3148 3800 3358 3867 Deum,
3419 3793 3521 3850 sed
3577 3789 3874 3847 indefessum

527 3888 897 3945 cat.»Mirum
921 3900 1061 3940 sane
1078 3884 1363 3953 quantum
1386 3877 1445 3934 in
1468 3877 1576 3932 hoc
1598 3875 1921 3944 loco.quem
1940 3887 2173 3942 corrup-
2278 3883 2397 3939 vim
2439 3883 2611 3955 ignis,
2648 3884 2823 3940 rebus
2853 3884 3120 3953 insitam,
3162 3890 3301 3957 post
3352 3884 3557 3955 longas
3602 3884 3875 3948 temporam

529 3983 654 4035 tum
690 3992 816 4033 esse
847 3974 1070 4039 volunt,
1094 3968 1456 4027 emendando
1489 3964 1701 4021 eruditi
1732 3961 1839 4017 viri
1869 3979 1902 4015 a
1933 3977 1993 4015 se
2019 3958 2169 4013 invi-
2281 3974 2556 4046 ambages
2607 3973 3078 4045 absumptum“),
3126 3977 3183 4028 et
3225 3973 3285 4028 in
3342 3975 3530 4029 semet
3572 3970 3877 4024 mutaturum

527 4082 654 4123 cem
686 4063 1057 4119 dissentiant.
1091 4060 1237 4114 Nam
1268 4056 1505 4128 quidam
1539 4051 1901 4108 retinendam
1936 4050 2175 4104 censent
2282 4063 2573 4128 omnia,”
2602 4079 2719 4133 qua
2740 4063 2890 4119 475
2918 4063 3111 4119 denuo
3142 4062 3437 4118 mundum
3469 4059 3876 4115 instauratum

528 4151 913 4223 manuscripti
946 4148 1162 4205 codicis
1193 4141 1631 4208 lectionem,sed
1664 4144 1798 4212 post
1824 4139 1943 4193 haec
1975 4137 2142 4193 verba

2281 4150 2518 4223 Opificis
2544 4150 2989 4222 providentiam.
3025 4171 3054 4200 »
3086 4149 3301 4222 (Philo.
3338 4150 3442 4206 lib.
3479 4146 3626 4218 Quod
3654 4158 3787 4199 mun.
3822 4138 3878 4192 sit

527 4246 869 4300 «constans
917 4236 1114 4310 opinio
1169 4239 1278 4300 est,
1328 4254 1355 4282 »
1404 4248 1527 4302 quae
1575 4229 1656 4283 ibi
1710 4227 2141 4298 subsequuntur

2284 4240 2607 4311 incorrupt.,
2640 4256 2770 4311 pag.
2801 4238 2953 4308 940.)
2974 4238 3181 4296 Postea
3209 4243 3415 4296 tamen
3446 4237 3688 4308 adjecit:
3718 4252 3744 4281 α
3771 4234 3878 4282 BOO-

526 4338 810 4403 tanquam
846 4326 1234 4398 superfluum,
1268 4321 1423 4393 quod
1455 4336 1521 4374 ex
1552 4316 1814 4388 margine
1844 4315 1902 4369 in
1951 4318 2140 4369 textus

2281 4328 2444 4393 thus,
2476 4328 2856 4384 Poseidonius
2885 4332 2943 4384 et
2967 4327 3281 4396 Panaatius,
3314 4328 3426 4385 viri
3455 4324 3644 4382 Stoica
3664 4314 3881 4378 doctrina

523 4420 775 4492 irrepsit,
807 4416 1273 4472 additamentum
1308 4409 1541 4482 penitus
1572 4406 1863 4477 rejiciunt.
1899 4404 2037 4459 Eam
2066 4418 2169 4492 au-
2282 4416 2687 4485 valentissimi,
2737 4421 3022 4488 tanquam
3070 4418 3323 4489 correpti
3375 4415 3638 4480 numine,
3690 4402 3881 4466 omissis

528 4515 648 4567 tem
679 4507 845 4563 aiunt
873 4520 1001 4560 esse
1034 4500 1266 4557 Μίοαείί
1298 4502 1552 4554 mentem
1580 4513 1592 4551 ε
1620 4496 1804 4551 fontes
1835 4493 1959 4548 θυῖε
1989 4489 2173 4546 dum“
2205 4497 2252 4562 D
2282 4505 2684 4562 exustionibus
2716 4511 2771 4562 et
2797 4488 3356 4578 instaurationibus,
3389 4498 3804 4574 transfugerunt
3827 4488 3884 4547 ad

528 4599 641 4653 bus
673 4596 844 4667 aquis
894 4610 1008 4648 non
1040 4588 1294 4662 amplius
1329 4587 1588 4644 nutrient
1617 4582 1796 4639 maris
1828 4597 2010 4652 aquas
2039 4579 2173 4636 εεθά
2285 4594 2550 4651 divinum
2599 4595 2671 4650 de
2725 4594 3277 4667 incorruptibilitate
3326 4592 3539 4650 mundi
3568 4590 3884 4663 placitum.»

528 4686 679 4741 illud
711 4683 959 4750 nutrire,
992 4681 1113 4737 sive
1145 4678 1324 4734 maris
1374 4676 1822 4737 nutrimentum,
1856 4670 1938 4726 uti
1960 4668 2142 4725 Stoico

2285 4682 2429 4759 Πρὸς
2462 4676 2728 4757 θειότερον
2757 4676 2958 4756 δόγμα,
3012 4683 3077 4737 τὸ
3117 4687 3215 4752 τῆς
3265 4679 3567 4758 ἀφθαρσίας
3599 4677 3691 4730 τοῦ
3717 4669 3885 4759 κόσμου

527 4792 659 4832 rum
691 4772 887 4845 opinio
919 4775 1029 4836 est,
1055 4770 1114 4824 in
1151 4766 1330 4823 nivim
1362 4765 1516 4837 ignis
1549 4762 1861 4828 abibit,seu
1895 4760 2025 4830 igne
2047 4774 2141 4814 cor

2283 4770 2504 4840 πάντὸς,
2536 4754 2949 4845 αὐτομόληαανζ
2993 4771 3271 4828 Animum
3316 4754 3551 4838 autem,
3584 4779 3781 4839 quasso,
3809 4754 3888 4812 εδ·

528 4865 777 4929 ﬁcietur.
825 4860 936 4917 Alii
985 4856 1131 4914 nihil
1182 4857 1242 4912 in
1301 4859 1457 4910 textu
1508 4848 1896 4921 manuscripti
1937 4846 2175 4916 codicis,
2284 4867 2477 4921 vertas
2506 4879 2580 4919 an
2604 4861 2694 4919 his
2725 4861 2917 4918 verbis
2943 4860 3274 4918 conﬁrmari
3310 4854 3679 4932 pugnamad
3706 4849 3887 4906 dictum

530 4953 644 5011 ηίεί
673 4952 861 5008 dulces
889 4964 1078 5022 “quas:
1127 4962 1229 5018 Ρτο
1287 4944 1462 4998 dum"
1518 4956 1681 5011 αιμια,
1736 4936 2174 4992 immumndum
2288 4970 2322 5009 a
2366 4952 2639 5008 Cicerone
2690 4950 2963 5020 vidimus,
3021 4967 3138 5006 non
3184 4927 3512 5006 Panaatium
3547 4927 3763 5010 solum,
3810 4927 3889 4988 βοά

531 5043 928 5115 suspicantur,
964 5051 1219 5107 eumque
1248 5048 1375 5087 esse
1405 5028 1660 5085 auctoris
1692 5026 1875 5081 nostri
1910 5041 2172 5115 sensum,
2290 5040 2434 5098 alios
2466 5041 2642 5097 etiam
2670 5039 2893 5096 Stoicos
2948 5039 3329 5095 addubituae
3386 5040 3588 5093 utrum
3616 5046 3742 5087 vera
3767 5021 3889 5080 esse:

530 5134 770 5197 Ναίνίοθν
830 5128 950 5183 Sive
1006 5121 1385 5185 Παιτίωθοίειι
1446 5133 1571 5188 quaa
1631 5115 1818 5170 fontes
1878 5118 1935 5169 et
1991 5111 2179 5167 maria
2288 5128 2841 5186 aliorumsodalium
2864 5129 3197 5184 suorumde
3216 5129 3420 5183 futuro
3443 5122 3646 5181 mundi
3665 5107 3892 5175 incendio

533 5219 676 5276 ccelo
707 5218 939 5286 debent,
976 5213 1192 5286 pariter
1221 5224 1353 5262 cum
1391 5205 1485 5259 illo
1516 5205 1574 5260 in
1608 5203 1721 5259 vim
1752 5202 1905 5274 ignis
1926 5202 2175 5257 abitura.
2288 5218 2596 5275 sententia.
2625 5219 2733 5274 Sed
2764 5217 3016 5275 Minucio
3064 5222 3261 5275 nostra
3300 5216 3459 5272 hanc
3488 5214 3656 5283 longe
3684 5202 3895 5279 plurium

604 5326 717 5382 Sed
749 5320 1096 5388 Gronovius,
1147 5312 1399 5385 explosis
1446 5311 1603 5367 hisce
1632 5310 1905 5366 omnibus
1952 5309 2179 5381 conjec—
2288 5309 2473 5365 fuisse
2518 5306 2862 5365 sufficiebat.
2900 5307 3123 5364 Videsis
3152 5307 3210 5362 in
3241 5305 3494 5362 citatum
3529 5292 3801 5357 Ciceronis
3822 5286 3893 5342 10-

531 5415 704 5479 turis,
753 5415 922 5482 putat
976 5403 1214 5464 Minucii
1262 5400 1451 5458 verbis
1497 5400 1691 5456 omnia
1740 5398 2178 5471 comprehendi,
2289 5414 2420 5453 cum
2455 5396 2858 5469 Lescalopierii
2883 5396 3335 5462 observationes,
3360 5398 3421 5449 et
3448 5386 3707 5462 Origenis
3727 5380 3893 5437 adver-

3392 5481 3398 5482 ,
3785 5462 3876 5482 η..-

530 5519 663 5576 quae
687 5462 958 5567 ’trriplicis
1005 5492 1343 5551 diii‘erentiae
1392 5495 1549 5557 sunt,
1610 5462 1903 5560 liquorum
1944 5462 2175 5560 genera;
2288 5504 2390 5544 sus
2420 5485 2650 5543 Celsum
2684 5462 3140 5558 disputationem
3172 5484 3353 5557 (Orig.
3390 5481 3493 5536 lib.
3525 5496 3561 5533 v
3588 5482 3749 5534 contr.
3780 5462 3893 5522 Cels.

523 5560 920 5658 duamobrem
948 5589 1170 5642 textum
1200 5583 1333 5656 ejus
1361 5580 1448 5637 sic
1478 5578 1864 5650 corigendum
1893 5591 2023 5634 esse
2053 5575 2181 5649 Opi-
2287 5589 2420 5649 pag.
2452 5575 2604 5647 244),
2633 5590 2702 5633 ao
2727 5575 2926 5645 etiam,
2958 5573 3011 5632 si
3038 5572 3203 5643 velis,
3248 5587 3379 5643 quas
3429 5586 3465 5626 a
3512 5564 3675 5624 nobis
3715 5560 3771 5615 in
3814 5566 3895 5609 su-
