3942 6162
203 292 314 352 489

1611 290 2158 353 DlSSERTATlO.

3466 296 3588 358 ιθο

188 421 388 496 periori
419 424 740 494 Apparatus
761 422 940 478 nostri
967 425 1128 478 tomo
1149 423 1460 479 observata
1483 423 1822 491 sunt(Tom.
1855 424 1905 489 A
1939 424 2419 494 percussionihus
2436 425 2735 495 corrumpi
2793 440 2963 496 posse
2992 425 3280 498 Epicurus
3304 429 3585 483 autuma-

187 517 208 567 I
235 514 479 582 Apparat.
541 511 643 566 lib.
670 529 753 582 ιιι,
789 511 1054 580 dissert.,
1086 512 1143 580 2,
1176 529 1302 584 cap.
1340 513 1429 582 16,
1461 516 1574 568 art.
1606 511 1658 580 4,
1695 529 1826 585 pag.

187 600 359 670 ιιι-ι).

249 707 438 779 Neque
464 724 636 778 porro
655 708 806 763 hanc
819 707 1113 763 Minucius
1129 715 1326 764 noster
1341 707 1669 764 Stoicorum
1687 713 1820 764 tan-

184 797 476 851 tummodo
503 798 573 851 de
598 797 1021 853 elementorum
1079 797 1532 870 conﬂagratione
1553 802 1610 853 et
1625 796 1832 852 mundi

181 885 335 940 ruina
349 902 482 940 esse
513 887 850 957 opinionem
874 888 1103 955 asserit,
1125 887 1225 942 sed
1246 887 1427 942 etiam
1451 909 1478 936 «
1505 885 1826 959 Epicureis,

178 974 372 1045 inquit,
410 975 616 1030 eadem
639 974 768 1046 ipsa
785 975 1078 1032 sententia
1102 979 1210 1043 est,
1234 997 1261 1024 »
1281 975 1487 1031 Utrum
1511 980 1706 1031 autem
1745 975 1828 1030 ibi

177 1062 235 1117 de
263 1063 566 1130 omnibus,
596 1063 684 1119 vel
717 1064 786 1119 de
821 1064 1185 1137 quibusdam
1212 1065 1498 1120 duntaxat
1527 1063 1830 1135 Epicureis

173 1150 583 1222 intelligendus
605 1154 700 1220 sit,
735 1157 793 1208 et
824 1159 1027 1209 utrum
1062 1153 1383 1226 Epicurum
1416 1170 1450 1209 a
1475 1157 1828 1226 praeceptore

173 1256 265 1295 suo
303 1240 641 1296 Democrito
673 1240 731 1295 id
765 1242 1058 1314 accepisse
1088 1242 1403 1298 crediderit
1478 1259 1592 1297 non
1659 1242 1828 1297 mini-

169 1343 283 1383 mus
312 1329 502 1383 datur
523 1329 830 1384 dubitandi
867 1329 1054 1386 locus.
1078 1334 1152 1386 At
1173 1330 1508 1403 Pythoclem
1529 1329 1826 1387 enimvero

167 1416 270 1472 hac
299 1417 600 1488 Epicurus
635 1419 872 1489 scripsit
932 1419 1110 1492 (apud
1164 1421 1354 1476 Laert.
1405 1419 1506 1474 lib.
1567 1424 1686 1488 κὴ
1735 1421 1827 1491 88)

166 1506 217 1560 in
243 1507 461 1561 verba:
499 1503 716 1578 Κόσμος
749 1505 859 1560 ἐστὶ
891 1509 1130 1582 περισχή
1161 1527 1243 1569 τις
1278 1504 1529 1583 οὐρανοῦ,
1575 1502 1742 1582 ἄστρα
1769 1526 1829 1562 τε

167 1593 242 1647 καὶ
290 1594 479 1649 πάντα
543 1594 841 1671 φαινόμενα
884 1594 1236 1671 περιέχουσα,
1287 1594 1576 1668 ἀποτομὴν
1627 1591 1829 1670 ἔχουσα

167 1682 255 1736 ἀπὸ
278 1681 383 1737 τοῦ
424 1683 672 1759 ἀπείρου,
700 1684 792 1738 καὶ
823 1682 1212 1760 γαταλήγουσα
1245 1683 1296 1739 ἐν
1329 1688 1543 1760 πὲρατι,
1569 1685 1603 1754 ἢ
1631 1685 1824 1758 ἀραιῷ,

1939 513 2041 580 vit,
2075 530 2178 568 cur
2199 529 2312 568 non
2353 517 2412 569 et
2440 530 2644 569 omnes
2666 513 2695 567 ?
2717 513 3056 570 Gassendus
3086 519 3282 570 tamen
3305 515 3589 572 verisimi-

1940 600 2058 657 lius
2087 601 2361 674 opinatur
2382 601 2550 658 illum
2608 602 2878 660 docuisse
2909 603 3197 659 mundum
3242 603 3399 660 hunc
3429 604 3585 677 igne,

1940 694 2138 762 utpote
2167 690 2390 746 caeteris
2420 690 2696 747 omnibus
2743 691 3050 749 elementis
3108 691 3296 765 magis
3326 697 3587 762 actuoso,

1939 780 2174 851 penitus
2203 780 2638 836 absumendum
2698 781 3080 853 (Gassendus,
3106 781 3336 854 Syntag.
3395 783 3589 839 Philo-

1937 870 2087 940 δορὴ.
2125 871 2336 941 Epic.§
2381 870 2436 938 2,
2461 886 2588 942 cap.
2647 870 2703 937 7,
2736 874 2856 926 tom
2918 871 3014 940 IlI,
3071 887 3206 944 pag.
3264 872 3374 940 32).
3409 873 3481 927 At
3536 871 3586 928 si

1939 959 2116 1013 citata
2142 957 2317 1030 paulo
2346 961 2480 1014 ante
2512 975 2547 1014 a
2575 957 2744 1014 nobis
2776 957 3030 1014 auctoris
3063 959 3244 1015 nostri
3277 960 3452 1016 verba
3485 964 3587 1016 aut

1938 1043 2192 1116 legisset,
2227 1050 2330 1103 aut
2360 1063 2422 1102 se
2449 1046 2762 1118 aliquando
2791 1046 3006 1120 legisse
3039 1047 3429 1119 meminisset,
3487 1065 3587 1121 po-
3647 1037 3649 1039 ’

1936 1137 2087 1190 terat
2125 1133 2326 1207 procul
2384 1135 2564 1192 dubio
2631 1134 2733 1190 illa
2789 1134 2849 1190 in
2882 1135 3238 1206 conjecturas
3275 1153 3395 1193 sua
3426 1136 3584 1194 haud

1938 1239 2180 1295 prorsus
2207 1224 2527 1280 invalidam
2578 1223 2835 1297 proferre
2865 1224 3390 1282 conﬁrmationem.

2008 1329 2179 1385 Venit
2205 1334 2499 1402 postremo
2559 1329 2851 1386 Minucius
2904 1331 2979 1386 ad
3010 1330 3336 1397 Platonem,
3371 1331 3492 1404 qui,
3526 1336 3592 1389 ut

1937 1416 2062 1488 ipse
2120 1419 2295 1474 refert
2329 1436 2342 1474 :
2374 1439 2402 1472 α
2450 1418 2732 1490 Loquitur
2781 1417 2940 1475 Plato
2999 1422 3197 1491 partes
3229 1419 3386 1476 orbis
3435 1435 3592 1476 nunc

1937 1507 2220 1563 inundare
2245 1507 2406 1576 dicit,
2432 1529 2461 1557 ››
2478 1507 2602 1579 (sed
2629 1505 2738 1562 hoc
2755 1507 3029 1563 ultimum
3053 1508 3294 1564 verbum
3349 1508 3590 1580 quidam

1936 1600 2038 1651 aut
2067 1595 2360 1667 rejiciunt,
2396 1600 2497 1652 aut
2555 1595 2830 1664 retinent,
2865 1596 2913 1651 si
2947 1599 3079 1668 post
3109 1596 3294 1666 Plato,
3317 1595 3593 1671 addatur)

1936 1706 1965 1734 ‹‹
1999 1689 2055 1740 et
2083 1702 2237 1741 nunc
2269 1685 2511 1741 alternis
2540 1684 2768 1740 vicibus
2801 1685 3136 1753 ardescere;
3161 1691 3217 1742 et
3239 1703 3372 1742 cum
3394 1686 3592 1758 ipsum

163 1768 192 1839 ἤ
235 1770 453 1844 πδκνῷ,
502 1772 593 1826 καὶ
641 1770 701 1826 οὗ
756 1772 1052 1846 λυομένου,
1103 1773 1274 1828 πάντα
1315 1775 1383 1828 τὰ
1432 1773 1483 1828 ἐν
1525 1772 1671 1845 αὖτῷ
1702 1773 1825 1850 σύγ-

2005 1774 2224 1830 undum
2253 1778 2623 1846 perpetuum,
2650 1777 2706 1830 et
2757 1772 3138 1830 insolubilem
3190 1773 3406 1831 diceret
3465 1789 3596 1830 esse

166 1858 302 1913 7.06m
356 1864 624 1935 Λήψεται.
660 1906 672 1918 .
712 1907 725 1919 .
779 1861 832 1916 ἐν
879 1863 924 1917 ὧ
971 1861 1146 1938 λῆγον
1196 1861 1296 1918 οὐκ
1346 1859 1456 1917 ἔστι
1500 1857 1824 1920 καταλαϐεῖν

173 1971 196 1998 α
222 1949 489 2007 Mundus
521 1956 610 2007 est
640 1952 772 2008 coali
806 1953 1070 2024 quaadam
1103 1953 1484 2025 continentia,
1511 1952 1740 2023 stellas,
1771 1959 1829 2009 et

169 2043 398 2108 terram,
435 2045 644 2112 etquae
667 2042 939 2097 videntur
969 2042 1166 2097 omnia
1218 2042 1542 2109 continens,
1604 2042 1827 2098 abscis-

177 2129 523 2201 sionemque
567 2147 634 2185 ex
693 2131 921 2186 infinito
960 2129 1203 2201 habens,
1239 2136 1416 2202 atque
1453 2131 1512 2186 in
1573 2131 1826 2187 termino

170 2217 443 2274 desinens
475 2219 598 2274 sive
631 2237 785 2286 raro,
822 2220 942 2275 sive
983 2220 1204 2277 denso:
1237 2237 1352 2292 quo
1375 2220 1586 2288 soluto,
1612 2238 1737 2294 quae
1765 2221 1826 2278 in

170 2305 255 2363 illo
292 2315 442 2364 sunt
471 2308 690 2375 omnia,
718 2308 1121 2364 confusionem
1154 2309 1441 2380 accipient
1473 2327 1486 2365 :
1515 2314 1615 2366 aut
1672 2309 1824 2366 desi-

165 2414 324 2464 nens,
386 2402 493 2452 aut
548 2397 608 2452 in
644 2415 732 2462 eo,
776 2398 932 2469 quod
990 2399 1431 2471 circumagitur,
1457 2404 1558 2455 aut
1625 2399 1684 2454 in
1735 2416 1821 2469 eo,

167 2487 311 2557 quod
345 2485 737 2542 stabilitatem
771 2485 1038 2542 habet....
1070 2486 1130 2542 in
1155 2504 1268 2558 quo
1303 2488 1620 2543 terminum
1661 2505 1824 2543 com-

169 2573 529 2642 prehendere
563 2572 956 2644 nequimus,»
1023 2572 1376 2630 Plutarchus
1435 2591 1592 2642 vero,
1655 2576 1824 2646 cujus

167 2659 457 2716 Eusebius
495 2661 668 2716 verba
696 2661 917 2728 retulit,
951 2661 1072 2717 haec
1104 2667 1302 2717 narrat
1335 2663 1394 2717 in
1454 2663 1713 2718 secundo
1753 2663 1825 2720 de

171 2748 404 2804 Placitis
431 2749 922 2821 philosophorum
968 2749 1163 2805 libro:
1217 2749 1540 2825 Ἐπίκουρος
1588 2749 1821 2827 φθαρτὸν

171 2836 420 2908 (κὰσμον)
452 2836 535 2890 ὅτι
566 2835 803 2911 γενετὸν,
837 2837 912 2900 ὡς
941 2842 1100 2907 ζῶον,
1133 2837 1206 2900 ὡς
1237 2837 1424 2916 φυτόν.
1459 2863 1486 2890 ‹‹
1537 2840 1822 2911 Epicurus

171 2927 496 2998 periturum
530 2927 676 2982 dixit
705 2928 1040 2999 (mundum)
1071 2929 1454 3002 quiagenitus
1489 2929 1585 2996 sit,
1604 2933 1666 2984 ut
1694 2929 1820 2984 ani-

172 3022 452 3083 mantem,
513 3021 571 3071 et
620 3017 880 3088 plantam
937 3017 1252 3087 (Plutarch.
1294 3017 1396 3072 lib.
1423 3035 1463 3072 II
1497 3017 1563 3072 de
1616 3017 1817 3073 Placit.

169 3103 337 3174 Phil.,
357 3122 486 3177 cap.
523 3106 600 3170 4.,
636 3122 766 3178 pag.
801 3107 924 3160 886.
983 3107 1217 3175 Euseb,
1268 3105 1372 3161 lib.
1423 3123 1496 3162 xv
1534 3109 1816 3178 Praepar;

174 3193 396 3265 Evang.,
449 3211 581 3266 pag.
640 3194 789 3266 842),
822 3217 852 3244 ››
895 3195 1198 3250 Testatum
1256 3211 1389 3250 vero
1480 3194 1817 3251 Lactantius

176 3281 304 3336 facit
331 3283 453 3337 haec
481 3283 699 3338 hausta
730 3282 801 3337 ab
832 3283 1078 3354 Epicuro
1114 3299 1182 3338 ex
1203 3283 1518 3339 Democriti
1538 3283 1818 3339 fontibus.

181 3371 540 3442 «Epicurus,
602 3376 836 3427 auctore
872 3372 1222 3442 Democrito,
1277 3372 1361 3428 ait
1419 3373 1709 3428 mundum
1767 3376 1824 3428 et

184 3465 384 3527 ortum,
421 3466 478 3515 et
499 3459 817 3532 aliquando
848 3477 977 3516 esse
1017 3460 1364 3532 periturum.
1387 3480 1414 3512 ι
1450 3462 1661 3517 Postea
1689 3476 1821 3517 vero

186 3547 330 3605 illius
362 3549 702 3620 opinionem
735 3549 1098 3605 enucleatius
1143 3549 1380 3620 exponit
1413 3568 1427 3605 :
1459 3574 1486 3601 κ
1511 3550 1821 3622 Epicurus,

190 3636 383 3709 inquit,
438 3638 558 3694 sive
618 3638 986 3694 Democritus
1031 3655 1140 3694 sua
1187 3643 1394 3710 sponte
1433 3644 1638 3694 natum
1697 3654 1825 3696 esse

196 3727 337 3795 dixit,
369 3728 705 3783 seminibus
737 3728 892 3784 inter
925 3744 987 3783 se
1029 3727 1400 3797 coeuntibus,
1452 3727 1669 3800 quibus
1727 3727 1826 3784 ite-

200 3832 309 3870 rum
339 3816 640 3882 resolutis,
668 3815 980 3872 dissidium
1015 3820 1191 3888 atque
1231 3816 1537 3872 interitum
1596 3821 1826 3873 secutu-

205 3922 310 3961 rum
338 3907 651 3976 (Lactant.,
680 3905 781 3961 lib.
809 3922 912 3973 v11,
949 3907 1140 3961 Divin.
1172 3907 1384 3977 Instit,,
1417 3923 1544 3978 cap.
1575 3909 1629 3974 2,
1690 3921 1822 3978 pag.

202 3995 303 4062 6i7,
333 4001 389 4052 et
419 4013 549 4068 cap.
580 3997 636 4067 3,
669 4012 800 4068 pag.
827 3996 979 4066 657).
1015 4019 1036 4048 ι
1074 3996 1144 4051 Et
1182 3999 1333 4051 recte
1365 3994 1619 4066 quidem.
1679 3994 1828 4050 Nam

206 4084 349 4154 paulo
381 4102 565 4157 supra
592 4084 946 4157 Epicureum
975 4084 1333 4152 audivimus,
1367 4084 1468 4157 qui
1491 4083 1644 4156 apud
1676 4082 1831 4139 Cice-

205 4187 378 4230 ronem
410 4179 707 4229 asseverat
737 4190 934 4241 omne,
967 4173 1119 4245 quod
1152 4177 1353 4230 ortum
1386 4177 1496 4245 est,
1557 4188 1827 4230 necessa-

209 4262 274 4318 rio
300 4263 646 4336 periturum.

261 4373 324 4426 At
352 4372 617 4427 nondum
651 4373 797 4428 satis
827 4370 1190 4444 exploratum
1223 4371 1512 4427 habemus
1573 4385 1831 4442 quonam

1938 1862 2312 1932 fabricatum,
2346 1863 2510 1919 addit
2537 1867 2735 1919 tamen
2767 1861 2880 1934 ipsi
2913 1861 3122 1918 artiﬁci
3171 1862 3287 1919 Deo
3347 1861 3477 1935 soli,
3534 1866 3594 1919 et

1939 1951 2276 2021 solubilem,
2309 1956 2365 2008 et
2393 1969 2522 2010 esse
2553 1951 2880 2008 mortalem.
2918 1953 3002 2007 Ita
3033 1950 3178 2006 nihil
3230 1952 3447 2008 mirum
3480 1953 3589 2019 est,

1938 2040 1988 2097 si
2019 2041 2133 2098 ista
2162 2041 2344 2097 moles
2368 2043 2440 2098 ab
2462 2057 2552 2111 eo,
2578 2058 2692 2114 quo
2719 2045 3014 2097 exstructa
3044 2043 3150 2104 est,
3179 2040 3536 2096 destruatur.
3557 2061 3588 2090 ››

1937 2130 2062 2187 Duo
2094 2130 2174 2186 ibi
2206 2130 2502 2187 Minucius
2534 2149 2567 2186 a
2597 2130 2832 2186 Platone
2863 2135 3089 2185 asserta
3121 2134 3339 2185 narrat.
3389 2128 3586 2185 Primo

1939 2220 2230 2275 mundum
2265 2237 2298 2275 a
2330 2221 2442 2276 Deo
2471 2242 2499 2270 «
2532 2217 2913 2276 insolubilem
2939 2239 2968 2268 »
3000 2223 3283 2286 creatum,
3344 2218 3446 2273 sed
3503 2221 3589 2274 ita

1938 2313 2137 2366 tamen
2181 2313 2244 2364 ut
2279 2309 2353 2366 ab
2385 2309 2482 2366 illo
2513 2307 2656 2365 solvi
2689 2313 2746 2365 et
2776 2307 3001 2364 destrui
3060 2307 3267 2379 possit.
3317 2306 3587 2364 Secundo

1936 2404 2131 2471 partes
2169 2399 2374 2455 mundi
2397 2397 2637 2455 alternis
2658 2397 2904 2469 vicibus,
2932 2402 3032 2452 aut
3057 2395 3364 2464 inundare,
3395 2395 3452 2451 id
3475 2399 3586 2464 est,

1936 2488 2106 2560 aquis
2137 2487 2331 2560 obrui,
2363 2492 2465 2544 aut
2494 2511 2523 2539 «
2577 2487 2898 2557 ardescere,
2932 2506 2960 2534 »
2993 2484 3100 2541 hoc
3147 2488 3236 2541 est
3287 2485 3420 2558 igne
3449 2500 3589 2541 con-

1939 2576 2208 2632 cremari.

2003 2667 2079 2721 At
2125 2665 2383 2737 primum
2430 2664 2670 2737 quidem
2729 2662 2888 2720 Plato
2946 2661 3316 2735 apertissime
3361 2660 3585 2720 edixit:

1935 2750 2288 2826 Δηλούμενος
2347 2750 2439 2807 οὖν
2515 2751 2733 2828 ἄριστον
2810 2751 3056 2827 γέννημα
3130 2754 3326 2818 ποιεῖν,
3391 2753 3582 2805 τοῦτον

1933 2840 2104 2897 ἐποίει
2182 2841 2309 2897 Θεὸν
2380 2841 2656 2917 γεννητὸν,
2733 2839 2940 2895 οὕποκα
2995 2837 3400 2918 φθαρησόμενον
3495 2838 3584 2894 ὑπ’

1931 2926 2091 3004 ἄλλῳ
2140 2928 2321 3003 αἰτίῳ,
2373 2927 2475 3000 ἔξω
2521 2933 2600 3000 τῷ
2631 2927 2788 2983 αὐτὸν
2847 2925 3257 3002 συντεναγμένῳ
3315 2929 3451 2998 Θεῷ,
3511 2924 3582 2980 εἲ-

1929 3040 2072 3073 ποκα
2131 3017 2317 3083 θέλετο
2367 3017 2524 3073 αὐτὸν
2585 3014 2842 3073 διαλύειν.
2905 3040 2934 3069 ‹‹
2989 3017 3136 3076 Cum
3187 3016 3369 3090 igitur
3423 3015 3578 3073 Deus

1930 3109 2102 3166 vellet
2135 3108 2597 3182 pulcherrimum
2629 3108 2856 3175 fastum,
2889 3107 3178 3163 mundum
3232 3105 3572 3177 producere,

1929 3199 2088 3255 hunc
2119 3199 2308 3255 effecit
2328 3198 2514 3254 Deum
2537 3198 2822 3271 genitum,
2847 3212 3151 3269 nunquam
3194 3210 3572 3267 corrumpen-

1930 3290 2070 3344 dum
2105 3289 2178 3344 ab
2235 3287 2348 3343 alia
2375 3304 2571 3355 causa,
2606 3290 2992 3358 praeterquam
3025 3302 3059 3340 a
3091 3290 3222 3353 Deo,
3244 3284 3344 3358 qui
3375 3284 3571 3357 ipsum

1931 3376 2288 3450 composuit,
2353 3376 2402 3432 si
2475 3377 2710 3449 quando
2777 3374 2960 3430 voluit
3004 3373 3201 3446 ipsum
3261 3373 3579 3429 dissolvere

1931 3466 2119 3536 (Plato
2178 3465 2238 3520 in
2296 3465 2516 3531 Timaeo,
2575 3468 2717 3520 tom.
2751 3464 2849 3533 IlI,
2881 3479 3015 3536 pag.
3069 3463 3184 3535 94).
3218 3464 3404 3528 Quam
3437 3475 3580 3518 sane

1933 3555 2006 3610 ob
2036 3569 2276 3609 causam
2309 3553 2382 3608 ab
2425 3552 2670 3608 Arnobio
2691 3551 2904 3608 litteris
2933 3551 3043 3608 hoc
3061 3551 3406 3607 mandatum
3436 3548 3582 3622 legi-

1933 3659 2068 3698 mus
2100 3658 2114 3696 :
2144 3663 2173 3692 «
2211 3641 2374 3696 Plato
2405 3639 2502 3696 ille
2532 3640 2767 3696 divinus
2798 3639 2986 3696 multa
3015 3640 3086 3695 de
3106 3639 3223 3695 Deo
3255 3639 3456 3712 digna,
3479 3653 3587 3694 nec

1935 3729 2279 3788 communia
2309 3730 2568 3786 sentiens
2599 3728 2987 3800 multitudini,
3020 3728 3078 3783 in
3103 3745 3170 3784 eo
3227 3743 3493 3784 sermone
3523 3741 3590 3783 ac

1933 3819 2107 3885 libro,
2142 3820 2236 3876 cui
2259 3835 2472 3876 nomen
2506 3821 2746 3876 Timaeus
2773 3817 3138 3887 inscribitur,
3199 3817 3338 3875 deos
3366 3816 3507 3872 dicit
3536 3819 3595 3872 et

1936 3909 2230 3965 mundum
2263 3906 2675 3979 corruptibiles
2704 3922 2832 3964 esse
2865 3909 3096 3974 natura,
3131 3921 3320 3978 neque
3348 3904 3592 3961 omnino

1939 3996 2353 4054 dissolutionis
2383 4000 2650 4069 expertes
2683 4012 2698 4050 :
2745 3996 2847 4052 sed
2877 3994 3178 4051 voluntate
3207 3994 3310 4052 Dei
3343 3993 3495 4066 regis
3525 4007 3592 4047 ac

1938 4085 2243 4158 principis,
2276 4085 2575 4141 vinctione
2605 4085 2665 4141 in
2696 4089 2978 4158 perpetua
3017 4081 3299 4140 contineri
3327 4080 3589 4155 (Arnob.,

1936 4173 2040 4232 lib.
2075 4191 2138 4246 ιι,
2175 4189 2308 4246 pag.
2341 4172 2456 4246 68).
2491 4194 2521 4223 »

2004 4281 2313 4337 Testatum
2336 4288 2534 4336 autem
2562 4279 2697 4336 fecit
2725 4277 2888 4336 Philo
2935 4277 3170 4334 Juaaeus
3201 4276 3350 4332 hanc
3398 4292 3594 4333 revera

1941 4369 2125 4427 fuisse
2157 4368 2418 4426 Platonis
2449 4369 2520 4424 de
2550 4368 2772 4424 mundo
2811 4371 3002 4424 creato
3054 4369 3112 4422 et
3168 4363 3596 4437 incorruptibili

211 4459 342 4512 476
369 4461 539 4515 modo
570 4459 855 4531 Epicurus
887 4461 972 4514 vel
1004 4461 1132 4530 ejus
1182 4464 1496 4515 sectatores
1540 4458 1831 4514 mundum
1872 4529 1897 4531 _
1942 4458 2320 4526 sententiam,
2355 4457 2491 4530 quia
2518 4457 2589 4513 ab
2621 4455 2722 4512 illo
2767 4460 2916 4511 Deus
2957 4470 3272 4526 supremus
3301 4452 3601 4510 inducitur

209 4544 555 4604 interiturum
580 4529 1066 4618 dixerint,utrum
1095 4565 1268 4620 aqua,
1295 4552 1397 4603 aut
1418 4547 1690 4620 igne,aut
1719 4551 1825 4602 ato-

2005 4552 2016 4602 ι
2047 4549 2357 4619 incorrupt.
2380 4529 2528 4618 pag.
2559 4545 2682 4616 950)
2716 4561 2730 4601 :
2765 4541 2887 4599 Θεοὶ
2921 4546 3077 4612 θεῶν,
3103 4542 3175 4596 ὢν
3201 4540 3310 4617 ἐγὼ
3333 4538 3601 4616 δημιουρ-

212 4651 414 4694 morum
446 4638 1028 4710 corpusculorumve,
1061 4640 1214 4693 sicut
1233 4636 1568 4692 Lactantius
1600 4636 1699 4707 ait,
1724 4635 1839 4691 dis-
1948 4635 2069 4692 haec
2095 4635 2164 4691 ad
2183 4634 2334 4691 alios
2351 4635 2488 4690 deos
2505 4633 2714 4690 fecisse
2732 4631 2910 4690 verba
2930 4631 3100 4704 (Phil.
3117 4632 3388 4704 Μικραοιί
3411 4632 3602 4689 mund.

211 4725 495 4795 solutione,
530 4726 618 4782 vel
640 4743 841 4782 eorum
876 4725 1155 4781 conﬂictu
1215 4743 1282 4781 ac
1340 4724 1817 4797 percussionihus

2005 4722 2052 4785 ὃς
2083 4725 2234 4780 477
2271 4723 2449 4797 πατήρ
2478 4741 2538 4776 τε
2568 4719 2763 4799 ἔργων,
2795 4717 2966 4775 ἄλυτα
3011 4718 3146 4794 ἐμοῦ
3201 4721 3278 4794 μὴ
3328 4719 3603 4783 θέλοντος.

213 4817 685 4884 quemadmodum
722 4814 887 4870 Philo
920 4815 1013 4870 his
1064 4814 1358 4887 significat
1381 4815 1453 4869 de
1512 4812 1825 4869 Democritc

2005 4811 2025 4867 ὃ
2082 4811 2175 4884 μὲν
2215 4807 2306 4866 οὖν
2357 4808 2424 4881 δὴ
2478 4807 2626 4875 δεθὶν
2658 4815 2764 4866 πᾶν
2792 4807 2955 4866 λυτόν
2994 4830 3006 4845 ·
3065 4808 3128 4864 τό
3185 4830 3248 4885 γε
3281 4810 3386 4884 μὴν
3418 4809 3602 4871 καλῶς

212 4907 254 4956 et
279 4905 524 4976 Epicuro
571 4904 802 4960 verbis:
855 4900 1107 4963 Πολλοὺς
1146 4901 1384 4974 κόσμους
1421 4900 1842 4979 ὑπογράφουσιν,
1955 4900 2243 4978 ἁρμοσθὶν,
2282 4899 2373 4955 καὶ
2428 4895 2562 4977 ἔχον
2623 4899 2703 4970 εὖ,
2769 4897 2917 4954 λύειν
2995 4896 3199 4964 ἐθέλειν
3261 4897 3450 4954 κακοῦ.
3509 4895 3602 4950 Διὸ

209 4989 269 5042 ὧν
313 4993 406 5061 τήν
463 4993 558 5065 μὲν
611 4993 818 5065 γένεσιν
870 4988 1312 5061 ἀλληλοτυπίαις
1371 4990 1460 5044 καὶ
1516 4988 1842 5052 ἐπιπλοκαῖς
1951 4990 2041 5045 καὶ
2088 4989 2308 5066 ἐπείπερ
2358 4991 2664 5067 γεγένησθε,
2713 4989 2963 5054 ἀθάνατοι
3024 4989 3117 5062 μὶν
3169 4987 3268 5043 οὐκ
3310 4986 3446 5058 ἐστὶ,
3504 4981 3601 5040 οό-

209 5077 404 5151 ἆτὸμων
454 5079 782 5152 ἀνατιθέασι,
831 5079 929 5147 τὴν
983 5077 1039 5133 δὲ
1099 5080 1300 5157 φθαρᾶν
1369 5079 1686 5141 ἀντικοπαῖς
1753 5078 1844 5134 καὶ
1955 5076 2012 5135 δὲ
2042 5077 2231 5135 ἄλυτοι
2263 5078 2593 5153 τοπάμπαν·
2629 5076 2746 5134 οὔτι
2779 5098 2840 5155 γε
2875 5078 2982 5152 μὴν
3016 5075 3313 5148 λυθήσεσθέ
3367 5093 3447 5150 γε,
3507 5071 3601 5128 οὗ·

211 5166 650 5223 ἂποστάσεσιτῶν
687 5168 1017 5243 γεγονότων.
1054 5192 1083 5220 ‹‹
1135 5169 1349 5225 Multos
1398 5171 1649 5226 mundos
1698 5171 1844 5226 ima-
1955 5165 2014 5224 δὲ
2065 5167 2310 5240 τεύξεσθε
2369 5167 2597 5224 Θανάτου
2655 5167 2869 5243 μοίρας,
2925 5169 3023 5235 τῆς
3088 5164 3226 5238 ἐμῆς
3283 5160 3602 5238 βουλήσεως

211 5259 490 5328 ginantur,
525 5277 778 5331 quorum
833 5261 1268 5331 generationem
1319 5259 1825 5315 conﬂictationibu:

2005 5255 2208 5327 είζονος
2261 5254 2338 5312 ἔτι
2392 5254 2615 5330 δεσμοῦ,
2666 5255 2754 5311 καὶ
2802 5255 3133 5330 κυριωτέρου
3166 5251 3436 5330 λαχόντος
3469 5249 3604 5308 ὲκεί-

214 5352 259 5400 et
276 5349 726 5405 connexionibus
749 5355 1074 5404 atomorum
1097 5348 1386 5418 tribuunt,
1410 5347 1825 5419 corruptionem

2005 5367 2085 5418 ον,
2165 5345 2271 5416 οἶς,
2345 5345 2424 5401 ὅτ’
2499 5344 2790 5421 ἑγίγνεσθε,
2864 5339 3158 5397 συνεδεῖσθε
3225 5341 3408 5415 (Plato
3467 5342 3604 5399 Tim.

217 5439 686 5503 percussionihus
718 5443 773 5493 et
801 5435 1152 5492 dissultibus
1210 5435 1487 5506 (Philon.,
1546 5435 1646 5491 lib.
1701 5435 1851 5504 Quod
1959 5440 2101 5492 tom.
2136 5453 2199 5504 ιι,
2235 5453 2370 5508 pag.
2409 5436 2520 5506 41).
2555 5436 2689 5502 Quae
2715 5433 2950 5504 quidem
2981 5432 3040 5488 in
3078 5431 3336 5488 Platonis
3369 5431 3608 5502 Timeo,

219 5528 408 5596 mund.,
439 5530 510 5582 sit
534 5529 843 5599 incorrupt,
877 5542 1008 5599 pag.
1060 5526 1208 5597 940).
1246 5549 1267 5575 ι
1304 5523 1519 5581 Multos
1550 5523 1850 5584 enimvero
1961 5525 2214 5598 exceptis
2237 5523 2538 5581 nonnullis
2557 5521 3190 5592 diversislectionibus,
3208 5521 3608 5579 inveniuntur.

223 5617 448 5672 mundos
491 5621 539 5674 si
569 5617 745 5672 variis
789 5615 1195 5686 hujuscemodi
1253 5613 1722 5672 conﬂictionibus
1781 5631 1846 5673 ac
1960 5614 2159 5672 Prima
2211 5617 2407 5672 autem
2465 5614 2643 5671 verba
2693 5612 2766 5669 ab
2818 5611 3185 5686 Athenagora
3239 5611 3416 5669 citata
3471 5617 3611 5669 sunt

522 5747 782 5807 ΡΑτιιοι..
830 5744 936 5805 IlI.

3250 5737 3326 5796 16
