4088 6150
483 304 594 362 491

1794 294 1891 350 DE
1937 289 2241 350 MlNUClI
2287 289 2631 350 OCTAVIO

3726 291 3820 350 492

479 432 786 504 (Athenag.
822 429 1004 498 Legat.
1039 445 1134 499 pro
1201 428 1524 494 Christian.,
1584 442 1712 496 pag,
1770 426 1866 495 7);
1931 421 2128 478 omnia
2159 422 2211 486 Α
2245 419 2341 474 alii
2375 421 2686 476 breviores.
2722 418 2784 472 Et
2801 413 2973 488 paulo
3001 416 3136 486 post
3156 412 3449 504 subjungit
3480 415 3710 504 :Bevera
3741 435 3823 474 au.

481 536 618 577 vero
650 519 709 574 iu
739 519 994 589 quodam
1016 533 1260 589 operum
1308 513 1600 571 Ciceronis
1660 514 1983 585 fragmento
2045 509 2129 564 sic

487 608 692 664 Latine
722 607 951 663 reddita
980 606 1328 662 exhibentur
1361 621 1373 659 :
1402 624 1429 656 ιι
1453 603 1581 659 Haec
1601 619 1723 666 vos,
1752 600 1854 674 qui
1884 601 2130 656 deorum

491 703 622 754 satu
680 696 790 751 orti
840 695 1001 766 estis,
1055 694 1356 749 attendite.
1413 695 1671 758 Quorum
1733 705 1978 762 operum
2028 702 2133 759 ego

489 801 701 857 parens
728 785 1077 855 ell‘ectorque
1107 799 1262 849 sum,
1296 799 1421 853 quae
1482 797 1584 852 per
1622 796 1714 834 me
1767 780 1916 834 facta
1973 780 2132 842 sunt,

491 889 608 929 non
640 876 780 928 sunt
809 871 1116 942 dissoluta,
1161 887 1252 926 me
1312 869 1512 939 invito,
1565 883 1904 939 quanquam
1965 880 2137 922 omne

491 961 834 1033 colligatum
891 960 1034 1017 solvi
1093 964 1327 1032 potest;
1376 959 1476 1014 sed
1509 957 1970 1028 haudquaquam
2002 953 2138 1009 boni

491 1053 601 1118 est,
626 1050 849 1106 ratione
878 1050 1138 1105 vinctum
1171 1047 1315 1104 velle
1344 1046 1678 1104 dissolvere.
1715 1045 1825 1100 Sed
1860 1058 2139 1116 quoniam

492 1139 605 1195 orti
636 1139 800 1206 estis,
828 1137 1187 1194 immortales
1218 1153 1317 1192 vos
1347 1135 1587 1208 quidem
1632 1151 1759 1191 esse
1790 1138 1848 1189 et
1893 1133 2140 1188 indisso-

492 1227 708 1284 lubiles
743 1244 858 1283 non
891 1227 1133 1299 potestis
1168 1245 1182 1294 ;
1215 1225 1539 1297 neutiquan
1599 1228 1796 1278 tamen
1856 1220 2144 1277 dissolve-

497 1316 663 1385 mini,
697 1333 801 1372 nec
833 1333 934 1372 vos
969 1315 1088 1371 ulla
1117 1315 1325 1370 mortis
1351 1315 1469 1370 fata
1517 1313 1822 1386 periment,
1849 1327 1953 1366 nec
1983 1310 2143 1366 fraus

500 1404 803 1473 valentior,
840 1421 1018 1476 quam
1049 1403 1358 1461 consilium
1394 1418 1612 1468 meum,
1647 1401 1802 1473 quod
1841 1401 2032 1470 majus
2057 1401 2146 1454 est

495 1493 796 1549 vinculum
832 1493 903 1548 ad
930 1493 1397 1564 perpetuitatem,
1432 1508 1610 1562 quam
1634 1489 1732 1544 illa
1753 1489 1968 1560 quibus
2002 1486 2146 1542 estis

492 1586 645 1650 tum,
677 1599 809 1637 cum
843 1580 1261 1654 gignebamini,
1287 1579 1540 1651 colligati
1566 1579 1768 1650 (Cicer.
1794 1577 1896 1632 lib.
1928 1577 1992 1634 de
2014 1577 2146 1634 Uni-

494 1687 636 1726 vers.
671 1671 964 1742 Append,
997 1687 1130 1742 pag.
1154 1669 1244 1738 29,
1277 1668 1384 1724 lin.
1416 1670 1449 1723 6
1479 1673 1531 1723 et
1560 1668 1753 1738 seqq.).
1794 1687 1822 1717 »
2117 1735 2119 1737 ι

563 1763 637 1816 At
667 1760 728 1815 hi
762 1778 876 1816 non
910 1760 1201 1832 explicant
1234 1763 1430 1814 utrum
1461 1758 1622 1813 Plato
1654 1756 1948 1812 censuerit
1979 1772 2147 1810 mun-

497 1849 640 1904 dum
668 1847 912 1905 alternis
941 1848 1167 1904 vicibus
1199 1848 1332 1920 igne
1359 1851 1415 1903 et
1447 1864 1600 1918 aqua
1632 1845 2147 1917 corrumpendum.

499 1937 770 1994 Clemens
817 1954 956 1993 vero
995 1937 1426 1992 Alexandrinus
1448 1935 1594 1990 illud
1627 1934 1788 1989 hisce
1836 1933 2151 1989 edisseruit

493 2026 688 2082 verbis
717 2042 730 2081 ε
783 2025 839 2077 Ὁ
889 2021 946 2080 δὲ
991 2023 1219 2078 Πλάτων
1270 2024 1369 2092 τὴν
1401 2028 1501 2098 γῆν
1538 2021 1762 2097 χρόνοις
1791 2018 1898 2074 τισὶ
1931 2017 2020 2075 διὰ
2047 2040 2147 2074 πυο

502 2113 597 2188 ρὸς
626 2112 970 2188 καθαίρεσθαι
1001 2111 1090 2167 καὶ
1137 2109 1352 2180 ὕδατος,
1407 2108 1513 2166 ὧδὲ
1561 2110 1679 2172 πώς
1729 2128 1880 2187 φησι·
1936 2105 2151 2163 Πολλαὶ

502 2201 638 2256 κατὰ
677 2199 864 2255 πολλὰ
911 2199 1106 2278 φθοραὶ
1155 2199 1436 2276 γεγόνασιν
1470 2200 1790 2274 ἀνθρώπων,
1820 2197 1910 2252 καὶ
1942 2193 2150 2252 ἔσονται

503 2288 634 2364 πυρὶ
669 2289 762 2362 μὲν
804 2287 893 2344 καὶ
955 2285 1106 2344 ὕδατι
1160 2287 1424 2365 μέγισται,
1479 2287 1698 2364 μυρίαις
1751 2284 1806 2342 δὲ
1835 2287 1924 2341 καὶ
1957 2284 2151 2348 ἄλλαις

498 2374 676 2454 ἕτεραι
726 2375 1080 2454 βραχύτεραι.
1131 2378 1228 2431 Καὶ
1282 2377 1394 2450 μετ’
1440 2375 1600 2453 ὅλίγα
1648 2375 1907 2454 ἐπιφέρειν
1967 2375 2037 2429 Τὸ
2097 2371 2154 2430 δὲ

504 2465 730 2537 αΛηθὶς,
783 2462 892 2520 ἔστι
942 2470 1048 2520 τῶν
1102 2466 1224 2542 περὶ
1272 2472 1373 2540 γῆν
1419 2465 1507 2520 καὶ
1555 2466 1672 2520 κατ’
1704 2464 1928 2540 οὐρανὸν
1961 2463 2151 2518 ἰόντων

503 2553 866 2628 παράλλαξις,
910 2553 1000 2608 καὶ
1053 2552 1142 2608 διὰ
1197 2558 1415 2629 μακρῶν
1464 2552 1728 2628 γινομένη
1774 2559 1878 2608 τῶν
1927 2552 2014 2608 ἐπὶ
2054 2559 2155 2628 γῆς

503 2642 632 2718 πυρὶ
685 2640 880 2714 πολλῷ
935 2643 1126 2720 φθαρᾶ.
1196 2644 1420 2697 Ἔπειτα
1463 2642 1585 2718 περὶ
1642 2646 1738 2697 τοῦ
1797 2640 2153 2714 κατακλυμσῦ

504 2728 766 2806 ἐπιλέγει.
834 2733 946 2786 ⁸Ὀτ’
993 2731 1051 2785 ἂν
1094 2727 1150 2785 δὲ
1197 2731 1262 2785 αὖ
1315 2731 1424 2785 Osci
1471 2738 1571 2806 γῆν
1607 2728 1760 2785 ὕδασι
1793 2729 2150 2805 καθαίρονσες

503 2817 952 2890 κατακλύζουσιν,
1019 2819 1070 2873 οἱ
1139 2819 1232 2892 μὲν
1297 2817 1347 2874 ἐν
1401 2824 1520 2882 τοῖς
1579 2813 1726 2895 ὄρεσι
1801 2817 2156 2888 διασώζονται

509 2905 768 2983 βουκόλοι
801 2907 890 2962 καὶ
944 2911 1153 2980 νομεῖς,
1187 2908 1240 2961 οἱ
1272 2906 1328 2962 δὲ
1360 2905 1409 2962 ἐν
1441 2912 1560 2970 ταῖς
1589 2909 1714 2983 παρ’
1742 2909 1876 2981 ἡμῖν
1910 2907 2155 2979 πόλεσιν,

505 2994 581 3058 εἷς
610 2997 708 3066 τὴν
742 2994 1007 3052 θάλασσαν
1044 2996 1145 3052 ὑπὸ
1175 3001 1281 3052 τῶν
1314 3001 1575 3071 ποταμῶν
1605 2997 1877 3074 φέρονται.
1912 3021 1941 3050 ‹‹
1995 2999 2158 3056 Plato

2241 512 2358 563 tem
2383 513 2472 564 est
2501 523 2728 577 eorum,
2761 522 2888 577 quae
2919 508 3135 559 terram
3167 507 3223 557 et
3253 500 3454 558 coelum
3484 503 3699 572 obeunt,
3745 507 3830 562 im-

2243 598 2511 669 mutatio,
2543 600 2601 652 et
2632 595 2732 668 qui
2763 598 2894 666 post
2926 592 3101 665 longa
3131 590 3428 662 intervalla
3475 607 3679 663 eorum,
3732 611 3829 667 qua

2245 691 2383 743 sunt
2412 686 2470 741 in
2502 691 2675 752 terra,
2710 683 2892 738 multo
2923 682 3057 754 igne
3088 681 3156 736 ﬁt
3185 679 3472 744 interitus,
3501 681 3698 737 Deinde
3723 685 3836 738 sub-

2237 776 2437 847 jungit
2453 775 2524 829 de
2550 772 2766 828 diluvio
2803 789 2815 826 :
2849 771 3091 835 Quando
3125 773 3317 825 autem
3351 786 3546 824 rursus
3562 770 3833 827 diiterram

2248 864 2417 936 aquis
2467 866 2858 935 expurgautes
2913 860 3225 928 inundant,
3259 859 3356 930 qui
3404 864 3535 914 sunt
3557 859 3764 930 quidem
3791 861 3836 916 in

2248 951 2546 1008 montibus
2576 949 2816 1006 bubulci
2849 953 2906 1004 et
2944 953 3204 1021 pastores
3255 952 3652 1002 conservantur
3681 964 3694 1002 :
3758 948 3838 1019 qui

2250 1047 2444 1098 autem
2476 1044 2616 1097 sunt
2645 1039 2704 1094 in
2730 1039 2820 1110 iis,
2855 1055 2979 1110 quae
3009 1041 3150 1093 sunt
3174 1037 3329 1109 apud
3361 1053 3463 1092 nos
3494 1036 3738 1105 urbibus,
3791 1053 3840 1092 ιιι

2251 1146 2411 1186 mare
2439 1130 2706 1186 feruntur
2735 1146 2768 1183 a
2825 1126 3018 1182 fluviis
3053 1125 3342 1198 (Clemens
3397 1125 3660 1181 Alexand.
3709 1123 3846 1181 lib.v

2249 1220 2450 1276 Strom.
2484 1234 2616 1291 pag.
2639 1218 2745 1272 549
2762 1225 2813 1273 et
2831 1216 3021 1288 seqq.).
3063 1239 3084 1267 ι

2324 1307 2615 1380 Perpende
2638 1311 2858 1373 autem,
2885 1305 3147 1371 obsecro,
3171 1307 3372 1359 utrum
3392 1303 3670 1359 Minucius
3691 1306 3850 1359 noster

2253 1398 2326 1452 ad
2345 1397 2502 1452 hunc
2534 1395 2850 1452 Clementis
2867 1392 3242 1449 Alexandrini
3271 1391 3463 1448 locum
3487 1391 3849 1458 collineaverit,

2254 1489 2428 1558 atque
2461 1503 2525 1541 ex
2560 1484 2732 1540 dictis
2775 1483 2814 1538 ii
2847 1483 3144 1539 conciliari
3176 1482 3328 1537 inter
3359 1499 3420 1538 se
3470 1482 3699 1554 possint,
3750 1481 3848 1552 qui,

2259 1575 2432 1631 sicuti
2466 1573 2802 1630 Lactantius
2855 1573 2980 1646 (lib.
3042 1590 3120 1627 v11
3174 1573 3439 1638 Institut.,
3494 1588 3615 1643 cap.
3675 1571 3846 1641 l,pag.

2254 1666 2360 1720 656
2403 1683 2416 1733 ;
2449 1669 2506 1719 et
2529 1680 2653 1736 cap.
2682 1665 2736 1731 3,
2764 1679 2895 1735 pag.
2918 1663 3068 1736 656),
3103 1662 3307 1717 dicunt
3329 1660 3616 1717 Platonem
3639 1659 3860 1714 docuisse

2259 1753 2548 1808 mundum
2580 1752 2640 1807 in
2673 1757 2954 1808 aeternum
2985 1767 3115 1807 esse
3147 1766 3517 1817 mansurum,
3540 1748 3643 1816 vel,
3675 1755 3730 1804 ut
3757 1751 3858 1822 Epi-

2261 1841 2516 1914 phanius
2543 1842 2666 1914 (lib.
2708 1859 2725 1896 1
2757 1841 2878 1897 adv.
2911 1843 3112 1896 Haeres.
3149 1856 3283 1914 pag.
3320 1839 3409 1910 12,
3439 1843 3495 1894 et
3513 1841 3697 1910 Expos.
3749 1841 3862 1908 Fid,

2261 1948 2394 2004 pag.
2430 1931 2612 2002 1088),
2645 1929 2812 1986 illum
2841 1947 2971 1986 esse
3002 1928 3363 2002 corruptioni
3394 1927 3709 1992 obnoxium,
3738 1929 3860 1985 478

2262 2037 2394 2076 cum
2413 2024 2673 2091 tempore
2731 2018 3089 2076 dissolutum
3120 2018 3211 2074 iri.
3252 2018 3505 2074 Docebat
3532 2017 3678 2073 enim
3705 2016 3860 2084 Plato,

2263 2109 2761 2182 quemadmodum
2774 2108 3280 2180 vidimus,mundu
3295 2124 3353 2163 m
3369 2105 3494 2164 sola
3507 2106 3604 2162 Dei
3620 2105 3869 2162 voluntate

2263 2197 2722 2266 dissolvendum,
2775 2203 2950 2270 atque
3009 2197 3227 2254 idcirco
3293 2214 3363 2253 ex
3393 2213 3482 2265 se,
3512 2212 3576 2252 ac
3605 2194 3708 2251 nisi
3752 2197 3871 2251 Deus

2262 2287 2454 2354 vellet,
2484 2291 2759 2359 perpetuo
2791 2303 3160 2342 mansurum.
3192 2286 3346 2342 Vide
3368 2285 3544 2342 etiam
3568 2302 3637 2340 an
3665 2283 3751 2339 ille
3762 2285 3872 2355 jure

2265 2376 2470 2432 merito
2511 2393 2544 2432 a
2565 2376 2858 2442 Cicerone,
2875 2375 3046 2448 paulo
3067 2380 3239 2432 antea
3267 2376 3475 2442 citato,
3501 2379 3782 2446 propterea
3799 2390 3873 2428 ar-

2264 2469 2500 2540 guatur,
2533 2465 2686 2537 quod
2723 2465 3012 2520 mundum
3045 2469 3101 2520 et
3131 2469 3336 2520 ortum
3370 2463 3570 2531 fuisse,
3601 2463 3692 2518 sed
3719 2478 3774 2517 eo
3799 2466 3876 2516 ta-

2266 2571 2421 2621 men,
2448 2571 2563 2625 quo
2594 2553 2872 2624 diximus,
2906 2554 3078 2609 modo
3127 2558 3422 2610 aeternum
3456 2553 3572 2607 fore
3611 2549 3872 2624 putaverit.

2265 2643 2558 2715 Quidquid
2593 2659 2762 2715 porro
2795 2643 3157 2715 pronunties,
3191 2659 3416 2716 negare
3446 2659 3556 2697 non
3577 2639 3772 2713 poteris
3791 2638 3873 2692 Mi-

2266 2733 2507 2790 nucium
2539 2749 2607 2788 ex
2639 2733 2746 2788 hac
2776 2731 3034 2787 Platonis
3056 2732 3438 2804 aliorumque
3469 2732 3538 2786 de
3554 2729 3752 2786 mundo
3773 2733 3873 2781 tan-

2267 2822 2399 2878 dem
2431 2822 2786 2879 destruendo
2820 2821 3111 2877 sententia
3139 2821 3306 2878 haud
3341 2821 3594 2878 absurde
3639 2818 3876 2874 conﬁcere

2266 2911 2530 2968 ethnicos
2565 2928 2677 2967 non
2709 2910 2974 2982 potuisse
2995 2910 3242 2966 iuficiari
3276 2927 3485 2966 verum
3505 2925 3630 2964 esse
3646 2905 3878 2963 Christia-

2268 3017 2478 3056 norum
2512 2999 2816 3072 placitum,
2843 3017 2957 3072 quo
2993 2999 3293 3056 mundum
3329 3000 3465 3072 igne
3497 2995 3792 3068 aliquando
3807 3007 3882 3064 pe-

505 3091 701 3142 autem
760 3093 976 3144 terram
1025 3087 1378 3160 quibusdam
1431 3089 1797 3160 temporibus
1869 3088 2007 3144 dicit
2059 3104 2161 3160 per
2271 3089 2990 3146 riturumasserebant.De
3013 3088 3109 3144 illo
3133 3093 3342 3144 autem
3363 3083 3878 3160 aliquidnotavimus

504 3173 701 3247 ignem
729 3181 786 3232 et
815 3194 1030 3249 aquam
1061 3178 1364 3250 expurgari
1397 3177 1505 3234 hoc
1539 3178 1711 3233 modo
1745 3194 1759 3233 :
1795 3177 1969 3233 Multi
2003 3194 2154 3250 saepe
2189 3171 2231 3237 C
2270 3177 2328 3234 in
2362 3178 2660 3251 superiore
2689 3181 3016 3250 Apparatus
3073 3178 3269 3234 nostri
3299 3183 3484 3249 tomo,
3517 3182 3573 3233 et
3601 3176 3659 3230 in
3715 3172 3880 3228 subse-

505 3262 746 3319 fuerunt
799 3264 1094 3332 interitus,
1150 3271 1210 3322 et
1266 3272 1439 3322 erunt
1495 3266 1628 3340 igne
1657 3266 1896 3338 quidem
1926 3271 1984 3322 et
2007 3283 2160 3338 aqua
2267 3268 2584 3340 quentibus
2615 3266 3134 3324 dissertationibus
3167 3268 3402 3324 nostris
3435 3267 3626 3324 adhuc
3665 3263 3884 3318 dicemus

509 3353 748 3410 maximi
773 3372 787 3425 ;
823 3355 965 3428 quin
995 3356 1171 3413 etiam
1199 3355 1330 3413 aliis
1361 3371 1594 3429 quoque
1623 3356 2158 3414 innumerabilibus

2269 3357 2437 3429 (tom.
2471 3358 2515 3413 Ι.
2551 3357 2839 3430 Apparat.,
2872 3373 3002 3430 pag.
3044 3357 3226 3427 1117).

1984 3535 2242 3598 CAPUT
2296 3536 2455 3596 VIII.

511 3665 602 3729 De
657 3666 856 3730 tribus
885 3667 1253 3730 execrandis
1301 3666 1669 3727 criminibus
1731 3666 2148 3742 infanticidio,
2221 3666 2484 3728 comesis
2515 3667 2812 3728 humanis
2841 3668 3162 3742 carnibus,
3215 3673 3288 3729 et
3346 3667 3617 3741 incestu,
3667 3666 3890 3744 quorum

1407 3747 1748 3809 Christiani
1775 3766 1813 3809 a
1845 3748 2094 3811 Caecilio
2120 3752 2184 3809 et
2211 3748 2351 3810 aliis
2392 3748 2658 3809 ethnicis
2687 3749 3168 3811 accusabantur.

1003 3907 1396 3965 ARTICULUS
1438 3908 1725 3965 PRIMUS.

509 4003 648 4070 Quae
674 3999 918 4070 qualisve
947 3999 1117 4070 fuerit
1147 4015 1213 4054 ea
1241 3999 1535 4070 accusatio,
1570 4013 1694 4070 quae
1717 3998 1872 4054 illius
1919 4000 2159 4057 occasio-

932 4086 1046 4137 nes,
1077 4077 1132 4125 et
1160 4071 1404 4141 quamlz’u
1437 4069 1741 4126 duraverit.

577 4175 847 4233 Vidimus
877 4177 1156 4232 hactenus
1189 4193 1367 4248 quam
1401 4193 1551 4231 vano
1585 4175 1900 4248 inutilique
1948 4181 2158 4233 conatu

507 4265 768 4321 Cascilius
798 4266 1090 4338 praecipua
1144 4266 1409 4336 quaedam
1447 4263 1916 4320 Christiouorum
1974 4266 2156 4321 docu-

506 4359 705 4410 menta
733 4354 1082 4411 labefactare
1113 4353 1352 4409 molitus
1389 4353 1486 4415 sit,
1515 4369 1581 4407 ac
1613 4353 1830 4424 quibus
1862 4353 2157 4409 rationum

2339 3909 2371 3966 J
2379 3925 2473 3965 am
2506 3909 2743 3982 quidem
2774 3909 2834 3965 in
2856 3909 3157 3982 superiore
3186 3911 3539 3983 Apparatus
3569 3904 3745 3963 nostri
3770 3906 3895 3957 torno

2269 3999 2710 4056 observavimus
2741 4016 2776 4054 a
2805 3999 3163 4071 quibusdam
3220 3997 3483 4055 secundi
3519 3994 3773 4053 Ecclesiae
3813 4004 3895 4043 saa-

2269 4088 2387 4143 culi
2418 4087 2824 4159 scriptoribus,
2858 4104 2926 4142 ac
2985 4089 3316 4159 praesertim
3381 4085 3625 4144 Justino
3665 4083 3893 4149 Martyre.

2269 4177 2641 4250 Athenagora
2696 4181 2754 4232 et
2811 4176 3134 4249 Theophilo
3192 4177 3580 4232 Autiocheuo
3648 4165 3896 4228 memoris

2269 4267 2591 4338 proditum,
2624 4265 2987 4322 Christianos
3017 4266 3306 4332 horumce
3341 4265 3667 4322 criminum
3699 4260 3764 4315 ab
3807 4252 3898 4310 eth-

2269 4355 2418 4411 nicis
2450 4355 2632 4411 fuisse
2659 4354 3052 4410 insimulatus.
3086 4356 3197 4410 Sed
3228 4355 3476 4411 etiamsi
3510 4354 3573 4409 hi
3595 4351 3796 4419 aliique
3823 4358 3900 4397 no-

507 4445 820 4499 momentis
854 4445 926 4499 ab
967 4443 1220 4511 Octavio,
1259 4459 1361 4498 seu
1421 4441 1613 4514 potius
1675 4442 1928 4498 Minucio
1977 4442 2159 4498 Felice
2191 4449 2238 4514 D
2271 4443 2375 4500 stri
2422 4450 2694 4500 auctores
2749 4444 3148 4500 concesserint
3205 4445 3518 4515 quosdam
3550 4437 3902 4496 haereticosJ

508 4530 900 4587 stabiliantur.
935 4533 1014 4587 Ad
1049 4549 1146 4588 eas
1174 4547 1330 4586 nunc
1361 4531 1664 4586 veniamus
1696 4531 2158 4600 criminationes,

506 4618 722 4688 quibus
751 4620 1011 4676 Caecilius
1041 4620 1256 4692 aliique
1317 4619 1533 4674 ethnici
1569 4636 1767 4676 sacros
1822 4621 2159 4676 eorumdem

508 4705 971 4764 Christianorum
1006 4711 1156 4766 ritus
1204 4725 1512 4779 moresque
1551 4710 1958 4766 sanctissimos
2012 4728 2158 4765 ausu

512 4795 682 4865 plane
714 4799 1020 4855 temerario
1051 4799 1334 4854 infamare
1357 4797 1547 4854 conati
1571 4802 1728 4853 sunt.
1762 4799 2026 4854 Primum
2057 4815 2158 4854 au-

511 4888 626 4940 tem
641 4887 903 4944 Caecilius
921 4888 1281 4944 Christianos
1312 4903 1515 4942 omnes
1538 4886 1964 4942 horrendorum
1997 4904 2159 4959 pror-

508 4990 610 5029 sus
642 4976 982 5045 criminum,
1005 4977 1064 5032 in
1093 4975 1413 5048 synaxibus
1445 4979 1505 5030 et
1529 4975 1830 5031 nocturnis
1849 4993 2161 5048 congrega-

506 5063 764 5120 tionibus
787 5067 1472 5127 admissorum,accusat.
1502 5063 1596 5117 Ait
1617 5062 1772 5118 enim
1794 5080 1892 5120 eos
1915 5064 2161 5120 solemni

507 5155 761 5223 quodam
794 5156 887 5210 die
909 5157 978 5210 ad
1013 5154 1238 5225 epulas,
1273 5153 1328 5207 in
1365 5152 1439 5206 iis
1499 5153 1800 5208 nocturnis
1843 5153 2160 5226 syuaxibus

502 5244 778 5313 agendas,
813 5243 1030 5300 alicubi
1063 5239 1426 5313 congregari.
1455 5246 1710 5296 Ascenso
1739 5247 1932 5298 autem
1964 5243 2043 5299 ibi
2070 5243 2159 5301 lu-

503 5331 661 5386 mine
693 5331 974 5387 infantem
1009 5332 1078 5386 a'o
1116 5330 1228 5402 ipsi
1262 5330 1667 5387 crudelissime
1699 5333 1916 5404 necari,
1940 5350 2160 5406 eosque

499 5418 662 5473 rabie
696 5418 1013 5488 plusqu.m
1041 5420 1225 5475 ferina
1245 5420 1392 5476 vesci
1414 5419 1573 5476 illius
1596 5420 1892 5492 carnibus,
1925 5427 1982 5478 et
2012 5423 2157 5478 lam-

498 5505 638 5560 bere
669 5508 1016 5580 sanguiuem
1044 5510 1381 5568 :exstinctis
1404 5511 1644 5567 demum
1670 5511 1918 5580 facibus,
1952 5528 2159 5568 omnes

491 5594 1686 5671 quolibetstupri,adulterii,incestusque
1708 5601 1924 5656 scelere
1951 5601 2158 5672 pollui.

2273 4531 2443 4588 nobis
2472 4531 2691 4587 ibidem
2722 4535 2974 4602 notatos,
3008 4536 3149 4603 puta
3179 4533 3624 4605 Cataphrygas,
3655 4525 3736 4581 vel
3773 4517 3903 4577 Basi-

2273 4619 2473 4688 lidem,
2507 4626 2609 4676 aut
2651 4620 3061 4691 Carpocratem
3097 4622 3354 4694 ejusque
3416 4624 3756 4680 sectatores,
3827 4608 3905 4661 aut

2273 4709 2597 4776 Guosticos,
2630 4709 2804 4765 sicuti
2840 4710 3229 4782 Irenaeus(lib.
3254 4709 3520 4766 xadvers.
3547 4711 3775 4768 Haeres”
3804 4712 3903 4764 cap-

2270 4798 2383 4868 24),
2427 4797 2716 4853 Eusebius
2747 4796 2872 4869 (lib.
2907 4816 2961 4853 1v
2993 4801 3142 4854 Hist.
3184 4815 3320 4872 cap.
3357 4800 3418 4867 '7,
3451 4812 3588 4869 pag.
3617 4794 3755 4862 120),
3807 4782 3904 4872 Ep}-

2272 4887 2526 4959 phauius
2555 4886 2784 4956 (haeres.
2818 4887 2906 4958 26,
2939 4889 3046 4957 §5,
3081 4905 3142 4960 p.
3173 4870 3278 4957 87,
3317 4891 3380 4944 et
3415 4887 3630 4942 haeres.
3655 4881 3744 4948 27,
3792 4878 3815 4942 §
3858 4870 3900 4932 3’

2273 4993 2405 5048 pag,
2441 4977 2585 5047 104),
2617 4976 3024 5046 testiﬁcantur,
3077 4978 3416 5050 praebuisse
3474 4974 3734 5044 aliquam
3763 4961 3905 5050 hujus

2273 5047 2580 5120 calumnias
2610 5065 3005 5133 occasionem;
3044 5047 3241 5137 palam
3267 5071 3481 5121 tamen
3507 5078 3577 5118 ac
3599 5047 3910 5115 constantis-

2273 5154 2420 5210 sime
2433 5158 2706 5209 asserunt
2719 5153 3099 5210 falsissimam
3114 5170 3245 5211 esse
3259 5155 3426 5210 hanc
3441 5145 3906 5208 criminationem-

2272 5243 2422 5309 Quin
2454 5243 2571 5298 imo
2604 5242 2834 5314 publice
2856 5249 3268 5301 contestantur
3302 5241 3590 5301 ethnicos
3641 5237 3909 5303 nunquam

2271 5332 2672 5404 investigasse,
2720 5334 2873 5388 419
2932 5333 3019 5390 vel
3079 5349 3260 5390 ausos
3324 5331 3690 5400 investigare
3743 5325 3911 5376 utrum

2271 5439 2405 5477 vera
2435 5427 2628 5477 essent
2657 5419 3236 5479 illaChristianorum
3257 5421 3640 5487 crimina,ue
3658 5409 3912 5468 falsaesse

2271 5509 2582 5582 aliquando
2614 5517 3017 5582 agnoscerent.
3048 5511 3296 5568 Nullum
3333 5524 3581 5584 quoque
3629 5493 3912 5584 cujuslibet

2271 5581 2624 5656 conditionis
2653 5581 2976 5672 hominem,
3024 5606 3089 5658 ut
3111 5605 3326 5674 postea
3352 5581 3617 5667 dicetur,
3675 5581 3906 5646 invenire
