4088 6150
297 301 396 362 493

1709 305 2255 367 DlSSERTA'I‘lO.

3560 306 3681 366 494

292 448 528 504 unquam
562 437 897 507 potuerunt,
948 435 1062 492 nisi
1119 434 1506 508 paucissimos
1556 434 1912 493 Christiano-
1944 438 1999 505 Α
2029 436 2210 492 sacris
2270 435 2642 506 Baptismatis
2698 436 2874 493 undis
2952 438 3116 491 aetate
3179 433 3414 490 Minucii
3475 433 3681 491 Felicis

288 539 402 577 rum
433 524 742 579 mendaces
773 541 991 595 servos,
1025 541 1058 579 a
1088 525 1301 596 quibus
1334 523 1917 582 crudelissimusom-

288 613 433 667 nium
447 618 732 684 tyrannus
746 614 1224 686 exquisitissimis
1251 613 1684 686 quantumlibet
1696 615 1919 687 suppli-

287 700 378 756 ciis
407 707 749 773 extorquere
776 703 1048 774 potuerit,
1083 708 1150 759 ut
1207 703 1323 758 haec
1365 703 1610 760 crimina
1638 720 1773 760 vera
1801 707 1859 760 et
1887 721 1922 760 a

286 789 619 846 Christianis
650 796 880 861 patrata
913 793 1092 848 fuisse
1123 792 1420 848 fateretur.

346 895 618 958 Quamvis
648 899 843 951 autem
859 896 966 952 hoc
997 905 1112 952 tam
1136 901 1383 966 certum,
1415 914 1591 970 quam
1619 898 1918 971 publicum

286 983 679 1038 testimonium
710 985 781 1039 ad
813 985 1048 1040 Minucii
1073 987 1277 1056 nostri,
1300 987 1424 1042 haec
1444 985 1921 1042 exsecrandacri-

287 1071 436 1126 mina
465 1074 593 1140 iure
618 1073 826 1129 merito
856 1075 1154 1146 praefracte
1197 1075 1486 1148 negantis,
1519 1075 1920 1148 explicandam

285 1161 854 1235 conﬁrmandamque
883 1163 1235 1220 sententiam
1261 1149 1616 1234 'suﬂiciant;
1650 1164 1786 1236 quia
1829 1168 1924 1220 ta-

283 1266 407 1305 men
450 1251 717 1307 Caecilius
775 1251 947 1324 paulo
1004 1252 1192 1325 aliter,
1249 1270 1425 1325 quam
1474 1253 1635 1310 citati
1691 1253 1924 1310 anobis

283 1339 586 1411 scriptores
618 1339 770 1396 hanc
817 1341 1056 1397 instruit
1095 1342 1548 1411 accusationem,
1591 1343 1762 1414 juvat
1789 1356 1924 1398 eum

278 1428 496 1484 audire.
524 1429 648 1492 Quo
673 1429 886 1485 etenim
929 1431 1100 1487 modo
1147 1431 1364 1487 ethnici
1410 1435 1551 1487 tunc
1595 1429 1926 1486 detestabili

277 1517 369 1573 illo
399 1518 706 1573 mendacio
746 1517 1118 1590 impudenter
1165 1520 1563 1589 abuterentur,
1616 1519 1774 1576 hunc
1828 1518 1927 1575 ille

278 1606 522 1679 explicat
550 1607 609 1662 in
642 1608 921 1663 modum:
959 1607 1930 1665 «Dcinitiandistirunculisfabula

277 1700 393 1751 tam
427 1696 792 1764 detestanda,
828 1713 1004 1768 quam
1037 1702 1174 1753 nota
1202 1703 1309 1754 est.
1361 1699 1560 1754 Infans
1610 1698 1762 1754 farre
1794 1715 1928 1754 con-

2029 524 2260 581 ablutos
2286 525 2480 582 fuisse
2498 526 2651 581 ultro
2686 526 2958 582 fateatur.

2101 632 2264 697 Quod
2303 649 2438 688 vero
2469 636 2693 704 spectat
2721 633 2790 689 ad
2808 633 3076 699 crimina,
3103 647 3354 705 quorum
3369 629 3682 686 Christiani

2029 722 2150 775 tam
2183 719 2350 787 falso,
2383 737 2561 793 quam
2585 725 2802 777 temere
2833 720 3301 793 postulabantur,
3328 721 3398 776 de
3426 719 3520 774 his
3552 719 3685 774 Ter-

2029 807 2313 865 tullianus
2344 810 2628 882 scriptum
2645 811 2814 867 nobis
2840 810 2898 866 id
2913 809 3185 882 reliquit:
3226 829 3248 859 ι
3281 809 3680 865 Dicimursce-

2031 897 2370 955 leratissimi
2401 900 2471 956 de
2516 905 2884 957 sacramento
2951 898 3319 966 infanticidii,
3378 902 3435 954 et
3464 895 3680 970 pabulo

2029 986 2186 1052 inde,
2215 992 2270 1044 et
2300 994 2431 1060 post
2458 989 2784 1045 convivium
2833 989 3054 1044 incesto
3096 1005 3110 1057 ;
3170 987 3324 1060 quod
3383 999 3683 1042 aversores

2030 1075 2321 1133 luminum
2363 1095 2556 1150 canes,
2589 1077 2826 1135 lenones
2870 1075 3092 1132 scilicet
3144 1074 3438 1145 tenebras,
3470 1079 3596 1130 tum
3628 1075 3687 1129 et

2032 1164 2345 1222 libidinum
2361 1167 2676 1240 impiarum
2698 1165 3168 1223 inverecundiam
3193 1167 3506 1237 procurent
3525 1163 3687 1236 (Ter-

2032 1253 2162 1311 tull.
2194 1256 2464 1328 Apologet.
2496 1273 2622 1331 cap.
2654 1258 2710 1328 7,
2742 1272 2873 1329 pag.
2907 1255 2988 1329 8).
3021 1277 3042 1305 ι
3079 1254 3163 1310 Ibi
3194 1257 3388 1310 autem
3420 1251 3517 1309 ille
3548 1268 3688 1325 pau-

2035 1343 2120 1400 cis
2147 1345 2339 1400 verbis
2372 1345 2568 1401 omnia
2607 1344 2870 1417 congcrit
2921 1343 3192 1412 crimina,
3235 1359 3361 1415 qua:
3404 1340 3692 1410 Caecilius,

2037 1432 2154 1490 sive
2179 1433 2473 1490 Minucius
2505 1435 2772 1507 pluribus
2787 1433 2986 1501 edixit,
3002 1449 3209 1505 nempe
3240 1431 3695 1497 infanticidium,

2038 1522 2368 1578 convivium
2383 1540 2555 1580 carne
2573 1523 2930 1596 etsanguine
2945 1521 3187 1577 infantis
3201 1519 3700 1576 inhumanissima

2039 1611 2212 1667 occisi
2235 1612 2933 1680 adornatum,eversores
2993 1610 3206 1666 dehinc
3264 1609 3557 1665 luminum
3607 1624 3696 1663 ca-

2039 1714 2166 1772 nes,
2196 1717 2261 1756 ac
2301 1702 2665 1773 promiscuos
2699 1699 2992 1773 quoslibet
3024 1698 3370 1755 concubitus
3404 1701 3579 1770 atque
3606 1696 3696 1751 in-

274 1789 490 1854 tectus,
516 1789 583 1840 ut
613 1784 906 1857 decipiant
934 1787 1220 1858 incautos,
1279 1789 1592 1860 apponitur
1621 1788 1669 1843 ei
1705 1787 1803 1859 qui
1836 1805 1930 1843 sa-
1963 1811 2010 1876 B
2043 1794 2257 1846 cestus.
2292 1790 2376 1846 Ibi
2407 1795 2603 1846 tamen
2637 1789 3035 1848 Tertullianus
3068 1805 3183 1843 non
3233 1786 3543 1876 perspicue
3569 1801 3696 1876 om-

277 1875 388 1930 cris
419 1873 729 1929 imbuitur.
764 1875 818 1930 Is
849 1875 1042 1931 infans
1075 1893 1107 1931 a
1135 1876 1428 1932 tirunculo
1479 1876 1648 1932 farris
1685 1876 1934 1948 superfi-

276 1963 378 2030 cie,
414 1962 589 2033 quasi
619 1964 690 2018 ad
725 1964 990 2020 innoxios
1021 1964 1173 2020 ictus
1193 1969 1522 2038 provocato,
1551 1965 1719 2022 caecis
1749 1964 1938 2021 occul-

275 2054 471 2123 tisque
509 2051 852 2108 vulneribus
911 2053 1214 2110 occiditur.
1261 2056 1475 2126 Hujus,
1529 2054 1672 2126 proh
1733 2054 1931 2111 nefas!

271 2141 548 2196 sitienter
577 2141 924 2214 sanguinem
954 2141 1434 2214 lambunt,hujus
1465 2143 1730 2198 certatim
1749 2159 1936 2199 mem-

271 2231 377 2286 bra
409 2229 862 2302 dispertiunt....
915 2231 986 2286 Et
1032 2233 1102 2287 de
1157 2232 1420 2288 convivio
1448 2234 1677 2303 [notum
1732 2236 1935 2291 est.....

267 2320 352 2375 Ad
377 2318 590 2391 epulas
623 2318 870 2375 solemni
901 2320 994 2376 die
1023 2326 1235 2378 coeunt
1264 2338 1398 2378 cum
1421 2321 1936 2392 omnibusliheris,

267 2408 603 2476 sororibus,
636 2409 947 2480 matribus,
985 2426 1158 2466 sexus
1187 2411 1381 2467 omnis
1413 2411 1682 2467 homines
1727 2415 1784 2466 et
1813 2427 1938 2467 om-

268 2499 363 2553 nis
385 2498 601 2553 :etatis.
636 2496 757 2552 Illic
788 2502 920 2568 post
949 2499 1168 2555 multas
1199 2500 1425 2571 epulas,
1476 2500 1576 2554 ubi
1609 2499 1936 2556 convivium

269 2586 482 2653 caluit,
511 2589 568 2641 et
596 2585 829 2642 incestae
862 2586 1124 2643 libidinis
1176 2589 1335 2644 furor
1393 2589 1670 2645 ebrietate
1699 2588 1935 2658 exarsit,

265 2675 438 2731 canis
470 2675 570 2746 qui
605 2675 954 2730 candelabro
985 2693 1166 2732 nexus
1211 2681 1316 2748 est,
1346 2677 1510 2747 jactu
1569 2677 1758 2732 effulta
1786 2676 1939 2732 ultra

266 2765 540 2836 spatium
577 2763 762 2834 linem,
788 2781 903 2836 qua
961 2766 1194 2821 vinctus
1250 2770 1358 2833 est,
1419 2767 1486 2821 ad
1556 2767 1847 2838 impetum
1880 2769 1938 2821 et

267 2854 495 2909 saltum
522 2859 887 2925 provocatur.
920 2855 1013 2910 Sic
1045 2871 1242 2911 everso
1275 2859 1333 2910 et
1383 2855 1670 2911 exstincto
1701 2855 1935 2910 conscio

269 2943 530 3010 lumine,
555 2942 997 3014 impudentibus
1027 2944 1306 3012 tenebris,
1340 2960 1523 3000 nexus
1550 2945 1802 2999 infandae
1834 2961 1934 2999 cu-

267 3033 553 3105 piditatis
583 3032 904 3099 involvunt,
934 3049 1036 3105 per
1065 3033 1352 3089 incertum
1413 3034 1608 3102 sortis,
1649 3037 1706 3088 et
1737 3033 1783 3088 si
1819 3050 1933 3088 non

261 3137 481 3176 omnes
514 3137 710 3192 opera,
743 3122 1099 3177 conscientia
1130 3127 1326 3178 tamen
1355 3122 1583 3178 incesti.
1617 3143 1646 3172 »
1674 3121 1820 3187 Quid
1839 3121 1932 3178 his

262 3209 600 3266 sceleribus
629 3209 814 3282 magis
859 3211 1114 3283 crudele,
1156 3211 1426 3285 impium,
1459 3210 1853 3266 inhumanum
1875 3216 1933 3268 et

261 3299 590 3355 horridum
611 3298 641 3352 ?

329 3392 412 3443 At
445 3387 795 3459 priusquam
827 3387 1073 3445 ulterius
1122 3389 1590 3462 progrediamur,
1622 3389 1932 3446 observan-

254 3477 409 3531 dum
446 3479 540 3531 est
567 3476 627 3530 in
661 3479 1060 3550 manuscripto
1089 3479 1288 3535 codice
1334 3477 1488 3552 legi:
1529 3501 1550 3528 α
1587 3483 1828 3535 Incesta)
1857 3476 1928 3534 li-

251 3565 490 3621 bidinis
522 3565 711 3620 fervor
739 3566 1062 3635 ebrietatis;
1096 3588 1124 3617 »
1161 3569 1262 3624 sed
1321 3567 1545 3624 librarii
1595 3568 1929 3635 oscitantis,

252 3659 324 3710 ut
354 3654 629 3726 plerique
660 3654 922 3710 arbitrati
955 3657 1411 3721 sunt.Quocirca
1436 3657 1495 3711 in
1522 3657 1790 3729 pluribus
1809 3654 1931 3712 edi-

252 3742 536 3798 tionibus
559 3742 842 3813 scriptum
882 3743 1195 3800 voluerunt
1243 3745 1524 3817 ebrietate,
1554 3744 1699 3800 satis
1730 3745 1933 3816 utique

255 3833 430 3888 claro
461 3836 522 3887 et
564 3837 764 3903 aperto
796 3849 994 3888 sensu.
1027 3834 1246 3890 Verum
1306 3834 1424 3889 haec
1455 3834 1784 3889 emendatio
1815 3849 1932 3888 non

254 3920 498 3992 placuit
530 3919 839 3987 Gronovio,
864 3923 962 3994 qui
992 3939 1160 3979 voces
1191 3926 1416 3980 incestae
1445 3922 1696 3978 libidinis
1725 3922 1932 3993 depra-

254 4015 438 4066 vatae
461 4010 804 4081 suspicatus
832 4016 939 4080 est,
965 4029 1031 4067 ac
1065 4011 1377 4085 legendum
1409 4035 1436 4062 ‹‹
1496 4011 1553 4066 in
1586 4027 1766 4066 caecas
1797 4008 1932 4064 libi-

260 4099 443 4154 dines
475 4100 669 4154 fervor
697 4100 994 4156 ebrietatis
1024 4102 1258 4157 exarsit.
1313 4124 1342 4151 »
1374 4101 1519 4156 Nam
1574 4101 1646 4156 de
1684 4101 1932 4166 incestu,

257 4187 488 4259 inquit,
525 4186 698 4258 paulo
729 4192 861 4259 post
892 4189 1107 4244 dicitur
1146 4207 1157 4246 :
1190 4192 1521 4247 conscientia
1552 4194 1738 4245 tamen
1784 4189 1935 4261 pari-

259 4286 350 4333 ter
381 4278 610 4332 incerti.
635 4277 746 4332 Sed
780 4283 1006 4334 tantum
1040 4280 1221 4349 abest,
1255 4285 1321 4335 ut
1373 4279 1467 4335 his
1493 4280 1685 4335 verbis
1709 4277 1936 4334 ultimis

265 4366 674 4422 excludantur
705 4367 1007 4438 superiora
1029 4371 1254 4426 incestae
1283 4369 1556 4436 libidinis,
1583 4367 1725 4440 quin
1751 4385 1818 4424 ea
1838 4384 1938 4440 po-

2046 1879 2184 1936 nino
2213 1879 2501 1950 edisserit,
2527 1879 2818 1952 quomodo
2837 1877 3031 1934 infans
3046 1878 3338 1933 diceretur
3359 1892 3393 1931 a
3413 1873 3697 1932 Christia-

2046 1968 2138 2024 nis
2167 1969 2374 2025 occidi.

2118 2061 2329 2131 Aperte
2360 2062 2557 2114 autem
2577 2061 2779 2130 postea
2802 2056 3057 2113 declarat
3070 2054 3331 2110 ethnicos
3362 2067 3700 2109 reveracre-

2047 2147 2268 2204 didisse
2296 2146 2696 2203 aChristianis
2728 2150 3032 2218 exceptum
3065 2143 3305 2200 infantis
3336 2141 3550 2212 rudem,
3581 2141 3701 2197 sive

2048 2237 2298 2293 crudum
2329 2237 2676 2309 sanguinem,
2726 2250 2912 2306 eoque
2959 2249 3170 2306 panem
3218 2231 3551 2300 intinctum,
3585 2245 3700 2300 quo

2047 2327 2175 2380 tum
2207 2323 2470 2396 quidem,
2500 2323 3000 2396 quemadmodum
3033 2325 3090 2378 et
3143 2319 3409 2391 ejusdem
3460 2315 3703 2372 infantis

2047 2413 2345 2480 carnibus,
2377 2413 2761 2468 vescebantur
2789 2410 2947 2484 (ibid.
3006 2427 3132 2482 cap.
3191 2409 3246 2476 8,
3296 2423 3427 2480 pag.
3463 2406 3539 2479 9).
3573 2404 3699 2462 Alio

2048 2507 2246 2558 autem
2267 2501 2325 2556 in
2357 2501 2504 2557 libro
2535 2500 2845 2558 obscurius
2904 2499 3186 2572 loquitur,
3250 2496 3514 2567 nihilque
3540 2493 3700 2550 aliud

2048 2594 2352 2658 memorat,
2390 2590 2500 2646 nisi
2531 2613 2558 2641 «
2592 2588 3048 2655 infanticidium,
3071 2587 3273 2643 horam
3305 2584 3701 2649 lucernarum,

2047 2679 2324 2734 caninum
2367 2678 2782 2743 ministerium,
2835 2681 2892 2732 et
2951 2677 3185 2749 ingenia
3241 2674 3640 2739 tenebrarum,
3669 2693 3700 2722 »

2048 2766 2264 2840 quibus
2298 2768 2624 2822 faventibus
2653 2764 2925 2823 Cristiani
2969 2764 3229 2836 quolibet
3269 2767 3498 2834 stupro,
3531 2760 3698 2816 adul-

2043 2857 2190 2912 terio
2219 2862 2276 2912 et
2305 2857 2528 2912 incestu
2554 2854 2940 2911 contaminari
2972 2854 3318 2908 dicebantur
3347 2849 3694 2923 (idem,lib.l

2044 2945 2114 3000 ad
2143 2946 2386 3015 Nation.,
2411 2961 2538 3015 cap.
2574 2945 2640 2998 15
2669 2948 2726 2999 et
2780 2944 2863 3009 16,
2899 2959 3031 3015 pag.
3083 2941 3194 3012 60).
3250 2939 3364 2995 Sed
3413 2938 3534 2993 haec
3587 2954 3694 2993 suo

2044 3033 2170 3088 loco
2202 3032 2564 3089 enucleatius
2595 3031 3013 3105 explicabimus
3065 3030 3316 3103 (Dissert.
3361 3029 3423 3083 in
3468 3025 3691 3084 Tertull.

2046 3139 2173 3195 cap.
2204 3124 2294 3192 20,
2327 3126 2436 3178 art.
2472 3121 2543 3195 1).

2117 3231 2395 3303 Origenes
2427 3245 2562 3286 vero
2591 3227 2692 3285 ubi
2742 3227 2975 3285 Celsum
3035 3227 3156 3282 hac
3211 3225 3404 3282 adhuc
3445 3222 3694 3280 crimina

2044 3320 2391 3376 Christianis
2424 3317 2598 3376 solita
2627 3317 2978 3390 procacitate
3008 3317 3392 3387 objectantem
3432 3329 3535 3386 pro
3566 3328 3696 3370 me-

2043 3409 2156 3465 rito
2185 3409 2455 3481 castigat,
2505 3408 2585 3464 ibi
2643 3406 2992 3462 testificatur
3021 3405 3200 3476 hujus
3257 3403 3584 3473 calumniis,
3626 3401 3699 3457 ab

2044 3499 2172 3570 ipso
2203 3498 2496 3554 nascentis
2526 3495 2796 3552 Ecclesiae
2825 3494 2991 3551 initio
3022 3493 3368 3550 Christianis
3388 3491 3584 3558 illatas,
3603 3507 3700 3547 au-

2043 3591 2232 3643 ctores
2262 3586 2442 3642 fuisse
2471 3603 2587 3642 non
2622 3585 2864 3658 quidem
2914 3583 3206 3651 ethnicos,
3241 3586 3343 3638 aut
3371 3579 3696 3646 haereticos,

2043 3679 2109 3731 ut
2146 3675 2219 3730 ab
2268 3675 2398 3730 aliis
2412 3674 2584 3747 paulo
2615 3679 2749 3731 ante
2778 3672 3290 3740 dictumvidimus,
3313 3670 3414 3727 sed
3441 3670 3695 3725 Judaaos.

2039 3764 2215 3820 Addit
2246 3768 2522 3835 praeterea
2569 3781 2677 3819 suo
2707 3763 2900 3820 adhuc
2957 3767 3217 3834 tempore
3264 3759 3548 3831 quosdam
3608 3756 3699 3812 his

2041 3853 2422 3926 quantumvis
2455 3852 2788 3909 falsissimis
2821 3850 3158 3907 rumoribus
3188 3850 3261 3904 ab
3292 3847 3697 3920 amplectenda

2041 3943 2372 3998 Christiana
2410 3942 2688 4014 religione
2735 3940 3062 4008 deterritos,
3103 3938 3483 4007 omniumque
3527 3933 3694 3989 Chri-

2043 4032 2370 4087 stianorum
2404 4032 2624 4104 fugisse
2654 4028 2962 4101 colloquia.
2996 4031 3153 4082 Δοκεῖ
3186 4046 3278 4099 μοι
3309 4019 3692 4099 παραπλήσιον

2042 4115 2328 4180 Ἰουδαίοις
2383 4119 2757 4190 πεποιηκέναι,
2806 4120 2922 4178 τοῖς
2971 4116 3106 4170 κατὰ
3166 4115 3265 4183 τήν
3323 4112 3502 4190 ἀρχὴν
3562 4115 3694 4186 Χρι-

2045 4211 2362 4280 στιανισμυῦ
2407 4202 2825 4261 κατασκεδάσασι
2877 4201 3180 4282 δυσφημίαν
3228 4207 3325 4256 τοῦ
3374 4199 3563 4276 λόγου·
3616 4199 3692 4264 ὡς

2046 4293 2148 4373 ἄρα
2218 4295 2607 4356 καταθύσαντες
2672 4291 2885 4349 παιδίον
2956 4286 3458 4366 μεταλαμϐάνουσιν
3527 4289 3692 4344 αὐτοῦ

2043 4389 2150 4441 τῶν
2193 4388 2424 4461 σαρκῶν·
2481 4385 2570 4439 καὶ
2619 4381 2808 4456 πάλιν,
2859 4380 2941 4437 ὅτι
2991 4383 3043 4435 οἱ
3090 4380 3195 4435 ἀπὸ
3241 4384 3337 4434 τοῦ
3388 4378 3582 4455 λόγου,
3629 4379 3699 4434 τὰ

269 4455 408 4508 tius
444 4455 754 4510 videantur
774 4457 898 4526 jam
933 4457 1088 4513 dicta
1109 4458 1380 4514 indicare.
1408 4460 1708 4514 Adverum
1739 4459 1933 4529 itaque

2048 4478 2146 4529 τοῦ
2193 4455 2387 4528 σκότου
2436 4471 2685 4549 πράττειν
2742 4467 3093 4548 βουλόμενοι,
3127 4464 3438 4525 σϐεννύουσι
3493 4468 3587 4543 μὲν
3636 4467 3703 4523 τὸ

275 4544 529 4614 propius
561 4545 788 4600 accedit
837 4545 1235 4616 alteralectio;
1274 4547 1531 4604 melioris
1561 4551 1757 4603 tamen
1789 4545 1933 4602 codi-

2054 4567 2192 4643 φῶς,
2250 4544 2488 4624 ἕκαστος’
2532 4559 2590 4616 δὲ
2656 4544 2752 4635 τῇ-
2793 4557 3180 4636 παρατυχούσῃ
3241 4557 3504 4635 μίγνυται.
3546 4559 3705 4620 "Huc

275 4631 370 4688 cis
406 4633 754 4690 auctoritate
788 4635 960 4691 debet
989 4636 1344 4692 conﬁrmari.

352 4743 433 4796 At
460 4741 622 4797 omni
656 4741 1064 4814 probabilitate
1094 4743 1237 4799 illud
1296 4747 1470 4816 caret,
1515 4744 1669 4816 quod
1728 4743 1948 4800 Grono-

2059 4649 2339 4729 δυσφημία
2365 4647 2678 4726 παράλογος
2709 4645 2874 4704 πάλιν
2906 4649 3012 4721 μὴν
3042 4646 3309 4704 πλείστων
3359 4645 3499 4704 ὅσων
3554 4644 3710 4722 ἐκρά-

2057 4762 2159 4811 τει,
2181 4737 2441 4803 πείθουσα
2468 4737 2594 4801 τοὺς
2627 4735 2954 4814 ἀλλοτρίους
2981 4740 3080 4792 τοῦ
3119 4733 3312 4813 λόγου,
3344 4735 3428 4793 ὅτι
3474 4731 3713 4792 τοιοῦτοί

274 4831 421 4885 vius
452 4829 671 4885 ibidem
706 4831 935 4902 adjecit,
967 4831 1061 4888 his
1117 4833 1324 4889 Cazcilii
1386 4833 1456 4889 de
1486 4832 1933 4889 Christianarum

2063 4829 2164 4886 εἱσι
2215 4826 2548 4902 Χριστιανοί.
2582 4825 2680 4881 Καὶ
2737 4830 2828 4881 νῦν
2891 4822 2949 4880 δὲ
3007 4823 3085 4881 ἔτι
3139 4825 3316 4897 ἀπατᾷ
3379 4845 3548 4892 τινας,
3578 4823 3713 4878 ἀπο-

279 4919 606 4992 synaxium
660 4920 853 4976 verbis
908 4921 1201 4993 designari
1258 4921 1572 4977 infantium
1634 4922 1952 4992 Baptisms.

281 5007 580 5079 Nunquid
613 5008 769 5063 enim
805 5009 1065 5065 Cmcilius
1096 5009 1411 5066 Gentilium
1438 5009 1767 5078 nomine,in
1791 5009 1955 5065 Chri-

2061 4916 2428 4995 τρεπομὲνους
2459 4913 2549 4972 διὰ
2576 4921 2643 4971 τᾶ
2669 4918 2893 4971 τοιαῦτα
2919 4914 3014 4970 κᾶν
3048 4914 3124 4976 εἰς
3171 4913 3452 4969 κοινωνίαν
3508 4910 3715 4966 ἁπλου-

2067 5007 2254 5083 στὲραν
2312 5010 2420 5061 τῶν
2478 5004 2656 5082 λόγων
2702 5003 2855 5074 ἥκειν
2905 5003 3041 5080 πρὸς
3082 4999 3449 5080 Χριστιανούς.
3486 5025 3513 5051 ‹‹
3545 4999 3719 5056 Vide-

283 5097 524 5153 stianos
557 5097 939 5168 disputando,
971 5099 1040 5154 de
1070 5101 1252 5155 sacris
1284 5099 1493 5155 horum
1535 5099 1959 5172 cmtihusloqui
2068 5103 2188 5166 tur,
2220 5097 2432 5168 aiebat,
2465 5096 2612 5152 mihi
2643 5095 2846 5151 Celsus
2879 5093 3082 5150 fecisse
3115 5094 3289 5162 idem,
3324 5091 3478 5162 quod
3509 5086 3721 5154 Judaai,

283 5203 418 5241 non
446 5187 658 5257 potuit,
687 5186 800 5243 nisi
834 5189 1189 5245 mentionem
1211 5189 1495 5261 Baptismi
1520 5189 1773 5246 faceret?
1803 5189 1962 5246 Nun-

2071 5187 2411 5246 Christianaa
2442 5185 2723 5241 doctrinae
2755 5184 2941 5251 initio,
3001 5199 3206 5254 sparso
3267 5195 3522 5248 rumore,
3568 5177 3726 5251 quod

287 5273 444 5343 quid
467 5273 552 5328 illi
586 5279 643 5329 et
657 5275 905 5332 ethnicis
927 5282 1295 5348 compertum
1327 5281 1454 5332 erat
1478 5276 1764 5348 quidquid
1788 5278 1845 5333 in
1869 5279 1964 5335 his
2074 5279 2202 5350 ejus
2234 5279 2408 5332 sectae
2435 5273 2706 5331 homines
2738 5271 2973 5328 mactati
3008 5271 3170 5344 pueri
3198 5273 3573 5327 vescerentur
3601 5283 3728 5324 car-

292 5364 561 5419 ccetibus
591 5364 1214 5438 agebatur?Nunquid
1247 5367 1422 5422 etiam
1482 5365 1736 5421 infantes
1792 5367 1965 5422 toties
2077 5367 2256 5423 nibus
2281 5383 2295 5436 ;
2319 5369 2377 5422 et
2423 5363 2578 5436 quod
2626 5360 2853 5432 quoties
2881 5361 2965 5416 eis
2995 5361 3176 5416 libeat
3204 5374 3441 5433 operam
3472 5358 3612 5414 dare
3645 5372 3734 5414 oc-

295 5469 482 5509 sacro
505 5453 864 5525 Baptismate
895 5457 1049 5512 480
1097 5457 1508 5522 initiabantur,
1541 5455 1774 5526 quoties
1805 5455 1966 5511 Chri-

2080 5455 2255 5512 cultis
2277 5448 2939 5518 libidinibus,exstincto
2953 5448 3543 5520 lumine,constupret
3561 5460 3738 5518 quam

297 5541 495 5599 stiani
529 5541 821 5600 solemnes
850 5547 1088 5618 quidem
1137 5563 1277 5602 suos
1333 5548 1537 5610 coetus,
1571 5545 1672 5599 sed
1724 5548 1971 5602 secretos
2082 5545 2336 5618 quisque
2366 5541 2616 5616 primam
2648 5543 2857 5595 nactus
2889 5537 3078 5595 fuerit.
3106 5540 3241 5604 Quae
3276 5539 3424 5594 falsa
3452 5541 3510 5592 et
3538 5534 3745 5604 iniqua

296 5631 554 5689 inibant
573 5631 603 5687 ‘2
634 5632 786 5690 Bene
812 5638 1007 5691 tamen
1038 5639 1146 5704 est,
1180 5635 1331 5707 quod
1367 5632 1694 5690 Gronovius
1721 5632 1972 5692 infantes
2083 5633 2278 5708 opinio
2307 5632 2536 5691 dudum
2564 5627 2731 5686 valde
2756 5628 2976 5686 multos
3007 5646 3042 5686 a
3069 5627 3350 5701 religione
3379 5629 3579 5682 nostra
3608 5620 3747 5677 alie-
