4088 6150
453 292 570 350 495

1744 286 1847 345 DE
1892 285 2198 348 MINUClI
2244 286 2580 348 OCTAVIO

3690 295 3785 356 496

452 438 560 476 nos
590 420 736 475 481
775 418 981 488 tenuit,
1010 435 1321 491 persuasos
1351 418 1503 488 quod
1563 416 1710 473 tales
1760 417 1878 473 sint
1934 417 2097 474 Chri-
2127 421 2181 486 Α
2213 418 2525 490 incognitis
2573 421 2630 473 et
2672 415 3049 490 inexploratis
3105 417 3390 489 judicare,
3445 421 3581 490 quod
3616 421 3788 496 facitis,

451 509 662 576 stiani;
695 511 751 563 et
799 509 869 563 ad
904 507 1011 562 hoc
1069 508 1348 580 temporis
1399 506 1710 562 nonnullos
1744 506 1928 574 fallit;
1963 506 2102 578 quia

449 612 517 650 ea
545 597 615 650 de
645 612 822 651 causa
853 596 1212 651 Christianos
1263 595 1344 650 ita
1374 600 1738 662 aversantur,
1769 599 1834 650 ut
1863 611 1934 650 ne
1965 595 2100 649 sim-

447 684 578 756 plex
607 684 962 756 colloquium
995 701 1129 740 cum
1161 684 1397 739 homine
1423 683 1754 740 Christiano
1779 684 2099 739 habereve-

447 772 576 831 lint.
610 797 638 825 ››
673 775 852 846 (Orig.
899 774 979 828 lib
1037 791 1089 829 v1
1121 778 1292 829 contr.
1330 774 1490 845 0613.,
1523 791 1657 846 pag.
1714 775 1822 828 292
1848 777 1898 829 et
1926 772 2098 844 seqq.)

516 863 930 918 Verumtamen
965 863 1014 918 si
1043 862 1230 918 Judaei
1261 863 1440 935 hujus
1494 861 1800 918 calumniis
1832 867 2098 918 auctores

443 953 701 1022 fuerunt,
735 971 864 1008 eam
908 952 1105 1025 procul
1163 953 1341 1008 dubio
1399 957 1684 1008 auxerunt
1742 952 2003 1025 quidam,
2036 950 2095 1006 in

444 1042 857 1114 Lugdunensis
887 1041 1348 1114 Viennensisque
1404 1041 1666 1098 Ecclesia:
1712 1040 1992 1113 Epistola,
2024 1041 2095 1096 ab

441 1129 689 1199 Eusebio
720 1131 1030 1203 descripta,
1093 1131 1276 1186 notati
1325 1131 1574 1202 gentiles
1632 1131 2095 1186 Christianorum

440 1220 611 1286 servi,
647 1220 747 1292 qui
778 1238 811 1275 a
841 1219 1083 1292 praeside
1114 1219 1291 1291 capti,
1325 1236 1460 1274 cum
1509 1223 1800 1274 tormenta
1830 1216 2095 1273 reformi-

441 1309 666 1376 darent,
699 1314 756 1364 et
778 1309 1110 1364 daemonum
1141 1308 1521 1373 instinctu,et
1535 1307 1822 1363 militibus
1854 1306 2098 1362 incitan-

439 1397 618 1466 tibus,
691 1399 918 1453 mentiti
1004 1398 1232 1452 fuerant
1315 1396 1778 1452 Christianorum
1854 1392 2095 1448 θυέστεια

441 1481 649 1554 δεῖπνα,
683 1486 769 1540 καὶ
800 1482 1160 1546 οἰδιποδεῖους
1196 1485 1388 1557 μίξεις,
1450 1509 1479 1537 ‹‹
1527 1486 1846 1558 Thyesteas
1877 1501 2093 1551 coenas,

438 1580 496 1631 et
524 1575 780 1631 incestos
813 1576 1013 1648 OEdipi
1073 1575 1438 1642 concubitus,
1493 1598 1522 1624 »
1581 1592 1707 1646 qua:
1756 1574 1932 1646 paulo
1965 1575 2096 1646 post

437 1681 472 1719 a
504 1664 671 1720 nobis
701 1665 1148 1736 explicabuntur
1178 1664 1436 1736 (Euseb.,
1465 1662 1567 1720 lib.
1605 1680 1656 1732 v,
1691 1681 1820 1736 cap.
1867 1665 1923 1732 2,
1957 1678 2090 1735 pag.

438 1753 584 1826 156).

504 1845 576 1898 At
599 1843 756 1898 brevi
815 1846 1016 1915 postea
1065 1847 1326 1915 tempore
1357 1841 1588 1898 duravit
1615 1841 1738 1897 hac
1769 1840 2086 1896 calumnia.

433 1932 580 1986 Nam
613 1936 758 1987 teste
788 1931 979 1986 adhuc
1040 1932 1309 1998 Eusebio,
1369 1936 1685 2003 postquam
1735 1929 2089 1985 Christiano-

432 2037 565 2076 rum
597 2021 930 2077 innocentia
960 2020 1235 2076 omnibus
1290 2019 1661 2088 innotuisset,
1697 2018 2086 2091 impudentis-

431 2109 581 2166 sima
609 2109 706 2164 illa
737 2110 1063 2165 criminatio
1094 2109 1329 2181 penitus
1359 2108 1642 2164 exstincta
1673 2112 1779 2165 est.
1811 2108 1969 2164 «Sed
1999 2108 2086 2163 his

431 2199 711 2254 damonis
739 2203 913 2268 artes,
951 2221 977 2248 »
1011 2197 1204 2270 inquit
1241 2198 1508 2254 eruditus
1543 2195 1639 2252 ille
1671 2195 1776 2266 vir,
1815 2219 1840 2247 ε
1867 2213 2083 2268 nequa-

431 2305 607 2360 quam
639 2287 697 2341 in
731 2287 1076 2342 diuturnum
1102 2292 1338 2358 tempus
1371 2286 1422 2341 ei
1450 2302 1788 2359 processere
1823 2304 1835 2342 :
1871 2286 2087 2358 quippe

431 2393 567 2432 cum
599 2376 809 2432 veritas
839 2377 967 2447 ipsa
1026 2377 1278 2448 seipsam
1329 2381 1618 2431 astrueret
1672 2379 1729 2431 et
1785 2392 2087 2432 commen-

431 2467 614 2532 daret,
649 2481 1078 2537 progressuque
1105 2465 1385 2536 temporis
1417 2464 1474 2519 in
1510 2464 1633 2520 dies
1666 2464 2086 2520 elucesceret...

432 2554 621 2610 Simul
645 2554 822 2610 etiam
851 2554 1136 2610 exstincta
1167 2557 1257 2608 est
1288 2554 1569 2625 temporis
1599 2553 1768 2625 lapsu
1794 2553 2091 2608 calumnia

430 2642 553 2710 illa,
585 2660 711 2714 quae
752 2649 966 2699 nostra:
1020 2642 1286 2716 religioni
1333 2643 1531 2698 afﬁcta
1586 2642 1777 2698 fuerat
1830 2641 2088 2714 (Euseb.,

431 2731 535 2787 lib.
570 2750 626 2787 1v
665 2735 900 2798 Histor.,
934 2750 1061 2804 cap.
1092 2735 1148 2799 7,
1200 2748 1334 2805 pag.
1370 2731 1514 2803 120).
1551 2754 1581 2784 ››
1631 2735 1759 2788 Jam
1790 2748 1924 2787 vero
1957 2748 2089 2787 exa-

432 2821 780 2876 minandum
813 2825 901 2877 est
956 2821 1250 2893 quomodo
1291 2820 1582 2878 Minucius
1614 2820 1737 2877 hac
1769 2824 1890 2878 tam
1921 2819 2090 2890 falsa,

434 2926 612 2982 quam
643 2909 936 2966 horrenda
965 2909 1212 2966 crimina
1241 2909 1448 2967 diluat.

1021 3052 1417 3110 ARTICULUS
1452 3053 1523 3108 ll.

2121 1793 2168 1859 Β

435 3140 852 3230 Επρεῃάιρξῑῃν.
870 3140 1982 3230 generalesnrati'ones,‘quib‘uspctaviu:
2004 3140 2093 3226 ob-
2125 3162 2168 3230 ρ

500 3213 1008 3339 ξῆιαϊϐὴνίδιίαηὶδ
1062 3229 1096 3269 a
1145 3212 1368 3270 Caecilio
1422 3216 1472 3269 et
1499 3214 1799 3284 gentilibus
1852 3215 2096 3270 crimina

550 3301 568 3338 ι
596 3301 651 3339 ιιι
684 3326 696 3338 .

550 3301 696 3339 ιιιιη.

511 3391 740 3464 Duplici
774 3391 1160 3465 responsione
1191 3391 1463 3448 Octavius
1519 3392 1760 3464 planum
1821 3393 2098 3449 omnibus

441 3481 595 3550 facit,
631 3481 777 3536 nihil
807 3499 1048 3554 prorsus
1084 3481 1177 3537 his
1208 3480 1520 3537 calumniis
1550 3498 1677 3538 esse
1707 3481 1992 3553 putidius,
2024 3481 2098 3538 ab

439 3569 685 3642 ipsaque
714 3569 972 3638 veritate,
1024 3576 1081 3625 et
1129 3572 1284 3626 omni
1321 3587 1562 3642 prorsus
1592 3569 2098 3626 verisimilitudine

441 3659 630 3731 magis
669 3659 947 3725 alienum,
1004 3661 1203 3715 Prima
1231 3664 1427 3714 autem
1477 3659 1778 3730 responsio
1805 3658 2096 3731 generalis

439 3753 548 3813 est,
597 3753 772 3819 atque
801 3749 1000 3804 omnia
1047 3748 1227 3804 simul
1257 3749 1665 3820 complectitur
1694 3747 1795 3804 illa
1823 3748 2092 3816 crimina,

438 3854 566 3909 quas
597 3837 868 3892 Octavius
899 3836 1219 3892 falsissima
1239 3843 1419 3909 atque
1450 3837 1689 3893 omnino
1725 3837 2097 3894 incredibilia

436 3940 566 3982 esse
595 3927 978 3983 demonstrat.
1015 3926 1283 3981 Secunda
1330 3942 1464 3981 vero
1495 3927 1960 3999 unumquodque
1988 3925 2097 3982 cri-

437 4033 571 4070 men
604 4016 794 4083 diluit,
824 4033 888 4071 ao
921 4016 1227 4086 perspicue
1256 4015 1510 4070 ostendit
1534 4015 1764 4088 singula
1794 4021 1912 4072 tam
1947 4016 2093 4074 falso

435 4104 781 4160 Christianis
811 4103 1033 4170 inferri,
1067 4120 1243 4173 quam
1277 4104 1649 4175 impudenter
1693 4109 1750 4161 et
1791 4105 2032 4177 impune
2061 4122 2095 4160 a

436 4193 753 4265 gentilibus
786 4193 1288 4264 perpetrabantur.
1344 4194 1510 4248 Prior
1567 4193 1668 4247 illa
1697 4196 2002 4266 responsio
2032 4196 2093 4252 in

435 4283 544 4338 hoc
577 4281 843 4352 articulo,
879 4281 1164 4353 posterior
1205 4283 1262 4336 in
1325 4283 1825 4352 subsequentibus
1873 4283 2092 4340 exami-

436 4373 631 4427 nanda
660 4376 770 4427 est.

506 4459 1008 4530 Octaviusitaque,
1034 4476 1136 4515 seu
1163 4459 1477 4530 Minucius,
1504 4459 1752 4515 fidenter
1780 4462 2094 4532 respondet

2208 506 2376 563 nobis
2399 507 2546 580 ipsis
2578 507 2996 578 pmnitentibus
3027 505 3266 562 credite.
3319 506 3380 560 Et
3407 524 3503 562 nos
3531 509 3664 565 idem
3692 513 3787 568 fui-

2209 613 2363 665 mus,
2397 597 2666 652 eteadem
2699 595 2852 652 482
2871 595 3174 650 vobiscum
3191 597 3474 666 quondam
3488 597 3657 653 adhuc
3682 603 3791 657 caci

2207 689 2264 740 et
2292 684 2530 740 hebetes
2562 685 2980 752 sentiebamus,
3030 685 3199 756 quasi
3257 684 3551 740 Christiani
3575 693 3797 746 monstra

2207 773 2482 842 colerent,
2515 773 2769 829 infantes
2801 778 3084 842 vorarent,
3119 773 3376 829 convivia
3397 773 3600 830 incesta
3627 776 3797 833 misce-

2207 865 2356 917 rent.
2389 861 2502 916 Nec
2533 862 3006 933 intelligebamus
3037 863 3110 918 ab
3144 862 3237 918 his
3270 861 3484 918 fabulas
3515 862 3645 920 istas
3677 882 3799 921 sem-

2205 967 2310 1023 per
2363 949 2652 1018 ventilari,
2733 968 2839 1007 nec
2897 968 3162 1024 unquam
3212 949 3299 1008 vel
3354 951 3682 1023 investigari,
3731 953 3802 1009 vel

2205 1039 2443 1111 probari
2468 1056 2482 1107 ;
2515 1055 2620 1096 nec
2650 1045 2812 1096 tanto
2852 1043 3112 1112 tempore
3144 1039 3394 1110 aliquem
3423 1039 3693 1106 exsistere,
3719 1041 3799 1112 qui

2205 1127 2474 1200 proderet
2503 1144 2618 1184 non
2677 1133 2910 1184 tantum
2960 1127 3096 1183 facti
3127 1128 3374 1198 veniam,
3429 1144 3616 1184 verum
3659 1129 3804 1184 etiam

2204 1215 2407 1271 indicii
2447 1217 2696 1289 gratiam
2757 1222 3231 1275 consecuturum.
3300 1238 3329 1266 »
3388 1217 3588 1272 Eadem
3643 1222 3804 1274 autem

2202 1303 2459 1360 vidimus
2485 1304 2664 1362 fuisse
2702 1306 3107 1378 aequissimam
3136 1305 3358 1362 Justini
3388 1305 3663 1378 Martyris,
3691 1306 3811 1361 alio-

2203 1409 2454 1464 rumque
2487 1411 2520 1450 a
2537 1394 2706 1450 nobis
2726 1394 2897 1466 paulo
2915 1400 3049 1450 ante
3065 1395 3810 1466 citatorum,querimoniam.

2204 1483 2314 1538 Sed
2348 1499 2476 1538 eam
2509 1482 2700 1540 adhuc
2760 1484 2954 1540 acrius
2994 1485 3301 1556 fusiusque
3340 1488 3537 1540 contra
3588 1484 3814 1540 ethnicos

2203 1575 2372 1644 urget
2397 1571 2816 1639 Tertullianus,
2851 1577 2910 1628 et
2942 1578 3074 1646 post
3125 1589 3260 1628 eum
3294 1573 3640 1640 Lactantius,
3669 1576 3814 1644 atque

2200 1659 2322 1727 alii,
2351 1662 2506 1716 sicut
2564 1677 2598 1715 a
2653 1661 2823 1718 nobis
2880 1679 2986 1718 suo
3034 1661 3160 1720 loco
3218 1662 3722 1718 demonstrandum
3745 1666 3820 1717 est

2201 1749 2469 1820 (Tertull.
2503 1750 2749 1822 Apolog.,
2807 1768 2934 1823 cap.
2991 1752 3016 1806 1
3053 1755 3110 1807 et
3146 1754 3201 1818 2,
3250 1757 3308 1807 et
3335 1749 3438 1808 lib.
3481 1768 3500 1806 ι
3527 1750 3594 1806 ad
3619 1752 3813 1808 Naiton.

2201 1854 2328 1910 cap.
2360 1838 2431 1908 7;
2469 1839 2726 1895 Lactant.
2754 1839 2855 1896 lib.
2890 1858 2943 1910 v,
2976 1857 3105 1914 cap.
3141 1841 3216 1914 1).

2265 1945 2465 2017 Neque
2493 1946 2575 2001 ibi
2603 1950 2800 2004 tamen
2829 1949 2990 2004 stetit
3019 1964 3256 2004 summa
3308 1947 3618 2021 gentilium
3647 1947 3822 2002 adver-

2195 2051 2299 2090 sus
2328 2034 2690 2091 Christianos
2719 2041 2922 2092 contra
2933 2037 3035 2108 jus
3055 2054 3229 2094 omne
3254 2037 3553 2109 iniquitas.
3571 2035 3824 2091 Minucius

2195 2123 2488 2195 siquidem
2517 2128 2574 2179 et
2602 2124 2895 2194 Octavius,
2927 2142 3064 2182 cum
3094 2124 3290 2181 adhuc
3318 2125 3625 2198 gentilium
3651 2140 3824 2195 super-

2197 2212 2538 2268 stitionibus
2567 2213 2809 2286 addicti,
2834 2215 3068 2287 publico
3108 2214 3417 2286 causidici,
3476 2220 3541 2270 ut
3578 2213 3825 2278 diximus,

2199 2318 2439 2357 munere
2473 2303 2868 2373 fungerentur,
2901 2303 3197 2376 quoslibet
3245 2303 3590 2376 sacrilegos,
3623 2301 3829 2375 parrici-

2197 2391 2302 2446 das
2324 2390 2692 2464 aliorumque
2732 2393 3020 2448 scelerum
3078 2393 3570 2465 gravissimorum
3610 2408 3728 2448 reos
3755 2406 3832 2446 co-

2198 2497 2320 2535 ram
2331 2481 2636 2551 judicibus
2659 2481 3457 2556 defendebant,illorumque
3472 2481 3841 2554 suscipiebant

2198 2569 2615 2641 patrocinium.
2648 2574 2861 2626 Contra
2917 2588 3051 2627 vero
3109 2569 3170 2626 in
3232 2571 3628 2637 Christianos,
3685 2567 3838 2641 impia

2199 2674 2440 2730 prorsus
2472 2664 2646 2730 atque
2675 2658 2961 2716 hactenus
3012 2660 3288 2716 inaudita
3339 2660 3842 2728 commiseratione,

2202 2747 2533 2815 savientes,
2565 2749 2696 2804 dira
2741 2749 3062 2821 quaestione
3091 2749 3618 2822 acerbissimisque
3647 2746 3843 2820 suppli-

2201 2835 2308 2892 ciis
2328 2853 2447 2909 eos,
2483 2837 2533 2892 si
2570 2837 2696 2894 fieri
2727 2842 2947 2910 posset,
3004 2837 3323 2912 cogebant,
3377 2857 3497 2896 non
3539 2843 3606 2895 ut
3633 2835 3849 2894 crimina

2200 2923 2303 2981 illa
2333 2925 2680 2997 faterentur,
2712 2927 2813 2984 sed
2867 2943 2931 2984 se
2977 2927 3358 2986 Christianos
3417 2945 3551 2986 esse
3581 2928 3850 2999 negarent.

2202 3035 2232 3065 α
2264 3013 2632 3081 Exercentes,
2661 3015 2763 3088 ait,
2795 3015 2856 3072 in
2913 3016 3004 3074 his
3062 3034 3417 3090 perversam
3475 3015 3852 3090 quaestionem,

2206 3119 2322 3159 non
2349 3121 2476 3176 quae
2509 3121 2713 3162 verum
2743 3109 2994 3180 erueret,
3043 3108 3147 3164 sed
3188 3123 3325 3180 qua
3377 3105 3745 3165 mendacium
3773 3118 3852 3159 co-

2207 3197 2386 3265 geret.
2421 3215 2451 3244 »

2279 3281 2680 3340 Tertullianus
2711 3300 2941 3356 quoque
2981 3285 3256 3342 eamdem
3288 3287 3609 3360 gentilium
3641 3280 3857 3354 iniquis-

2207 3369 2420 3427 simam
2452 3371 2852 3429 erudelitatem
2885 3375 2972 3430 sic
3028 3375 3332 3446 exagitat:
3375 3398 3406 3427 α
3451 3375 3653 3448 Itaque
3681 3386 3778 3428 nec
3805 3370 3854 3423 in

2207 3459 2306 3516 illo
2327 3476 2397 3516 ex
2415 3461 2600 3517 forma
2618 3461 2907 3518 malorum
2915 3463 3394 3535 judicandorum
3411 3464 3594 3537 agitis
3609 3479 3740 3534 erga
3760 3474 3866 3526 nos,

2207 3551 2364 3623 quod
2411 3551 2635 3606 caeteris
2694 3554 3046 3625 negantibus
3100 3553 3420 3610 adhibetis
3473 3555 3759 3610 tormenta
3807 3547 3866 3602 ad

2205 3639 2627 3706 confitendum,
2658 3640 2802 3696 solis
2833 3641 3184 3698 Christianis
3219 3644 3299 3698 ad
3355 3644 3722 3717 negandum,
3750 3655 3864 3695 cum

2205 3728 2255 3785 si
2287 3728 2508 3784 malum
2521 3732 2697 3796 esset,
2712 3746 2817 3786 nos
2830 3730 3064 3801 quidem
3082 3747 3588 3803 negaremus,vos
3599 3745 3727 3787 vero
3747 3743 3862 3784 con-

2204 3817 2355 3873 fiteri
2385 3819 2694 3875 tormentis
2712 3819 3212 3890 compelleretis...
3243 3820 3638 3878 Vociferatur
3669 3821 3824 3875 homo
3854 3831 3865 3869 :

2203 3906 2572 3964 Christianus
2631 3924 2765 3964 sum
2797 3908 2959 3973 Quod
3013 3913 3122 3979 est,
3156 3909 3355 3967 dicit:
3420 3915 3488 3966 tu
3549 3909 3638 3964 vis
3693 3905 3867 3964 audire

2202 3997 2354 4068 quod
2378 4014 2491 4053 non
2524 4002 2630 4054 est.
2664 3996 2940 4053 Veritatis
3003 4000 3440 4072 extorquendae
3496 3998 3774 4072 praesides
3815 3993 3874 4049 de

2204 4086 2376 4142 nobis
2406 4086 2546 4142 solis
2579 4085 2948 4142 mendacium
2981 4086 3310 4144 elaboratis
3335 4088 3576 4144 audire.
3598 4090 3710 4143 Hoc
3737 4100 3870 4146 sum,

2201 4173 2416 4245 inquit,
2446 4175 2601 4246 quod
2633 4175 2844 4247 quaeris
2873 4193 2945 4231 an
2995 4177 3130 4232 sim.
3189 4179 3370 4244 Quod
3418 4195 3520 4235 me
3570 4183 3800 4248 torques
3824 4172 3874 4226 in

2203 4262 2932 4334 perversum?Confiteor,
2985 4269 3040 4320 et
3090 4270 3388 4337 torques;
3449 4267 3599 4341 quid
3661 4267 3874 4324 faceres,

2202 4348 2254 4405 si
2285 4365 2557 4422 negarem
2587 4350 2614 4404 ‘2
2645 4350 2818 4407 Plane
2847 4350 2980 4408 aliis
3031 4354 3404 4423 negantibus
3449 4372 3574 4411 non
3635 4349 3795 4410 facile
3822 4347 3875 4402 (i-

2202 4437 2330 4494 dem
2361 4439 2864 4496 accommodatis:
2922 4441 3091 4497 nobis
3148 4443 3198 4499 si
3265 4445 3724 4517 negaverimus,
3780 4443 3880 4493 sta-

434 4549 607 4604 malis
639 4527 972 4604 ἀωωοωξω
1020 4548 1244 4604 artibus
1277 4527 1517 4616 (auum,
1549 4554 1616 4604 ut
1644 4527 1922 4606 ethnici},
1956 4557 2090 4608 ante
2120 4533 2167 4599 1)
2199 4527 2306 4585 tim
2338 4529 2593 4585 creditis.
2644 4529 2924 4602 Suspecta
2980 4531 3057 4586 sit
3104 4531 3282 4588 vobis
3328 4533 3460 4590 ista
3525 4528 3880 4606 perversitas,

433 4655 541 4693 nos
568 4637 852 4708 incipiant
883 4637 1153 4693 homines
1194 4638 1406 4704 odisse,
1440 4655 1618 4710 quam
1648 4656 1858 4707 nosse;
1893 4657 1964 4696 ne
1995 4658 2089 4698 co-

435 4726 628 4798 gnitos
659 4730 760 4780 aut
787 4726 1002 4782 imitari
1037 4727 1805 4798 possintautdamnarenon
1837 4729 2086 4801 possint.

437 4816 599 4880 Quod
650 4815 888 4886 quidem
964 4816 1207 4872 totidem
1266 4816 1457 4871 verbis
1512 4817 1721 4887 repetit
1767 4819 2091 4890 Cyprianus

437 4905 560 4977 (lib.
595 4905 670 4961 de
697 4903 838 4960 Idol.
875 4905 1078 4975 Vanit.,
1103 4921 1233 4976 pag.
1287 4904 1406 4976 14).
1438 4905 1833 4969 Quamobrem
1884 4907 2091 4976 justis-

440 4996 587 5050 sime
618 5012 751 5050 cum
783 4994 1010 5050 Caecilio
1042 4992 2088 5067 aliisquegentilibusilleexpostulat,

439 5085 592 5154 quod
624 5083 990 5138 Christianus
1024 5081 1375 5153 incognitos,
1427 5080 1820 5151 inexploratos
1849 5088 1906 5136 et
1936 5099 2090 5138 nun-

441 5189 618 5244 quam
648 5173 878 5226 auditos
917 5171 1394 5226 condemnarent.
1429 5169 1510 5223 Ne
1557 5173 1750 5224 autem
1782 5170 1839 5224 id
1871 5171 2091 5227 ethnici

437 5278 649 5333 negare
681 5262 985 5324 auderent,
1018 5263 1417 5313 asseveranter
1438 5257 1695 5313 affirmat
1725 5275 1787 5314 se
1816 5258 1957 5315 illud
1974 5277 2088 5317 non

433 5351 504 5404 ab
538 5349 669 5403 aliis
730 5352 960 5402 tantum
1013 5352 1170 5401 certo
1225 5345 1516 5416 didicisse,
1569 5349 1670 5402 sed
1721 5355 2087 5420 compertum

434 5438 674 5494 omnino
705 5435 916 5491 habere
948 5436 1350 5491 funestissima
1379 5452 1486 5490 sua
1515 5436 1889 5508 experientia,
1921 5441 2088 5510 cujus

429 5532 573 5581 tunc
606 5525 797 5595 ipsum
831 5524 1079 5581 maxime
1096 5527 1432 5598 pwnitebat.
1468 5526 1838 5582 Sinobisnon
1861 5529 2085 5597 credas,

429 5627 565 5672 ecce
593 5611 847 5685 ipsemet
880 5611 1034 5670 illius
1085 5614 1294 5675 verba:
1331 5636 1352 5666 α
1387 5614 1572 5681 Quam
1605 5613 1876 5686 iniquum
1909 5615 1986 5671 sit
2016 5615 2089 5671 de

2200 4635 2273 4676 ne
2305 4635 2420 4690 qua
2439 4617 2527 4674 vis
2558 4617 2734 4674 lateat
2766 4619 2824 4675 in
2851 4619 3099 4691 occulto,
3134 4637 3272 4692 quas
3321 4639 3432 4679 vos
3466 4624 3755 4679 adversus
3784 4618 3881 4672 for-

2201 4725 2381 4775 mam,
2413 4708 2689 4765 adversus
2757 4713 3030 4764 naturam
3081 4710 3447 4782 judicandi,
3509 4715 3718 4768 contra
3744 4708 3882 4781 ipsas

2201 4814 2434 4870 quoque
2461 4797 2620 4871 leges
2673 4799 2965 4855 ministret
3023 4800 3301 4872 (Tertull.
3369 4803 3612 4874 Apolog.
3675 4816 3794 4869 cap.
3834 4796 3882 4860 2»

2200 4903 2334 4960 pag.
2385 4888 2440 4956 3,
2472 4891 2529 4943 et
2575 4886 2678 4943 lib.
2735 4904 2754 4943 ι
2799 4887 2870 4944 ad
2919 4890 3141 4944 Nation.
3205 4906 3352 4964 cap.
3411 4893 3472 4960 2,
3533 4907 3674 4964 pag.
3736 4887 3797 4942 46
3843 4885 3886 4939 et

2199 4976 2391 5048 καφ).
2417 5000 2439 5029 ι
2461 4976 2577 5032 Nec
2608 4975 2666 5031 id
2702 4975 2885 5033 semel
2917 4977 3133 5034 dixisse
3155 4977 3764 5047 contentusfuit,sed
3778 4990 3885 5030 rur-

2202 5080 2304 5119 sus
2336 5070 2539 5134 postea
2571 5064 2835 5121 ethnicos
2867 5071 3056 5139 urget,
3105 5067 3321 5139 aitque
3357 5087 3373 5124 :
3453 5091 3483 5124 α
3517 5070 3720 5142 Longe
3749 5059 3888 5120 aliud

2201 5169 2420 5209 munus
2450 5154 2712 5210 carnifici
2744 5155 2806 5210 in
2846 5155 3214 5212 Christianos
3281 5158 3642 5231 imperatis,
3704 5171 3813 5211 non
3840 5151 3895 5204 ut

2201 5242 2400 5298 dicant
2438 5259 2566 5315 quae
2598 5243 2841 5312 faciunt,
2879 5245 2978 5302 sed
3011 5248 3075 5300 ut
3119 5252 3360 5318 negent
3405 5249 3579 5320 quod
3614 5248 3777 5303 sunt.
3807 5262 3833 5290 ι»

2271 5349 2596 5421 Cyprianus
2626 5367 2758 5406 vero
2797 5350 2858 5406 in
2902 5351 3137 5408 eosdem
3201 5355 3489 5426 gentiles
3521 5355 3704 5413 simili
3738 5347 3894 5408 modo

2200 5443 2665 5510 argumentatur,
2699 5455 2919 5510 eosque
2957 5440 3068 5496 hoc
3124 5443 3426 5500 confutet
3482 5439 3900 5509 confunditque

2200 5526 2536 5584 dilemmate
2579 5545 2592 5583 :
2633 5549 2662 5578 ‹(
2717 5528 3118 5585 Christianum
3149 5544 3301 5587 esse
3355 5540 3472 5591 aut
3533 5539 3629 5590 est
3669 5531 3902 5589 crimen.

2199 5619 2300 5671 aut
2325 5632 2441 5673 non
2471 5620 2580 5672 est.
2615 5615 2677 5673 Si
2708 5615 2932 5675 crimen
2963 5622 3073 5688 est,
3107 5617 3266 5689 quid
3300 5637 3434 5678 non
3467 5619 3761 5679 interﬁcis
3774 5630 3900 5674 con-
