4088 6150
296 313 406 370 497

1731 313 2273 376 DlSSElt'l‘ATlO.

3587 321 3706 379 498

292 443 598 501 titantem?
628 443 687 500 Si
722 443 1357 516 crimannonest,quid
1382 446 1935 517 persequerisinno-
1963 449 2019 513 Α
2120 446 2283 501 Aliud
2337 447 2732 503 certissimum
2813 447 3169 518 integritatis
3239 451 3296 504 at
3357 449 3700 507 innocentiae

286 533 560 591 cantem?
607 533 886 606 Torqueri
946 535 1101 590 enim
1162 535 1386 603 debui,-
1419 536 1470 590 si
1527 552 1824 608 negarem,
1887 538 1936 592 si

281 639 516 697 pmnam
547 625 711 678 tuam
745 628 1038 689 metuens,
1068 621 1128 678 id
1181 624 1337 695 quod
1394 623 1557 696 prius
1607 625 1852 694 fueram,
1882 629 1939 680 et

281 713 433 786 quod
466 712 609 766 deos
640 715 776 766 tuos
807 729 920 766 non
962 711 1280 779 colueram,
1343 713 1645 769 mendacio
1702 713 1938 770 fallente

282 801 556 868 celarem,
587 805 731 856 tunc
770 801 923 857 488
973 802 1334 874 torquendus
1387 802 1652 873 fuissem,
1686 808 1825 859 tunc
1862 804 1936 858 ad

275 890 711 946 confessionem
744 889 1008 946 criminis
1036 889 1087 945 vi
1122 890 1341 946 doloris
1382 891 1726 964 adigendus,
1783 892 1938 948 sicut

277 979 338 1034 in
373 980 603 1034 caeteris
631 979 1052 1050 questionibus
1087 983 1436 1052 torquentur
1467 981 1570 1048 rei,
1605 981 1705 1053 qui
1737 997 1798 1036 se
1833 997 1936 1038 na-

267 1072 420 1141 gant
451 1067 720 1135 crimine,
757 1084 871 1140 quo
914 1074 1292 1135 accusantur,
1322 1067 1548 1136 teneri;
1599 1072 1664 1122 ut
1715 1067 1934 1123 facino-

266 1157 350 1212 ris
382 1156 621 1223 veritas,
654 1173 780 1227 quas
812 1156 1003 1212 indica
1033 1173 1171 1212 voce
1219 1172 1332 1211 non
1384 1157 1691 1229 premitur,
1734 1157 1932 1213 dolore

272 1246 546 1318 corporis
572 1245 957 1318 exprimatur.
990 1245 1157 1301 Nunc
1186 1262 1320 1302 vero
1350 1262 1484 1302 cum
1515 1251 1722 1319 sponte
1760 1247 1938 1302 conﬁ-

263 1339 423 1402 tear,
453 1340 515 1391 at
536 1335 804 1407 clamem,
838 1340 894 1390 et
923 1335 1142 1390 crebris
1192 1351 1259 1391 ac
1306 1336 1568 1408 repetitis
1615 1335 1932 1391 identidem

259 1424 516 1481 vocibus
545 1424 952 1480 Christianum
985 1441 1078 1480 me
1109 1441 1238 1481 esse
1269 1429 1581 1492 contaster,
1629 1425 1769 1497 quid
1816 1428 1935 1480 tor-

270 1518 485 1570 menta
532 1513 777 1569 adhibes
851 1513 1155 1570 conﬁtenti
1199 1514 1392 1586 (Cypr.
1444 1513 1546 1584 lib,
1596 1514 1675 1570 ad
1721 1515 1928 1570 Demet.

267 1619 411 1676 pag.
444 1602 555 1658 490
597 1610 648 1658 ει
673 1603 893 1674 seqq)?
926 1624 955 1652 »

340 1691 522 1748 Aliud
547 1690 907 1763 iniquissimi
930 1690 1242 1764 gentilium
1265 1691 1324 1746 in
1347 1691 1932 1763 Christianosjudicii

2045 535 2509 592 Christianorum
2543 536 2825 591 indicium
2864 540 3006 607 erat,
3041 539 3195 608 quod
3220 539 3269 593 si
3293 542 3455 595 tanta
3483 541 3701 612 ﬂagitia

2047 624 2446 690 admisissent,
2475 625 2703 697 aliquos
2726 624 2926 681 saltem
2953 642 3151 681 eorum
3177 626 3492 698 aliquando
3522 632 3699 701 pmni-

2043 713 2274 782 tuisset,
2311 718 2413 770 aut
2443 713 2782 769 timuissent
2815 732 3014 786 poenas
3041 716 3391 772 criminibus
3419 717 3542 772 suis
3594 719 3692 774 de-

2045 803 2198 858 bitas
2255 802 2434 873 luere,
2495 808 2595 858 aut
2661 804 2922 858 tandem'
2956 803 3329 859 erubuissent
3401 822 3612 862 nomen
3647 809 3698 863 ei

2046 889 2276 946 dedisse
2309 890 2598 962 religioni,
2632 907 2760 961 quae
2789 892 2860 946 ad
2895 889 2996 945 illa
3026 893 3415 964 perpetranda
3441 895 3699 966 compel-

2046 979 2224 1035 lebat.
2264 1000 2287 1028 ι
2321 980 2496 1052 Atqui
2528 979 2744 1035 malum
2771 980 2913 1034 adeo
2951 996 3069 1035 non
3098 985 3207 1046 ast,
3259 983 3337 1036 ait
3385 983 3694 1052 Minucius,

2047 1073 2113 1124 ut
2142 1068 2514 1124 Christianus
2546 1085 2682 1124 reus
2707 1084 2822 1125 non
2855 1069 3354 1138 erubesceret,nec
3378 1071 3698 1143 timeret,et

2047 1174 2232 1213 unum
2252 1157 2810 1230 solummodo,quod
2828 1176 2938 1214 non
2956 1163 3091 1214 ante
3123 1159 3318 1225 fuerit,
3336 1161 3696 1231 paeniteret.»

2046 1245 2157 1303 Sed
2178 1247 2302 1302 haec
2320 1247 2511 1303 fusius
2541 1265 2575 1303 a
2603 1247 2958 1303 Tertulliano
2985 1251 3155 1302 antea
3175 1247 3328 1303 dicta
3352 1249 3531 1304 fuisse
3562 1249 3699 1322 legi-

2048 1352 2202 1392 mus.
2237 1336 2484 1409 Ipsamet
2518 1335 2677 1392 enim
2710 1335 2870 1392 illius
2892 1336 3091 1392 isthaec
3107 1339 3430 1393 suntverba
3453 1357 3511 1394 :«
3540 1339 3699 1395 Chri-

2043 1425 2273 1482 stianus
2304 1442 2438 1481 vero
2467 1426 2606 1498 quid
2638 1425 2832 1481 simile
2854 1426 2881 1480 Ἰ
2910 1426 3214 1482 Neminem
3258 1427 3458 1499 pudet,
3506 1429 3694 1483 nemi-

2043 1531 2177 1571 nem
2211 1515 2472 1587 paanitat,
2505 1515 2620 1571 nisi
2652 1520 2805 1571 retro
2838 1532 2955 1570 non
3007 1515 3209 1570 fuisse.
3260 1515 3316 1569 Si
3362 1516 3688 1589 denotatur,

1927 1648 1929 1650 .
2042 1603 2366 1676 gloriatur:
2401 1604 2449 1659 si
2483 1608 2816 1671 accusatur,
2858 1621 2972 1659 non
3016 1603 3312 1660 defendit:
3367 1604 3692 1677 interroga-

2040 1696 2159 1764 tus,
2191 1693 2276 1748 vel
2311 1691 2463 1748 ultro
2495 1693 2841 1749 conﬁtetur:
2887 1693 3226 1764 damnatus,
3279 1693 3499 1764 gratias
3554 1695 3692 1765 agit.

265 1785 448 1852 caput
471 1781 614 1889 Egit,
649 1782 803 1878 quod
834 1780 884 1835 si
917 1781 1070 1852 quis,
1103 1780 1470 1889 crugiatuum
1497 1781 1552 1835 vi
1582 1781 1818 1889 tandem
1849 1780 1936 1835 vi-
1971 1824 2017 1889 B
2048 1781 2195 1889 Quid
2233 1781 2341 1837 hoc
2375 1781 2512 1889 mali
2544 1781 2816 1882 ast,quod
2835 1781 3124 1889 naturalia
3145 1782 3279 1853 (ms.
3311 1785 3511 1882 natura
3533 1784 3689 1884 alia).

277 1876 436 1941 ctus,
470 1869 870 1925 Christianum
902 1884 963 1924 sa
993 1885 1122 1924 esse
1142 1869 1669 1936 inficiaratur,tunc
1697 1869 1748 1925 ei
1782 1869 1928 1925 fave-

272 1959 444 2026 bant,
477 1958 754 2014 laudibus
779 1958 949 2014 illum
980 1957 1354 2029 extollebant,
1380 1959 1788 2030 augebantqua
1817 1959 1926 2014 bo-

271 2048 541 2103 noribus.
576 2046 752 2112 Quasi
781 2063 914 2103 vero
943 2047 1030 2102 fas
1059 2047 1144 2102 eis
1174 2047 1382 2103 fuisset
1411 2047 1519 2102 hac
1546 2046 1695 2102 falsa
1715 2047 1927 2118 pietate

267 2136 568 2202 homines,
604 2140 691 2192 tot
709 2139 1126 2206 tantorumque
1147 2135 1466 2191 criminum
1490 2141 1926 2207 accusatos,ncc

267 2242 332 2282 ea
361 2241 427 2281 se
458 2224 832 2281 commisisse
865 2229 1166 2296 negantes,
1200 2241 1320 2281 non
1364 2224 1554 2281 solum
1606 2224 1923 2294 absolvere,

268 2316 367 2370 sed
402 2315 689 2370 omnibus
718 2313 909 2382 bonis,
950 2314 1024 2369 ob
1057 2313 1242 2369 solam
1301 2313 1557 2369 nominis
1608 2312 1926 2369 Christiani

274 2403 674 2475 negationem,
717 2401 1053 2458 cumulare!
1106 2401 1200 2457 Sic
1257 2401 1454 2473 itaque
1500 2401 1926 2458 fatabanturin

271 2492 416 2562 solo,
452 2496 522 2546 ut
550 2491 633 2548 ait
689 2490 1108 2562 Tertullianus,
1167 2490 1635 2547 Christianorum
1690 2491 1928 2546 nomine

271 2582 469 2653 posita
501 2581 684 2636 fuisse
714 2580 912 2636 omnia
943 2596 1145 2635 eorum
1176 2579 1422 2635 crimina
1452 2579 1928 2652 (Tertull.Apotog

271 2672 360 2742 tog
388 2671 428 2723 2
459 2674 519 2724 et
545 2668 601 2738 3,
632 2685 764 2741 pag.
796 2669 848 2735 4,
877 2673 936 2724 at
979 2669 1083 2725 lib.
1115 2686 1135 2724 1
1193 2669 1265 2724 ad
1320 2670 1538 2724 Nation.
1598 2685 1725 2741 cap.
1760 2669 1814 2736 3,
1847 2669 1926 2740 5).

339 2759 564 2814 Verum
607 2757 715 2812 hac
744 2758 912 2829 impii
943 2757 1213 2814 homines
1244 2758 1448 2813 fraude
1467 2762 1522 2813 et
1543 2758 1760 2814 astutia
1783 2757 1927 2813 alios

273 2848 341 2903 ad
365 2847 724 2918 ejurandam
745 2846 1136 2902 Christianam
1153 2847 1329 2901 fidem
1343 2845 1572 2902 facilius
1590 2846 1824 2902 allicere
1836 2863 1931 2902 vo-

265 2935 492 2992 labant.
526 2935 728 3006 Neque
761 2933 818 2989 id
854 2935 1036 3006 gratis
1067 2951 1101 2989 a
1133 2935 1304 2990 nobis
1348 2934 1552 2990 fictum
1605 2940 1796 3006 putes.
1827 2934 1930 2990 Mi-

264 3025 482 3080 nucius
513 3024 730 3079 etenim
761 3021 907 3078 illud
940 3039 974 3077 a
1003 3037 1066 3077 sa
1096 3022 1339 3093 factum,
1372 3039 1488 3078 non
1519 3023 1646 3079 sine
1665 3023 1924 3078 maximo

263 3112 504 3169 contriti
533 3110 726 3169 cordis
757 3110 954 3166 dolore
983 3111 1313 3167 conﬁtetur.
1346 3133 1376 3163 «
1401 3113 1468 3166 Et
1526 3112 1578 3168 si
1633 3112 1789 3183 quis,
1821 3111 1922 3179 ait,

2047 1871 2187 1926 mali
2220 1887 2334 1926 non
2392 1871 2589 1936 habet,
2618 1871 2912 1936 timorem,
2941 1871 3690 1943 pudorem,tergiversatio-

2037 1976 2193 2025 nem,
2228 1959 2652 2030 paenitentiam,
2680 1959 3139 2032 deplorationam
3161 1960 3188 2013 ?
3219 1960 3367 2023 Quid
3393 1960 3500 2015 hoc
3545 1961 3689 2017 mali

2036 2053 2146 2115 ast,
2181 2048 2354 2118 cujus
2394 2065 2530 2104 reus
2560 2048 2794 2120 gaudet.
2826 2049 2997 2119 cujus
3029 2048 3322 2103 accusatio
3349 2053 3548 2104 votum
3576 2055 3686 2105 est.

2037 2141 2096 2192 at
2123 2152 2296 2208 poena
2341 2135 2589 2192 felicitas
2648 2136 2916 2209 (Tertull.
2977 2137 3133 2191 484
3196 2137 3414 2208 Apolog.
3473 2154 3598 2210 cap.
3630 2139 3684 2204 2,

2037 2241 2168 2298 pag.
2193 2225 2295 2293 4)?
2327 2247 2349 2275 ι
2376 2227 2587 2289 Quanti
2617 2233 2806 2280 autem
2841 2225 2948 2280 hoc
2997 2229 3411 2298 argumentum
3437 2227 3514 2281 sit
3543 2243 3682 2298 pon-

2035 2313 2192 2371 deris
2223 2319 2282 2370 at
2311 2315 2614 2386 momenti,
2662 2315 2797 2370 inde
2849 2313 3162 2386 colligitur,
3219 2315 3372 2386 quod
3409 2315 3533 2370 fieri
3561 2332 3676 2371 non

2035 2403 2316 2476 possit,ut
2345 2403 2520 2460 homo
2549 2408 2636 2459 tot
2665 2403 2980 2460 criminum
3011 2402 3394 2468 conscius,vel
3415 2403 3541 2460 sola
3556 2404 3681 2459 vin-

2037 2493 2164 2548 dice
2191 2493 2568 2556 conscientia,
2604 2509 2718 2548 non
2751 2493 3087 2559 erubuerit;
3123 2493 3211 2547 vel
3245 2509 3380 2548 eum
3413 2510 3528 2548 non
3560 2511 3680 2566 pa:—

2037 2581 2278 2637 nituerit
2308 2587 2498 2648 secta,
2533 2582 2604 2636 ad
2659 2581 2780 2636 haac
2836 2581 3058 2658 scelera
3086 2581 3464 2652 impellentia,
3497 2599 3671 2639 suum

2036 2671 2264 2726 dedisse
2294 2679 2558 2741 momen;
2602 2674 2703 2725 aut
2749 2670 3004 2740 denique
3051 2675 3136 2725 tot
3192 2672 3680 2728 exsecrandorum

2037 2757 2394 2830 ﬂagitiorum
2429 2763 2766 2825 accusatus,
2797 2775 2996 2830 poenas
3029 2759 3225 2814 subire
3256 2777 3370 2815 non
3395 2761 3569 2816 fuerit
3595 2779 3688 2817 va-

2037 2847 2206 2903 ritus.
2239 2848 2416 2919 Atqui
2448 2847 2596 2903 nihil
2616 2847 2732 2902 tale
2761 2847 3108 2902 Christianis
3139 2847 3370 2904 accidit.
3413 2849 3686 2913 Quinimo

2037 2941 2096 2993 at
2123 2937 2196 2992 de
2227 2936 2463 2992 nomine
2476 2952 2605 3000 suo,
2619 2940 2678 2990 et
2692 2936 3055 3007 professione
3066 2952 3300 3007 semper
3314 2936 3567 3008 gloriati,
3584 2955 3687 3010 pro

2039 3024 2349 3095 utriusque
2380 3024 2718 3080 defensione
2748 3023 3022 3095 quaslibet
3051 3024 3229 3080 etiam
3275 3025 3684 3082 crudelissima

2037 3115 2110 3169 ad
2139 3119 2388 3170 mortem
2421 3129 2610 3184 usque
2639 3117 2934 3169 tormenta
2963 3114 3440 3170 constantissime
3487 3125 3688 3187 perlu-

261 3201 580 3272 inﬁrmior,
636 3200 790 3255 malo
847 3215 1089 3270 pressus
1137 3205 1194 3256 at
1251 3199 1465 3270 victus,
1525 3199 1923 3256 Christianum
1958 3191 2001 3256 C
2041 3200 2255 3258 lerunt.

259 3293 563 3362 negasset,
597 3288 938 3345 favebamus
971 3289 1044 3356 ei,
1082 3288 1510 3360 quasi,ejerato
1541 3289 1923 3359 nominejam

259 3379 464 3435 omnia
498 3378 651 3433 facta
677 3393 786 3432 sua
815 3376 916 3432 illa
945 3393 1055 3433 sua
1085 3377 1394 3449 negatione
1426 3380 1924 3450 purgarat.Aguo-

260 3467 511 3524 scitisna
542 3466 810 3521 eamdem
835 3481 939 3521 nos
969 3466 1226 3522 sensisse
1244 3466 1666 3542 atagissa,quaa
1691 3465 1922 3522 sentitis

258 3563 318 3614 et
345 3554 607 3628 geritis?
636 3555 782 3610 Cum
815 3555 863 3610 si
914 3555 1082 3620 ratio,
1129 3571 1244 3611 non
1293 3555 1594 3628 instigatio
1642 3554 1926 3611 daemonis

249 3647 580 3718 judicaret,
615 3643 862 3716 urgendi
895 3643 1107 3715 magis,
1159 3660 1273 3699 non
1326 3648 1392 3699 ut
1442 3644 1833 3700 diffiterentur
1862 3660 1926 3700 se

255 3734 661 3799 Christianos,
690 3733 790 3788 sed
823 3733 893 3788 da
923 3731 1186 3797 incestis,
1219 3731 1464 3803 stupris,
1509 3733 1581 3788 de
1630 3732 1924 3804 impieatis

250 3824 310 3880 id
344 3828 464 3890 est,
499 3821 768 3894 pollutis,
801 3821 1008 3887 sacris,
1037 3822 1108 3876 de
1127 3820 1455 3877 infantibus
1490 3821 1809 3877 immolatis
1840 3822 1922 3878 fa-

246 3915 557 3970 terentur.
589 3931 618 3960 »
651 3909 930 3965 Eamdem
961 3926 1194 3981 quoque
1245 3909 1584 3967 Lactantius
1628 3910 1926 3967 memoriae

246 4007 467 4074 postea
500 3999 595 4055 his
643 3999 1001 4070 totidemque
1059 3998 1250 4055 verbis
1280 3999 1580 4071 prodidit:
1616 4021 1645 4050 «
1705 4000 1764 4056 Si
1823 4000 1921 4070 qui

248 4096 461 4146 autem
497 4086 722 4144 doloris
753 4086 837 4142 vel
869 4088 1078 4144 mortis
1109 4091 1290 4154 metu,
1320 4088 1410 4144 vel
1445 4091 1648 4160 suapte
1679 4089 1924 4160 perfidia

248 4179 498 4235 cca-laeta
529 4181 969 4232 sacramentum
999 4176 1388 4248 deseruerint,
1419 4177 1508 4233 vel
1568 4177 1640 4232 ad
1693 4177 1926 4234 funesta

254 4267 563 4324 sacriﬁcia
588 4264 1015 4336 consenserint,
1047 4281 1147 4321 eos
1189 4264 1434 4321 laudant
1481 4269 1539 4322 at
1597 4265 1922 4322 honoribus

257 4358 535 4410 mactant
564 4356 631 4408 ut
661 4368 863 4408 eorum
893 4353 1160 4425 exemplo
1191 4356 1428 4410 caeteros
1453 4351 1719 4410 illiciant.
1752 4375 1783 4404 »
1816 4354 1925 4410 La-

271 4445 458 4498 ctant.
487 4442 588 4500 lib.
624 4458 665 4498 ι.
699 4457 826 4514 cap.
857 4441 911 4513 9,
933 4457 1068 4515 pag.
1100 4441 1215 4516 48.)

2105 3296 2284 3346 Porro
2313 3295 2510 3347 autem
2566 3291 2859 3349 Minucius
2910 3296 3109 3347 noster
3139 3292 3288 3348 ferre
3330 3309 3446 3348 non
3501 3295 3692 3365 potest

2035 3380 2147 3437 sibi
2179 3379 2253 3435 ab
2283 3379 2535 3436 ethnicis
2566 3380 2740 3450 objici
2773 3379 3132 3436 Christianos
3153 3385 3239 3435 tot
3275 3386 3690 3454 tantorumque

2034 3469 2353 3526 criminum
2384 3469 2539 3524 fama
2569 3469 2794 3540 ubique
2825 3469 3059 3541 vulgata
3105 3469 3362 3541 coargui.
3427 3470 3686 3527 Primum

2034 3555 2190 3614 enim
2226 3557 2400 3612 falsos
2433 3557 2538 3614 bos
2570 3573 2836 3612 rumores
2868 3557 3060 3628 pravis
3091 3558 3423 3613 daemonum
3461 3559 3686 3615 artibus

2034 3644 2450 3701 disseminatos
2484 3646 2664 3701 fuisse
2689 3644 3234 3702 contendit.Deinde
3254 3662 3388 3717 vero
3415 3665 3427 3702 :
3461 3668 3488 3697 «
3513 3648 3689 3703 Fama

2033 3734 2248 3806 inquit,
2281 3749 2512 3805 semper
2566 3734 2788 3805 sparsis
2843 3734 3164 3790 mendaciis
3221 3734 3416 3802 alitur,
3453 3739 3690 3792 ostensa

2033 3823 2272 3878 veritate
2300 3822 2724 3878 consumitur.»
2756 3824 2868 3879 Sed
2905 3823 3015 3879 hoc
3066 3824 3462 3880 Tertullianus
3521 3825 3689 3896 longe

2033 3912 2226 3968 fusius
2257 3912 2725 3984 prosaquitur,ac
2751 3911 2927 3968 citato
2949 3913 3126 3968 etiam
3156 3912 3381 3984 Virgilii
3404 3914 3686 3981 carmine,

2035 3999 2422 4058 invictissime
2447 4000 2816 4055 demonstrat
2846 3999 2991 4054 nihil
3025 4001 3133 4056 hoc
3179 4006 3525 4072 argumento
3559 4016 3688 4056 esse

2034 4089 2361 4161 quidquam
2422 4089 2613 4162 magis
2687 4089 2830 4157 leve,
2888 4087 3190 4144 infirmum
3251 4097 3305 4144 et
3363 4089 3686 4144 absurdum

2035 4176 2302 4250 (Tertull.
2333 4178 2557 4247 Apolog.
2593 4193 2721 4249 cap.
2754 4177 2810 4246 7,
2843 4181 2901 4232 at
2929 4175 3029 4231 lib.
3066 4193 3084 4231 ι
3113 4176 3183 4232 ad
3213 4179 3435 4233 Nation.
3461 4194 3587 4248 cap.
3607 4179 3682 4249 7).

2034 4266 2146 4323 Sed
2200 4267 2490 4336 quomodo
2540 4265 2682 4322 illud
2723 4263 2954 4336 aliaque
3023 4281 3057 4318 a
3096 4265 3264 4320 nobis
3298 4266 3561 4336 exposita
3592 4283 3688 4320 ur-

2032 4358 2184 4427 geat,
2218 4371 2325 4410 suo
2364 4354 2490 4410 loco
2533 4352 3004 4410 examinabimus
3044 4353 3291 4424 (Dissert.
3350 4355 3415 4409 in
3468 4355 3685 4412 Iertull.

2032 4459 2160 4516 cap.
2191 4443 2286 4513 20,
2319 4446 2426 4499 art.
2461 4443 2534 4514 1).

1773 4595 2029 4658 CAPUT
2069 4595 2172 4656 IX.

265 4721 766 4782 Demonstratur
821 4736 1012 4799 quam
1067 4719 1230 4799 falsa
1260 4718 1386 4779 sint
1417 4718 1544 4779 duo
1576 4719 1778 4799 prima
1811 4717 2074 4779 crimina
2103 4716 2472 4779 Christianis
2512 4715 2762 4795 objecta
2810 4716 3122 4799 infantem
3179 4717 3259 4778 ab
3302 4718 3453 4798 ipsis
3507 4739 3689 4782 sacra

349 4800 520 4862 inter
576 4797 878 4880 mysteria
946 4798 1171 4873 occidi,
1233 4817 1307 4860 ac
1364 4797 1598 4879 postea
1645 4799 1938 4860 devorari
1993 4799 2130 4876 ejus
2172 4816 2417 4874 carnes,
2484 4803 2676 4875 atque
2745 4797 3084 4860 ethnicosa
3115 4797 3427 4860 contrario
3458 4799 3684 4862 horum

350 4899 576 4944 revera
607 4899 742 4942 assa
769 4898 932 4952 reos,

741 5012 1137 5070 ARTICULUS
1167 5013 1458 5072 PRIMUS.

274 5101 650 5176 Excutiunwr
677 5109 1032 5174 argumenta,
1066 5104 1263 5176 quibus
1309 5105 1596 5160 Minucius
1656 5101 1927 5160 Christia-

462 5190 563 5229 nos
609 5174 709 5230 hoc
740 5182 968 5246 utroque
995 5174 1232 5232 crimine
1258 5191 1482 5246 prorsus
1516 5177 1729 5230 liberat.

348 5279 608 5337 Tametsi
640 5281 936 5339 Minucius
963 5283 1338 5355 generalibus
1378 5281 1677 5353 responsis
1726 5280 1926 5335 inusta

284 5367 630 5426 Christianis
663 5387 697 5425 a
729 5369 966 5426 Caecilio
1017 5376 1076 5427 et
1118 5371 1248 5427 aliis
1295 5369 1614 5443 gentilibus
1645 5368 1760 5423 tria
1790 5367 1926 5423 bor-

285 5458 457 5514 randa
484 5459 844 5530 infandaque
875 5459 1092 5516 scelera
1122 5460 1265 5516 satis
1297 5475 1592 5530 superque
1636 5457 1924 5523 diluisset,

289 5547 354 5601 ad
390 5549 857 5620 unumquodque
899 5553 1090 5605 tamen
1143 5548 1321 5616 venit,
1381 5546 1530 5620 quod
1583 5545 1924 5618 singulatim

289 5635 503 5710 duplici
534 5639 761 5697 ratione
806 5639 1068 5697 confutat
1115 5642 1175 5698 at
1221 5637 1490 5696 destruit.
1540 5636 1738 5694 Primo
1769 5635 1926 5693 enim

1955 5015 2004 5080 Β
2035 5010 2182 5066 illud
2215 5010 2431 5066 falsum
2467 5012 2709 5070 omnino
2741 5029 2867 5070 esse
2898 5013 3282 5071 demonstrat.
3316 5012 3529 5068 Deinde
3556 5027 3688 5066 vero

2031 5098 2502 5157 luculentissima
2534 5104 2744 5175 probat
2768 5103 3053 5175 ipsosmet
3088 5103 3356 5176 gentiles,
3412 5099 3688 5154 Christia-

2034 5206 2244 5244 norum
2277 5190 2512 5246 odiosos
2544 5197 2933 5258 accusatores,
2966 5191 3127 5248 illius
3157 5191 3351 5263 reipsa
3373 5204 3508 5244 esse
3559 5204 3687 5244 reos

2035 5295 2102 5334 ac
2149 5277 2436 5336 conscios.
2631 5284 2634 5288 ’

2034 5368 2279 5423 Initium
2335 5372 2529 5424 autem
2585 5369 2656 5423 ab
2727 5368 2948 5422 infante
3005 5369 3231 5435 occiso,
3294 5366 3486 5422 adesis
3557 5366 3685 5436 ejus

2036 5457 2331 5526 carnibus,
2370 5461 2676 5528 potatoque
2699 5457 3006 5528 sanguine,
3030 5458 3119 5512 his
3141 5457 3236 5511 ille
3257 5457 3447 5513 verbis
3480 5457 3680 5512 duxit:

2037 5569 2064 5597 «
2100 5545 2271 5600 Illum
2299 5547 2421 5616 jam
2458 5545 2626 5601 velim
2662 5547 2990 5618 convenire,
3023 5546 3123 5618 qui
3152 5545 3370 5601 initiari
3407 5564 3511 5600 nos
3546 5545 3688 5600 dicit

2035 5638 2140 5691 aut
2170 5633 2354 5691 credit
2393 5635 2464 5692 de
2511 5634 2663 5690 ccede
2715 5633 2959 5694 infantis
3006 5640 3107 5692 aut
3152 5634 3457 5708 sanguine.
3508 5635 3687 5690 Putas
