4088 6150
416 286 535 346 499

1708 285 1807 343 DE
1853 285 2156 345 MINUCII
2202 285 2543 347 OCTAVIO

3668 297 3766 357 500

420 428 593 487 posse
621 411 765 481 ﬂeri,
800 414 867 467 ut
905 415 1025 468 tam
1066 411 1261 480 molle,
1311 416 1429 468 tam
1480 412 1788 485 parvulum
1853 430 2065 485 corpus
2099 420 2153 486 Α
2185 414 2531 470 testis?Cur
2559 432 2673 471 non
2696 414 2958 486 possitis,
2990 415 3039 471 si
3088 414 3187 471 alii
3239 420 3470 486 possunt
3521 384 3769 495 (Tertull,

422 504 539 558 fata
564 500 870 557 vulnerum
894 501 1107 573 capiat,
1156 518 1229 556 ne
1274 501 1583 573 quisquam
1642 502 1807 557 illum
1863 504 2068 558 rudem
2182 504 2401 575 Apolog.
2439 522 2566 577 cap.
2615 506 2668 571 8,
2717 521 2851 575 pag.
2894 506 2947 559 9.
3008 505 3165 560 Idem
3224 506 3480 573 Tertull.,
3531 507 3669 565 lib.i
3717 516 3776 570 ad

426 591 776 663 sanguinem
837 590 1063 659 (eodem
1148 590 1543 646 Tertullianus
1628 593 1800 647 verbo
1887 592 2073 647 utitur
2182 594 2399 648 Nation.
2436 610 2564 665 cap.
2597 594 2652 659 7,
2692 609 2821 665 pag.
2875 594 2986 661 52;
3030 594 3256 657 Dissert,
3314 594 3372 648 in
3422 596 3620 651 Tertull.
3672 617 3774 673 cap,

428 680 650 753 Apolng.
696 696 821 751 cap.
862 680 917 734 8.
966 696 1098 751 pag.
1130 680 1185 752 9)
1238 679 1471 747 novelli,
1522 685 1579 736 et
1606 681 1699 736 vix
1746 682 1887 737 dum
1948 681 2072 736 nati
2183 682 2274 747 20,
2309 686 2418 736 art.
2451 682 2476 736 1
2509 685 2563 737 et
2585 685 2756 754 seqq.)
2788 682 2816 736 ‘I
2848 702 2878 731 »
2918 684 2993 736 At
3042 681 3141 737 ille
3180 682 3368 737 fusius
3420 684 3594 740 adhuc
3620 688 3691 744 ibi
3736 698 3783 748 et

428 768 687 827 hominis
742 769 943 840 cmdat,
1030 768 1258 836 fundat,
1318 769 1673 825 exhauriat?
1725 774 1906 825 Nemo
1964 771 2074 825 hoc

432 862 653 933 postest
700 858 955 926 credere,
1014 857 1127 913 nisi
1185 857 1285 929 qui
1344 858 1531 930 possit
1587 860 1819 914 audere.
1846 880 1873 909 ››
1927 858 2079 914 Dicit

431 950 630 1021 itaque
658 947 806 1003 banc
839 946 1308 1003 criminationem
1342 948 1413 1003 ab
1447 947 1607 1003 omni
1659 965 1899 1019 prorsus
1930 948 2078 1003 veri-

431 1042 550 1094 tate
580 1037 662 1093 sic
693 1036 1024 1105 abhorrere,
1059 1040 1122 1092 ut
1153 1036 1225 1092 ab
1270 1036 1345 1091 iis
1402 1034 1590 1091 solum
1653 1037 1807 1092 credi
1869 1037 2075 1109 possit,

434 1125 536 1199 qui
568 1124 758 1182 scelus
788 1124 942 1181 idem
971 1125 1395 1195 perpetrabant.
1445 1128 1659 1197 Martyr
1704 1141 1837 1180 vero
1893 1124 2079 1179 Justi-

437 1232 551 1272 nus
581 1213 833 1271 rationes
864 1213 1034 1269 nobis
1066 1213 1393 1284 reddit,cur
1414 1212 1472 1269 id
1499 1230 1731 1269 omnem
1756 1214 2081 1269 humanam

437 1304 613 1360 fidem
647 1306 878 1375 superet
903 1302 1139 1372 (Justin.
1174 1302 1504 1374 Mart.Apot.
1540 1303 1833 1375 pag.50).a
1852 1302 2085 1359 Nemini

441 1393 735 1449 enimvero
767 1390 1061 1459 credibile,
1098 1390 1308 1463 inquit,
1342 1392 1466 1447 ﬁeri
1495 1396 1703 1464 potest,
1730 1396 1795 1447 ut
1816 1392 2086 1449 homines

445 1480 919 1554 ﬂagitiosissimis
933 1479 1329 1552 voluptatibus
1344 1481 1545 1551 dediti,
1556 1481 1585 1536 h
1596 1481 1942 1552 umanisque
1954 1482 2088 1538 caesi

448 1570 688 1626 infantis
719 1570 1015 1635 carnibus,
1048 1568 1252 1641 quales
1284 1570 1596 1625 Christiani
1624 1570 1697 1625 ab
1720 1570 1870 1627 485
1906 1570 2092 1626 ethni-

447 1659 531 1715 cis
564 1659 952 1731 ﬂngebantur,
986 1664 1301 1727 vescentes,
1336 1663 1543 1731 sponte
1573 1676 1635 1715 se
1683 1659 1959 1715 omnibus
1990 1661 2091 1715 bo-

448 1750 541 1804 nis
563 1748 780 1803 divitiis
818 1752 875 1802 et
925 1746 1300 1803 facultatibus
1352 1748 1667 1820 privarent,
1720 1749 2091 1819 sinerentque

448 1853 532 1903 se,
566 1837 637 1892 ob
668 1836 851 1891 solam
883 1835 1183 1909 religionis
1208 1837 1351 1892 adeo
1383 1837 1637 1893 crudelis
1668 1836 2093 1893 confessionem

448 1925 924 1998 exquisitissimis
940 1926 1249 1981 tormentis
1266 1925 1542 1993 occidi,ac
1559 1926 1714 1983 ultro
1730 1926 1906 1983 etiam
1922 1943 2101 1998 quan-

452 2017 643 2087 doque
678 2016 851 2071 morti
884 2032 945 2071 se
977 2015 1267 2071 offerrent.
1304 2036 1334 2066 »

526 2122 676 2187 Quid
710 2127 928 2189 autem,
961 2122 1113 2193 quod
1143 2122 1376 2195 Trypho
1406 2122 1748 2189 Judaaus,ab
1773 2124 1976 2179 eodem
1998 2123 2103 2179 Ju-

457 2212 611 2268 stino
643 2212 894 2284 Martyre
922 2212 1336 2283 interrogatus,
1361 2229 1434 2267 an
1463 2228 1667 2267 verum
1697 2229 1824 2269 esse
1846 2222 2108 2269 censeret

461 2300 604 2355 illud
638 2304 697 2355 et
728 2300 997 2372 alterum,
1049 2301 1206 2372 quod
1238 2300 1582 2357 Christianis
1637 2301 1897 2372 inﬂigere
1954 2301 2107 2358 sole-

464 2390 606 2445 bant
635 2388 921 2461 ﬂagitium
949 2405 963 2444 :
998 2410 1027 2441 ‹‹
1054 2389 1330 2445 Homines
1360 2406 1581 2457 vorare,
1611 2394 1670 2446 et
1691 2394 1823 2462 post
1843 2390 2108 2463 epulum,

465 2478 723 2535 lucernis
752 2478 1305 2548 exstinctis,nefario
1336 2480 1668 2551 promiscue
1696 2480 2009 2535 concubitu
2025 2479 2110 2535 in-

466 2568 617 2625 volvi
642 2585 657 2636 ;
697 2590 723 2617 ››
756 2567 876 2623 ulla
903 2568 1125 2640 absque
1154 2567 1513 2624 haesitatione
1542 2569 1873 2641 respondit:
1902 2567 2029 2643 Περὶ
2055 2564 2113 2622 δὲ

468 2657 543 2711 ὧν
603 2653 804 2712 πολλοὶ
868 2654 1141 2730 λέγουσιν,
1200 2654 1263 2710 οὐ
1341 2659 1619 2711 πιστεῦσαι
1693 2654 1860 2726 ἄξιον
1920 2654 2111 2733 πόῥρω

466 2745 571 2822 γὰρ
626 2746 915 2821 κεχώρηκε
994 2750 1094 2814 τῆς
1153 2744 1497 2821 ἀνθρωπίνης
1560 2743 1789 2822 φύσεως.
1820 2769 1849 2798 ‹‹
1917 2749 2114 2812 Ουωα

468 2836 1003 2907 multisjaclantur,
1035 2835 1276 2907 indigna
1303 2839 1444 2891 sunt
1474 2835 1626 2901 ﬁde;
1670 2834 1842 2907 longe
1890 2835 2046 2891 enim
2078 2852 2114 2890 a

466 2930 675 2982 natura
722 2925 981 2980 humana
1054 2925 1272 2979 absunt
1318 2923 1584 2995 (Justin.,
1642 2925 1855 2996 Dialog.
1922 2932 2115 2980 contra

469 3015 652 3086 Triph.
687 3030 819 3086 pag.
846 3013 1033 3085 227).»
1080 3013 1337 3068 Audisne
1359 3012 1629 3067 Judaaum
1662 3030 1778 3068 non
1823 3030 1932 3069 sua
1981 3016 2113 3068 tan-

467 3109 595 3160 tum
626 3107 833 3175 sponte
865 3102 1033 3158 fateri
1072 3101 1194 3157 haec
1245 3118 1373 3157 esse
1421 3101 1803 3169 incredibilia,
1852 3102 1951 3157 sed
2011 3119 2109 3158 ra-

2187 768 2325 824 alibi
2380 769 2498 824 haec
2548 774 2799 836 enarrat,
2846 787 2973 842 quis
3019 787 3054 826 a
3101 770 3270 826 nobis
3310 787 3412 826 suo
3454 770 3567 829 loco
3620 776 3782 849 expla-

2189 860 2381 913 nanda
2412 863 2571 913 sunt.

2260 947 2406 1003 Huic
2436 952 2631 1003 autem
2655 947 3023 1020 responsioni
3041 949 3356 1004 secundam
3378 948 3651 1009 Minucius
3670 954 3789 1023 adji-

2189 1035 2288 1102 cit,
2322 1034 2691 1092 infantictum
2724 1036 2868 1091 illud
2901 1042 3022 1093 tam
3053 1039 3125 1092 ab
3170 1038 3301 1109 ipsa
3344 1039 3589 1110 veritate,
3642 1058 3790 1112 quam

2192 1140 2226 1179 a
2254 1123 2722 1180 Christianorum
2754 1124 3020 1180 moribus
3052 1131 3109 1181 et
3132 1126 3416 1181 institutis
3434 1144 3556 1183 esse
3577 1127 3795 1187 alienum

2192 1214 2493 1281 Quomodo
2523 1214 2679 1270 enim
2709 1212 2828 1269 illis
2879 1211 3143 1271 Ecclesiae
3195 1232 3313 1270 suae
3373 1221 3472 1270 aut
3527 1223 3801 1273 consuetu-

2194 1302 2330 1358 dine
2356 1307 2458 1358 aut
2505 1308 2811 1375 pracepto,
2872 1302 3159 1358 infantem
3216 1303 3456 1374 impune
3518 1305 3802 1364 interﬁcere

2194 1390 2423 1459 liceret,
2472 1391 2690 1464 quibus
2720 1414 2749 1442 «
2810 1391 3218 1463 homicidium,
3254 1414 3282 1442 »
3344 1396 3408 1448 ut
3476 1393 3571 1450 ille
3625 1395 3807 1467 arguit,

2199 1502 2229 1547 (ς
2261 1496 2366 1535 nec
2396 1480 2590 1536 videre
2621 1480 2729 1548 fas,
2766 1495 2871 1535 nec
2916 1480 3119 1536 audire
3144 1480 3172 1536 ?
3200 1503 3229 1531 »

2272 1574 2337 1624 In
2370 1569 2606 1625 eosdem
2658 1568 2925 1640 publicos
2974 1569 3349 1642 nefariosque
3396 1571 3814 1633 calumniatores

2202 1659 2359 1714 idem
2419 1673 2650 1729 quoque
2733 1658 2916 1713 telum
2998 1662 3346 1732 contorquet
3420 1659 3813 1732 Athenagoras:

2205 1770 2233 1797 «
2267 1747 2565 1813 Quomodo
2594 1746 2749 1801 486
2782 1747 3118 1819 quisquam,
3152 1748 3235 1803 ait
3265 1747 3384 1819 ille,
3414 1748 3501 1803 vel
3533 1748 3817 1816 homicidii,

2206 1835 2294 1891 vel
2326 1835 2719 1891 humanarum
2750 1836 3015 1891 carnium
3073 1836 3428 1907 epulationis
3487 1837 3822 1893 insimularet

2210 1925 2364 1995 illos,
2410 1924 2566 1995 quod
2617 1940 2689 1979 ne
2731 1926 2894 1994 justo
2952 1924 3189 1995 quidem
3243 1925 3546 1981 occidendi
3601 1926 3823 1983 hominis

2212 2012 2569 2085 supplicium
2629 2012 2840 2068 intueri
2899 2012 3045 2068 velle
3113 2018 3214 2069 aut
3269 2030 3444 2085 posse
3490 2014 3825 2087 cognoverit?

2220 2124 2242 2151 ι
2278 2099 2382 2162 Οὕς
2414 2100 2515 2175 γὰρ
2566 2097 2736 2154 ἴσασιν
2784 2096 2897 2154 οὐδ’
2950 2097 3105 2169 ἰδεῖν,
3149 2100 3245 2155 κᾶν
3301 2098 3524 2164 δικαίως
3564 2101 3828 2177 φονευόμε-

2214 2210 2304 2244 νον
2338 2189 2728 2262 ὑπομὲνοντας,
2777 2187 2985 2244 τούτων
3031 2188 3112 2251 τίς
3167 2188 3226 2244 ἂν
3276 2189 3609 2259 κατείποι,ἣ
3655 2190 3830 2264 ἀνθρω-

2215 2277 2498 2356 ττοφονίαν⁹
2547 2278 2583 2347 ἢ
2637 2272 3082 2354 ὀνθρωποϐορίαν
3114 2294 3129 2347 ;
3165 2301 3195 2328 »
3244 2280 3447 2351 Pergit
3491 2279 3620 2335 ille:
3656 2302 3680 2330 ιι
3720 2280 3838 2344 Quis

2219 2386 2331 2425 non
2353 2366 2683 2441 spectacula
2704 2368 2824 2438 illa,
2858 2368 2918 2423 in
2947 2368 3165 2440 quibus
3195 2368 3558 2440 gladiatores
3576 2375 3632 2425 et
3646 2368 3837 2424 belluas

2220 2457 2435 2531 populo
2467 2455 2788 2530 praesertim
2815 2474 2917 2513 vos
2948 2457 3335 2530 imperatores
3366 2458 3668 2529 exhibetis,
3690 2456 3842 2512 maxi-

2221 2546 2302 2603 mi
2336 2546 2518 2603 facit?
2548 2546 2664 2601 Nos
2700 2561 2834 2601 vero
2868 2562 2981 2601 non
3018 2547 3100 2602 ita
3146 2546 3429 2619 multum,
3481 2547 3598 2604 sive
3645 2551 3841 2618 specta-

2221 2640 2313 2693 tor
2342 2637 2418 2691 sit
2448 2635 2687 2707 aliquis,
2717 2634 2836 2691 sive
2868 2640 3073 2692 auctor
3119 2636 3321 2704 csadis,
3382 2636 3663 2693 interesse
3708 2633 3845 2707 judi-

2221 2729 2444 2792 cantes,
2470 2725 2660 2780 alieno
2692 2722 2766 2778 ab
2825 2723 2917 2780 his
2969 2725 3328 2797 spectaculis
3388 2727 3586 2782 animo
3642 2739 3841 2790 sumus,

2222 2815 2521 2880 Quomodo
2552 2815 2755 2888 {igitur
2781 2815 2882 2885 qui
2917 2831 2991 2871 ne
3038 2816 3111 2870 ab
3162 2814 3300 2871 aliis
3349 2815 3593 2886 quidem
3637 2812 3771 2879 fieri,
3789 2828 3848 2867 ne

2224 2903 2363 2977 quid
2396 2904 2531 2960 inde
2563 2907 2799 2963 sceleris
2831 2910 2888 2961 et
2913 2903 3128 2977 piaculi
3162 2903 3221 2957 in
3287 2921 3401 2960 nos
3458 2903 3751 2970 redundet,
3777 2900 3847 2954 vi-

2222 2994 2359 3049 dere
2400 2995 2788 3065 sustinemus,
2840 2993 3229 3051 homicidium
3294 2993 3730 3049 committemus
3756 2988 3850 3062 ipsi

2224 3082 2555 3156 (Athenag.,
2590 3086 2777 3156 Legat.
2807 3100 2909 3156 pro
2934 3083 3262 3149 Christian.,
3292 3097 3431 3153 pag.
3470 3082 3561 3151 38)
3584 3080 3611 3135 ?
3642 3102 3669 3129 »

468 3151 691 3248 tioneni
712 3192 886 3248 etiam
919 3192 1159 3246 reddere
1200 3206 1305 3246 cur
1334 3190 1435 3245 illa
1464 3190 1610 3245 falsa
1665 3151 1803 3246 esse,
1849 3191 2107 3263 omnino,
2143 3151 2186 3218 Ο
2300 3190 2580 3246 Eumdem
2614 3191 2783 3263 plane
2813 3190 2871 3245 in
2905 3190 3147 3245 modum
3181 3194 3397 3243 contra
3414 3186 3659 3259 gentiles
3680 3184 3856 3256 dispu-

470 3297 573 3336 nec
604 3280 758 3336 credi
793 3294 964 3352 posse
996 3296 1342 3351 persuarum
1374 3278 1645 3334 habuerit
1666 3279 1694 3333 ‘I

540 3386 933 3443 Tertullianus
963 3391 1158 3441 autem
1190 3386 1346 3442 haud
1376 3386 1673 3442 immerito
1704 3385 1913 3441 asserit
1955 3390 2117 3443 extra

472 3494 708 3534 omnem
738 3477 971 3547 penitus
1000 3492 1127 3531 esse
1157 3475 1605 3532 credibilitatem
1638 3479 1814 3547 atque
1857 3474 2116 3530 hominis

474 3584 590 3622 non
624 3569 819 3621 mente
852 3564 1083 3636 penitus
1103 3564 1255 3636 capti
1287 3564 1725 3636 opinionem,eo
1756 3564 2117 3621 Christianos

475 3654 703 3709 venisse
732 3652 1057 3723 dementiae,
1090 3656 1153 3708 ut
1171 3653 1349 3708 vitam
1374 3654 1817 3724 mercedemque
1837 3656 2115 3709 aeternam

476 3742 550 3799 iis
580 3742 1005 3815 promitterent,
1040 3742 1139 3814 qui
1171 3742 1349 3798 tantis
1381 3746 1620 3814 tamque
1650 3742 1957 3798 horrendis
1993 3756 2117 3796 sce-

476 3830 694 3885 leribus
726 3847 838 3885 non
874 3831 1051 3885 semel
1087 3835 1187 3885 aut
1234 3847 1385 3895 raro,
1438 3832 1539 3886 sed
1602 3834 1723 3886 toto
1783 3830 1963 3885 ferme
1990 3829 2118 3883 vita:

477 3936 596 3975 sua)
655 3923 915 3990 tempore
948 3918 1513 3987 contaminarentur,
1545 3922 1756 3975 Przetat
1802 3935 1935 3974 vero
1984 3933 2118 3973 eum

476 4007 807 4080 loquentem
843 4009 1079 4063 audire:
1117 4031 1144 4058 ‹‹
1178 4008 1252 4063 Ut
1273 4008 1446 4063 fidem
1466 4012 1686 4062 natura:
1714 4006 1899 4078 ipsius
1922 4004 2119 4078 appel-

482 4097 596 4153 lem
629 4099 904 4153 adversus
936 4114 1054 4166 eos,
1082 4096 1179 4166 qui
1210 4095 1350 4152 talia
1389 4097 1678 4153 credenda
1724 4112 1853 4151 esse
1901 4111 2119 4167 praesu-

479 4192 642 4243 munt
672 4206 686 4255 ;
718 4204 849 4242 ecce
881 4186 1261 4258 proponimus
1288 4185 1497 4241 horum
1532 4185 1858 4241 facinorum
1900 4199 2119 4239 merce-

478 4276 633 4331 dem.
668 4276 858 4331 Vitam
890 4280 1166 4330 aeternam
1209 4274 1643 4346 repromittunt.
1696 4273 1922 4328 Credite
1974 4272 2121 4326 inte-

480 4365 611 4419 rim.
650 4370 723 4420 De
756 4366 861 4421 hoc
905 4365 1059 4420 enim
1100 4381 1315 4436 quaero,
1377 4380 1448 4418 an
1508 4367 1565 4419 et
1619 4362 1719 4434 qui
1778 4360 2120 4429 credideris,

480 4454 626 4509 tanti
659 4454 874 4510 habeas
925 4455 996 4509 ad
1044 4470 1172 4509 eam
1228 4451 1328 4508 tali
1388 4451 1745 4508 conscientia
1800 4450 2118 4523 pervenire.

2221 3282 2309 3335 tat
2324 3278 2684 3350 Theophilus
2697 3278 3203 3335 Antiochenus.Ad
3226 3278 3586 3349 Autolycum
3602 3272 3858 3346 (Theoph.

2223 3366 2325 3422 lib.
2360 3384 2423 3421 III
2452 3367 2523 3421 ad
2550 3368 2823 3439 Autolyc.,
2859 3383 2990 3439 pag.
3025 3367 3148 3435 126)
3194 3365 3425 3438 quippe
3458 3365 3583 3420 haec
3614 3364 3671 3419 in
3710 3360 3862 3416 verba

2225 3454 2497 3527 scripsit:
2529 3479 2558 3506 «
2582 3457 2747 3512 Nunc
2776 3456 2904 3511 vide
2936 3472 3012 3511 an
3056 3454 3117 3509 hi
3171 3454 3277 3526 qui
3337 3454 3506 3519 talia,
3541 3475 3571 3503 ι»
3634 3452 3736 3506 hoc
3762 3453 3853 3513 est,

2226 3549 2578 3600 memoratas
2608 3562 2642 3600 a
2673 3562 2735 3601 se
2756 3543 3166 3601 sanctissimas
3209 3542 3440 3599 Christi
3490 3542 3668 3614 leges,
3698 3561 3724 3589 α
3772 3538 3864 3593 d0-

2227 3636 2450 3702 centur,
2495 3632 2714 3705 talique
2766 3633 3022 3700 discunt,
3078 3631 3317 3703 possint
3370 3647 3538 3686 more
3585 3632 3865 3685 brutorum

2227 3722 2569 3777 animalium
2602 3723 2811 3788 vivere,
2860 3726 2919 3777 et
2979 3719 3161 3793 pollui
3222 3719 3478 3776 nefariis
3529 3715 3867 3775 commistio-

2229 3810 2423 3878 nibus,
2462 3815 2562 3865 aut
2594 3811 2845 3882 possint,
2879 3810 3030 3882 quod
3064 3809 3339 3865 omnium
3376 3807 3866 3863 immanissimum

2227 3902 2335 3968 est,
2369 3915 2574 3954 carnes
2610 3898 2922 3968 humanas,
2955 3898 3201 3953 infantis
3235 3897 3475 3953 scilicet
3506 3913 3541 3951 a
3590 3912 3653 3951 se
3698 3891 3869 3955 occisi,

2229 3988 2559 4060 attingere?
2609 3992 2757 4041 Οπου
2806 4006 2868 4062 γε
2912 3986 3001 4040 καὶ
3048 3986 3144 4047 τὰς
3195 3984 3323 4048 θὲας
3375 3988 3487 4039 τῶν
3566 3978 3874 4056 μονομάχων

2228 4076 2361 4145 ἡμῖν
2433 4074 2722 4149 ἀπείρηται
2773 4076 2925 4150 ὁρᾷν,
2994 4070 3079 4128 ἵνα
3141 4074 3218 4146 μὴ
3293 4074 3571 4127 κοινωνοὶ
3627 4072 3714 4126 καὶ
3756 4067 3877 4121 crevi-

2230 4183 2416 4239 στορες
2472 4167 2580 4217 τῶν
2626 4164 2803 4241 φόνων
2854 4163 3159 4237 γενώμεθα.
3211 4161 3379 4217 Ἀλλ’
3426 4158 3559 4217 οὐδέ
3588 4162 3682 4222 τὰς
3711 4156 3879 4215 λοιπὰς

2228 4251 2457 4327 θεωρίας
2507 4252 2634 4328 ὁρᾷν
2662 4254 2797 4328 χρὴ,
2825 4250 2918 4307 τίνοι
2970 4253 3046 4325 μὴ
3092 4249 3457 4324 μολύνωνται
3506 4253 3667 4323 ἡμῶν
3718 4246 3877 4321 0169-

2231 4339 2458 4413 θαλμοὶ,
2504 4342 2594 4395 καὶ
2644 4343 2711 4395 τὰ
2760 4342 2894 4409 ὦτα,
2946 4340 3213 4415 γενόμενα
3264 4343 3616 4415 συμμέτοχα
3662 4343 3764 4393 τῶν
3793 4335 3882 4389 ἐκεῖ

2232 4433 2421 4507 φωνῶν
2466 4426 2767 4503 ᾀδομένων,
2821 4429 2865 4484 εἰ
2916 4430 3021 4506 γὰρ
3070 4429 3212 4484 εἴποι
3270 4450 3363 4491 τις
3419 4431 3552 4503 περί
3628 4429 3883 4502 ἀνθρωπο-

480 4542 645 4611 Veni,
679 4544 949 4614 demerge
982 4543 1197 4598 ferrum
1230 4542 1290 4597 in
1322 4541 1628 4607 infantem,
1662 4541 1881 4597 nullius
1933 4555 2109 4597 reum.

2232 4513 2419 4594 ϐορίας
2481 4516 2589 4573 ἐκεῖ
2644 4519 2709 4574 τὰ
2782 4518 3015 4575 Θυέστου
3073 4518 3161 4573 καὶ
3221 4518 3447 4594 Τερὲως
3502 4516 3666 4574 τὲκνα
3738 4510 3886 4577 ἐσθιό-

483 4630 746 4688 omnium
779 4631 1117 4686 filiumzvel
1175 4631 1223 4686 si
1277 4630 1517 4686 alterius
1574 4630 1829 4687 ofﬂcium
1889 4634 1999 4700 est,
2059 4634 2122 4685 tu

484 4722 657 4776 modo
689 4720 899 4775 assiste
948 4719 1219 4775 morienti
1272 4719 1520 4788 homini,
1582 4724 1898 4791 antequam
1956 4719 2121 4788 vixit,

483 4810 825 4882 Fugientem
858 4809 1116 4865 animam
1148 4826 1355 4865 novam
1389 4807 1895 4881 exspecta.Excipe
1919 4809 2125 4865 rudem

484 4899 833 4973 sanguinem
859 4915 872 4967 ;
907 4915 973 4954 eo
1004 4915 1211 4971 panem
1242 4902 1410 4953 tuum
1442 4897 1628 4964 satia;
1660 4913 1889 4953 vescere
1940 4897 2125 4954 liben-

482 4993 590 5044 ter.
625 4988 1261 5055 Intereadiscumbens,
1282 4985 1770 5052 dinumeraloca;
1800 4984 1898 5039 ubi
1923 4992 2126 5057 mater,

484 5078 583 5133 ubi
616 5095 797 5148 soror,
832 5083 969 5133 nota
1000 5076 1329 5148 diligenter,
1362 5078 1427 5129 ut
1456 5089 1590 5128 cum
1624 5073 1873 5128 tenebras
1904 5074 2129 5131 cecide-

483 5168 619 5236 rint,
653 5168 895 5238 canina,
929 5184 1045 5223 non
1076 5181 1253 5220 erres.
1288 5160 1588 5217 Piaculum
1611 5161 1767 5217 cnim
1797 5162 2129 5234 admiseris,

483 5257 596 5311 nisi
632 5258 921 5312 incestum
955 5254 1180 5310 feceris.
1213 5250 1369 5306 Talia
1391 5248 1681 5323 initiatus,
1708 5254 1764 5306 et
1815 5250 2131 5323 consigna-

483 5352 600 5411 tus,
633 5346 781 5401 vivis
832 5345 891 5399 in
931 5358 1140 5398 aevum.
1202 5340 1381 5411 Cupio
1444 5340 1818 5411 respondeas,
1877 5340 1925 5395 si
1985 5340 2131 5396 tanti

484 5433 814 5489 aeternitas?
842 5435 953 5488 Aut
983 5432 1031 5487 si
1063 5447 1201 5503 non,
1235 5430 1361 5485 ideo
1396 5446 1497 5484 nec
1530 5429 1836 5485 credenda.
1874 5430 2129 5486 Etiamsi

485 5522 824 5588 credideris,
854 5538 1001 5593 nego
1034 5526 1089 5576 te
1137 5518 1319 5575 velle:
1373 5518 1602 5575 etiamsi
1658 5517 1930 5585 volueris,
1986 5535 2132 5591 nego

484 5617 538 5669 te
568 5625 760 5683 posse.
803 5610 918 5668 Cur
966 5626 1099 5683 ergo
1155 5609 1252 5666 alii
1303 5608 1552 5683 possint,
1610 5606 1658 5662 si
1705 5624 1807 5664 vos
1860 5623 1975 5663 non
2037 5624 2135 5678 po-

2238 4628 2387 4681 μενα.
2425 4609 2751 4665 Praesertim
2784 4626 2919 4666 cum
2954 4610 3131 4665 etiam
3180 4609 3651 4665 monomachias
3682 4608 3883 4678 specta-

2234 4715 2297 4755 re
2327 4698 2496 4754 nobis
2537 4698 2914 4754 interdictum
2968 4699 3066 4767 sit,
3126 4714 3198 4752 ne
3250 4697 3543 4754 videlicet
3599 4693 3887 4769 participes

2236 4787 2575 4860 hujusmodi
2604 4789 2851 4845 caedium
2884 4788 3217 4844 reddamur.
3263 4786 3393 4842 Nec
3423 4793 3643 4843 cetera
3688 4787 3889 4856 specta-

2237 4894 2294 4933 re
2319 4878 2627 4949 audemus,
2661 4895 2734 4934 ne
2764 4877 2917 4935 oculi
2947 4877 3130 4933 nostri
3155 4876 3580 4947 inquinentur,
3640 4878 3698 4931 et
3743 4882 3892 4928 aures

2238 4970 2448 5022 nostris
2480 4966 2721 5022 audiant
2750 4967 3015 5039 profana,
3048 4982 3177 5037 quae
3206 4963 3295 5018 ibi
3332 4965 3759 5029 decantantur,
3784 4974 3891 5016 car-

2240 5055 2437 5123 mina;
2472 5072 2680 5128 nempe
2701 5056 2842 5111 dum
2874 5054 3142 5128 Thyestis
3172 5053 3415 5124 tragica
3448 5052 3715 5109 facinora
3758 5060 3893 5104 com-

2242 5148 2588 5212 memorant,
2620 5148 2679 5200 et
2708 5144 2874 5200 Terei
2921 5143 3137 5200 liberos
3196 5141 3527 5198 devoratos
3582 5140 3842 5199 recitant-
3870 5155 3893 5181 »

2310 5249 2491 5306 Nemo
2516 5254 2605 5308 est
2622 5255 2817 5307 autem
2842 5250 2944 5322 qui
2966 5249 3187 5305 nesciat
3203 5262 3340 5319 qua
3376 5248 3507 5303 sint
3532 5247 3638 5304 illa
3654 5238 3899 5317 Thyestis

2241 5338 2520 5411 Tereique
2581 5340 2802 5412 tragica
2850 5336 3421 5409 immanissimaque
3471 5337 3754 5401 facinora,
3785 5345 3897 5403 qua!

2240 5428 2457 5485 ethnici
2515 5428 2771 5501 publicis
2828 5430 2888 5484 in
2949 5424 3308 5501 spectaculis
3388 5422 3895 5499 repraesentabant.

2244 5518 2523 5590 Thyestes
2548 5518 2705 5574 enim
2733 5520 2913 5575 fertur
2934 5518 3092 5573 Atrei
3124 5515 3332 5572 fratris
3359 5516 3461 5573 sui
3491 5531 3732 5573 uxorem
3748 5507 3898 5568 adul-

2240 5607 2387 5663 terio
2416 5606 2673 5665 vitiasse.
2709 5608 2894 5679 Cujus
2928 5605 3137 5679 ﬂagitii
3187 5604 3249 5661 in
3308 5604 3652 5663 vindictam
3707 5604 3897 5659 Atreus
