4088 6150
307 269 405 328 501
1740 267 1924 328 Ι)ιὸδῖ

2045 271 2282 329 ΓΑΤΙΟ.

3581 280 3700 338 502

293 400 465 456 tilium
496 397 856 470 epulandum
887 397 938 453 ei
971 397 1264 470 apposuit,
1291 415 1420 471 quas
1443 398 1676 471 quidem
1710 397 1927 454 stelera
1957 401 2011 466 Α
2040 399 2230 470 ipsam
2284 401 2695 470 submonente,
2741 405 2798 458 et
2844 404 3248 462 contradicens
3299 406 3499 478 impiis
3534 423 3547 462 :
3583 409 3690 472 Qui

291 504 358 544 ne
386 486 469 542 sol
498 484 738 554 videret,
773 501 946 540 suum
981 485 1280 541 idcircirco
1327 502 1567 542 cursum
1601 491 1755 542 retro
1786 503 1927 542 con-

287 575 523 632 vertisse
574 572 932 629 fabulantur.
985 574 1199 630 Tereus
1261 591 1412 641 vero,
1464 574 1757 630 Thracum
1807 592 1927 645 rex,

286 665 666 720 Philomelam
683 668 938 735 Prognes
961 663 1158 718 uxoris
1173 680 1292 718 εωθ
1314 679 1595 730 sororem,
1612 667 1924 735 postquam

282 760 735 826 constuprasset,
769 752 1031 824 linguam
1073 752 1124 807 ei
1156 752 1436 824 praecidit,
1471 753 1922 825 arctissimaque
1951 779 1956 781 -

283 843 548 900 custodia
590 841 855 897 inclusit.
889 841 998 897 Sed
1043 841 1179 897 inde
1236 859 1269 897 a
1317 845 1544 914 Progne
1575 843 1785 897 educta
1835 847 1926 898 est

276 949 338 988 ac
361 939 612 1003 utraque
646 932 812 1003 Itym,
847 929 1174 986 adulterino
1207 931 1520 986 concubitu
1553 936 1922 1003 prognatum,

273 1023 450 1078 Tereo
497 1020 651 1092 patri
702 1020 762 1074 in
815 1019 1075 1075 convivio
1127 1019 1553 1075 comedendum
1611 1020 1787 1076 dedit.
1819 1021 1927 1076 Tot

268 1109 518 1166 crimina
551 1112 758 1181 praeter
786 1107 1054 1164 Ovidium
1085 1112 1142 1164 et
1169 1107 1338 1177 alios,
1373 1108 1659 1165 Martialis
1686 1109 1921 1165 duobus

270 1199 638 1255 carminibus
663 1199 745 1253 ita
770 1197 1017 1254 cecinit:

432 1340 525 1390 llle
556 1340 727 1403 magis
755 1338 907 1398 ludit,
931 1339 1022 1402 qui
1053 1338 1235 1403 scribit
1260 1339 1487 1403 prandia
1517 1339 1645 1389 saevi

492 1402 712 1466 Tereds,
743 1407 833 1452 aut
865 1415 1088 1460 omnem,
1126 1402 1549 1466 rudeg'gl‘hyeste,’
1565 1406 1734 1466 tuam.

266 1465 466 1531 (0vid.,
499 1465 538 1515 1.
569 1479 622 1516 η
652 1469 704 1516 et
730 1479 820 1514 xxv
848 1465 1183 1515 Metamorrh.
1215 1479 1227 1514 :
1262 1464 1506 1524 Martial.,
1540 1465 1574 1514 l.
1606 1465 1791 1528 Epigr.
1823 1464 1924 1528 19.)

264 1592 447 1647 Vides
489 1590 673 1663 igitur
720 1606 898 1661 quam
951 1588 1158 1644 merito
1202 1589 1338 1660 jure
1389 1588 1683 1645 Minucius
1731 1593 1928 1646 noster

264 1681 486 1752 aliique
528 1678 931 1752 antiquissimi
981 1677 1247 1734 Ecclesits
1303 1677 1503 1734 Patres
1528 1683 1927 1734 asseverarent

268 1769 641 1826 Christianos
673 1769 744 1823 ab
771 1767 976 1824 etnicis
1005 1767 1308 1824 homicidii
1343 1766 1491 1823 falso
1517 1767 1731 1823 falsius
1756 1784 1926 1823 accu-
1957 1771 2006 1836 B

263 1859 416 1927 sari;
451 1858 674 1931 quippe
704 1857 804 1930 qui
825 1856 972 1912 illud
1004 1857 1146 1913 adeo
1170 1855 1665 1927 abhorrebant,ut
1688 1855 1834 1912 illud
1860 1873 1929 1913 ne

268 1948 510 2021 quidem
527 1948 588 2002 in
604 1945 855 2019 publicis
869 1945 1220 2018 spectaculis
1235 1949 1717 2018 repraesentatum
1732 1946 1930 2002 videre

271 2041 374 2092 aut
407 2035 561 2091 487
599 2035 800 2091 audire
831 2051 1093 2106 unquam
1118 2033 1346 2090 vellent.
1395 2034 1511 2090 Nec
1546 2033 1744 2090 minus
1776 2034 1930 2091 clare

267 2125 569 2198 conspicis
598 2124 731 2179 illos
764 2139 1039 2179 comesses
1072 2123 1344 2179 humanm
1393 2123 1585 2179 carnis
1629 2127 1749 2178 tam
1782 2123 1927 2180 falso

271 2231 452 2287 quam
488 2230 625 2269 vere
654 2214 943 2286 quosdam
976 2213 1243 2268 ethnicos
1293 2212 1650 2268 insimulari.
1703 2213 1763 2268 Si
1795 2213 1928 2284 quis

273 2309 471 2361 autem
520 2303 666 2360 alios
716 2303 992 2359 similiter
1047 2308 1526 2375 argumentantes
1575 2303 1687 2359 sibi
1738 2303 1928 2360 adhuc

275 2395 528 2467 proferri
554 2393 711 2461 velit,
743 2391 1170 2448 Tertullianum
1203 2391 1519 2448 citabimus
1549 2391 1651 2448 lib.
1684 2392 1748 2448 de
1777 2392 1931 2466 Spec-

276 2485 657 2555 taculis,cap.
720 2483 786 2537 19
834 2487 892 2537 et
947 2483 1066 2549 20;
1126 2481 1502 2553 Cyprianum,
1559 2481 1802 2552 Epistola
1858 2481 1928 2536 ad

275 2578 505 2642 Donat,
539 2588 662 2642 cap.
699 2572 802 2639 15;
836 2570 1202 2626 Lactantium
1242 2569 1344 2626 lib.
1378 2587 1454 2638 v1,
1507 2586 1634 2642 cap.
1666 2571 1756 2640 20,
1791 2586 1924 2643 pag.

273 2663 401 2730 619,
435 2666 497 2716 et
525 2660 586 2716 in
618 2661 865 2732 Epitome
893 2675 1021 2731 cap.
1051 2660 1108 2719 6.
1141 2674 1274 2730 pag.
1304 2659 1432 2712 743.

342 2751 551 2822 Neque
583 2766 758 2821 porro
789 2748 898 2804 hoc
929 2752 1184 2814 tantum,
1227 2748 1327 2803 sed
1383 2746 1496 2804 alio
1549 2747 1722 2804 etiam
1754 2765 1925 2820 argu-

277 2844 476 2894 mento
509 2837 806 2894 Minucius
834 2836 998 2892 illam
1026 2835 1384 2892 calumniam
1437 2835 1666 2892 refellit.
1705 2858 1734 2887 «
1767 2839 1926 2892 Tan-

277 2933 426 2995 tum,
479 2926 698 2999 inquit,
748 2926 818 2981 ab
863 2925 1123 2980 humano
1169 2926 1458 2998 sanguine
1508 2942 1806 2993 cavemus,
1859 2929 1926 2982 ut

274 3035 379 3073 nec
407 3016 675 3072 edulium
710 3031 984 3088 pecorum
1027 3014 1085 3068 in
1117 3013 1263 3070 cibis
1315 3014 1661 3086 sanguinem
1696 3015 1923 3070 noveri-

275 3123 425 3162 mus.
465 3128 493 3156 «
522 3104 728 3160 Acrius
757 3120 890 3159 vero
917 3107 973 3158 et
1002 3103 1406 3158 vehementius
1435 3102 1831 3158 'I‘ertullianus
1863 3103 1920 3159 in

272 3196 511 3251 eosdem
563 3194 826 3250 ethnicos
896 3193 1044 3247 banc
1113 3191 1683 3264 argumentationem
1735 3195 1923 3264 urget.

270 3286 459 3357 Digna
493 3287 689 3339 autem
722 3282 978 3354 proiecto
1009 3286 1169 3352 sunt,
1205 3298 1332 3352 quas
1377 3281 1470 3337 hic
1520 3282 1931 3337 describantur

267 3373 433 3429 illius
465 3373 647 3428 verba
678 3389 692 3427 :
727 3394 754 3421 ‹‹
790 3371 1107 3426 Erubescat
1135 3387 1296 3425 error
1336 3375 1527 3426 vester
1557 3371 1926 3439 Christianis,

268 3463 371 3536 qui
423 3479 501 3517 ne
554 3459 899 3516 animalium
943 3461 1182 3532 quidem
1234 3460 1583 3531 sanguinem
1627 3460 1686 3514 in
1738 3460 1928 3531 epulis

262 3549 600 3607 esculentis
625 3549 948 3617 habemus;
985 3550 1083 3620 qui
1135 3552 1442 3621 propterea
1484 3564 1715 3620 quoque
1745 3549 1928 3604 suffo-

257 3641 416 3697 catis
449 3645 512 3695 et
560 3638 886 3694 morticinis
936 3638 1323 3706 abstinemus,
1357 3654 1428 3693 ne
1479 3654 1593 3709 quo
1643 3637 1928 3710 sanguine

252 3729 770 3795 contaminemur,
799 3726 887 3782 vel
919 3727 1072 3782 infra
1103 3728 1327 3783 viscera
1379 3725 1628 3798 sepulto.
1676 3726 1927 3797 Denique

248 3819 418 3875 inter
496 3821 861 3872 tentamenta
933 3815 1399 3872 Christianorum
1461 3814 1690 3870 botulos
1747 3813 1926 3870 etiam

246 3924 480 3966 cruore
514 3907 805 3962 distentos
837 3905 1160 3961 admovetis
1193 3904 1509 3960 certissimi
1556 3903 1779 3960 scilicet
1806 3902 1926 3958 illi-

241 3999 453 4056 citum
510 4011 643 4050 esse
691 4010 868 4066 penes
915 3993 1068 4061 illos,
1115 4010 1219 4066 per
1262 3993 1417 4065 quod
1471 3991 1794 4048 exorbitare
1823 4009 1924 4048 vos

235 4085 468 4142 vultis.
505 4087 685 4138 Porro
713 4082 882 4154 quale
910 4087 1018 4150 est,
1051 4089 1117 4139 ut
1141 4097 1291 4154 quos
1323 4081 1669 4152 sanguinem
1698 4080 1922 4152 pecoris

238 4177 509 4232 horrere
540 4171 856 4238 confiditis,
888 4171 1149 4227 humano
1181 4171 1409 4227 inhiare
1427 4169 1677 4226 credatis
1710 4172 1732 4225 Ρ
1759 4169 1923 4242 (Ter-

237 4263 365 4318 tui.
403 4261 643 4330 Apolog.
677 4275 804 4332 cap.
833 4260 888 4326 9,
922 4275 1053 4332 pag.
1085 4260 1199 4331 10.)

326 4349 470 4406 Non
503 4346 614 4403 soli
649 4353 844 4403 autem
874 4347 1004 4415 viri,
1032 4348 1133 4404 sed
1165 4352 1221 4404 et
1251 4346 1527 4403 mulieres
1576 4348 1683 4404 bac
1733 4347 1928 4403 valida

249 4437 501 4492 ratione
548 4435 915 4492 Christianos
946 4436 1149 4493 fictitio
1196 4435 1367 4508 plane
1416 4437 1658 4491 crimine
1705 4453 1924 4508 purga-

2042 488 2164 543 ﬁeri
2219 493 2434 559 posset,
2482 490 2802 561 inquiebat,
2865 496 2930 546 ut
2995 492 3249 550 infantes
3299 495 3690 551 comederent.

2040 577 2255 648 quibus
2270 593 2340 632 ne
2354 579 2702 649 sanguinem
2721 580 2958 649 quidem
2973 580 3360 638 animantium
3378 585 3692 655 degustare

2039 663 2176 720 licet
2203 666 2434 735 (Euseb.
2470 665 2571 720 lib.
2605 684 2640 722 v
2670 668 2811 722 Eccl.
2846 670 3003 740 Hist.,
3045 687 3170 743 cap.
3207 673 3256 740 1,
3294 689 3423 745 pag.
3461 673 3626 741 159)?
3659 695 3688 723 »

2112 753 2259 820 Quid
2311 754 2420 810 hoc
2469 755 2696 810 feminea
2763 757 3096 814 testimonio
3142 761 3212 815 ad
3277 763 3689 818 revincendam

2039 842 2404 898 ethnicorum
2453 842 2810 899 calumniam
2859 846 3090 902 validus
3137 853 3195 903 et
3225 850 3566 906 efﬁcacius?
3597 851 3688 906 Bi-

2038 930 2260 987 bliades
2289 931 2620 988 Christiana
2652 934 2869 990 femina
2893 935 3350 994 immanissimis
3383 939 3690 1011 suppliciis

2035 1024 2256 1087 vexata,
2288 1021 2610 1092 impactum
2644 1022 2993 1080 Christianis
3041 1026 3262 1082 crimen
3296 1027 3512 1083 falsum
3561 1046 3689 1084 esse

2037 1110 2310 1179 affirmat,
2343 1111 2444 1166 sed
2479 1111 2731 1166 summis
2763 1112 3064 1169 doloribus
3095 1114 3265 1184 victa,
3321 1122 3495 1187 atque
3524 1122 3589 1172 ut
3618 1118 3690 1173 iis

2034 1198 2402 1266 liberaretur,
2440 1217 2644 1256 verum
2697 1216 2825 1256 esse
2873 1205 2989 1258 tam
3047 1202 3214 1272 falso,
3284 1221 3461 1276 quam
3511 1206 3688 1262 invito

2034 1286 2268 1344 fatetur.
2293 1288 2379 1343 Ad
2405 1288 2699 1344 saniorem
2722 1289 2930 1347 deinde
2963 1297 3218 1348 mentem
3242 1293 3688 1366 reddit,palam-

2036 1393 2149 1448 que
2179 1376 2438 1434 declarat
2486 1394 2549 1434 se
2577 1378 2634 1432 vi
2683 1383 3110 1436 tormentorum
3157 1387 3417 1437 coactam
3468 1382 3684 1438 falsum

2035 1465 2251 1522 dixisse
2284 1481 2300 1533 ;
2331 1482 2398 1522 ac
2426 1466 2666 1522 tandem
2700 1467 3015 1525 dirioribus
3061 1471 3372 1526 tormentis
3422 1471 3683 1527 excarni-

2036 1555 2225 1622 ﬂcata,
2259 1554 2320 1610 in
2376 1554 2486 1610 hac
2530 1555 2741 1611 ultima
2771 1556 2874 1613 illa
2921 1558 3287 1614 confessione
3333 1564 3684 1631 perseverat,

2035 1647 2092 1698 et
2143 1643 2410 1700 moritur.
2472 1644 2614 1708 Quis
2674 1661 2810 1717 ergo
2853 1663 3007 1701 sanas
3069 1648 3283 1703 mentis
3340 1648 3516 1704 homo
3547 1649 3684 1704 huic

2034 1732 2372 1788 testimonio
2425 1734 2599 1790 fidem
2640 1734 2945 1806 abrogabit
2973 1735 3001 1790 ?
3031 1736 3110 1792 De
3148 1736 3454 1792 interdicto
3486 1745 3684 1792 autem

2040 1821 2386 1878 Christianis
2409 1823 2755 1878 animalium
2774 1824 3062 1896 sanguine
3084 1824 3221 1880 alibi
3253 1826 3686 1898 disputavimus

2039 1913 2205 1980 (tom.
2240 1911 2262 1966 Ι
2293 1912 2496 1983 Αρραν.
2529 1911 2632 1968 lib.
2685 1929 2770 1978 III,
2802 1912 3035 1970 dissert.
3094 1918 3138 1985 l,
3190 1931 3318 1986 cap.
3372 1917 3427 1981 3,
3487 1918 3600 1971 art.
3630 1914 3686 1982 5,

2038 2015 2172 2072 pag.
2206 2000 2309 2056 480
2333 2005 2384 2057 et
2412 2001 2600 2074 scqq.).

2519 2117 2671 2172 488
2701 2117 3106 2173 ARTICULUS
3139 2119 3207 2174 II.

2038 2204 2364 2267 Ostenditur
2392 2222 2559 2278 quam
2587 2215 2728 2263 certo
2788 2209 3080 2265 Minunius
3132 2207 3371 2264 ethnicos
3400 2209 3696 2266 homicidii

2109 2280 2424 2348 convincat,
2472 2283 2658 2352 utpote
2710 2282 2804 2350 qui
2849 2279 2990 2348 ﬁlios
3027 2295 3213 2335 recens
3250 2284 3693 2352 natoscmpone-

2105 2354 2256 2419 rent,
2291 2357 2396 2423 aut,
2430 2350 2623 2405 abortu
2668 2361 2948 2423 necarent,
3001 2357 3168 2422 atque
3212 2353 3380 2407 etiam
3411 2350 3695 2423 Carthagi-

2109 2437 2302 2476 nenscs
2361 2422 2601 2476 Saturno
2660 2422 2904 2490 ﬁliorum
2957 2438 3183 2478 suorum
3244 2425 3504 2489 voratori,
3565 2422 3691 2481 suos

2110 2493 2492 2558 immolarent,
2517 2500 2742 2563 tumque
2773 2495 3001 2548 illorum
3031 2496 3295 2565 gemitum
3326 2495 3611 2551 blanditiis
3639 2504 3691 2551 et

2114 2565 2316 2620 osculis
2393 2566 2752 2635 comprimere
2822 2569 3176 2633 conarentur,
3262 2582 3326 2622 ac
3394 2583 3561 2638 quam
3623 2568 3688 2623 ob

2105 2652 2172 2693 ca
2180 2652 2335 2691 usam
2343 2677 2355 2690 .

2106 2752 2277 2808 Nulla
2306 2752 2496 2823 major
2524 2767 2558 2806 a
2581 2750 3081 2823 depravatissimis
3101 2750 3444 2808 hominibus
3467 2751 3685 2809 calum-

2035 2840 2133 2896 nia
2161 2840 2474 2913 excogitari
2520 2843 2728 2912 potest,
2781 2857 2958 2912 quam
3008 2857 3138 2896 cum
3189 2841 3678 2912 gravissimorum

2034 2930 2319 2985 scelerum
2353 2946 2601 3000 quorum
2637 2928 2870 3000 ipsimet
2918 2928 2998 2983 rei
3055 2933 3213 3000 sunt,
3265 2929 3410 2984 alios
3443 2929 3680 2986 omnino

2034 3018 2296 3074 insontes
2327 3017 2697 3073 insimulant.
2727 3017 2899 3073 Tales
2930 3022 3124 3073 autem
3157 3017 3448 3075 Minucius
3473 3019 3684 3089 probat

2041 3105 2223 3163 fuisse
2274 3105 2559 3164 ethnicos.
2616 3104 2815 3161 Palam
2874 3107 3030 3161 enim
3088 3123 3222 3162 vero
3283 3106 3556 3162 omnibus
3587 3107 3685 3163 ille

2041 3196 2179 3252 facit
2225 3195 2638 3265 homicidium,
2688 3196 2858 3266 cujus
2904 3194 3240 3263 falsissime,
3277 3195 3362 3250 uti
3397 3195 3686 3266 superiori

2039 3284 2282 3341 articulo
2342 3283 2563 3339 dictum
2615 3289 2724 3351 est,
2784 3284 3146 3340 Christianos
3203 3285 3551 3356 arguebant,
3610 3286 3681 3341 ab

2036 3372 2183 3446 ipsis
2228 3389 2445 3441 revera,
2502 3389 2608 3428 nec
2654 3372 2857 3442 semel,
2911 3389 3013 3428 nec
3063 3389 3179 3428 uno
3209 3377 3440 3429 tantum
3491 3375 3689 3443 modo,

2038 3463 2138 3519 sed
2170 3478 2320 3534 saepe
2350 3461 2569 3534 saepius
2620 3463 2913 3533 variisque
2963 3463 3150 3518 modis
3182 3463 3488 3518 committi.
3531 3463 3678 3519 Nam

2037 3555 2242 3622 praeter
2277 3550 2396 3619 illa,
2433 3568 2558 3622 qua:
2581 3550 2640 3606 in
2673 3551 2957 3623 superiori
2981 3551 3224 3607 articulo
3256 3568 3324 3606 ex
3353 3551 3682 3624 TheOphilo

2031 3638 2400 3696 Antiocheno
2434 3639 2765 3711 retulimus,
2800 3640 3093 3696 Minucius
3126 3643 3321 3696 noster
3352 3639 3564 3712 duplex
3596 3641 3680 3696 eis

2037 3728 2349 3800 exprobrat
2364 3727 2665 3784 homicidii
2689 3729 3159 3801 genus,ﬁliorum
3183 3745 3384 3784 recens
3408 3733 3678 3784 natorum

2035 3816 2479 3889 expositionem,
2508 3821 2566 3872 et
2616 3823 2930 3889 antequam
2983 3823 3354 3875 nascerenter
3382 3819 3674 3887 abortum,

2036 3905 2294 3975 «Video,
2328 3906 2538 3978 inquit,
2595 3923 2696 3962 vos
2753 3912 3083 3979 procreatos
3144 3907 3294 3963 ﬁlios
3343 3924 3498 3962 nunc
3540 3907 3676 3963 feris

2036 3998 2092 4050 et
2135 3993 2338 4050 avibus
2395 4011 2698 4066 exponere,
2750 4012 2907 4050 nunc
2978 3995 3408 4068 astrangulatos
3465 3995 3678 4051 misero

2037 4083 2243 4140 mortis
2284 4099 2492 4156 genere
2543 4084 2776 4140 elidere.
2828 4085 2978 4140 Sunt
3022 4100 3152 4157 quae
3199 4083 3258 4138 in
3305 4082 3450 4154 ipsis
3496 4083 3679 4138 visce-

2037 4172 2231 4243 ribus,
2309 4173 2802 4230 medicaminibus
2867 4173 3076 4246 epotis,
3144 4171 3428 4245 originem
3494 4171 3678 4226 futuri

2035 4261 2292 4318 hominis
2325 4262 2701 4334 exstinguant
2731 4267 2787 4319 et
2835 4261 3212 4334 parricidium
3245 4259 3478 4329 faciant,
3514 4264 3680 4317 ante-

2035 4367 2212 4422 quam
2245 4351 2492 4422 pariant.
2527 4372 2556 4402 »

2105 4439 2320 4495 Eodem
2356 4457 2588 4511 quoque
2637 4441 2807 4495 modo
2866 4441 3039 4493 antea
3094 4437 3519 4509 Athenagoras,
3553 4438 3678 4503 Qua

261 4526 450 4580 bant.
479 4523 687 4580 Narrat
717 4525 1009 4597 siquidem
1054 4524 1338 4580 Eusebius
1385 4523 1727 4595 Bibliadem,
1759 4524 1926 4580 Chri-
1957 4509 2004 4573 D
2036 4529 2281 4597 ratione,
2313 4509 2525 4600 inquit,
2556 4528 2823 4584 homines
2849 4527 3260 4599 jugulabimus
3287 4527 3315 4582 ‘I
3343 4527 3414 4582 Οἳ
3440 4525 3536 4588 τὰς
3562 4529 3678 4587 τοῖς

267 4615 538 4671 stianam
561 4613 864 4682 feminam,
901 4613 1216 4670 dirissimis
1245 4613 1552 4687 suppliciis
1582 4619 1918 4685 superatam

265 4703 470 4774 primo
502 4702 738 4775 quidem
789 4703 1049 4772 ejurasse
1093 4701 1265 4757 fidem
1326 4701 1562 4769 Christi,
1617 4699 1918 4773 multaque

271 4793 346 4848 de
376 4791 725 4850 Christianis
757 4795 876 4848 tam
908 4791 1091 4863 impia
1121 4807 1296 4862 quam
1329 4790 1473 4847 falsa
1504 4806 1699 4846 coram
1730 4794 1922 4862 tyran-

269 4899 346 4937 no
385 4884 626 4937 dixisse.
661 4882 728 4935 Ἥ
759 4877 817 4934 δὲ
865 4877 916 4933 ἐν
971 4881 1039 4952 τῇ
1091 4873 1420 4955 στρεϐλώσει
1448 4877 1697 4952 ἀνὲνηψε,
1723 4877 1812 4932 καὶ
1843 4878 1918 4939 ὼς

270 4967 332 5021 ἂν
366 4968 558 5040 εἱπεῖν,
591 4968 654 5022 ὲκ
689 4967 881 5042 βαθέος
941 4965 1111 5022 ὕπνου
1157 4967 1615 5044 ἀνεγρηγόρησεν,
1667 4967 1916 5041 ὑπομνη-

227 5108 241 5123 ,
273 5057 454 5112 σθεῖσα
517 5054 608 5112 διὰ
661 5062 764 5125 τῆς
830 5056 1161 5134 προσκαίρου
1216 5057 1487 5130 τιμωρίας
1541 5057 1642 5126 τήν
1696 5055 1915 5112 αἰώνιον

275 5167 325 5220 ἓν
413 5147 596 5221 γεὲννᾳ
660 5145 909 5218 κόλασιν,
974 5147 1063 5201 καὶ
1129 5146 1179 5219 ἐξ
1239 5145 1474 5209 ἐναντίας
1531 5147 1746 5201 ἀντεῖπε
1798 5150 1919 5208 τοῖς

282 5233 621 5314 βλασφήλοις
652 5237 897 5313 φήσασα*
959 5241 1080 5298 Πῶς
1112 5236 1170 5290 ἂν
1200 5233 1389 5291 παιδία
1435 5237 1650 5313 φάγοιεν
1685 5236 1737 5290 oi.
1803 5256 1919 5290 τοι-

283 5327 444 5399 οῦτοι,
502 5326 584 5388 οἷς
629 5323 770 5399 μηδὲ
839 5321 1056 5401 ἀλόγων
1119 5326 1271 5394 ζώων
1330 5325 1464 5398 αἷμα
1525 5330 1706 5403 φαγεῖν
1768 5323 1916 5394 ἐξόνς

287 5437 311 5463 υ
341 5419 552 5473 Verum
583 5416 687 5472 illa
736 5417 1005 5488 resipuit,
1058 5417 1293 5472 Eusebii
1341 5416 1518 5471 verba
1559 5420 1720 5484 sunt,
1770 5415 1921 5470 inter

287 5507 594 5578 cruciatus,
629 5523 696 5562 ac
747 5505 923 5562 veluti
965 5523 1034 5562 ex
1093 5505 1208 5561 alto
1266 5522 1470 5561 somno
1521 5505 1769 5559 excitata
1809 5508 1919 5572 est,

291 5600 559 5666 prasente
589 5593 882 5669 supplicio
910 5596 982 5654 de
1008 5599 1229 5654 sternte
1260 5594 1534 5668 gehennae
1566 5592 1920 5652 cruciatibus

2027 4611 2463 4693 ἀμϐλωθριδίοις
2512 4615 2806 4692 χρωμένας
2861 4613 3210 4692 ἀνδροφονεῖν
3269 4635 3328 4671 τε
3382 4615 3471 4669 καὶ
3507 4613 3674 4691 λόγον

2030 4704 2234 4783 ὑφέξειν
2293 4705 2394 4773 τῆς
2447 4699 2843 4776 ἐξαμϐλώσεως
2911 4709 2990 4776 τῷ
3047 4709 3163 4776 Θεῷ
3219 4724 3415 4781 φαμεν.
3483 4725 3505 4754 ι
3566 4705 3676 4772 Qui

2029 4795 2304 4851 mulieres
2336 4795 2780 4852 medicamentis
2811 4795 3087 4852 abortivis
3112 4799 3342 4852 utentes
3371 4795 3672 4852 homicidii

2027 4901 2177 4957 reas,
2210 4889 2267 4940 et
2297 4884 2577 4941 rationem
2610 4889 2724 4942 Deo
2755 4887 3084 4943 reddituras
3114 4885 3386 4942 dicimus.
3421 4907 3450 4936 »
3482 4884 3671 4957 (Athe—

2028 4990 2187 5046 nag.,
2232 4974 2438 5046 Legat.,
2486 4971 2585 5046 pro
2641 4976 2962 5044 Christian.,
3008 4993 3065 5047 p.
3097 4975 3212 5047 37.)
3261 4980 3460 5029 Nonne
3509 4973 3667 5028 enim

2027 5063 2313 5135 ejusdem,
2377 5064 2566 5136 pergit
2623 5064 2740 5132 ille,
2801 5064 3040 5120 sceleris
3096 5063 3366 5120 conscius
3424 5064 3532 5126 est,
3565 5060 3667 5131 qui

2029 5154 2227 5208 fastum
2260 5152 2318 5206 in
2352 5154 2558 5208 matris
2589 5158 2750 5209 utero
2799 5152 3138 5224 exstinguit,
3190 5156 3291 5205 aut
3340 5165 3540 5204 recens
3572 5166 3670 5205 na-

2028 5246 2151 5298 tum
2201 5241 2374 5297 morti
2424 5244 2660 5313 exponit
2717 5242 2870 5297 haud
2922 5243 3173 5306 incertae,
3217 5243 3388 5310 atque
3437 5237 3535 5292 ille
3567 5238 3668 5309 qui

2029 5330 2327 5386 hominem
2365 5335 2532 5386 zetate
2564 5335 2894 5403 provectum
2917 5329 3240 5384 interficit?
3270 5327 3439 5397 Atqui
3475 5328 3546 5382 ab
3578 5328 3670 5383 his

2029 5419 2398 5485 criminibus,
2433 5421 2514 5474 ait
2544 5420 2618 5473 ibi
2654 5418 2769 5482 ille,
2803 5422 2925 5473 tam
2967 5417 3358 5471 abhorrebant
3391 5416 3672 5472 Christia-

2032 5509 2307 5578 ni,quam
2359 5525 2512 5580 saepe
2569 5525 2632 5564 ac
2683 5509 2922 5579 impune
2967 5507 3038 5560 ab
3088 5505 3338 5562 ethnicis
3369 5511 3670 5577 perpetra-

2028 5598 2263 5655 bantur.
2324 5597 2435 5654 Sed
2495 5597 2808 5654 audiamus
2865 5595 3294 5654 Tertullianum
3345 5595 3443 5667 qui
3475 5596 3669 5668 palam
