4088 6150
456 318 576 379 503

1747 321 1847 381 DE
1891 321 2192 383 MINUCII
2246 320 2586 383 OCTAVIO

3715 339 3811 401 504

459 450 849 518 audacterque
880 448 1001 505 hac
1052 448 1167 505 illis
1219 451 1516 522 exprobat,
1541 455 1597 508 et
1653 451 1713 507 in
1764 469 1864 508 eos
1894 451 1976 508 sic
2007 469 2098 507 ar-
2134 456 2187 520 Α
2221 453 2499 508 Romanis
2531 453 2770 511 Latialis
2799 455 3032 528 Jupiter
3057 456 3315 513 hominis
3336 461 3626 518 crudeliter
3653 473 3809 526 necati

459 541 874 611 gumentatur:
911 537 1078 593 «Sed
1120 539 1395 610 quoniam
1442 539 1512 595 de
1561 540 1926 596 infanticidio
1962 540 2109 596 nihil

459 627 718 691 interest,
767 642 953 698 sacro,
1003 644 1079 683 an
1121 627 1364 683 arbitrio
1416 633 1799 701 perpetretur,
1853 629 1988 685 licet
2037 631 2110 686 de

458 715 770 788 parricidio
803 715 1053 782 intersit,
1103 721 1406 772 convertar
1435 719 1507 773 ad
1556 717 1836 790 populum
1894 736 1907 773 :
1959 719 2110 783 Quot

457 803 633 861 vultis
662 821 731 860 ex
760 802 853 859 bis
883 804 1422 873 circumstantibus,
1455 810 1512 861 et
1538 805 1598 860 in
1639 805 2107 862 Christianorum

460 893 807 964 sanguinem
841 893 1161 959 hiantibus,
1193 899 1250 949 et
1277 894 1421 966 ipsis
1453 895 1626 950 etiam
1660 896 1820 950 vobis
1843 895 2104 966 justissi-

460 983 596 1049 mis,
629 987 685 1037 et
709 980 1095 1038 severissimis
1128 983 1188 1038 in
1220 999 1327 1039 nos
1358 984 1710 1056 praesidibus
1770 987 1922 1056 apud
1980 970 2110 1040 con-

459 1071 734 1127 scientias
767 1069 1014 1142 pulsem,
1046 1071 1145 1141 qui
1195 1075 1362 1128 natos
1413 1073 1525 1128 sibi
1559 1073 1777 1129 liberos
1807 1079 2053 1130 enecant
2081 1074 2109 1130 ‘I

457 1158 757 1230 Siquidem
787 1163 846 1214 et
875 1160 946 1214 de
975 1175 1186 1231 genere
1217 1159 1375 1214 necis
1403 1159 1617 1228 differt,
1652 1161 1853 1233 utique
1910 1163 2111 1218 crude-

457 1247 576 1303 lius
608 1248 664 1302 in
695 1264 849 1320 aqua
878 1247 1153 1319 spiritum
1193 1250 1548 1320 extorquetis
1584 1268 1596 1317 ;
1627 1254 1728 1305 aut
1774 1250 2002 1323 frigori,
2054 1255 2112 1307 et

464 1335 624 1404 fami,
679 1341 738 1392 et
797 1336 1040 1392 canibus
1103 1336 1445 1409 exponitis?
1493 1338 1664 1394 Ferro
1739 1339 1895 1394 enim
1961 1339 2108 1395 mori

464 1429 605 1480 aetas
635 1442 866 1498 quoque
896 1427 1084 1496 major
1113 1426 1416 1498 optaverit.
1479 1426 1660 1483 Nobis
1691 1444 1822 1484 vero
1854 1428 2108 1484 homici-

467 1513 562 1571 dio
593 1514 771 1570 semel
801 1515 1129 1586 interdicto,
1161 1514 1334 1570 etiam
1368 1520 1713 1587 conceptum
1748 1521 1932 1585 utero,
1967 1518 2108 1572 dum

467 1602 659 1658 adhuc
688 1603 930 1676 sanguis
963 1604 1020 1659 in
1052 1603 1352 1660 hominem
1381 1605 1757 1673 deliberatur,
1793 1604 2110 1662 dissolvere

469 1707 584 1746 non
615 1691 768 1748 licet.
803 1692 1110 1748 Homicidii
1134 1693 1430 1750 festinatio
1461 1694 1884 1765 est,prohibere
1909 1695 2107 1763 nasci;

2223 542 2510 613 sanguine
2540 543 2749 615 placati
2784 545 3096 600 ferebatur.
3141 547 3281 602 Tam
3327 547 3610 606 horrendae
3651 563 3813 616 autem

2223 631 2467 686 feritatis
2497 632 2760 704 exemplo
2795 634 3014 689 factum
3059 640 3259 690 auctor
3307 642 3497 692 noster
3549 649 3739 712 censet,
3767 653 3816 702 ut

2220 719 2469 776 Catilina
2521 738 2726 777 cruore
2757 722 3014 778 humano
3046 725 3453 795 conjuraverit,
3484 727 3576 782 alii
3608 731 3819 791 Bellona:

2221 809 2675 867 sacrificaverint
2705 812 2951 868 humani
2982 813 3202 869 haustu
3236 815 3554 887 sanguinis,
3574 836 3634 874 ac
3659 821 3820 892 plures

2221 899 2574 955 comitialem
2607 901 2875 956 morbum
2905 903 3105 958 eodem
3141 903 3397 960 humano
3462 909 3743 979 sanguine,
3775 912 3822 968 id

2220 992 2328 1055 est,
2364 993 2428 1044 ut
2460 995 2610 1045 recte
2642 991 2935 1047 Minucius
2969 992 3386 1047 animadvertit
3406 997 3588 1049 morbo
3603 1001 3819 1067 graviore

2220 1078 2574 1133 sanaverint.
2608 1080 2863 1151 Denique
2913 1079 3053 1136 huic
3077 1098 3358 1152 perquam
3421 1083 3820 1143 immanissimas

2220 1175 2553 1231 crudelitati
2581 1193 2709 1232 eam
2743 1177 2896 1232 haud
2949 1177 3306 1234 dissimilem
3362 1196 3487 1236 esse
3535 1183 3688 1251 dixit,
3733 1202 3828 1257 qua

2219 1263 2452 1320 athletis
2475 1264 2654 1336 aliqui
2687 1266 2745 1320 in
2770 1282 2947 1322 arena
2998 1267 3171 1334 feros,
3227 1267 3532 1324 hominum
3579 1287 3759 1328 cruore
3784 1279 3830 1329 et

2221 1353 2503 1408 membris
2553 1355 2857 1426 saginitas,
2905 1355 3196 1428 liguriunt
3267 1373 3335 1413 ac
3400 1359 3684 1415 devorant.
3733 1361 3832 1425 Qua

2219 1457 2354 1513 ergo
2387 1442 2575 1498 fronte
2605 1443 2872 1514 gentiles,
2906 1445 3206 1500 concludit
3238 1445 3645 1516 Minucius,tot
3670 1449 3834 1505 crimi-

2220 1547 2362 1584 num
2415 1531 2516 1600 rei,
2569 1532 2896 1604 impudenti
2964 1533 3260 1590 calumnia
3312 1536 3562 1607 objicere
3604 1542 3838 1608 poterant

2219 1618 2504 1674 iniantem
2529 1637 2564 1674 a
2593 1619 2939 1677 Christianis
2973 1623 3181 1690 occidi,
3205 1625 3392 1678 vorari
3428 1625 3554 1695 ejus
3583 1642 3764 1682 carnes
3790 1633 3837 1684 et

2219 1707 2340 1764 bibi
2372 1709 2719 1781 sanguinem
2751 1709 2778 1764 ?
2810 1711 2922 1765 Sed
2965 1711 3127 1781 prius
3176 1712 3576 1768 Tertullianus
3626 1715 3838 1771 falsissi-

467 1797 571 1838 ηθθ
603 1781 776 1890 rfert
802 1798 948 1890 imm
973 1783 1134 1890 "(illis
1181 1781 1391 1854 eripiat
1439 1783 1720 1890 anifngm,
1756 1801 1828 1838 an
1861 1799 2108 1883 ηαείξθηο
2144 1825 2191 1890 Β
2223 1814 2380 1852 mam
2412 1797 2575 1853 illam
2609 1798 3077 1855 criminationem
3112 1800 3307 1856 acrius
3360 1801 3630 1874 huncque
3659 1805 3835 1859 confu-

463 1874 580 1926 tem
611 1869 916 1926 disturbet.
971 1871 1150 1928 Homo
1201 1876 1310 1938 est,
1353 1878 1407 1926 et
1459 1871 1560 1943 qui
1610 1871 1847 1926 futurus
1884 1889 1898 1939 ;
1932 1872 2108 1927 etiam

463 1959 689 2015 fructus
720 1960 912 2015 omnis
935 1960 1061 2030 jam
1094 1960 1152 2015 in
1186 1960 1410 2015 semine
1439 1963 1528 2016 est
1583 1959 1852 2032 (Tertull.
1886 1961 2110 2032 Apolog.

466 2065 594 2121 cap.
627 2049 680 2116 9,
714 2065 843 2121 pag.
881 2049 990 2119 10).
1025 2071 1054 2098 ››
1082 2051 1155 2104 At
1175 2049 1245 2104 de
1277 2048 1369 2104 his
1401 2065 1507 2104 nos
1539 2049 1770 2120 plenius
1813 2049 1872 2105 in
1913 2055 2115 2105 nostra

468 2137 540 2194 de
570 2137 678 2194 hoc
707 2137 855 2194 libro
887 2137 1293 2194 dissertatione
1317 2138 1469 2194 489
1519 2137 1829 2211 (Dissertat.
1883 2140 1944 2194 in
1992 2139 2113 2196 Ter-

471 2227 720 2293 lullian.,
752 2243 878 2298 cap.
905 2227 997 2299 20,
1029 2230 1137 2282 art.
1168 2227 1243 2299 3).

541 2333 656 2388 Nec
686 2333 883 2390 minus
934 2333 1164 2402 acriter,
1218 2339 1323 2389 nec
1372 2333 1499 2389 sine
1541 2333 1730 2390 ironia
1777 2333 2119 2391 Lactantius

472 2422 690 2478 hancce
720 2423 1121 2496 impudentem
1171 2421 1530 2478 calumniam
1579 2422 1903 2495 propulsat,
1938 2440 2118 2496 quam

475 2513 715 2586 ipsimet
744 2512 824 2568 rei
853 2511 1131 2568 adversus
1162 2511 1502 2568 innocentes
1533 2511 1810 2567 adhibere
1841 2529 1955 2568 non
1988 2528 2118 2568 vere

476 2603 714 2659 bantur.
755 2624 784 2651 «
818 2601 1053 2674 Impios,
1094 2601 1306 2672 inquit,
1350 2605 1559 2657 vocant
1606 2601 1721 2673 ipsi
1765 2600 1986 2658 sciiicet
2016 2601 2118 2672 pii,

475 2695 534 2751 et
571 2691 644 2747 ab
694 2690 952 2746 humano
1004 2690 1291 2762 sanguine
1329 2689 1729 2762 abhorrentes,
1776 2707 1912 2746 cum
1961 2692 2011 2746 si
2061 2695 2119 2746 et

474 2785 640 2838 actus
669 2797 810 2836 suos
842 2779 1225 2846 censiderent,
1259 2783 1315 2834 et
1364 2778 1622 2848 illorum,
1655 2795 1802 2851 quos
1835 2784 2118 2850 tanquam

471 2869 685 2943 impios
719 2869 1018 2934 damnant,
1040 2869 1162 2938 jam
1195 2866 1527 2940 intelligant
1569 2885 1748 2940 quam
1808 2870 2120 2925 mendaces

471 2960 674 3028 sint,et
700 2958 772 3014 iis
805 2957 1082 3014 omnibus
1105 2975 1231 3030 quas
1266 2958 1550 3014 adversus
1571 2958 1755 3014 bonos
1787 2963 1890 3014 aut
1917 2959 2121 3014 dicunt

471 3055 573 3107 aut
601 3049 844 3114 faciunt,
867 3047 1184 3120 digniores.
1217 3046 1342 3102 Non
1374 3047 1528 3103 enim
1565 3047 1634 3102 de
1665 3053 1887 3116 nostro,
1919 3048 2018 3103 sed
2051 3063 2120 3103 ex

470 3139 707 3196 illorum
725 3153 968 3193 numero
981 3153 1213 3208 semper
1225 3136 1642 3208 exsistunt,qui
1665 3136 1788 3191 vias
1809 3135 2118 3192 obsideant

2222 1887 2441 1942 faverat
2469 1886 2530 1942 in
2563 1889 2804 1943 modum
2834 1905 2847 1942 :
2886 1908 2913 1934 α
2943 1889 3072 1945 Hec
3104 1905 3217 1960 quo
3251 1891 3445 1962 magis
3478 1893 3840 1963 refutaverim,

2221 1992 2256 2031 a
2285 1975 2445 2030 vobis
2478 1976 2606 2031 fieri
2637 1977 2941 2031 ostendam
2975 1977 3187 2048 partim
3221 1978 3282 2032 in
3318 1985 3542 2050 aperto,
3574 1985 3630 2036 et
3657 1981 3838 2053 partim

2221 2063 2281 2119 in
2311 2064 2666 2137 occulto,per
2688 2066 2840 2137 quod
2867 2065 3109 2121 forsitan
3125 2072 3182 2122 et
3213 2068 3286 2122 de
3319 2068 3492 2124 nobis
3523 2070 3842 2125 credidistis.

2224 2153 2481 2209 Infantes
2539 2170 2716 2226 penes
2781 2155 3035 2210 Africam
3100 2159 3360 2212 Saturno
3423 2157 3846 2213 immolabantur

2225 2240 2420 2314 palam
2449 2259 2634 2315 usque
2648 2243 2719 2299 ad
2734 2243 3103 2299 consulatum
3117 2243 3363 2313 Tiberii,
3389 2246 3490 2316 qui
3511 2245 3666 2312 ipsos
3684 2263 3847 2302 sacer-

2226 2330 2391 2386 dotes
2420 2330 2480 2386 in
2512 2332 2733 2387 eisdem
2764 2331 3072 2387 arboribus
3121 2332 3330 2404 templi
3375 2333 3470 2389 sui
3502 2335 3651 2389 490
3679 2336 3851 2389 obum-

2226 2419 2581 2476 bratricibus
2645 2419 2957 2490 scelerum,
3006 2421 3214 2476 votivis
3266 2422 3550 2478 crucibus
3593 2423 3849 2494 exposuit,

2227 2521 2375 2573 teste
2408 2517 2617 2573 militia
2647 2518 2845 2588 patriae
2879 2521 3109 2585 nostras,
3169 2535 3302 2590 quas
3357 2519 3619 2590 idipsum
3667 2536 3853 2574 munus

2226 2604 2311 2659 illi
2343 2605 2677 2676 proconsuli
2711 2607 2909 2661 functa
2939 2610 3048 2662 est.
3097 2607 3207 2662 Sed
3245 2613 3306 2662 et
3355 2625 3516 2662 nunc
3546 2608 3607 2662 in
3661 2605 3854 2662 occulto

2228 2700 2630 2766 perseveratur
2659 2694 2765 2750 hoc
2789 2712 3022 2750 sacrum
3064 2695 3397 2752 facinus....
3432 2697 3580 2752 Cum
3632 2695 3854 2768 propriis

2227 2783 2366 2839 filiis
2394 2787 2680 2839 Saturnus
2707 2800 2821 2839 non
2853 2785 3128 2856 pepercit,
3163 2786 3467 2841 extraneis
3518 2785 3712 2857 utique
3755 2801 3850 2840 non

2227 2873 2518 2946 parcendo
2549 2873 2975 2945 perseverabat,
3010 2890 3155 2944 quos
3188 2875 3442 2945 quidem
3473 2873 3587 2946 ipsi
3620 2878 3859 2945 parentes

2227 2962 2566 3028 offerebant,
2600 2965 2656 3017 et
2687 2961 2934 3017 libentes
2976 2962 3445 3032 respondebant,
3479 2971 3536 3018 et
3565 2962 3859 3017 infantibus

2227 3049 2701 3121 blandiebantur,
2735 3066 2806 3105 ne
2844 3049 3238 3123 lacrymantes
3291 3050 3762 3106 immolarentur.
3807 3048 3867 3103 Et

2227 3145 2424 3196 tamen
2483 3139 2731 3195 multum
2819 3138 3135 3194 homicidio
3220 3139 3587 3211 paricidium
3671 3139 3859 3194 differt.

473 3228 753 3286 armati...
785 3243 1006 3283 venena
1043 3225 1194 3281 clam
1225 3229 1574 3297 temperent,
1627 3225 1727 3296 qui
1765 3242 1975 3281 uxores
2014 3242 2113 3280 ne-
2147 3198 2190 3263 Β
2229 3229 2414 3300 Major
2463 3233 2600 3284 tetas
2653 3229 2807 3299 apud
2858 3227 3055 3283 Gallos
3101 3229 3402 3285 Mercurio
3457 3230 3864 3301 prosecabatur.

473 3321 624 3386 cent,
678 3321 742 3371 ut
771 3317 939 3371 dotes
986 3330 1188 3371 earum
1239 3313 1560 3385 lucrentur,
1601 3317 1704 3369 aut
1753 3315 2019 3381 maritos,
2051 3317 2118 3368 ut

474 3405 756 3464 adulteris
787 3404 1137 3477 nubant,qui
1172 3407 1338 3458 natos
1370 3420 1439 3459 ex
1468 3419 1530 3459 se
1562 3419 1771 3476 pueros
1800 3407 1903 3458 aut
1932 3407 2119 3458 stran-

472 3495 694 3570 gulent,
726 3499 827 3550 aut
855 3493 901 3549 si
937 3493 1186 3548 nimium
1229 3492 1307 3566 pii
1339 3493 1576 3558 fuerint,
1630 3497 1921 3563 exponant
1951 3492 2114 3562 (Lac-

471 3589 618 3640 tant.
652 3583 754 3639 lib.
782 3601 819 3639 v
847 3584 1118 3649 lnstitut.,
1151 3598 1277 3655 cap.
1307 3583 1362 3654 9,
1397 3597 1528 3654 pag.
1563 3582 1667 3637 483
1701 3601 1714 3650 ;
1752 3583 2027 3638 Dissertat.
2056 3583 2118 3636 in

473 3673 742 3743 Lactant.,
781 3689 908 3745 cap.
940 3672 1031 3743 27,
1064 3675 1174 3738 art,
1202 3671 1319 3742 2).»
1353 3671 1463 3726 Sed
1496 3670 1611 3726 alia
1643 3671 1910 3742 quaedam
1933 3671 2003 3726 de
2024 3668 2117 3725 his

471 3760 570 3817 ille
601 3761 759 3827 alibi,
794 3765 858 3816 ut
885 3777 993 3817 suo
1023 3760 1148 3816 loco
1179 3759 1529 3815 videbimus.
1564 3759 1737 3814 Plura
1788 3759 1889 3832 qui
1918 3759 2114 3814 volue-

470 3851 564 3918 rit,
597 3850 648 3906 is
679 3851 850 3906 adeat
881 3849 1222 3922 Dionysium
1266 3848 2112 3917 llalicarnasseum,Platonem

467 3957 502 3998 a
533 3939 900 3996 Theodoreto
927 3940 1188 4010 citatum,
1222 3937 1523 3994 Philonem
1553 3938 2114 4008 Judaeum,Ciemen-

467 4033 585 4087 tem
618 4028 1096 4095 Alexandrinum,
1133 4032 1189 4082 et
1217 4043 1345 4098 quas
1378 4026 1513 4082 alibi
1547 4044 1580 4082 a
1609 4026 1778 4082 nobis
1805 4027 1874 4082 de
1904 4043 2112 4098 puero-

465 4135 597 4175 rum
629 4117 992 4189 expositione
1025 4116 1332 4171 observata
1364 4119 1507 4171 sunt
1536 4115 1794 4185 (Dionys.
1822 4114 2111 4171 Halicarn.

467 4207 568 4264 lib.
603 4225 643 4263 ιι
676 4208 859 4278 Αηιίᾳ.
894 4207 1118 4262 Roman.
1152 4221 1285 4278 pag.
1317 4205 1426 4273 88;
1457 4205 1828 4274 Theodoret.,
1859 4208 2000 4259 tom.
2023 4204 2111 4274 IV,

469 4314 674 4364 serm.,
702 4297 758 4365 9,
793 4313 921 4369 pag.
950 4296 1096 4361 678;
1134 4293 1383 4362 Philon.,
1419 4293 1520 4349 lib.
1552 4295 1617 4349 de
1655 4293 1888 4366 Special.
1923 4295 2112 4364 legib.,

471 4403 601 4459 pag.
635 4387 759 4441 793.
787 4390 838 4440 et
866 4402 1011 4458 seqq.
1043 4402 1055 4453 ;
1088 4383 1267 4439 Clem.
1301 4382 1485 4451 Alex.,
1518 4381 1618 4438 lib.
1676 4400 1735 4438 ιιι
1771 4382 1945 4454 Paed,
1979 4399 2110 4454 pag.

469 4475 597 4543 226,
629 4479 684 4530 et
717 4475 815 4531 lib.
850 4492 889 4529 ιι
921 4474 1214 4538 Stromat.,
1255 4489 1386 4544 pag.
1437 4473 1562 4540 400,
1612 4475 1754 4529 tom.
1789 4473 1811 4528 Ι
1839 4472 2111 4544 Apparat.

472 4579 603 4636 pag.
639 4563 786 4634 805).

543 4669 686 4726 Aliis
733 4674 1012 4741 praeterea
1059 4667 1340 4742 exemplis
1391 4668 1684 4726 Minucius
1731 4667 2120 4726 invictissime

471 4759 678 4832 probat
710 4757 1186 4815 crudelissimum
1216 4758 1621 4830 parricidium,
1662 4757 1892 4832 aliaque
1921 4759 2118 4815 homi-

471 4849 642 4917 cidia,
696 4865 811 4904 non
859 4847 1050 4904 solum
1102 4847 1343 4918 impune
1399 4847 1473 4902 ab
1534 4847 1804 4915 ethnicis,
1859 4849 1960 4904 sed
2008 4866 2114 4921 pu-

469 4937 622 4995 blica
667 4954 800 4993 cum
845 4936 1018 4993 laude
1080 4939 1138 4992 et
1193 4935 1403 5008 plausu
1471 4935 1608 4991 olim
1659 4939 1718 4990 et
1768 4953 1875 4992 suo
1925 4937 2116 4993 adhuc

467 5033 728 5100 tempore
759 5025 1132 5083 consuevisse
1162 5023 1473 5081 committi.
1525 5024 1879 5079 Persuasum
1929 5025 2114 5080 enim-

467 5133 595 5174 vero
646 5115 863 5172 ethnici
911 5115 1234 5181 habebant,
1282 5113 1363 5167 ait
1410 5111 1530 5180 ille,
1579 5130 1612 5168 a
1660 5113 1912 5168 Saturno
1963 5112 2115 5169 filios

469 5223 608 5262 suos
673 5207 998 5260 devoratos.
1085 5202 1476 5267 Quamobrem
1549 5201 1768 5257 creduli
1845 5201 2112 5258 homines

468 5295 527 5350 in
561 5293 917 5367 quibusdam
946 5291 1151 5346 Africa:
1193 5289 1462 5361 partibus
1516 5289 1715 5361 pietati
1746 5289 2035 5346 ducebant
2062 5290 2113 5346 ei

469 5399 608 5439 suos
640 5397 874 5453 quoque
902 5379 1055 5435 ﬁlios
1088 5377 1707 5436 immolareHumanm
1741 5395 1973 5453 quoque
1997 5379 2109 5436 vic-

470 5473 626 5527 timas
655 5489 690 5526 a
711 5469 918 5524 Tauris
951 5467 1208 5524 Ponticis
1237 5474 1294 5524 et
1324 5470 1396 5523 ab
1435 5469 1699 5541 [Egyptio
1762 5470 2045 5537 Busiride,
2078 5487 2112 5526 a

467 5558 650 5618 Gallis
699 5555 1004 5625 Mercurio,
1070 5576 1105 5616 a
1162 5557 1440 5616 Romanis
1488 5558 1718 5614 Graecus
1777 5564 1833 5615 et
1890 5559 2110 5628 Graeca,

463 5645 666 5707 Gallus
684 5651 738 5703 et
785 5645 952 5706 Galla
997 5649 1395 5709 caedebantur.
1445 5651 1728 5704 Praeterea
1779 5648 1852 5704 ab
1899 5647 2109 5706 iisdem

2228 3317 2480 3373 Remitto
2511 3317 2791 3372 Tauricas
2826 3316 3055 3372 fabulas
3088 3317 3345 3373 theatris
3369 3319 3672 3374 suis.Ecce
3702 3318 3753 3371 in
3782 3315 3864 3370 illa

2228 3405 2673 3478 religiosissima
2703 3407 2846 3461 urbe
2876 3407 3263 3462 Eneadarum
3315 3407 3578 3479 piorum,
3616 3407 3868 3463 nimirum

2227 3496 2429 3562 Roma,
2461 3500 2548 3550 est
2575 3495 2802 3567 Jupiter
2828 3495 3090 3567 quidam,
3123 3512 3307 3566 quem
3363 3495 3528 3552 ludis
3582 3496 3724 3560 suis,
3778 3495 3870 3549 La-

2226 3583 2349 3640 tiali
2366 3583 2520 3640 haud
2542 3583 2718 3639 dubie
2739 3583 2867 3640 Jovi
2891 3583 3121 3649 dicatis,
3154 3583 3434 3641 humano
3455 3585 3736 3658 proluunt
3764 3600 3874 3638 sun-

2225 3673 2513 3745 guine.....
2547 3677 2621 3727 De
2653 3674 2959 3745 sanguinis
2981 3671 3303 3745 pabulo,et
3327 3675 3632 3747 ejusmodi
3657 3671 3871 3744 tragicis

2225 3761 2462 3819 ferculis
2492 3761 2664 3834 legite
2695 3762 2901 3818 necubi
2943 3761 3192 3818 relatum
3247 3764 3332 3819 sit
3384 3764 3504 3836 (est
3535 3764 3690 3837 apud
3719 3761 3873 3817 Hero-

2225 3852 2450 3923 dotum,
2499 3850 2725 3922 opinor)
2775 3851 3050 3906 defusum
3103 3852 3376 3908 brachiis
3430 3853 3775 3924 sanguinem
3817 3865 3874 3904 ex

2225 3942 2500 3997 alterutro
2552 3941 2926 4012 degustatum
2999 3941 3273 3997 nationes
3350 3943 3653 4014 quasdam
3704 3936 3874 3995 fmderi

2225 4045 2615 4100 comparasse.
2647 4029 2854 4085 Nescio
2887 4030 3029 4101 quid
3075 4033 3133 4085 et
3179 4030 3297 4086 sub
3352 4031 3624 4087 Catilina
3661 4029 3769 4084 tale
3795 4028 3876 4082 de-

2224 4122 2526 4192 gustatum
2575 4124 2682 4174 est.
2734 4119 2923 4173 Aiunt
2966 4124 3024 4174 et
3069 4120 3226 4190 apud
3302 4121 3608 4192 quosdam
3659 4115 3877 4192 gentiles

2221 4207 2566 4281 Scytharum
2585 4208 2922 4263 defunctum
2948 4223 3247 4279 quemque
3267 4226 3304 4263 a
3327 4209 3464 4265 suis
3487 4209 3733 4265 comedi.
3751 4208 3877 4261 Lon-

2221 4323 2292 4379 ge
2320 4323 2582 4362 excurro.
2609 4305 2789 4361 Hodie
2811 4304 2985 4360 istbic
2998 4304 3248 4360 Bellonae
3273 4307 3686 4379 sacratos(ms.
3710 4317 3877 4359 sacra-

2221 4395 2339 4467 tus)
2370 4394 2677 4467 sanguinis
2706 4394 2776 4449 de
2809 4394 3026 4450 femore
3076 4395 3387 4464 proscisso
3459 4396 3522 4450 in
3586 4390 3879 4466 palmulam

2223 4489 2519 4555 exceptus,
2553 4481 2679 4539 esui
2710 4482 2882 4538 datus
2925 4483 3136 4554 signat.
3174 4482 3328 4537 Item
3387 4482 3477 4538 illi
3528 4482 3632 4554 qui
3665 4492 3881 4537 munere

2153 4563 2198 4628 D
2230 4573 2289 4628 in
2313 4590 2491 4629 arena
2519 4572 2823 4628 noxiorum
2857 4570 3267 4643 jugulatorurn
3300 4573 3674 4645 sanguinem
3704 4584 3879 4625 recen-

2225 4665 2343 4718 tem
2375 4661 2544 4718 avida
2573 4661 2692 4730 siti,
2717 4660 2995 4717 comitiali
3021 4660 3221 4716 morbo
3261 4661 3587 4717 medentes
3609 4659 3878 4722 auferunt,

2228 4760 2327 4816 ubi
2357 4760 2546 4816 sunt?
2577 4760 2721 4815 Item
2764 4758 2849 4814 illi
2887 4759 2984 4831 qui
3035 4759 3106 4814 de
3146 4774 3338 4814 arena
3393 4760 3610 4815 ferinis
3643 4755 3881 4814 obsoniis

2226 4854 2475 4919 cmuant,
2507 4847 2609 4921 qui
2639 4848 2710 4904 de
2741 4864 2900 4919 apro,
2953 4847 3055 4920 qui
3103 4847 3175 4903 de
3227 4863 3414 4903 cervo
3473 4843 3883 4920 petuntlAper

2226 4937 2342 5008 ille,
2371 4953 2547 5010 quem
2582 4937 2927 5003 cruentavit,
2965 4935 3356 4993 colluctando
3387 4937 3666 4993 detersit.
3699 4939 3884 4990 Cervus

2227 5024 2322 5081 ille
2351 5026 2410 5081 in
2425 5025 2766 5099 gladiatoris
2787 5025 3609 5098 sanguinejacuit.lpsorum
3635 5034 3884 5079 ursorum
3921 5091 3926 5096 ι

2225 5113 2370 5170 alvei
2405 5120 2786 5188 appetuntur,
2817 5114 3179 5171 cruditantes
3228 5115 3443 5171 adhuc
3477 5117 3553 5171 de
3585 5111 3888 5171 visceribus

2224 5203 2812 5260 humanis.Buctatur
2844 5203 3087 5276 proinde
3118 5202 3188 5257 ab
3209 5202 3471 5259 homine
3495 5221 3634 5259 caro
3656 5199 3885 5275 pastade

2223 5292 2478 5349 homine.
2517 5317 2544 5343 »
2576 5293 2944 5366 (Tertullian.
2977 5293 3443 5365 Apolog.,cap.9,
3485 5309 3624 5366 pag.
3655 5292 3733 5361 9.)
3755 5291 3887 5344 Inte-

2221 5399 2393 5455 grum
2407 5382 2563 5438 hunc
2578 5382 2920 5438 Tertulliani
2940 5382 3127 5438 locum
3146 5381 3573 5437 exhibendum
3599 5395 3728 5436 esse
3742 5373 3889 5431 duxi-

2224 5472 2484 5544 mus,qui
2509 5471 2584 5527 ibi
2613 5471 2709 5528 ille
2740 5473 3006 5543 quaedam
3033 5468 3316 5542 exempla
3338 5470 3421 5526 ab
3447 5475 3689 5528 auctore
3708 5469 3888 5523 nostro

2219 5561 2436 5616 intacta
2467 5559 2711 5633 protulit
2739 5578 2753 5629 ;
2785 5563 2842 5616 et
2872 5559 2983 5615 alia
2998 5558 3213 5614 clarius
3241 5559 3631 5632 uberiusque
3647 5551 3884 5627 exponit,

2219 5665 2465 5721 quorum
2500 5649 2626 5720 ipse
2658 5648 2948 5706 Minucius
2977 5652 3174 5705 noster
3206 5647 3461 5706 videtur
3497 5648 3708 5706 fecisse
3737 5656 3880 5701 com-
