1971 3081
90 150 145 181 105

794 149 1066 182 DlSSER’l‘ATIO.

1720 152 1780 183 506

86 215 347 252 pcndium.Negare
362 218 457 244 tamen
470 225 527 244 non
540 225 699 253 possumus
710 216 807 253 priora
823 217 899 251 eius-
913 218 940 251 Α
991 217 1071 252 Apud
1097 217 1254 246 Eusebium
1280 226 1396 254 quoque
1419 218 1480 246 haec
1500 218 1639 254 leguntur
1661 218 1777 247 Diodori

85 260 143 288 dem
157 259 324 287 Tertulliani
339 261 426 288 verba
442 261 621 297 quibusdam
639 270 695 289 non
712 269 809 289 carere
825 262 899 288 difﬁ-

83 304 239 331 cultatibus.
258 305 313 332 Sed
330 313 364 332 ea
379 314 431 332 suo
449 305 510 333 loco
526 314 578 341 pro
600 306 676 333 virili
701 309 784 342 parte
800 308 900 333 nostra

83 348 226 384 explanare
250 351 279 376 et
307 349 465 378 dissolvere
491 350 667 378 conabimur
681 351 837 386 (Dissertat.
867 351 900 378 in

83 392 240 420 Tertullian.
257 393 391 429 Apolog.).

111 437 224 464 Interim
243 446 309 464 vero
326 437 436 473 aliquid
448 439 483 466 de
498 438 651 467 horrendis
667 439 726 466 illis
742 439 898 467 hominum

81 482 111 508 ab
132 480 197 508 aliis
220 481 391 509 hominibus
408 485 602 511 mactatorum
625 483 776 511 sacriﬁciis
798 483 898 511 dicen-

80 526 148 552 dum.
175 525 255 554 Nihil
273 534 339 554 vero
356 535 475 554 necesse
491 530 523 554 ut
538 527 624 563 plura
638 535 834 564 congeramus
863 528 899 555 de

80 569 185 601 celebri.
205 570 368 606 paucisque
385 571 533 607 incognita
549 571 732 600 ethnicorum
750 572 897 608 opinione,

79 623 126 649 qua
138 616 285 642 Saturnus
302 615 377 642 ﬁlios
392 624 461 643 suos
477 624 594 644 vorasse
606 616 786 652 perhibetur.
800 616 898 644 Missis

78 659 162 694 itaque
185 659 342 693 Pausania,
367 660 521 693 Strabone,
551 660 675 689 Diodoro
702 661 811 695 Siculo,
840 664 898 689 Lu-

77 703 157 736 ciauo,
175 703 366 739 Apollodoro,
391 704 555 740 Theophilo
575 705 766 739 Antiocheno,
788 708 817 733 et
831 705 897 734 aliis

77 747 294 783 quamplurimis
311 748 448 784 (Pausan.
475 748 526 776 lib.
554 757 606 782 vn,
623 758 689 785 pag.
709 750 781 783 2112;
797 750 895 778 Strab.

77 791 155 826 Geogr.
176 801 207 828 p.
224 793 298 820 468:
320 792 400 820 Diod.
424 793 514 821 Sicul.
540 793 588 821 lib.
613 802 630 820 ν
656 794 800 827 Biblioth.,
828 802 895 830 pag.

76 837 134 868 235;
158 837 282 864 Lucian.
306 837 340 865 de
362 837 476 873 Sacri/1,
502 846 567 874 pag.
589 839 642 871 73;
659 838 801 873 Apollod.,
819 838 870 866 lib.
887 847 897 866 ι

76 881 124 908 Bib.
139 881 209 936 in‘itL.
223 890 230 915 ;
250 881 382 917 Theoph.
399 881 546 914 Antiocb.,
563 882 613 910 lib.
630 891 639 910 1
655 882 690 910 ωι
712 883 813 916 Autol.,
828 891 895 919 pag.
911 904 935 936 D

76 927 111 958 75,
126 928 152 953 et
169 925 223 953 lib.
240 934 284 959 ni,
308 934 373 962 pag.
400 927 472 962 118),
499 927 626 954 sufﬁciat
652 928 808 955 adnotasse
831 935 896 955 eam

77 971 105 997 ab
129 970 260 998 Hesiodo
287 970 335 998 his
363 971 511 999 decantari
539 971 672 999 versibus
697 971 837 1007 (Hesiod.,
867 980 895 1001 ν.

76 1015 118 1041 463
128 1018 156 1042 et
172 1015 262 1051 seqq.)
280 1023 286 1042 :

76 1067 180 1107 [Ιεύῆε-ςο
196 1067 253 1107 γὰρ.
264 1066 344 1104 γαίης
360 1067 766 1107 ιςξκᾳὶμοῦραγᾳῦλᾶστερόεντος

76 1103 164 1146 ρῧνεκά
178 1102 209 1130 οἳ
222 1102 401 1146 τὲὲὶνὲρωτοίξῷ
417 1104 468 1131 ὑπὸ
482 1102 559 1146 etaim
577 1102 707 1146 ξςμῆνέιέ

75 1140 116 1167 Κιὶ
128 1150 218 1177 inpare
231 1141 335 1177 pfpjep
352 1139 434 1177 ἐόνιςι1
448 1141 509 1177 die:
527 1139 707 1177 psydlouﬁm‘t
723 1139 839 1177 βουλάς.

75 1177 109 1209 Τῷ
122 1169 175 1213 βγε
257 1169 443 1213 ἆλαόσκοπῖην
458 1169 548 1213 ἔσχεν,
563 1169 637 1204 ἆλλὰ
651 1169 769 1203 δοκεόῖυν

75 1209 166 1241 liuida;
184 1209 247 1241 ἑοὺς
263 1210 397 1239 κατέπινε.

75 1257 197 1283 Audierat
210 1257 285 1283 enim
301 1264 336 1283 ea:
351 1260 426 1284 terra
439 1258 465 1284 et
478 1257 543 1284 aeto
563 1256 651 1284 stellis
670 1257 790 1285 micante

76 1292 144 1325 Quod
160 1292 218 1319 sibi
231 1292 318 1327 fatale
333 1296 399 1319 esset
409 1294 520 1327 proprio
535 1301 552 1320 a
565 1293 624 1327 ﬁlio
638 1293 757 1326 domari,

75 1328 139 1355 491
159 1329 343 1362 Quantumvts
357 1328 467 1356 robusto
484 1329 635 1364 exsistenti,
650 1330 723 1392 Jouris
737 1330 834 1392 magni
845 1338 896 1365 per

704 1372 780 1392 cons:
795 1373 832 1392 ια.

704 1372 821 1392 consilia

76 1399 181 1434 Ideoque
195 1406 251 1426 non
265 1407 364 1427 caecam
379 1400 589 1435 speculationem
603 1365 895 1464 habuitﬁfggldngtasidias

717 1445 729 1463 δ
741 1444 824 1464 ruens

717 1444 824 1464 struens

75 1471 153 1498 Filios
167 1479 230 1499 suos
241 1471 395 1499 devorabat.
706 1437 715 1472 [

105 1525 302 1557 Quamobrem
325 1524 447 1552 Nonnus
472 1524 608 1552 eumdem
634 1525 794 1553 Saturnum
812 1527 895 1553 vocat

78 1578 90 1591 ιι
104 1577 225 1596 suorum
243 1569 441 1596 devoratorem
467 1577 635 1604 puerorum,
654 1580 668 1594 ι)
684 1569 734 1596 ἐῶν
748 1569 895 1606 θοινήτορα

78 1611 173 1639 παίδων
189 1613 308 1648 (Nonn.,
324 1613 374 1641 lib.
390 1622 437 1641 XXI
450 1614 575 1649 Dionys.,
592 1622 654 1649 cap.
671 1614 746 1649 259).

106 1657 199 1685 Unum
216 1658 264 1685 his
289 1658 372 1685 nobis
397 1657 522 1693 adjicere
543 1658 629 1686 liccat
651 1658 818 1693 Tatianum,
844 1659 895 1695 qui

79 1702 200 1737 ejusdem
218 1711 276 1730 non
292 1701 389 1730 solum
416 1702 545 1737 Saturni,
563 1703 612 1730 sed
637 1702 762 1730 aliorum
778 1712 895 1740 quoque

80 1747 219 1783 exemplis,
244 1747 378 1775 ethnicos
407 1747 677 1783 anthropopbagiaa,
703 1748 787 1783 cujus
811 1748 893 1776 Chri-

81 1792 181 1820 stianos
206 1792 279 1819 falso
303 1791 526 1826 insimulabant,
551 1792 632 1820 hisce
657 1792 753 1820 verbis
774 1793 892 1828 arguit:

82 1836 178 1871 «Apud
194 1845 259 1868 nos,
275 1836 383 1872 inquit,
395 1845 452 1864 non
463 1836 610 1864 invenitur
626 1837 895 1874 anthropcphagia:

82 1879 137 1907 falsi
151 1883 246 1913 testes,
263 1880 318 1908 hoc
333 1880 455 1908 crimine
480 1883 580 1908 contra
602 1889 655 1909 nos
680 1881 812 1915 conﬁcto,
841 1882 893 1909 de-

83 1924 202 1959 prehensi
227 1925 309 1952 estis.
329 1925 411 1960 Apud
435 1933 487 1953 vos
512 1927 610 1953 autem
637 1925 740 1961 Pelops
768 1926 890 1954 deorum

83 1968 160 2003 epulis
171 1968 369 2005 apponitur,et
383 1971 500 1997 amatus
510 1969 643 2005 Neptuno
656 1978 736 2005 puer,
748 1971 777 1998 et
791 1970 891 1998 Satur-

85 2021 127 2040 nus
141 2014 226 2047 ﬁlios,
249 2015 278 2040 et
301 2013 417 2049 Jupiter
441 2014 539 2041 Metim
569 2015 698 2043 devorat.
714 2025 728 2039 ι)
745 2016 810 2052 Παρ’
824 2015 893 2051 ἡμῖν

85 2056 122 2083 ait
144 2055 211 2084 ἔστιν
236 2056 460 2096 ἀνθρωποφαγία,
485 2055 704 2095 ψευδομάρτυρες
736 2058 762 2085 οἱ
796 2058 891 2094 ἐπιτη-

85 2099 206 2137 δευόμενοι
232 2101 371 2140 γεγόνατε.
398 2102 463 2138 Hzp'
489 2101 552 2138 ὑμῖν
579 2101 608 2129 δὲ
631 2102 645 2129 ὁ
662 2102 768 2140 Πὲλοψο
783 2101 890 2131 δεῖπνον

84 2147 125 2172 τῶν
151 2148 216 2174 Θεῶν
251 2146 367 2183 γίνεται,
397 2146 441 2173 καὶ
471 2145 641 2178 Ποσειδῶνος
673 2147 818 2185 ἐρώμενος,
846 2147 890 2176 καὶ

87 2190 172 2227 Κρόνος
185 2190 249 2222 τοὺς
274 2190 349 2222 υἱοὺς
376 2190 524 2227 ἀναλίσκει,
540 2191 585 2218 καὶ
610 2192 624 2219 ὁ
649 2191 711 2223 Ζεὺς
733 2193 778 2219 τὸν
804 2195 892 2228 Μῆτιν

85 2235 204 2263 καταπίνει
221 2236 362 2272 (Tatian.,
379 2236 444 2264 Orat
456 2241 551 2265 contra
566 2236 665 2270 Graec,
680 2245 746 2274 pag.
764 2238 836 2274 162).

110 2281 348 2318 Carthaginenses
365 2283 463 2309 autem
479 2283 604 2309 Saturno
629 2281 756 2310 ﬁliorum
772 2291 893 2311 suorum

82 2326 191 2353 voratori
204 2325 365 2362 gratiﬁcari
381 2325 543 2362 cupientes,
564 2326 590 2353 ei
607 2334 686 2362 suos,
704 2326 746 2353 uti
762 2329 839 2354 recte
854 2327 894 2355 ait

82 2368 214 2399 Minucius
226 2370 415 2403 noster,ﬁlios
427 2370 728 2405 sacriﬁcabant,Plato
735 2371 893 2408 siquidem,

81 2415 123 2442 etsi
139 2415 234 2451 palam
250 2414 402 2450 negaverit
415 2414 550 2443 homines
571 2415 625 2443 hoc
641 2415 764 2443 barbam
781 2424 862 2444 more
876 2424 893 2444 a

81 2459 258 2494 popularibus
283 2459 346 2487 suis
370 2459 463 2487 fuisse
490 2467 589 2488 revera
613 2462 767 2496 mactatos,
783 2460 892 2488 ibidem

82 2504 259 2532 nihilominus
273 2504 378 2540 adjecit
395 2512 401 2532 :
419 2514 434 2528 «
449 2503 556 2532 Contra
570 2512 635 2532 vero
650 2504 893 2541 Carthaginenses

81 2547 100 2574 id
116 2548 225 2583 solent;
251 2549 360 2585 quippe
375 2549 451 2584 quod
470 2548 542 2585 ipsis
558 2551 703 2583 sanctum,
719 2552 807 2586 atque
820 2549 891 2586 legi-

79 2592 169 2621 timum
186 2591 373 2631 Καρχηδόνιοι
390 2591 419 2620 ὃὶ
446 2591 567 2629 θύουσιν,
584 2593 621 2624 ὡς
645 2592 730 2627 ὅσιον,
745 2593 790 2620 καὶ
814 2604 892 2631 νομι-

80 2645 120 2669 tm
133 2637 233 2668 αὐτοῖς.
253 2637 326 2666 [llud
344 2640 442 2666 autem
458 2638 534 2674 apud
553 2638 632 2674 ipsos
648 2638 779 2666 solemne
800 2641 845 2666 est
860 2640 892 2667 ut

79 2679 196 2715 ipsorum
212 2682 348 2710 nonnulli
367 2682 441 2711 ﬁlios
453 2691 523 2710 suos
538 2683 664 2711 Saturno
679 2683 890 2711 sacriﬁcent...

80 2724 126 2753 Sed
141 2727 225 2755 etiam
243 2728 264 2755 ii
280 2727 382 2761 Graeci,
406 2728 457 2763 qui
472 2727 502 2754 in
529 2727 613 2763 Lycia
636 2727 780 2761 habitant,
806 2729 835 2755 et
856 2736 891 2756 ex

81 2770 242 2800 Athamante
265 2771 392 2805 oriundi,
412 2772 539 2808 aequales
555 2772 667 2800 hostias
682 2772 855 2801 sacriﬁcant.
875 2784 889 2798 ››

79 2812 168 2851 (Plato,
183 2819 255 2845 tom.
272 2817 306 2853 II,
321 2817 372 2845 lib.
390 2817 488 2853 Polit.,
500 2825 568 2853 pag.
585 2816 662 2853 315.)

910 1589 932 1622 C

909 2274 932 2306 B

955 261 1044 289 Siculi
1060 262 1095 289 de
1120 262 1408 298 Carthaginensibus,
1435 263 1471 291 ab
1497 262 1656 299 Agathocle
1671 263 1775 291 Sicilia;

953 308 1077 342 tyranno
1093 307 1232 341 obsessis,
1250 308 1334 335 verba
1348 310 1359 335 t
1372 320 1386 333 «
1404 308 1512 335 Iratum
1539 307 1592 335 sibi
1617 309 1775 336 Saturnum

954 359 1017 379 esse
1032 351 1086 378 hac
1102 352 1137 378 de
1152 360 1240 379 causa
1251 351 1435 387 dubitabant,
1448 352 1524 388 quod
1537 361 1602 380 cum
1620 352 1675 388 ipsi
1690 354 1776 380 antea

954 395 1111 423 liberorum
1136 404 1257 423 suorum
1283 396 1383 424 ﬂorem
1411 396 1607 429 immolarent,
1638 396 1775 432 deinceps

953 440 1070 468 nonnisi
1086 448 1191 476 pueros
1218 441 1372 476 quosdam,
1400 441 1498 468 furtim
1524 444 1671 477 coemptos
1687 443 1775 476 atque

953 484 1005 512 abs
1021 493 1052 512 se
1064 485 1251 520 educatos,ad
1264 485 1439 512 sacriﬁcium
1453 486 1774 521 submitterent.ltaque

952 529 1006 557 hac
1023 529 1058 557 de
1073 538 1104 557 re
1118 530 1278 565 quaestione
1295 530 1403 565 habita,
1429 529 1585 557 nonnullos
1606 538 1640 557 ex
1655 530 1706 562 eis,
1724 529 1775 565 qui

953 583 1035 602 sacro
1045 582 1078 601 ac
1089 574 1212 601 solemni
1223 574 1279 602 ritu
1292 574 1358 602 caesi
1371 577 1464 608 erant,
1474 574 1675 610 suppositilios
1688 575 1776 602 fuisse

952 622 1132 655 repererunt.
1150 620 1217 651 Quae
1232 627 1299 647 cum
1325 627 1422 646 secum
1440 619 1496 655 ipsi
1521 621 1700 654 reputarent,
1724 618 1776 646 ho-

952 664 1102 699 stiumque
1117 666 1212 691 castra
1223 663 1368 692 moenibus
1380 663 1441 691 suis
1451 663 1603 691 imminere
1613 665 1774 696 cernerent,

952 717 1059 745 magna
1074 708 1132 736 illis
1145 708 1251 743 injecta
1262 708 1362 744 religio
1374 708 1515 743 est,quasi
1529 707 1637 743 patrios
1654 707 1774 735 deorum

951 752 1077 781 honores
1093 752 1292 780 sustulissent.
1318 753 1409 788 Atque
1426 753 1502 779 hunc
1518 760 1644 780 errorem
1661 754 1693 779 ut
1717 760 1776 779 ma-

951 800 1016 825 ture
1041 800 1238 832 procurarent,
1255 797 1381 833 primum
1399 797 1518 832 quidem
1542 797 1674 831 eximios,
1691 804 1774 824 com—

951 842 1149 877 munibusque
1164 841 1252 869 lectos
1267 842 1425 877 suﬂ‘ragiis,
1441 840 1639 869 adolescentes
1655 840 1774 868 omnino

951 887 1093 914 ducentos
1122 886 1236 922 publica
1266 886 1465 913 immolarunt.
1495 885 1603 912 Deinde
1632 893 1699 912 vero
1722 885 1772 913 alii

951 933 1099 967 praeterea,
1115 930 1166 967 qui
1186 930 1297 958 violatis
1314 930 1462 966 religionis
1482 929 1567 966 vulgo
1583 929 1712 965 suspecti
1727 938 1773 957 es-

951 978 1027 1009 sent,
1057 976 1134 1003 ultro
1156 983 1219 1003 sese
1245 984 1278 1003 ac
1302 977 1405 1010 sponte
1429 974 1609 1007 obtulerunt,
1635 974 1772 1002 trecentis

951 1020 1028 1048 haud
1057 1020 1352 1056 pauciores‘(Euseb.
1378 1019 1429 1046 lib.
1457 1027 1485 1047 IV
1518 1020 1641 1054 Prwpar.
1667 1019 1771 1054 Evang.

951 1072 1015 1101 cap.
1032 1065 1077 1099 16,
1092 1073 1157 1101 pag.
1176 1065 1248 1100 161).
1261 1075 1275 1089 ››
1292 1065 1355 1092 Haec
1370 1065 1468 1091 autem
1484 1064 1641 1099 desumpta
1655 1066 1725 1091 sunt
1739 1072 1774 1091 ex

950 1109 1090 1137 vicesimo
1106 1108 1289 1137 Bibliotheca;
1303 1109 1435 1144 ejusdem
1451 1107 1568 1136 Diodori
1583 1106 1773 1140 libro.illius-

951 1162 1009 1189 que
1037 1155 1065 1181 et
1090 1153 1206 1181 Eusebii
1234 1153 1332 1181 Graeca
1358 1153 1445 1180 veiba
1474 1152 1549 1180 inter
1583 1160 1614 1180 se
1642 1152 1772 1180 conferre

951 1198 1071 1234 poteris.
1090 1198 1153 1226 Alio
1177 1200 1275 1226 autem
1296 1198 1439 1225 Diodorus
1453 1197 1483 1224 in
1500 1196 1574 1225 libro
1590 1197 1626 1224 de
1641 1197 1773 1225 Imilcare

950 1242 1076 1271 dixerat:
1086 1242 1168 1271 «Diis
1179 1242 1408 1278 supplicationes
1420 1242 1478 1270 ritu
1488 1241 1588 1278 patriae
1600 1241 1772 1275 instituens,

949 1288 989 1322 τῷ
1018 1286 1065 1323 μὶν
1094 1286 1189 1325 Κρόνῳ
1208 1284 1291 1313 παῖδα
1319 1286 1479 1325 σφαγιάσας,
1503 1287 1542 1321 τῷ
1570 1284 1599 1312 δὲ
1623 1283 1772 1313 Ποσειδῶνι

949 1329 1057 1365 πλῆθος
1097 1330 1190 1369 ἱερέων
1228 1330 1434 1362 καταποντίσας.
1478 1338 1602 1367 puerum
1646 1330 1773 1358 Saturno

950 1378 1068 1410 mactat,
1094 1378 1123 1403 et
1146 1376 1279 1412 Neptuno
1301 1375 1417 1403 turbam
1442 1375 1627 1403 sacerdotum
1643 1374 1672 1402 in
1696 1375 1772 1403 492

949 1428 1030 1448 mare
1056 1420 1199 1456 demergit
1226 1420 1352 1456 (Dicdor.
1383 1419 1526 1452 Hibitam“
1555 1419 1606 1447 lib.
1635 1427 1681 1453 xx,
1705 1427 1770 1455 pag.

948 1465 1001 1492 739
1015 1469 1042 1492 et
1056 1473 1129 1501 seqq.
1156 1465 1235 1492 Idem
1256 1464 1306 1493 lib.
1323 1473 1384 1498 xm,
1401 1472 1467 1500 pag.
1482 1463 1557 1499 377).
1575 1474 1585 1488 ι
1604 1463 1677 1496 Quid
1693 1471 1771 1497 vero,

950 1510 1029 1545 quod
1045 1509 1218 1537 Plutarchus
1234 1511 1333 1537 narrat
1356 1509 1494 1536 Gelonem
1521 1516 1587 1536 cum
1610 1507 1695 1535 victis
1710 1516 1727 1535 a
1741 1516 1773 1536 se

950 1562 1055 1589 magno
1070 1554 1168 1590 praelia
1184 1553 1474 1590 Carthaginensibus,
1496 1560 1656 1589 pacemque
1673 1554 1772 1588 peten-

951 1598 1042 1631 tibus.
1059 1607 1092 1626 ea
1116 1601 1231 1626 tantum
1255 1598 1422 1626 conditione
1450 1597 1530 1625 illam
1554 1596 1724 1632 confecisse,
1741 1599 1774 1625 ut

950 1644 1075 1670 Saturno
1090 1642 1165 1670 ﬁlios
1180 1651 1249 1670 suos
1265 1642 1392 1679 amplius
1409 1651 1466 1670 non
1482 1641 1691 1669 immolarent?
1709 1644 1771 1669 Huc

950 1687 1062 1715 act-edit
1086 1688 1164 1722 quod
1189 1696 1206 1715 a
1229 1687 1364 1723 Dionysio
1391 1686 1612 1715 Halicarnasseo
1627 1685 1771 1722 scriptum

948 1731 1074 1767 legimus
1088 1740 1093 1758 :
1105 1744 1118 1755 ‹‹
1130 1732 1231 1759 Fertur
1247 1735 1356 1759 veteres
1366 1732 1526 1760 Saturnum
1539 1731 1654 1767 placare
1669 1730 1772 1758 solitos

949 1775 1087 1804 humanis
1103 1776 1238 1809 victimis,
1256 1778 1331 1803 sicut
1353 1775 1609 1811 Carthagiuenses,
1624 1776 1695 1803 dum
1712 1777 1770 1803 ste-

948 1819 984 1848 tit
1005 1828 1104 1847 eorum
1132 1821 1212 1855 urbs,
1238 1823 1267 1847 et
1292 1820 1368 1848 idem
1394 1828 1472 1847 nunc
1495 1827 1611 1855 quoque
1637 1819 1670 1847 ﬁt
1693 1820 1771 1855 apud

947 1864 1045 1892 Gallos
1070 1864 1202 1899 aliasque
1227 1867 1327 1900 gentes
1353 1864 1501 1892 Occidenti
1529 1864 1676 1900 proximas
1695 1864 1773 1899 (Dio-

947 1917 1011 1945 nys.
1037 1909 1168 1945 Halycar.
1193 1909 1244 1937 lib.
1270 1917 1279 1937 1
1303 1910 1436 1944 Antiquit.
1463 1910 1576 1936 Roman.
1603 1917 1668 1945 pag.
1684 1909 1740 1945 30).
1759 1921 1773 1934 υ

946 1953 999 1981 Cui
1015 1962 1099 1989 porro
1116 1954 1175 1981 haec
1200 1962 1258 1981 non
1282 1954 1436 1986 sufﬁcient,
1464 1954 1487 1980 is
1512 1953 1589 1989 legat
1609 1953 1703 1980 adhuc
1718 1955 1772 1980 Ju-

946 1998 1058 2026 stinum
1074 1998 1242 2034 Martyrem,
1257 1998 1422 2034 Origenem,
1439 1998 1647 2034 Augustinum,
1665 1997 1714 2033 qui
1730 1999 1773 2025 te-

947 2045 1021 2070 stem
1047 2051 1134 2070 suum
1159 2042 1318 2070 Varronem
1342 2042 1441 2070 citavit
1462 2043 1578 2078 (Justin.
1603 2042 1716 2078 Apolog.
1749 2050 1770 2070 ιι

947 2095 1013 2123 pag.
1038 2087 1094 2121 50;
1117 2087 1233 2123 Origsn.
1259 2087 1309 2115 lib.
1334 2096 1362 2121 ν,
1389 2091 1477 2115 contr.
1504 2086 1586 2119 Cels.,
1606 2094 1671 2122 pag.
1696 2086 1769 2121 249;

946 2132 1103 2168 Augustin.
1120 2132 1170 2159 lib.
1187 2140 1237 2165 v11,
1254 2132 1290 2159 de
1304 2131 1402 2165 Civit.,
1419 2140 1482 2168 cap.
1500 2131 1533 2159 19
1547 2133 1575 2159 et
1589 2131 1645 2167 26).

982 2194 1037 2222 Sed
1055 2194 1181 2229 attende,
1197 2195 1320 2230 quaeso,‘
1330 2193 1399 2229 quid
1423 2201 1480 2221 non
1496 2192 1610 2229 possint
1625 2192 1771 2229 homines,

947 2238 1008 2267 sola
1025 2238 1103 2266 falsas
1119 2238 1235 2275 pietatis
1251 2239 1355 2266 umbra
1379 2237 1514 2273 decepti?
1535 2249 1548 2262 α
1564 2239 1586 2265 A
1602 2238 1772 2274 parentibus

949 2283 1084 2318 infantes,
1102 2294 1117 2308 ι)
1131 2282 1227 2318 inquit
1242 2282 1420 2315 Minucius,»
1436 2281 1677 2316 immolabantur,
1692 2282 1773 2310 blan-

949 2327 1030 2356 ditiis
1045 2330 1072 2355 et
1087 2327 1186 2355 osculo
1202 2326 1427 2362 comprimentes
1451 2328 1588 2363 vagitum,
1606 2335 1642 2355 ne
1666 2326 1771 2355 ﬂebilis

948 2372 1045 2400 hostia
1058 2371 1238 2399 immolatur.
1256 2382 1271 2396 »
1289 2372 1466 2400 Praaeuntem
1490 2380 1556 2399 vero
1580 2372 1620 2400 ibi
1637 2372 1772 2407 sequitur

947 2416 1171 2451 Tertullianum,
1199 2416 1249 2452 qui
1265 2416 1307 2444 uti
1319 2417 1382 2452 jam
1403 2417 1618 2450 annotavimus,
1636 2416 1746 2444 dixerat
1762 2423 1769 2443 :

947 2472 962 2487 α
985 2461 1123 2489 Parentes
1147 2461 1307 2489 offerebant
1329 2461 1405 2489 ﬁlios
1428 2470 1508 2497 suos,
1533 2463 1562 2489 et
1586 2461 1709 2488 libentes
1725 2468 1769 2487 re-

948 2506 1141 2543 spondebant,
1157 2508 1185 2534 et
1200 2506 1362 2534 infantibus
1385 2506 1610 2534 blandiebantur
1625 2513 1660 2532 ne
1675 2504 1770 2540 lacry-

947 2553 1063 2578 mantes
1087 2550 1320 2579 immolarentur.
1335 2561 1353 2583 in
1372 2550 1490 2586 (Tertul.
1508 2550 1582 2585 Apol.
1600 2557 1662 2584 cap.
1678 2548 1717 2582 9.)
1735 2550 1770 2576 At

947 2595 972 2623 si
986 2598 1056 2623 tunc
1071 2595 1197 2623 ﬁliorum
1214 2603 1334 2624 suorum
1350 2595 1478 2631 vagitum
1494 2597 1523 2622 et
1540 2595 1767 2629 lacrymas,quo-

946 2640 1033 2668 modo
1049 2639 1104 2676 ipsi
1120 2648 1174 2668 sua
1189 2639 1464 2675 suspiria,gcmitus
1480 2641 1508 2665 ct
1523 2646 1638 2665 omnem
1655 2637 1767 2673 paterni

946 2684 1042 2712 cordis
1057 2684 1254 2719 sensum,illcs
1269 2683 1435 2715 occidendo,
1452 2683 1599 2710 continere
1614 2682 1770 2718 poterant?

946 2729 986 2757 Ea
1011 2731 1108 2757 tamen
1134 2730 1309 2764 prapostera
1333 2727 1452 2755 omnino
1472 2727 1640 2755 fortitudine
1662 2727 1767 2755 libero-

945 2782 1009 2801 rum
1026 2773 1149 2809 gemitas
1165 2775 1193 2800 et
1208 2772 1351 2809 lacrymas
1367 2772 1648 2808 comprimebantme
1663 2772 1768 2800 ﬁebilis

944 2819 974 2846 et
995 2817 1161 2854 lacrymans
1185 2817 1293 2853 hostia,
1318 2819 1406 2853 atque
1429 2817 1537 2846 idcirco
1563 2817 1620 2845 diis
1645 2817 1767 2845 minime
