3942 6162
418 245 536 307 507

1703 245 1805 303 DE
1850 242 2159 306 MINUCII
2203 244 2546 305 OCTAVIO
3644 257 3738 317 508

419 379 998 450 grata,mactaretur.
1033 375 1250 431 Malum
1310 376 1602 433 enimvero
1633 393 1804 433 omen
1835 380 1977 448 erat,
2011 376 2060 432 si
2095 376 2151 444 Α
2253 375 2454 432 Ovidio
2485 373 2740 431 concinit
2767 373 2858 430 his
2888 374 3157 430 veroibus
3184 374 3456 434 Juvenalis
3485 396 3496 433 :

419 464 608 521 hostia
646 480 978 538 repugnans
1011 469 1182 538 atque
1227 465 1407 521 invita
1455 465 1909 522 sacriﬁcabatur.
1961 467 2065 524 Te-

419 558 570 612 stem
603 553 652 610 si
684 553 934 625 aliquem
967 553 1132 621 velis,
1161 554 1296 610 audi
1330 554 1765 611 Macrobium:«
1789 556 2067 612 Observa-

417 647 544 700 tum
577 647 666 699 est
695 660 728 699 a
757 643 1243 708 sacrificantibus,
1279 649 1342 698 ut
1374 643 1422 699 si
1451 644 1642 700 hostia
1673 662 1798 716 qua:
1831 645 1900 700 ad
1936 661 2066 700 aras

421 732 753 798 duceretur,
795 732 1004 788 fuisset
1050 731 1454 789 vehementius
1515 733 1813 799 reluctata,
1867 739 2065 789 osten-

419 822 716 894 dissetque
747 839 810 878 se
838 821 1081 877 invitam
1135 822 1421 878 altaribus
1471 823 1790 889 admoveri,
1835 839 2065 879 amove-

415 915 594 978 retur,
623 911 762 982 quia
791 911 968 968 invito
1001 911 1116 967 Deo
1149 911 1340 970 offerri
1373 927 1500 966 eam
1533 913 1875 983 putabant.»
1911 913 2063 979 Sive,

411 1003 478 1055 ut
528 999 606 1055 ait
638 999 863 1055 Plinius
899 1016 912 1056 :
967 1023 987 1049 α
1039 999 1154 1056 Nec
1211 999 1400 1056 aliena
1430 999 1621 1056 hostia
1654 1001 1790 1056 deos
1825 1000 2062 1072 placari,

412 1103 517 1144 nec
549 1087 879 1144 retrahente
912 1105 974 1145 se
1004 1087 1142 1156 aris,
1170 1109 1198 1138 »
1229 1089 1508 1161 (Macrob.
1544 1087 1644 1144 lib.
1679 1105 1742 1143 111
1772 1089 2063 1144 Saturnat.

409 1194 536 1249 cap.
568 1179 640 1245 5;
675 1177 822 1234 Plin.
858 1177 958 1233 lib.
991 1195 1093 1234 v111
1147 1178 1340 1234 Natur.
1396 1179 1541 1234 Hist.
1599 1195 1725 1250 cap.
1786 1178 1873 1249 45,
1929 1194 2061 1250 pag.

410 1267 561 1337 221.)
593 1267 952 1340 Quapropter
983 1267 1330 1336 infaustum,
1364 1272 1512 1323 teste
1541 1267 1732 1322 adhuc
1754 1266 2064 1322 Ammiano

415 1355 770 1428 Marcellino,
819 1357 1316 1424 existimaverunt,
1368 1357 1520 1428 quod
1569 1355 1627 1410 in
1667 1355 1880 1411 Iuliani
1912 1357 2062 1427 Apo-

418 1449 580 1504 statae
612 1445 895 1502 sacrificio
927 1445 1189 1501 decimus
1209 1445 1643 1518 taurus,ruptis
1671 1443 1921 1500 vinculis
1947 1443 2066 1500 ela-

414 1552 580 1608 psus,
613 1550 761 1608 zegre
793 1535 1066 1591 reductus
1097 1533 1528 1606 est.(Ammian.
1566 1531 1766 1588 Macel.
1801 1532 2064 1598 lib.xx1v,

416 1641 542 1696 cap.
593 1625 648 1690 6,
702 1640 832 1696 pag.
887 1623 1035 1695 409).
1071 1624 1390 1680 Funestum
1423 1623 1599 1679 etiam
1631 1621 1902 1694 Pompeio
1933 1639 2064 1694 por-

410 1713 649 1770 tendere
697 1713 920 1784 aliquid
971 1713 1096 1769 visa
1143 1716 1232 1768 est
1300 1733 1326 1766 ιι
1386 1714 1456 1768 ab
1503 1711 1669 1784 ipsis,
1717 1733 1745 1762 »
1789 1713 1942 1767 sicut
1986 1710 2067 1766 ait

409 1801 677 1858 Valerius
717 1802 1002 1858 Maximus
1061 1824 1090 1851 «
1139 1800 1426 1858 altaribus
1478 1799 1804 1856 hostiarum
1855 1801 1992 1872 fuga
2036 1821 2063 1849 »

411 1889 630 1964 (Valer.
663 1891 810 1946 Max.
843 1891 946 1946 lib.
997 1906 1038 1958 ι,
1071 1906 1194 1962 cap.
1229 1891 1284 1957 6,
1315 1891 1343 1958 §
1396 1890 1520 1962 12);
1553 1889 1641 1945 vel
1681 1889 2065 1961 quemadmo-

415 1980 557 2036 dum
589 1980 800 2037 cecinit
831 1981 1101 2036 Lucanus
1135 1995 1148 2036 :

543 2085 804 2136 Admotus
832 2085 1057 2148 superis,
1079 2085 1316 2134 discussa
1345 2083 1482 2146 fugit
1511 2084 1577 2148 ab
1607 2097 1701 2148 ara

541 2150 763 2220 Taurus,
801 2153 852 2220 et
880 2146 1151 2220 Emathios
1181 2160 1416 2220 praeceps
1445 2161 1501 2220 se
1528 2146 1654 2220 jecit
1677 2147 1732 2196 in
1763 2160 1937 2220 agros,

539 2211 799 2275 Nullaque
829 2211 1054 2260 funestis
1081 2211 1304 2275 inventa
1332 2213 1412 2259 est
1442 2210 1655 2275 victima
1687 2210 1870 2258 sacris.

1266 2273 1504 2334 (Lucan.,
1536 2273 1569 2320 l.
1600 2286 1685 2332 νη,
1717 2286 1768 2320 v.
1807 2274 1934 2328 156.)

408 2371 481 2427 At
509 2387 624 2426 non
659 2369 750 2427 his
772 2374 1002 2428 tantum
1025 2369 1308 2444 exemplis
1329 2369 1578 2443 gentiles
1609 2369 1908 2426 homicidii
1932 2387 2060 2442 par-

409 2459 714 2532 rioidiique
738 2460 1360 2528 convincebantur,sed
1387 2459 1518 2516 aliis
1541 2461 1734 2516 adhuc
1763 2459 2055 2531 plurimis,

414 2563 542 2622 quae
569 2566 604 2606 a
631 2550 802 2606 nobis
832 2549 1177 2606 excutienda
1206 2553 1364 2605 sunt.

863 2703 1016 2760 498
1054 2702 1457 2759 ARTICULUS
1499 2704 1595 2760 III.

411 2811 522 2880 Quo
548 2811 731 2868 adhuc
778 2810 931 2866 modo
974 2813 1243 2867 Minucius
1275 2811 1516 2867 ostendat
1548 2828 1582 2866 a
1617 2811 1816 2866 Tauris
1865 2810 2052 2866 Ponti-

2329 483 2449 532 Tale
2481 481 2609 547 quid
2641 483 2859 547 excusat
2875 480 3119 547 bimotide
3151 482 3329 547 sanior
3360 497 3443 532 ara

2329 543 2623 608 Egyptus;
2657 546 2852 608 quippe
2884 544 2972 592 illa
3008 543 3221 608 nefandi
3249 545 3453 594 Taurica
3480 549 3595 597 sacri

2331 606 2625 664 Inventrix,
2658 606 2904 656 homines
2933 608 3010 665 (ut
3043 606 3153 668 jam
3184 620 3297 668 quae
3326 610 3540 658 carmina
3565 613 3746 665 tradunt

2332 670 2502 733 Digna
2531 669 2634 719 ﬁde
2661 670 2863 724 credas)
2895 673 3075 718 tamen
3108 669 3353 718 immolat.
3415 705 3426 718 .
3487 705 3499 718 .

2678 752 2905 817 (Juven.
2937 749 3151 819 Satyr.,
3185 765 3273 815 xv,
3305 766 3352 814 v,
3385 750 3479 804 115
3505 756 3549 805 et
3574 769 3694 824 seqq.

2249 855 2603 913 Prudentius
2652 861 2846 912 autem
2898 855 3135 927 utrique
3186 854 3438 926 scriptori
3468 858 3624 914 etiam
3669 860 3755 916 hoc

2177 962 2444 1003 sermone
2477 945 2827 1016 subscripsit
2862 963 2875 1003 :

2305 1053 2580 1101 Incassum
2612 1065 2838 1111 arguere
2858 1050 2973 1113 jam
3001 1050 3223 1114 Taurica
3245 1063 3387 1098 sacra
3417 1050 3654 1114 solemus;

2301 1115 2571 1164 Funditur
2601 1114 2870 1164 humanus
2901 1113 3088 1162 Latiali
3118 1113 3172 1161 in
3203 1125 3416 1161 munere
3445 1113 3656 1176 sanguis.

2177 1193 2396 1338 (Αἶας-οι.
2431 1193 2789 1262 Prudent.,l.
2819 1211 2857 1265 1,
2881 1197 3024 1250 cont.
3050 1193 3356 1265 Symmach.
3389 1193 3440 1246 in
3471 1196 3760 1264 spectaculis.

2177 1283 2206 1324 e
2236 1283 2284 1322 ο.

2175 1283 2284 1324 ΘῐσΟ.

2249 1391 2520 1446 Lucanus
2551 1405 2785 1462 quoque
2811 1393 2868 1444 et
2891 1388 2987 1444 alii
3018 1405 3152 1444 mox
3181 1387 3410 1456 citandi,
3441 1387 3527 1443 his
3555 1405 3654 1444 non
3680 1389 3764 1444 ab-

2175 1478 2393 1536 similia
2424 1482 2684 1535 narrant.
2746 1482 2822 1533 At
2851 1478 3136 1534 Diodorus
3173 1476 3396 1532 Siculus
3426 1476 3587 1548 hujus
3624 1477 3766 1533 diris-

2175 1569 2313 1626 simi
2357 1569 2537 1624 moris
2587 1567 2842 1624 rationes
2886 1567 3122 1639 profert,
3175 1583 3319 1638 quas
3365 1566 3510 1638 apud
3549 1581 3690 1636 eum,
3729 1567 3767 1622 si

2178 1658 2412 1714 animus
2445 1657 2549 1714 tibi
2581 1661 2691 1723 est,
2740 1656 2932 1728 legere
2961 1655 3204 1728 poteris,
3248 1669 3314 1711 ac
3343 1659 3603 1726 praeterea
3627 1655 3772 1710 Sene-

2097 1752 2144 1818 B
2175 1763 2304 1802 eam
2354 1746 2516 1802 adire
2565 1750 2620 1801 et
2691 1744 3034 1816 Gregorium
3095 1743 3516 1799 Nazianzenum
3562 1743 3772 1812 (Diodor.

2174 1835 2357 1893 Sieul.
2381 1835 2482 1890 lib.
2510 1851 2563 1890 1v
2586 1835 2848 1889 Biblioth.
2876 1850 3008 1906 pag.
3035 1834 3175 1902 173;
3208 1834 3401 1888 Senec.
3426 1832 3587 1901 inﬁn.
3606 1831 3774 1900 Octav.,

2172 1925 2416 1999 Gregor.
2477 1923 2748 1980 Nazianz.
2781 1927 2927 1979 orat.
2991 1921 3081 1989 39,
3131 1924 3192 1978 in
3248 1938 3356 1978 sac.
3416 1922 3641 1990 Lumin.,
3668 1935 3777 1992 pag.

2171 2016 2326 2083 820).

2242 2103 2351 2158 Sed
2383 2105 2671 2174 quantum
2716 2101 2796 2156 ibi
2822 2100 3073 2156 Minucio
3108 2100 3264 2156 favet
3290 2099 3776 2167 Diodorus,tantum

2169 2193 2242 2249 ab
2273 2209 2338 2249 eo
2369 2191 2655 2248 dissidere
2687 2191 2916 2246 videtur
2971 2191 3042 2245 de
3095 2189 3388 2245 Busiride.
3439 2187 3621 2242 Miram
3650 2185 3777 2242 enim

2167 2284 2526 2337 contestatur
2555 2296 2683 2336 esse
2726 2279 3006 2346 fabulam,
3049 2280 3307 2334 advenas
3338 2276 3609 2332 Busiridis
3635 2274 3770 2330 saevi-

2167 2371 2250 2426 tia
2282 2370 2464 2425 i‘uisse
2495 2373 2800 2424 mactatos.
2833 2368 3006 2434 Audi,
3039 2384 3264 2439 quaeso,
3297 2368 3422 2438 ejus
3447 2365 3642 2420 verba:
3682 2366 3775 2414 Τῶν

2165 2455 2465 2533 ἀνθρώπων
2497 2453 2553 2511 δὲ
2582 2457 2708 2517 τοὺς
2741 2445 3184 2530 ὁμοχρωμάτους
3213 2459 3298 2526 τῷ
3342 2458 3567 2530 Τυφῶνι,
3594 2450 3649 2505 τὸ
3695 2471 3774 2503 πα-

2166 2544 2342 2618 λαιὸν,
2379 2545 2483 2600 ὐπὸ
2511 2549 2617 2600 τῶν
2657 2543 2924 2620 βασιλέων
2977 2545 3102 2622 φασὶ
3155 2542 3376 2598 Θῦεσοαι
3423 2541 3552 2618 πρὸς
3596 2545 3665 2611 τῷ
3704 2539 3776 2591 τά·

2167 2657 2253 2713 qch
2303 2639 2382 2706 τῷ
2430 2630 2724 2706 Ὀσίριδοςο
2775 2637 2884 2688 τῶν
2944 2632 3037 2706 μὲν
3093 2629 3184 2687 οὖν
3240 2630 3544 2709 Αἰγυπτίων
3595 2626 3777 2702 ὀλίγους

2161 2725 2312 2787 τινὰς
2346 2721 2684 2798 εὑρίσκεσθαι
2714 2721 3100 2798 πῦῥρους,τῶν
3132 2718 3188 2776 δὲ
3221 2722 3385 2792 ξένων
3413 2718 3536 2780 τοὺς
3565 2715 3773 2776 πλείους.

2164 2815 2256 2869 Διὸ
2286 2812 2376 2868 καὶ
2419 2811 2542 2889 περὶ
2590 2819 2691 2882 τῆς
2735 2808 3050 2887 Βουσίριδος
3102 2809 3434 2881 ξενοκτονίας
3474 2811 3621 2866 494
3660 2805 3779 2879 παρὰ

472 2884 657 2974 gisnet
678 2882 956 2974 lBusirtde
978 2884 1260 2974 _1'Egyptio
1307 2882 1639 2974 sacriﬁcatos
1712 2881 1968 2974 Ilz'ospites,
2022 2899 2054 2974 α

2175 2908 2276 2966 τοῖς
2305 2900 2574 2972 Ἕλλησιν
2611 2899 2885 2974 ὲνισχῦσαι
2915 2900 3006 2955 τὸν
3066 2903 3261 2973 μῦοον,
3297 2898 3358 2954 οὗ
3402 2901 3495 2952 τοῦ
3549 2892 3778 2971 βασιλέως

470 2953 644 3010 Gallis
672 2955 917 3010 homines
967 2953 1270 3020 Mercurio,
1327 2971 1360 3008 α
1408 2955 1662 3009 Romanis
1713 2953 1956 3009 Graecum
2003 2957 2057 3008 et

465 3026 730 3154 (tiralecam,
784 3027 1009 3083 Gallum
1070 3029 1120 3083 et
1171 3025 1405 3095 Guttam,
1461 3026 1708 3096 aliosque
1765 3026 1886 3082 Jovi
1944 3025 2049 3080 La-

501 3115 555 3154 ια
583 3115 623 3154 ι.

501 3115 623 3155 tau.

477 3215 984 3280 Quemadmodum
1042 3215 1396 3289 quibusdam
1445 3213 1647 3270 Africae
1697 3211 1930 3286 pcpulis
1969 3215 2056 3268 in-

404 3305 600 3362 fantes
651 3305 902 3362 Saturno
972 3305 1278 3361 immolare
1337 3303 1872 3360 inhumanissimus
1929 3319 2057 3358 mos

409 3393 538 3464 fuit,
573 3393 656 3450 ita
689 3415 717 3446 «
745 3394 953 3451 Tauris
983 3394 1258 3465 Ponticis,
1290 3415 1318 3444 »
1365 3393 1447 3449 ait
1476 3392 1791 3458 Minucius,
1827 3413 1856 3442 «
1881 3396 1937 3447 et
1966 3393 2056 3447 ίΕ-

411 3483 607 3557 gyptio
635 3483 908 3551 Busiridi,
933 3499 1071 3540 suos
1104 3483 1216 3539 diis
1248 3481 1467 3539 ﬁctitiis
1508 3482 1835 3538 sacriﬁcare
1865 3480 2061 3553 hospi-

410 3577 520 3628 tes.
552 3591 580 3624 ι
618 3573 698 3628 De
727 3572 934 3629 Tauris
965 3578 1160 3629 autem
1193 3573 1316 3628 haec
1340 3571 1609 3628 Clemens
1630 3570 2058 3626 Alexandrinus

407 3661 623 3718 Graecis
653 3660 863 3718 litteris
895 3661 1196 3717 mandavit
1225 3678 1238 3717 :
1273 3663 1472 3736 Ταῦροι
1510 3659 1573 3714 τὸ
1623 3656 1796 3726 ἔθνος,
1827 3658 1878 3713 οἳ
1934 3658 2057 3734 περὶ

404 3748 505 3819 τὴν
549 3748 815 3824 Ταυρικήν
872 3747 1214 3826 Χερρόνησον
1266 3745 1659 3820 κατοικοῦντες,
1712 3746 1804 3809 οὒς
1849 3746 1908 3801 ἂν
1948 3750 2056 3802 τῶν

406 3835 568 3911 ξένων
600 3839 728 3912 παρ’
757 3836 941 3900 αὐτοῖς
980 3835 1168 3908 ἕλωσι,
1201 3835 1406 3892 τούτων
1439 3834 1505 3905 δὴ
1538 3841 1644 3892 τῶν
1679 3836 1814 3892 κατᾶ
1860 3836 2058 3891 θάλασ-

407 3947 501 3981 σαν
563 3925 916 3998 ἐπταικότων,
978 3925 1170 3980 αὐτίκα
1231 3923 1381 3998 μάλα
1444 3926 1514 3997 τῇ
1579 3929 1817 4001 Ταυρικῇ
1892 3945 2059 3980 κατα-

409 4014 623 4080 θῦουσιν
682 4012 985 4092 ’Δρτέμιδι.
1033 4039 1062 4067 ‹‹
1120 4016 1294 4072 Tauri
1356 4015 1576 4090 populi,
1637 4017 1736 4088 qui
1794 4016 2062 4072 habitant

409 4107 563 4162 circa
591 4105 899 4162 Tauricam
942 4105 1394 4173 Chersonesum,
1422 4094 1810 4178 quoscunque
1857 4105 2058 4178 hospi-

403 4199 491 4251 tes
522 4195 675 4268 apud
709 4211 771 4251 se
811 4197 1092 4268 ceperint,
1147 4211 1216 4251 ex
1255 4195 1328 4251 iis
1369 4195 1468 4267 qui
1517 4195 1576 4250 in
1629 4195 1776 4250 mari
1826 4195 2060 4250 aberra-

407 4289 564 4355 runt,
597 4284 791 4340 Dianaa
823 4285 1082 4341 Taurica:
1121 4284 1320 4342 statim
1373 4285 1725 4340 sacrificant.
1780 4305 1809 4333 n
1858 4283 2056 4352 (Clem.

407 4372 566 4430 Alex.
595 4373 873 4430 Admonit.
909 4374 980 4429 ad
1011 4373 1187 4442 Gent.,
1222 4389 1351 4447 pag.
1394 4374 1512 4442 27.)
1564 4374 1646 4429 Ea
1693 4381 1886 4430 autem
1937 4371 2060 4429 Cle-

415 4461 627 4517 mentis
653 4461 1024 4518 Alexandrini
1069 4463 1244 4519 verba
1272 4463 1342 4518 ab
1374 4462 1622 4518 Eusebio
1653 4461 1943 4533 descripta
1972 4461 2058 4515 in-

415 4550 636 4607 venies.
669 4551 1071 4624 Athenagoras
1092 4569 1224 4609 vero
1254 4551 1794 4624 brevius,0rigenes
1823 4549 2059 4620 clarius,

421 4643 482 4694 et
511 4643 759 4711 utroque
809 4641 1046 4696 uberius
1094 4639 1472 4707 Athanasius,
1504 4643 1707 4696 eadem
1739 4639 1910 4712 plane
1940 4655 2066 4694 me-

421 4732 654 4784 morant
707 4729 940 4799 (Euseb.
999 4727 1100 4783 lib.
1161 4746 1216 4784 1v
1262 4731 1515 4801 Praepar.
1570 4731 1786 4797 Evang,
1822 4728 2062 4800 p.157;

416 4816 767 4889 Athenagor.
808 4819 990 4890 Legat.
1021 4834 1118 4890 pro
1151 4819 1357 4875 Christ.
1390 4834 1522 4892 pag.
1554 4819 1624 4873 29
1653 4837 1666 4888 ;
1696 4818 1926 4891 Origen.
1959 4817 2062 4874 lib.

417 4924 474 4963 v.
533 4911 708 4963 contr.
771 4909 906 4965 Cels.
968 4924 1100 4982 pag.
1159 4909 1301 4976 249;
1343 4908 1624 4965 Athenas.
1682 4908 1831 4964 Orat.
1891 4911 2064 4964 contr.

419 4995 586 5052 Graec.
617 4998 758 5067 §25,
794 5013 926 5071 pag.
952 4999 1030 5069 2).
1062 4997 1231 5054 Prius
1260 5001 1456 5054 autem
1489 4997 1580 5052 his
1611 4996 1886 5053 omnibus
1914 4996 2066 5052 Naso

419 5082 914 5143 immanissimam
946 5086 1328 5159 illammagis
1360 5086 1634 5154 ferarum,
1668 5103 1844 5158 quam
1876 5085 2065 5142 homi-

423 5190 565 5231 num
595 5175 998 5232 credulitatem
1028 5175 1112 5232 sic
1143 5175 1353 5232 cecinit
1384 5192 1398 5230 :

579 5309 674 5369 Illi,
710 5323 842 5373 quos
872 5309 1024 5360 audis
1051 5309 1331 5373 hominum
1359 5307 1594 5373 gaudere
1621 5321 1830 5368 cruore,

645 5371 780 5422 Pene
811 5374 911 5422 sub
941 5373 1182 5436 ejusdem
1211 5371 1402 5436 rigoris
1430 5385 1536 5436 axe,
1551 5371 1752 5436 jacent.

577 5434 683 5483 Nec
710 5436 898 5497 procul
923 5433 1144 5486 a'nobis
1172 5433 1320 5485 locus
1352 5437 1450 5492 est,
1489 5433 1577 5484 ubi
1607 5434 1830 5484 Taurica
1857 5433 1972 5484 dira

642 5498 796 5547 Caede
825 5499 1143 5561 pharetratae
1172 5497 1438 5562 spargitur
1467 5511 1558 5547 ara
1587 5497 1728 5547 Deae.

637 5577 848 5660 (Ovid.,
874 5579 910 5636 l.
943 5595 997 5635 1v
1026 5580 1186 5636 Trist.
1217 5579 1365 5650 Eleg.
1398 5595 1474 5650 1v,
1500 5596 1554 5637 v.
1576 5579 1682 5636 325
1709 5581 1761 5635 et
1788 5579 1958 5652 seqq.)

2162 2992 2574 3067 ὀνομαζομένου
2627 2987 2965 3067 Βουσίριδος,
3001 2987 3145 3043 ἀλλὰ
3190 2993 3293 3042 τοῦ
3340 2982 3600 3062 Ὀσίριὸος
3641 2983 3784 3059 τάφον

2081 3121 2124 3190 C
2159 3083 2361 3151 ταύτην
2414 3078 2643 3157 ἔχοντος
2685 3081 2785 3148 τὴν
2841 3076 3240 3154 προσηγορίαν,
3273 3075 3409 3131 κατὰ
3436 3076 3531 3143 τήν
3575 3076 3672 3126 τῶν
3723 3068 3789 3142 ἐγ·

2301 3169 2313 3190 Ι
2429 3167 2454 3190 δ
2499 3168 2540 3190 I‘
2624 3189 2667 3190 κν
2704 3188 2709 3190 .
2835 3168 3106 3190 ΙΪΑ..-Ξ..--
3140 3167 3311 3190 -Ξ--..1.
3350 3167 3596 3190 ,2---.1Α-υι
3644 3175 3783 3190 ’σιὶΛηὶ

2167 3169 2390 3248 χωρίων
2426 3167 2732 3224 διάλεκτον.
2767 3192 2796 3220 ‹‹
2833 3168 3108 3224 Homines
3138 3167 3314 3223 aiunt
3345 3167 3618 3240 ejusdem,
3642 3175 3786 3234 quem

2167 3260 2407 3334 Typhon
2439 3259 2666 3328 habuit,
2691 3257 2901 3314 coloris
2934 3257 3177 3330 (scilicet
3200 3257 3338 3328 rufi)
3391 3253 3696 3326 antiquitus
3730 3247 3786 3303 ad

2169 3348 2415 3406 Osiridis
2449 3352 2898 3404 monumentum
2932 3364 2965 3402 a
2996 3347 3236 3419 regibus
3272 3349 3553 3401 mactatos
3581 3356 3711 3396 esse.
3734 3338 3788 3391 Et

2169 3438 2338 3512 pauci
2370 3454 2508 3494 sane
2525 3437 2929 3509 Egyptiorum
2963 3436 3073 3491 ruﬁ
3105 3435 3509 3500 inveniuntur,
3538 3431 3630 3487 sed
3661 3442 3790 3501 pere-

2168 3528 2471 3602 grinorum
2503 3525 2856 3598 complures.
2893 3525 3138 3581 Proinde
3184 3524 3392 3580 fabula
3421 3524 3490 3578 de
3520 3517 3786 3582 Busiridis,

2169 3619 2422 3694 advenas
2473 3614 2901 3684 obtruncantis,
2933 3614 3156 3669 saevitia
3186 3615 3345 3686 apud
3401 3612 3622 3668 Graecos
3650 3607 3790 3661 inva-

2167 3692 2297 3774 luit,
2333 3723 2446 3761 non
2482 3705 2637 3778 quod
2671 3721 2768 3759 rex
2802 3702 3016 3775 aliquis
3048 3703 3278 3760 Busiris
3307 3706 3548 3758 vocatus
3577 3699 3682 3763 sit;
3711 3692 3791 3749 sed

2168 3793 2436 3850 tumulus
2467 3792 2715 3849 Osiridis
2745 3791 2948 3865 lingua
2991 3791 3315 3846 vernacula
3347 3791 3405 3845 id
3439 3785 3684 3843 nominis
3708 3781 3793 3836 ha-

2169 3885 2317 3940 buit.
2349 3903 2375 3934 ι
2415 3883 2672 3956 (Diodor.
2706 3881 2809 3937 lib.
2858 3899 2898 3951 1,
2941 3899 2999 3953 p.
3048 3881 3121 3934 53
3169 3885 3233 3935 et
3284 3878 3478 3951 seqq.)
3515 3881 3576 3932 At
3604 3875 3702 3928 hoc
3729 3875 3796 3924 ta-

2171 3989 2304 4028 men
2337 3972 2394 4027 in
2426 3971 2574 4027 libro
2609 3988 2723 4027 non
2757 3987 3001 4043 prorsus
3033 3969 3358 4037 inﬁciatur,
3391 3967 3615 4038 aliquos
3643 3960 3795 4017 fuisse

2168 4063 2467 4135 zEgyptios
2499 4077 2686 4132 reges,
2711 4059 2999 4114 Busiridis
3032 4057 3272 4114 nomine
3306 4056 3646 4130 appellatos.
3676 4055 3799 4104 Duo-

2170 4169 2302 4207 rum
2352 4150 2565 4207 etenim
2607 4150 2690 4206 sic
2736 4148 3288 4220 cognominatorum
3330 4144 3602 4202 meminit
3629 4140 3799 4212 (idem,

2169 4239 2272 4296 lib.
2307 4258 2346 4308 1,
2397 4257 2530 4312 pag.
2577 4240 2690 4311 29).
2743 4239 2995 4294 Tantum
3057 4237 3258 4308 itaque
3310 4251 3574 4293 asserere
3602 4231 3802 4284 videtur

2170 4347 2285 4386 non
2318 4329 2734 4397 hominee,sed
2767 4328 2942 4383 boves
2973 4327 3044 4382 ad
3077 4327 3329 4383 Osiridis
3361 4322 3676 4386 tumulum,
3705 4330 3800 4371 non

2170 4424 2364 4475 tamen
2398 4437 2430 4475 a
2461 4418 2750 4485 Busiride,
2785 4416 3165 4473 sacriﬁcatos.
3200 4415 3463 4470 Diodoro
3492 4416 3680 4466 autem
3701 4403 3803 4459 sui-

2092 4496 2138 4560 Ι)
2175 4509 2385 4582 fragari
2419 4509 2627 4564 Strabo
2656 4507 2887 4562 videtur
2943 4505 3033 4560 his
3080 4504 3451 4574 totidemque
3495 4497 3679 4554 verbis
3709 4511 3721 4548 :

2173 4578 2449 4674 1306}:th
2505 4595 2670 4656 πόλις
2728 4593 2779 4648 ἐν
2836 4592 2906 4666 τῇ
2961 4590 3274 4665 Βουσειρίτῃ
3314 4589 3498 4663 νόμῳ,
3529 4585 3615 4642 καὶ
3669 4578 3804 4636 κυνὸς

2172 4684 2356 4748 πόλις
2391 4683 2522 4764 φησί
2582 4681 2629 4738 δ’
2661 4681 3044 4757 Ἐρατοσθένης
3102 4679 3285 4734 κοινὸν
3353 4679 3452 4751 μὲν
3514 4673 3802 4764 sius-7:35!

2172 4780 2289 4838 τοῖς
2343 4760 2638 4852 βαρϐάροις
2683 4770 2798 4834 ἔθος
2839 4772 2938 4839 τὴν
2990 4766 3341 4841 ξενηλασίανο
3370 4767 3502 4828 τοὺς
3551 4762 3595 4820 δ’
3627 4760 3805 4836 Αἴγυπ-

2172 4864 2322 4926 τίους
2379 4863 2693 4940 ἐλέγχεσθαι
2751 4859 2839 4916 διὰ
2893 4864 2999 4915 τῶν
3049 4859 3173 4933 περὶ
3214 4857 3306 4912 τὸν
3345 4855 3622 4931 Βούσειριν
3654 4867 3807 4940 pagu-

2173 4951 2443 5026 θευμένων
2477 4935 2637 5024 ivi-cfp
2662 4949 2970 5025 Βουσειρίτῃ
2998 4947 3175 5021 νόμῳ,
3209 4941 3536 5002 διαϐάλλειν
3564 4943 3659 5010 τὴν
3713 4935 3807 5006 niis-

2172 5041 2288 5097 νίαν
2348 5039 2699 5116 βουλομένων
2755 5044 2852 5094 τοῦ
2907 5038 3077 5094 τόπου
3136 5035 3335 5092 τούτου
3425 5039 3534 5089 τῶν
3594 5031 3806 5103 ὕστερον·

2175 5127 2299 5185 οὐδὲ
2333 5127 2622 5206 βασιλέως,
2660 5130 2734 5202 μὰ
2781 5126 2897 5198 Δία,
2933 5124 3055 5182 οὐδὲ
3095 5125 3360 5203 τυράννου
3405 5120 3698 5200 γενομένου
3738 5133 3807 5168 τι·

2171 5221 2262 5282 νὸς
2292 5205 2388 5273 τοῦ
2422 5215 2782 5294 Βουσείριδος.
2818 5241 2846 5268 ‹‹
2882 5223 2944 5272 In
2985 5216 3292 5274 Busiritica
3349 5214 3694 5286 praefectura
3735 5205 3810 5258 ϐεῑ

2175 5311 2398 5366 Busiris
2457 5310 2682 5376 civitas,
2744 5311 2802 5363 et
2847 5306 3204 5380 Cynospolis.
3237 5308 3462 5359 Auctor
3505 5305 3590 5356 est
3626 5297 3807 5353 Erato—

2174 5400 2411 5457 sthenes
2442 5415 2812 5455 eammunem
2843 5396 3105 5452 barbaris
3149 5393 3431 5450 omnibus
3463 5380 3809 5446 consuetudi-

2174 5506 2306 5546 nem
2339 5504 2487 5558 esse,
2524 5493 2586 5543 ut
2623 5487 2883 5560 hospites
2913 5482 3469 5558 pellant..Egyptios
3502 5493 3631 5534 vero
3663 5487 3808 5529 accu-

2175 5579 2292 5638 sari
2322 5582 2558 5652 propter
2585 5594 2806 5650 ea,quaa
2831 5577 2891 5635 in
2924 5573 3137 5634 fabulis
3165 5575 3234 5630 de
3267 5570 3544 5629 Busiride
3572 5570 3627 5624 et
3654 5560 3804 5622 Busi-
