4088 6150
244 255 344 317 509

1628 258 2007 324 DlSSERTA
2021 260 2175 320 TIO.

3490 254 3609 313 510

240 386 380 443 ritica
414 387 757 460 praefectura
813 390 965 448 dicta
1013 391 1171 457 sunt,
1230 389 1559 447 volentibus
1608 388 1856 461 posteris
1885 389 1941 456 Α
1969 388 2289 461 generatim
2314 404 2547 461 quoque
2576 406 2610 446 a
2640 388 2820 446 Gallis
2841 386 3107 444 homines
3140 384 3250 440 diis
3281 383 3621 441 immolatos

239 475 329 531 loci
356 476 525 547 hujus
557 478 1081 551 inhospitalitatem
1142 480 1526 537 calumniari:
1571 495 1705 534 cum
1738 494 1859 533 me-

236 565 348 620 dius
380 566 569 632 lidius,
604 567 801 624 nullus
832 587 930 625 rex
960 586 1148 640 neque
1178 566 1615 636 fueritBusiris,
1649 583 1754 622 nec
1778 570 1862 639 ty-

235 671 449 710 rannus.
486 676 518 707 ι
543 656 757 727 (Strab.
791 656 893 715 lib.
926 676 1040 715 xvu
1071 656 1371 730 Geograph.
1407 672 1536 729 pag.
1568 656 1718 725 802.)

295 747 359 799 At
412 746 682 817 quamvis
722 745 844 803 haec
893 747 980 803 illi
1036 746 1397 820 negaverint,
1428 745 1627 817 plures
1665 748 1861 800 tamen

232 832 506 888 Minucius
540 834 712 889 habet
732 835 1163 908 astipulatores,
1196 840 1369 908 atque
1426 834 1699 906 inprimis
1727 832 1863 890 Ovi-

229 922 400 988 dium,
428 922 590 978 hisce
619 924 881 981 versibus
922 931 1225 983 canentem
1251 942 1265 983 :

399 1038 891 1111 Dicitur__./Egyptus
920 1043 1150 1111 caruisse
1178 1040 1492 1111 iuvantibus
1520 1050 1649 1088 arva

466 1102 953 1166 Imbribus7;’atque
984 1105 1141 1154 annis
1169 1102 1308 1153 sicca
1337 1104 1498 1152 fuisse
1528 1113 1738 1166 novem.

397 1162 530 1212 Cum
550 1164 797 1213 Thrasius
820 1162 1025 1215 Busirin
1055 1167 1184 1225 adit,
1223 1168 1590 1227 monstratque
1618 1162 1771 1227 piari,

462 1227 697 1290 Hospitis
725 1227 893 1278 effuso
922 1230 1203 1293 sanguine,
1232 1242 1388 1292 posse
1415 1228 1620 1277 Jovem.

212 1331 354 1388 Alibi
384 1349 523 1388 vero
549 1350 562 1388 :

401 1449 670 1516 Ergo‘ego
703 1449 993 1516 foedantem
1025 1452 1306 1516 peregrino
1334 1450 1537 1515 templa
1563 1461 1751 1500 cruore

435 1512 661 1561 Busirim
694 1512 897 1561 domui.

433 1574 470 1623 l.
503 1588 537 1633 ι,
570 1574 633 1622 de
662 1574 775 1623 Art.
808 1575 1040 1639 amandi,
1072 1591 1123 1623 ν.
1180 1579 1268 1627 650
1296 1580 1347 1626 et
1375 1576 1412 1626 l.
1448 1589 1519 1635 ιι,
1564 1575 1791 1637 Metam,
1822 1587 1869 1625 υ.

355 1743 478 1800 Nec
503 1743 699 1800 minus
732 1746 1039 1818 perspicue
1071 1745 1347 1818 Virgilius
1376 1744 1557 1800 dixit:

571 1861 699 1926 Quis
728 1865 819 1926 aut
847 1862 1143 1926 Eurysthea
1176 1875 1390 1926 purum,

453 1922 563 1972 Aut
590 1924 827 1973 illaudati
858 1921 1029 1974 nescit
1062 1921 1314 1973 Busiridis
1346 1936 1463 1972 aras
1485 1921 1511 1971 ?

643 1987 843 2051 (Virgil.
873 1987 907 2036 l.
940 2002 991 2036 ιιι
1024 1987 1274 2050 Georgia,
1303 2001 1354 2036 v.
1386 1989 1412 2036 4
1452 1988 1507 2035 et
1530 1985 1604 2049 5.)

299 2093 485 2157 Quem
520 2093 582 2148 in
614 2092 808 2150 locum
847 2094 1080 2151 Servius
1109 2095 1229 2149 haec
1256 2094 1523 2150 observat
1554 2108 1568 2148 :
1600 2113 1630 2143 «
1662 2091 1886 2147 Busiris

229 2197 322 2234 rex
356 2181 469 2236 fuit
499 2182 750 2255 Egypti,
786 2183 1041 2256 quicum
1076 2187 1377 2255 susceptos
1409 2182 1887 2253 hospitesimmo-

230 2268 393 2339 laret,
429 2271 505 2326 ab
528 2271 773 2327 Hercule
802 2273 1187 2344 interemptus
1217 2278 1326 2340 est,
1379 2287 1513 2327 cum
1543 2271 1719 2326 etiam
1749 2285 1886 2325 eum

232 2357 519 2415 voluisset
551 2360 831 2415 occidere.
894 2360 1081 2430 Hujus
1141 2360 1344 2414 laudes
1392 2358 1628 2430 scripsit
1668 2358 1885 2413 Isocra-

230 2451 333 2503 tes.
369 2470 401 2497 ››
431 2448 824 2513 Quamobrem
854 2450 1078 2505 Statius
1109 2447 1325 2504 alicubi
1356 2445 1705 2520 appellavit:

448 2556 744 2605 Immites...
767 2556 1020 2605 Busiridis
1050 2569 1186 2605 aras.

298 2643 594 2700 Eusebius
620 2661 753 2699 vero
784 2644 904 2699 haec
944 2645 1016 2700 de
1045 2642 1649 2699 Busiridetradiditm
1664 2644 1888 2702 Busiris

233 2733 489 2805 Neptuni
522 2739 581 2789 et
612 2733 823 2807 Libyae,
859 2734 1083 2806 Epaphi
1107 2732 1259 2801 ﬁliae,
1293 2732 1471 2801 ﬁlius,
1505 2734 1659 2805 apud
1698 2733 1890 2791 vicina

234 2822 346 2877 Nili
380 2823 511 2878 loca
533 2823 902 2896 tyrannidem
933 2827 1175 2892 exercet,
1225 2825 1594 2877 transeuntes
1632 2823 1889 2896 hospites

237 2911 459 2967 crudeli
492 2911 707 2968 scelere
749 2910 1106 2967 interﬁciens
1151 2911 1378 2983 (Euseb.
1435 2910 1633 2967 Chron.
1668 2912 1739 2966 ad
1785 2927 1884 2969 an.

234 3001 382 3069 546).
420 3026 441 3049 ι
478 3001 581 3056 Cui
595 3000 957 3071 praeteralios
973 3001 1323 3072 suffragatus
1344 3000 1882 3072 Augustinus,495

237 3112 263 3137 «
296 3089 423 3156 Illo,
456 3090 667 3161 inquit,
700 3095 980 3161 tempore,
1012 3089 1233 3146 scilicet
1263 3089 1641 3159 Herculis,vel
1673 3090 1882 3161 rex,vel

238 3182 519 3249 tyrannus
534 3179 913 3249 Busiris,suis
941 3180 1053 3235 diis
1076 3196 1213 3235 suos
1232 3179 1491 3250 hospites
1514 3178 1883 3253 immolabat,

235 3283 410 3338 quem
442 3267 630 3322 ﬁlium
664 3268 972 3339 perhibent
1004 3268 1183 3323 fuisse
1209 3267 1460 3339 Neptuni
1481 3284 1550 3323 ex
1579 3272 1762 3324 matre
1793 3268 1887 3324 Li-

231 3356 362 3428 bya,
396 3356 522 3411 ﬁlia
551 3356 795 3428 Epaphi.
831 3381 853 3409 ι
890 3357 1157 3429 (August.
1184 3357 1286 3413 lib.
1308 3374 1448 3413 xvm
1470 3357 1533 3413 de
1563 3358 1723 3414 Civit.
1757 3374 1885 3429 cap.

230 3446 339 3517 12).
378 3446 558 3501 Vides
590 3462 729 3500 sane
761 3444 956 3517 plures
990 3446 1241 3501 Minucio
1271 3447 1343 3501 de
1372 3445 1472 3502 illa
1500 3445 1743 3502 immani
1774 3447 1886 3502 Bu-

225 3534 432 3591 siridis
466 3534 693 3590 feritate
722 3535 930 3590 tulisse
959 3534 1332 3607 suffragium.

294 3624 553 3680 Plurimi
581 3640 812 3695 quoque
844 3624 1015 3679 nobis
1046 3628 1369 3696 suppetunt
1390 3624 1547 3680 haud
1578 3624 1780 3680 incerti
1803 3629 1887 3681 te-

216 3718 368 3780 stes,
403 3712 788 3785 quibusillud
820 3712 994 3767 etiam
1009 3711 1714 3785 conﬁrmetur,quodipse
1731 3717 1887 3785 post-

212 3819 283 3858 ea
319 3802 585 3873 adjecit:
620 3824 648 3851 ‹‹
683 3801 966 3856 Mercurio
983 3800 1180 3857 Gallos
1197 3802 1487 3858 humanas
1502 3801 1591 3857 vel
1614 3802 1887 3859 inhuma-

1970 478 2152 534 fuisse
2182 479 2593 535 testiﬁcantur.
2631 500 2659 527 »
2690 478 2901 549 (Diod.,
2933 478 2973 532 Ι.
3002 493 3037 531 ν
3069 473 3353 541 Biblioth.,
3386 489 3443 544 p.
3477 474 3616 541 214;

1968 567 2133 634 Mela,
2162 566 2201 622 l.
2243 584 2319 634 v1,
2352 567 2453 622 ubi
2485 568 2554 622 de
2586 566 2806 623 Gallia:
2868 565 3091 633 Strabo,
3146 563 3246 618 lib.
3280 580 3335 617 ιν
3394 561 3616 633 Georg.,

1970 672 2103 729 pag.
2142 657 2279 724 193;
2314 656 2429 719 Cic,
2464 658 2610 713 Orat.
2641 658 2739 727 pro
2804 656 2854 711 Μ
2906 657 3088 722 Fonte,
3143 670 3199 725 p.
3259 652 3401 718 222;
3434 652 3614 707 Solin.

1971 762 2098 817 cap.
2128 746 2218 813 21,
2252 762 2308 817 p.
2342 746 2426 801 £1.
2463 748 2483 814 )
2517 744 2772 816 Denique
2802 749 3069 798 Lucanus
3099 742 3170 796 de
3220 740 3311 806 iis,
3345 744 3401 796 et
3433 739 3622 795 Diana

1971 833 2238 902 Taurica,
2263 834 2334 888 de
2357 850 2476 904 qua
2507 849 2613 887 nos
2645 830 2817 904 paulo
2863 834 3035 886 antea
3081 828 3329 901 egimus,
3376 826 3495 883 haec
3525 842 3621 882 ce-

1972 922 2113 978 cinit
2142 923 2295 995 (Luc.
2330 922 2369 979 l.
2404 940 2420 979 ι
2456 923 2653 977 Phars.
2686 937 2742 977 v.
2775 920 2879 975 444
2908 918 3048 990 sqq.)
3082 934 3094 972 :

2188 1057 2252 1106 Et
2277 1054 2722 1119 quibusimmitis
2751 1054 2991 1119 placatur
3019 1049 3429 1119 sanguinendiro

2189 1114 2453 1177 Ten-tates,
2485 1114 2813 1180 horrensque
2844 1117 2970 1165 feris
3000 1115 3252 1180 altaribus
3272 1114 3463 1180 Elaeus,

2190 1182 2255 1231 Et
2272 1176 2493 1231 Taranis
2526 1176 2784 1245 Scythicae
2813 1192 2921 1229 non
2952 1178 3129 1228 mitior
3158 1190 3250 1227 ara
3271 1176 3471 1225 Diania.

1975 1306 2205 1363 Lucano
2237 1314 2432 1363 autem
2487 1305 2824 1362 Lactantius
2854 1303 3225 1376 astipulatur.
3246 1305 3318 1358 At
3346 1304 3627 1359 testatum

1976 1400 2252 1469 praeterea
2279 1396 2595 1452 Suetonius
2628 1394 2765 1451 facit
2823 1393 3067 1465 impiam
3118 1392 3281 1448 illam
3332 1392 3629 1447 detestan-

1979 1486 2233 1558 damque
2262 1484 2725 1541 immolationem
2759 1485 2829 1540 ab
2861 1484 3120 1556 Augusto
3150 1482 3510 1554 imperatore
3540 1480 3630 1535 in-

1978 1574 2301 1643 terdictam,
2335 1592 2370 1630 a
2412 1574 2651 1631 Claudio
2700 1572 2974 1643 deinceps
3028 1572 3365 1643 abrogatam
3427 1569 3630 1625 fuisse.

1986 1685 2015 1715 «
2047 1663 2419 1731 Druidarum,
2454 1663 2533 1719 ait
2564 1661 2680 1728 ille,
2711 1660 3053 1733 religionem
3087 1660 3242 1730 apud
3271 1656 3465 1713 Gallos
3495 1656 3632 1711 dirae

1899 1762 1949 1829 Β
1980 1753 2393 1820 immanitatis,
2427 1756 2485 1807 et
2512 1755 2744 1807 tantum
2778 1750 2999 1805 civibus
3035 1749 3145 1805 sub
3173 1750 3434 1819 Augusto
3464 1745 3637 1801 inter-

1993 1843 2231 1911 dictam,
2266 1842 2499 1913 penitus
2531 1840 2797 1897 abolevit.
2834 1861 2861 1889 »
2921 1839 3204 1907 (Lactant.
3255 1837 3357 1893 lib.
3392 1853 3411 1891 ι
3443 1836 3631 1891 Divin.

1991 1933 2239 1988 Institut.
2275 1948 2401 2003 cap.
2432 1931 2522 1997 21,
2556 1945 2689 2003 pag.
2751 1929 2891 1996 112;
2924 1928 3161 1983 Sueton.
3223 1924 3323 1983 lib.
3373 1941 3429 1992 ν,
3462 1922 3634 1997 §25.)

2062 2021 2187 2076 Non
2236 2020 2432 2075 minus
2461 2018 2661 2091 procul
2701 2017 2880 2073 dubio
2936 2014 3171 2072 crudele
3195 2018 3317 2070 erat
3348 2030 3634 2070 memora-

1997 2118 2117 2167 tum
2150 2109 2359 2165 deinde
2390 2126 2424 2165 a
2452 2107 2702 2164 Minucio
2761 2109 2959 2162 nostro
3014 2105 3409 2161 Romanorum
3459 2101 3635 2159 sacri-

1996 2199 2218 2269 ficium,
2253 2214 2369 2271 quo
2390 2199 2650 2255 Graecum
2682 2200 2738 2253 et
2757 2196 3039 2263 Graecam,
3068 2193 3293 2249 Gallam
3323 2198 3380 2250 et
3407 2190 3639 2250 Gallum

1994 2289 2155 2346 vivos
2186 2289 2246 2343 in
2279 2289 2403 2343 foro
2440 2287 2645 2342 Boario
2672 2286 2780 2342 sub
2829 2291 2984 2341 terra
3037 2282 3428 2339 defodiebant.
3460 2287 3507 2335 A
3541 2280 3641 2337 Li-

1995 2378 2087 2433 vio
2118 2380 2314 2433 autem
2345 2377 2466 2431 haec
2496 2376 2567 2431 de
2597 2374 2694 2430 illo
2726 2373 3051 2429 inhumano
3083 2388 3322 2444 prorsus
3353 2369 3639 2427 sacriﬁcio

1995 2466 2204 2523 litteris
2236 2467 2514 2521 mandata
2541 2463 2960 2535 accepimus:«
3019 2466 3097 2518 Ex
3154 2461 3431 2525 fatalibus
3474 2458 3641 2516 libris

1996 2556 2284 2613 sacriﬁcia
2314 2555 2535 2627 aliquot
2592 2551 3051 2610 extraordinaria
3090 2551 3262 2621 facta,
3321 2550 3472 2605 inter
3514 2564 3640 2621 quas

1997 2645 2200 2703 Gallus
2230 2648 2286 2701 et
2315 2644 2502 2712 Galla,
2535 2643 2768 2699 Graecus
2790 2646 2846 2697 et
2873 2645 3070 2696 Graeca
3097 2640 3296 2696 inforo
3309 2639 3513 2695 Boario
3531 2638 3642 2694 sub

1996 2738 2152 2791 terra
2180 2733 2291 2790 vivi
2323 2732 2562 2789 demissi
2597 2735 2755 2796 sunt,
2788 2731 2848 2785 in
2890 2730 3083 2785 locum
3115 2745 3252 2785 saxo
3274 2732 3639 2799 conseptum,

1997 2824 2099 2879 ubi
2132 2827 2265 2878 ante
2291 2821 2498 2878 hostiis
2546 2820 2821 2875 humanis
2878 2819 3130 2873 maxime
3184 2817 3445 2872 Romano
3477 2830 3641 2872 sacro

1997 2914 2289 2969 imbutum
2317 2911 2559 2984 (Livius,
2591 2907 2784 2964 Decad.
2821 2924 2905 2975 ιιι,
2948 2906 3049 2962 lib.
3115 2923 3177 2974 ιι,
3230 2921 3363 2978 pag.
3426 2905 3571 2976 195).
3609 2925 3635 2953 »

1998 3003 2210 3057 Eadem
2244 3004 2440 3057 narrat
2469 2998 2838 3065 Plutarchus,
2892 2995 3103 3067 hisque
3160 2998 3357 3050 tamen
3414 2993 3643 3049 addidit

1998 3108 2164 3148 sacra
2210 3089 2310 3145 illa
2368 3090 2518 3145 facta
2568 3103 2769 3142 mense
2818 3084 3137 3141 novembri.
3215 3083 3441 3139 Plinius
3505 3100 3640 3139 vero

1997 3184 2192 3254 aperte
2208 3178 2463 3235 declarat
2484 3193 2550 3233 ea
2573 3178 2643 3232 ad
2658 3176 2983 3232 4963mm
2998 3191 3185 3246 usque
3201 3177 3427 3230 aetatem
3448 3188 3642 3245 perse-

1995 3287 2227 3327 verasse
2255 3267 2596 3341 (Plutarch.,
2626 3270 2766 3323 tom.
2830 3266 2871 3337 Ι,
2922 3265 2981 3320 in
3020 3266 3143 3322 Vita
3170 3264 3472 3329 Marcelli.,
3505 3278 3639 3335 pag.

1994 3361 2121 3429 299,
2154 3364 2211 3414 et
2230 3363 2371 3415 tom.
2408 3359 2455 3413 ll
2506 3358 2709 3425 Quaest.
2764 3356 2942 3422 Rom.,
3004 3372 3133 3426 pag.
3163 3354 3306 3423 283;
3339 3352 3503 3420 Plin.,
3538 3351 3638 3406 lib.

1995 3462 2167 3505 xxvm
2192 3450 2389 3504 Hister.
2424 3448 2581 3511 Nat.,
2612 3462 2738 3518 cap.
2776 3446 2827 3511 1,
2860 3459 3015 3517 pag.,
3047 3444 3195 3515 537).

2068 3539 2219 3603 Quin
2278 3537 2395 3593 imo
2455 3538 2674 3607 Jupiter
2720 3535 2979 3601 Latiaris,
3037 3532 3120 3589 uti
3189 3535 3393 3589 auctor
3446 3536 3646 3591 noster

1997 3625 2385 3700 prosequitur,
2416 3625 2486 3681 ab
2517 3624 2725 3679 iisdem
2766 3623 3043 3679 Romanis
3071 3623 3362 3679 homicidio
3392 3623 3643 3680 celebra-

1997 3721 2131 3786 tur;
2164 3715 2250 3772 vel
2281 3720 2344 3770 ut
2372 3718 2544 3771 antea
2573 3713 2837 3786 scripsit:
2895 3711 3142 3785 Jupiter,
3201 3730 3334 3769 cum
3375 3713 3639 3783 Latiaris,

1998 3821 2203 3861 cruore
2232 3803 2620 3877 perfunditur.
2656 3825 2684 3852 »
2752 3802 2818 3858 Et
2849 3806 3000 3857 certe
3030 3802 3313 3857 Tatianus
3354 3806 3644 3858 asseverat

205 3910 325 3948 nas
357 3891 642 3946 victimas
674 3891 909 3947 caedere.
944 3911 972 3941 »
1025 3891 1223 3946 Tantae
1255 3890 1411 3947 enim
1440 3890 1890 3950 inhumanitatis

202 3996 484 4050 sponsor
537 3979 822 4049 testisque
865 3983 957 4035 est
1011 3979 1311 4036 Cornelius
1343 3981 1601 4053 Tacitus,
1663 3980 1763 4036 ubi
1820 3982 1891 4038 de

200 4070 538 4126 Gallorum
573 4068 836 4123 moribus
866 4067 989 4122 haec
1046 4073 1258 4140 praeter
1298 4068 1411 4126 alia
1442 4069 1611 4142 plura
1638 4086 1889 4128 comme-

197 4164 459 4215 morat:
496 4179 527 4208 ‹‹
563 4162 810 4213 Deorum
839 4157 1091 4214 maxime
1152 4158 1505 4215 Mercurium
1536 4160 1753 4225 colunt,
1795 4160 1892 4217 cui

196 4250 404 4304 certis
441 4247 670 4317 diebus,
714 4246 994 4303 humanis
1052 4264 1286 4319 quoque
1343 4247 1551 4305 hostiis
1602 4249 1770 4306 litare
1800 4249 1890 4307 fas

194 4339 476 4393 habent.
506 4337 698 4393 Caesar
722 4336 988 4404 vero,oui
1022 4336 1397 4410 potissimum
1428 4337 1740 4396 notissima
1767 4342 1893 4396 erat
2000 4342 2156 4399 dere.
2192 4364 2220 4392 ››
2253 4341 2501 4413 (Tatian.
2538 4338 2686 4394 Orat.
2719 4343 2894 4393 contr.
2929 4336 3123 4405 Graec”
3159 4352 3291 4408 pag.
3328 4338 3636 4409 165.)Qua~

206 4425 539 4481 Gallorum
569 4426 748 4496 natio,
789 4425 993 4482 scribit
1046 4425 1177 4482 illos
1234 4426 1600 4498 gravioribus
1657 4433 1890 4484 vexatos
1922 4502 1945 4503 ί
2001 4435 2235 4503 propter
2264 4425 3030 4500 TheophilusAntiochenus
3061 4425 3309 4482 ethnicis
3332 4428 3642 4499 jurepror-

210 4513 482 4582 morbis,
515 4520 615 4570 aut
644 4515 703 4569 in
738 4514 951 4586 proeliis
1006 4519 1328 4583 versantes,
1364 4533 1465 4588 pro
1495 4515 1746 4572 victimis
1780 4517 1888 4572 im-
1919 4502 1966 4567 D
1997 4502 2335 4576 susmerito
2382 4517 2767 4589 exprobrabat
2794 4512 3090 4570 lasciviam
3122 4515 3327 4570 matris
3356 4517 3553 4588 deum,
3586 4523 3644 4577 et

215 4602 491 4659 molasse
524 4604 811 4671 homines,
838 4602 925 4659 vel
975 4619 1039 4659 se
1081 4603 1491 4661 immolaturos
1532 4605 1775 4674 vovisse,
1808 4610 1890 4661 at-
1998 4608 2403 4665 crudelitatem
2468 4626 2491 4655 ι
2547 4604 2704 4660 Jovis
2764 4603 3005 4659 Latiaris
3037 4604 3311 4672 sitientis,
3353 4601 3643 4679 διψῶντος,

219 4708 346 4764 que
377 4693 453 4749 ad
488 4709 557 4749 ea
586 4692 872 4748 sacriﬁcia
901 4692 1191 4750 ministris
1205 4711 1338 4750 usos
1354 4711 1482 4751 esse
1510 4694 1887 4751 Druidibus.»
1997 4698 2325 4754 humanum
2357 4692 3262 4765 sanguinem.«(The0ph.lib.in
3287 4698 3643 4770 adAutolyc.,

222 4782 441 4848 (Tacit.
474 4783 756 4839 deMorib.
790 4781 1046 4839 German.
1100 4782 1276 4854 paulo
1326 4787 1454 4856 post
1508 4784 1686 4851 init.;
1743 4783 1884 4841 Ctes.
1997 4804 2129 4861 pag.
2164 4787 2311 4858 122.)
2350 4784 2748 4842 Tertullianus
2806 4799 2939 4838 vero
2996 4800 3110 4839 non
3173 4783 3364 4841 solum
3420 4786 3479 4840 in
3537 4803 3645 4842 suo

222 4870 335 4926 lib.
371 4890 392 4927 ι
423 4872 489 4928 de
513 4872 651 4928 Bell.
685 4873 823 4929 Gali.
856 4876 992 4945 post
1036 4872 1209 4943 init.)
1256 4873 1379 4930 Non
1426 4873 1509 4929 ibi
1566 4877 1762 4930 tamen
1793 4890 1887 4929 ex—
1995 4878 2362 4951 Apologetico,
2386 4875 2558 4932 sicuti
2591 4875 2939 4931 annotatum
2970 4877 3082 4939 est,
3133 4873 3255 4929 haec
3285 4879 3480 4945 aperte
3510 4890 3647 4929 con-

230 4961 419 5031 plicat
448 4962 543 5017 cui
563 4962 669 5017 deo
700 4962 809 5018 has
837 4962 1159 5033 praeberent
1192 4963 1452 5020 hostias:
1486 4965 1591 5021 sed
1623 4963 1765 5038 quia
1790 4962 1889 5019 ille
1996 4967 2212 5035 ﬁrmat,
2235 4966 2337 5022 sed
2367 4965 2479 5022 alio
2510 4964 2703 5022 adhuc
2732 4962 2792 5017 in
2840 4960 2987 5017 libro
3044 4961 3138 5019 his
3182 4962 3389 5034 repetit
3417 4961 3642 5018 verbis:

229 5049 481 5119 ibidem,
514 5050 1887 5122 quemadmodumStraho,asseritGallosdeum
1997 5078 2026 5107 ‹‹
2059 5056 2406 5129 Scytharum
2460 5054 2727 5124 Dianam,
2771 5057 2873 5109 aut
2921 5053 3218 5110 Gallorum
3274 5050 3646 5122 Mercurium,

230 5140 526 5212 pracipue
556 5139 906 5195 Mercurium
938 5138 1211 5208 coluisse,
1246 5157 1437 5197 nonne
1467 5157 1600 5197 cum
1633 5141 1887 5198 Minucio
1996 5148 2100 5202 aut
2122 5146 2393 5202 Afrorum
2425 5145 2742 5201 Saturnum
2800 5138 3107 5199 hominum
3166 5140 3400 5197 victima
3430 5139 3647 5212 placari

234 5233 435 5283 nostro
465 5228 577 5284 dici
611 5233 801 5301 potest
832 5228 967 5284 huic
1022 5229 1081 5284 in
1113 5229 1317 5301 primis
1368 5232 1497 5297 deo,
1538 5234 1713 5301 atque
1736 5231 1887 5288 Heso
1997 5235 2152 5307 apud
2182 5233 2464 5291 saeculum
2495 5233 2695 5290 licuit:
2721 5236 2778 5288 et
2822 5232 2984 5288 Latio
3017 5232 3087 5286 ad
3139 5230 3486 5285 hodiernum
3517 5228 3646 5286 Jovi

236 5316 434 5385 etiam,
465 5322 529 5374 ut
551 5335 687 5374 mox
717 5317 961 5386 dicetur,
995 5319 1215 5374 factum
1264 5319 1446 5376 (uisse
1476 5319 1709 5376 crudele
1740 5319 1886 5375 illud
1998 5324 2192 5380 media
2247 5324 2306 5378 in
2365 5323 2515 5380 Urbe
2572 5322 2872 5378 humanus
2921 5320 3162 5392 sanguis
3224 5319 3578 5391 ingustatur.
3612 5340 3639 5370 »

237 5407 590 5464 sacriﬁcium
622 5408 835 5480 (Strab.
872 5407 975 5463 lib.
1027 5424 1082 5464 1v
1114 5409 1307 5479 Geogr.
1342 5425 1476 5481 pag.
1512 5409 1636 5480 198)
1665 5408 1693 5463 Ἰ
1725 5409 1887 5465 Idem
1996 5412 2260 5483 (Tertull.
2288 5412 2590 5484 Scorpiac.,
2641 5427 2767 5482 cap.
2828 5411 2883 5476 7,
2928 5426 3061 5480 pap.
3092 5409 3216 5463 624.
3247 5412 3266 5477 )
3297 5412 3412 5464 Suo
3464 5409 3645 5481 igitur

239 5497 436 5564 procul
465 5497 645 5553 dubio
676 5496 970 5569 judicium
1012 5497 1318 5554 ferendum
1366 5502 1457 5555 est
1511 5499 1582 5555 de
1636 5498 1887 5557 Diodoro
1995 5503 2255 5572 tempore
2285 5515 2413 5556 mos
2440 5497 2535 5554 ille
2553 5495 2851 5554 horribilis
2880 5497 3286 5568 perseverabat
3311 5501 3424 5565 ;.et
3452 5498 3643 5554 adhuc

238 5583 451 5659 Siculo,
494 5586 668 5660 Mela,
725 5587 1027 5660 Strabone,
1095 5587 1368 5647 Cicerone
1415 5592 1474 5647 et
1517 5587 1734 5660 Solino,
1785 5589 1889 5662 qui
1996 5591 2200 5661 postea
2226 5588 2478 5657 duravit.
2510 5587 2658 5645 Nam
2714 5584 3055 5645 Lactantius
3110 5584 3384 5643 similiter
3411 5602 3645 5659 quoque

1999 3911 2061 3951 se
2093 3894 2273 3966 hujus
2303 3892 2599 3958 horrendi,
2620 3896 2679 3948 et
2713 3891 2956 3947 alterius
2988 3891 3182 3947 Dianae
3207 3892 3344 3947 facti
3374 3890 3641 3947 sacriﬁcii

1997 3988 2205 4040 testem
2237 3983 2419 4039 fuisse
2448 3982 2767 4039 oculatum.
2800 4004 2828 4032 «
2861 3985 3013 4047 Haec,
3070 3981 3283 4053 inquit,
3326 3997 3459 4036 cum
3491 3980 3642 4036 vide-

2001 4090 2193 4130 rem...
2234 4074 2389 4146 apud
2443 4073 2736 4129 Romanos
2784 4070 3068 4126 Latiarem
3124 4070 3323 4126 Jovem
3381 4070 3639 4127 humano

1999 4179 2200 4218 cruore
2226 4168 2283 4218 et
2309 4162 2615 4233 sanguine,
2657 4177 2759 4232 per
2814 4158 3130 4214 homicidia
3181 4159 3331 4227 fuso,
3399 4158 3638 4231 placari,

1998 4252 2244 4310 Dianam
2274 4268 2409 4309 vero
2441 4267 2556 4306 non
2589 4247 2792 4321 procul
2812 4246 3157 4319 Megalopoli
3177 4248 3471 4304 similibus
3501 4265 3639 4321 gau-
