4088 6150
463 279 580 338 511

1749 280 1853 339 DE
1894 280 1951 341 Μ
1960 279 2038 340 ΙΝ
2044 278 2197 342 UClI
2241 276 2579 340 OCTAVIO

3691 292 3782 353 5l2

465 409 708 467 scribit:
743 431 772 460 α
803 410 920 466 Nec
968 411 1153 467 Latini
1206 413 1441 482 quidem
1499 414 1678 483 hujus
1720 413 2108 470 immanitatis
2138 418 2192 484 Α
2222 410 2286 466 de
2317 411 2538 482 Conjur.
2574 409 2826 477 Catilin.,
2859 410 3081 482 cap.8.)
3107 410 3311 465 Narrat
3338 412 3514 485 itaque
3541 416 3667 474 hanc
3692 440 3781 481 non

465 503 728 569 expertes
759 499 1014 565 fuerunt,
1048 501 1340 572 siquidem
1384 502 1632 558 Latiaris
1678 503 1909 575 Jupiter
1936 503 2111 558 etiam

466 604 621 643 nunc
650 589 936 661 sanguine
966 590 1467 646 coliturhumano.
1496 611 1522 642 ι
1559 592 1759 663 (Lact.,
1795 592 1893 647 lib.
1930 607 2110 663 Lcap.

461 677 552 742 21,
588 693 717 750 pag.
746 678 867 732 113.
899 680 915 743 )
943 678 1052 733 Tot
1081 684 1555 752 autem,tamque
1584 680 1759 736 certis
1781 680 2033 736 testibus
2048 680 2110 735 fi-

467 766 597 821 dem
630 766 763 837 quis
796 768 1075 839 abrogare
1107 769 1390 823 audebit?
1421 772 1506 823 An
1536 775 1732 824 autem
1767 771 1864 824 diu
1915 776 2116 838 postea

463 858 582 910 tam
606 854 863 911 immane
895 857 1249 912 sacrificium
1286 858 1501 912 factum
1561 859 1756 923 fuerit,
1817 858 1973 913 haud
2034 858 2117 912 ita

464 950 849 1016 compertum.
884 947 1049 1001 Certe
1083 946 1317 1018 quidem
1348 947 1404 1001 id
1423 947 1779 1002 Athanasius
1799 965 1910 1002 non
1928 948 2113 1003 credi-

464 1033 571 1101 dit,
605 1033 821 1106 quippe
852 1035 950 1107 qui
983 1036 1053 1090 de
1084 1035 1181 1089 illo
1214 1035 1369 1091 hunc
1422 1036 1699 1107 loquatur
1748 1036 1806 1091 in
1840 1037 2111 1091 modum:

466 1120 566 1175 Kal
598 1120 649 1175 οἱ
680 1120 848 1176 πάλαι
881 1119 938 1177 δὲ
984 1123 1245 1195 Ῥωμαῖοι
1293 1123 1385 1177 τὸν
1437 1122 1776 1197 καλούμενον
1825 1122 2112 1197 Λατιάριον

469 1208 565 1264 Δία
641 1208 1102 1281 ἀνθρωποθυσίαις
1190 1211 1531 1287 ἐθρήσκευον.
1602 1236 1631 1263 ‹‹
1710 1214 1889 1269 Prisci
1974 1213 2110 1268 item

469 1300 712 1356 Romani
746 1301 1052 1369 Latiarem,
1079 1306 1143 1356 ut
1190 1308 1416 1370 vocant,
1468 1304 1667 1358 Jovem
1702 1303 1977 1358 humanis
2007 1302 2115 1359 ho-

470 1389 599 1444 stiis
627 1389 912 1445 colebant.
946 1411 973 1439 »
1009 1390 1306 1457 (Athenas.
1342 1391 1492 1447 Orat.
1536 1395 1709 1447 contr.
1743 1390 1931 1458 Grata,
1962 1392 1993 1464 §
2022 1392 2113 1457 25,

468 1494 600 1550 pag.
633 1479 749 1547 23.)

534 1567 614 1623 De
644 1567 751 1622 hoc
783 1584 951 1639 porro
983 1568 1311 1624 detestabili
1343 1569 1650 1626 hominum
1709 1569 1822 1625 diis
1854 1575 2114 1625 mactan-

470 1658 675 1713 dorum
712 1656 822 1712 ritu
885 1662 943 1713 et
996 1674 1157 1713 more
1216 1658 1353 1713 alibi
1404 1660 1852 1731 disputavimus.
1906 1663 2122 1714 Praeter

2222 500 2509 562 omnium.
2543 500 2644 555 sed
2677 500 3066 571 quorumdam
3128 499 3398 554 duntaxat
3426 503 3587 560 fuisse
3612 510 3789 579 opinio-

2222 605 2383 655 nem,
2415 589 2485 643 de
2516 605 2632 660 qua
2674 588 2819 642 nihil
2877 588 3002 659 ipse
3051 592 3205 642 certo
3262 592 3587 659 pronuntiat.
3633 596 3790 656 Florus

2223 695 2356 733 vero
2388 694 2509 732 rem
2543 678 2621 731 ita
2653 693 2715 732 se
2747 677 3027 731 habuisse
3058 676 3213 731 haud
3245 678 3557 735 dubitanter
3584 685 3791 743 affirma-

2222 768 2307 823 vit
2328 767 2577 839 (Florus,
2611 766 2712 821 lib.
2744 783 2799 820 ιν
2829 766 2896 821 de
2922 767 3089 822 Gestis
3122 768 3291 836 Rom.,
3324 784 3441 839 cap.
3475 772 3539 840 1).

2294 858 2367 911 At
2396 855 2499 911 Dio
2533 856 2768 911 Cassius
2799 855 2943 909 illud
2976 854 3367 911 aliterfactum
3385 874 3504 914 esse
3531 859 3613 915 his
3638 866 3801 919 testiﬁ-

2228 950 2395 1000 catur
2438 944 2631 1000 verbis
2684 961 2696 999 :
2742 944 2836 1005 Οἷς
2890 942 3156 1015 ἀθεμίτων
3224 944 3561 1018 ὁρκωμοσίων
3619 948 3806 1024 ἀνάγκην

2226 1034 2559 1107 προσήγαγε·
2622 1029 2791 1086 παῖδα
2867 1033 2969 1106 γάρ
3061 1053 3178 1086 τινα
3261 1032 3565 1102 καταθύσας,
3615 1037 3694 1090 καὶ
3739 1039 3806 1093 ἐπὶ

2229 1125 2337 1175 τῶν
2400 1119 2729 1196 σπλάγχνων
2790 1120 2953 1175 αὐτοῦ
3006 1122 3074 1175 τὰ
3150 1120 3304 1195 ὅρκια
3377 1125 3614 1194 ποιήσας,
3668 1123 3812 1181 ἔπειτα

2224 1208 2657 1285 ἐσπλάγχνευσεν
2709 1209 2842 1264 αὐτᾶ
2888 1211 3021 1283 μετὰ
3068 1215 3174 1265 τῶν
3231 1208 3433 1266 ἄλλων.
3467 1234 3493 1262 »
3530 1215 3627 1268 Hos
3677 1221 3728 1269 ut
3766 1235 3813 1273 se

2225 1301 2878 1371 nefandojurejurando
2923 1300 3331 1372 astringerent,
3385 1301 3583 1373 adegit.
3613 1302 3815 1361 Puerum

2225 1390 2383 1445 enim
2415 1390 2729 1461 quemdam
2747 1390 3040 1455 mactavit,
3057 1391 3505 1461 juramentoque
3534 1390 3661 1446 inito
3679 1410 3818 1464 super

2224 1479 2354 1549 ejus
2382 1478 2726 1547 visceribus,
2760 1495 2827 1533 ea
2858 1479 3067 1533 deinde
3099 1480 3223 1551 ipse
3239 1494 3372 1532 cum
3405 1478 3531 1532 aliis
3559 1482 3817 1536 comedit.

2225 1568 2350 1640 (Dio
2382 1571 2564 1634 Cass.,
2606 1566 2710 1624 lib.
2743 1585 2934 1623 xxxvu
2964 1570 3111 1623 Hist.
3146 1569 3323 1634 Rom.,
3354 1584 3482 1639 pag.
3512 1569 3828 1642 48etseqq.)

2226 1657 2570 1712 Plutarchus
2601 1662 2797 1712 autem
2829 1657 3071 1711 tradidit
3099 1673 3197 1712 eos
3231 1657 3469 1712 mactati
3490 1657 3724 1713 hominis
3743 1676 3827 1731 gu-

467 1747 781 1818 scriptores
808 1752 999 1802 autem
1034 1765 1066 1802 a
1100 1748 1270 1803 nobis
1302 1749 1380 1802 ibi
1441 1748 1669 1819 citatos,
1702 1748 1893 1820 legere
1925 1749 2116 1805 adhuc
2147 1789 2195 1854 B
2226 1751 2412 1801 stasse
2441 1762 2648 1801 carnes
2679 1746 3000 1818 (Plutarch.
3033 1746 3092 1800 in
3148 1748 3257 1800 Vit.
3294 1746 3429 1805 Cic.
3463 1762 3587 1817 pag.
3617 1748 3747 1819 866).
3772 1752 3827 1803 At

468 1834 683 1913 poteris
731 1834 1032 1891 Philonem
1088 1835 1380 1902 Judaeum,
1439 1836 1767 1892 Cornelium
1824 1837 2112 1906 Tacitum,

466 1930 745 1999 Plinium,
776 1933 1143 1999 Suetonium,
1195 1933 1602 2005 Porphyrium,
1637 1933 1974 2001 Eusebium,
2007 1934 2113 2006 Cy-

467 2019 665 2076 rillum
696 2020 1177 2088 Alexandrinum,
1210 2022 1426 2093 quibus
1450 2022 1584 2077 addi
1618 2026 1865 2094 possunt
1892 2022 2116 2078 Tertul-

460 2108 657 2165 lianus
689 2114 864 2180 atque
895 2109 1273 2165 Lactantius:
1307 2111 1405 2165 sed
1441 2112 1512 2166 de
1570 2111 1660 2166 his
1711 2128 1820 2167 nos
1851 2128 1957 2167 suo
1986 2111 2113 2168 loco

459 2199 627 2271 (tom.
663 2197 679 2252 l
711 2200 971 2269 Apparat.
1007 2198 1107 2254 lib.
1143 2216 1228 2267 ιιι,
1284 2200 1521 2256 dissert.
1559 2202 1608 2270 1,
1667 2217 1793 2273 cap.
1824 2202 1878 2267 6,
1913 2205 2025 2266 art,
2056 2202 2111 2268 2,

461 2301 595 2358 pag.
643 2286 788 2353 757;
851 2286 1023 2353 Phil.,
1085 2286 1189 2342 lib.
1248 2288 1321 2343 de
1370 2291 1498 2344 vict.
1558 2289 1740 2361 offen,
1803 2306 1934 2361 pag.
1967 2289 2111 2358 853;

461 2374 668 2441 Tacit.,
701 2374 803 2431 lib.
835 2392 928 2431 xxv
958 2376 1161 2432 Annal.
1222 2378 1358 2432 circ.
1396 2379 1548 2433 med.
1585 2396 1598 2445 ;
1632 2378 1804 2446 Plin.,
1849 2378 1948 2434 lib.
2004 2396 2116 2435 xxx

467 2464 663 2520 Natur.
698 2465 858 2535 Hist.,
892 2482 1018 2537 cap.
1055 2467 1106 2533 1,
1140 2482 1270 2538 pag.
1302 2468 1408 2520 728
1443 2485 1455 2534 ;
1488 2468 1725 2523 Sueton.
1749 2469 1865 2523 Vita
1897 2468 2111 2539 Claud.,

468 2551 501 2625 §
528 2554 636 2620 25;
672 2546 978 2627 Por’phyr.,
1010 2554 1113 2611 lib.
1144 2573 1227 2610 χιι
1256 2556 1320 2612 de
1349 2557 1651 2623 Abstinent,
1684 2558 1942 2624 animaL,
1977 2573 2109 2630 pag.

465 2642 847 2709 223;Euseb.
882 2643 1119 2700 0rat.dc
1175 2645 1343 2701 Laud.
1407 2644 1712 2710 Constant,
1774 2663 1903 2718 pag.
1963 2647 2109 2714 646;

466 2729 640 2802 Cyril.
674 2730 858 2799 Alex.,
893 2731 993 2787 lib.
1032 2750 1087 2787 IV
1118 2742 1289 2789 contr.
1316 2734 1550 2798 Iuliam,
1572 2752 1702 2806 pag.
1738 2735 1841 2790 428
1864 2736 2111 2805 ,Dissert.

464 2820 526 2875 in
556 2820 829 2889 Lactant.,
859 2837 982 2893 cap.
1013 2823 1102 2893 34,
1133 2827 1241 2877 art.
1276 2823 1328 2889 1,
1382 2827 1436 2879 et
1483 2826 1542 2880 in
1594 2825 1828 2879 Tertull.
1861 2841 1986 2896 cap.
2019 2824 2111 2890 20,

465 2912 575 2963 art.
597 2911 633 2963 2
663 2914 721 2965 et
743 2911 950 2983 seqq.).

955 3064 1101 3119 497
1120 3065 1519 3123 ARTICULUS
1538 3067 1630 3123 IV.

476 3169 551 3225 De
579 3168 714 3225 aliis
740 3170 1031 3226 sceleribus
1069 3188 1139 3228 ea:
1202 3174 1300 3229 illo
1350 3176 1469 3244 fero
1497 3173 1917 3229 mactandorum
1946 3172 2121 3228 homt-
2155 3163 2198 3231 C
2236 3170 2625 3243 imperatore:
2659 3192 2687 3220 «
2725 3169 2993 3237 Bellonae,

542 3257 680 3295 num
708 3258 858 3297 more
909 3246 1186 3314 pro/cotis,
1242 3247 1514 3300 nimirum
1572 3246 1837 3303 Catilina
1886 3245 2126 3300 humano

542 3315 824 3384 sanguine
854 3316 1307 3387 iconjuratione,"
1338 3320 1508 3372 sacris
1566 3317 1801 3372 Bellone
1845 3317 2129 3372 hominum

543 3400 736 3459 cruore
762 3386 1012 3459 imbutis,
1055 3390 1290 3459 quasita
1331 3388 1484 3443 illius
1515 3389 1718 3444 haustu
1748 3391 1931 3444 morbo
1960 3390 2128 3443 comi'

544 3457 997 3531 tialimedicina,
1031 3457 1095 3514 ac
1151 3460 1345 3516 belluis
1374 3476 1433 3517 eo
1493 3461 1763 3531 saginati:
1791 3460 1858 3515 ab
1888 3460 2129 3515 homini-

546 3525 645 3582 bus
676 3529 735 3583 in
757 3545 933 3585 arena
964 3503 1254 3587 devoratis.

551 3662 893 3733 Suspicatur
911 3665 1204 3722 Minucius
1236 3681 1305 3721 ex
1322 3665 1605 3722 hactenus
1634 3664 1915 3737 explicato
1946 3664 2134 3719 homi-

491 3768 634 3810 num
666 3753 889 3810 fictitiis
918 3756 1030 3811 diis
1086 3755 1605 3812 sacrificandorum
1637 3771 1818 3821 more,
1850 3759 2135 3825 tanquam

489 3844 935 3915 corruptissimo
967 3845 1145 3913 fonte,
1176 3844 1552 3900 scaturivisse
1574 3843 1866 3899 horrenda
1884 3842 2140 3898 triat‘aci-

490 3948 670 3989 nora:
705 3932 1047 3989 sceleratam
1076 3934 1344 3989 videlicet
1372 3933 1631 3988 Catilinae
1663 3932 1876 3987 foedere
1899 3930 2143 3986 humani

493 4022 799 4093 sanguinis
822 4024 1285 4094 conjurationem
1314 4041 1327 4091 ;
1356 4020 1777 4078 sacraBellonae
1809 4021 2019 4075 haustu
2038 4020 2145 4075 hu-

496 4110 654 4166 mani
677 4111 1145 4181 cruorisjmbuta
1165 4132 1185 4179 ,-
1201 4113 1522 4182 eodemque
1536 4111 1843 4166 hominum
1858 4110 2144 4178 sanguine

494 4200 797 4271 quaasitam
829 4199 1109 4257 comitiali
1144 4201 1347 4256 morbo
1396 4199 1772 4255 medicinam.
1804 4197 1981 4254 Visne
2008 4214 2142 4253 eum

494 4288 1065 4361 loquentemjaudire
1087 4289 1114 4344 ?
1144 4312 1173 4341 «
1207 4288 1661 4361 Ipsum,inquit,
1676 4288 1845 4344 credo
1876 4286 2147 4342 docuisse

494 4378 805 4451 sanguinis
836 4378 1049 4434 fmdere
1074 4380 1382 4450 conjurare
1411 4376 1741 4445 Catilinam,
1773 4382 1831 4433 et
1846 4375 2145 4431 Bellonam

494 4484 729 4525 sacrum
763 4484 939 4524 suum
972 4468 1185 4523 haustu
1230 4467 1475 4522 humani
1524 4465 1746 4522 cruoris
1774 4465 2058 4533 imbuere,
2089 4467 2148 4519 et

494 4556 849 4612 comitialem
911 4558 1182 4612 morbum
1255 4556 1525 4612 homines
1580 4554 1886 4626 sanguine,
1943 4553 2001 4608 id
2058 4536 2224 4609 estD

496 4645 699 4702 morbo
730 4647 1012 4719 graviore,
1046 4662 1273 4702 sanare.
1304 4668 1325 4695 ι
1361 4646 1492 4701 Jam
1540 4660 1674 4700 vero
1726 4643 1942 4700 audisti
1972 4641 2148 4698 citata

494 4751 529 4791 a
586 4735 755 4790 nobis
803 4734 1150 4791 Tertulliani
1205 4734 1402 4805 verba,
1464 4733 1681 4805 quibus
1731 4733 1933 4788 eadem
1976 4736 2148 4787 antea

496 4824 731 4897 scriptis
759 4824 1101 4879 tradiderat.

562 4918 692 4970 Non
722 4913 925 4969 eodem
958 4918 1153 4967 tamen
1184 4928 1387 4968 omnes
1419 4910 1592 4966 modo
1613 4912 1856 4964 narrant
1872 4908 2090 4965 factam
2115 4925 2149 4964 a

496 5004 747 5061 Catilina
778 5000 1350 5073 conjurationem.De
1380 4998 1480 5053 illa
1508 4998 1806 5054 enimvero
1835 4996 2149 5051 Sallustius

496 5093 619 5149 haec
648 5092 897 5166 posteris
934 5090 1261 5147 mandavit:
1308 5109 1336 5139 ‹‹
1370 5088 1549 5142 Fuere
1579 5103 1647 5141 ea
1674 5084 2148 5157 tempestate,qui

495 5183 757 5239 dicerent
786 5181 1095 5236 Catilinam
1126 5176 1389 5233 oratione
1411 5176 1631 5242 habita,
1687 5190 1822 5229 cum
1856 5174 1927 5229 ad
1952 5175 2149 5245 jusju-

496 5273 749 5329 randum
782 5271 1093 5343 populares
1123 5265 1359 5322 sceleris
1414 5264 1506 5320 sui
1563 5265 1841 5337 adigeret,
1904 5263 2149 5319 humani

497 5362 724 5418 cruoris
756 5359 1103 5430 sanguinem
1153 5354 1285 5410 vino
1328 5354 1675 5427 permistum
1706 5353 1767 5409 in
1801 5357 2000 5426 patera
2031 5354 2147 5408 cir—

498 5447 868 5505 cumtulisse.
894 5447 1033 5501 Inde
1062 5462 1196 5501 cum
1216 5449 1347 5516 post
1363 5443 1817 5500 exsecrationem
1840 5458 2044 5498 omnes
2056 5442 2150 5498 de-

492 5540 849 5613 gustassent,
883 5535 1034 5591 sicut
1063 5535 1121 5589 in
1153 5533 1513 5591 solemnibus
1539 5532 1722 5588 sacris
1753 5532 1876 5588 fieri
1909 5547 2150 5587 consue-

489 5628 592 5697 vit,
626 5626 839 5689 dicitur
868 5625 1167 5699 aperuisse
1206 5624 1524 5686 consilium
1583 5639 1778 5679 suum.
1818 5644 1839 5672 ι
1876 5620 2144 5693 (Sallust.

2226 1835 2472 1890 minoris
2506 1835 2748 1890 forsitan
2781 1835 3056 1906 ponderis
3089 1835 3444 1905 quibusdam
3500 1834 3648 1890 haud
3691 1836 3832 1892 dubie

2222 1922 2520 1978 videbitur
2551 1922 2762 1978 horum
2797 1924 3208 1994 posteriorum,
3262 1928 3490 1994 utporte
3529 1925 3833 1994 Graecorum,

2226 2029 2405 2085 quam
2440 2011 2701 2083 priorum
2734 2013 3073 2067 auctoritas.
3100 2013 3226 2067 Non
3255 2011 3838 2084 immeritoigitur-jure

2224 2100 2317 2156 his
2349 2100 2572 2155 Latinis
2604 2100 2993 2172 scriptoribus
3014 2109 3221 2156 auctor
3244 2108 3443 2157 noster
3468 2101 3839 2156 Tertullianus-

2224 2206 2336 2261 que
2366 2189 2769 2261 suffragantur
2816 2194 2835 2255 (
2892 2189 3134 2245 Tertull.
3182 2232 3197 2257 ,
3259 2190 3488 2262 Apolog.
3549 2233 3563 2258 ,
3616 2207 3711 2262 cap
3741 2191 3840 2255 .,9,

2225 2296 2360 2351 pag.
2396 2280 2505 2346 10).

2296 2367 2377 2422 De
2407 2366 2655 2423 Bellona
2686 2371 2883 2422 autem
2915 2367 3099 2423 sacris
3130 2384 3197 2423 ac
3232 2368 3423 2433 festis,
3489 2369 3548 2423 in
3590 2367 3731 2422 illius
3757 2366 3845 2421 ho-

2226 2472 2427 2513 norem
2459 2454 2737 2511 celebrari
2765 2456 2975 2525 solitis,
3009 2456 3131 2513 haec
3163 2461 3312 2512 sunt
3366 2456 3640 2513 Lactantii
3682 2455 3845 2520 verba,

2227 2546 2443 2617 quibus
2474 2544 2993 2616 sanguinolentum
3042 2546 3359 2601 hominum
3409 2545 3739 2601 sacrificium
3765 2544 3845 2598 de-

2227 2635 2431 2692 scribit
2466 2649 2480 2690 :
2523 2656 2544 2683 ι
2578 2634 2755 2689 Sacra
2785 2634 2900 2689 alia
2922 2634 3177 2702 virtutis,
3208 2651 3395 2707 quam
3420 2636 3675 2690 eamdem
3704 2631 3853 2687 Bello-

2227 2740 2361 2780 nam
2393 2727 2620 2787 vocant,
2654 2723 2713 2777 in
2746 2723 2963 2794 quibus
2994 2724 3106 2795 ipsi
3156 2725 3502 2779 sacerdotes
3533 2740 3643 2778 non
3673 2722 3851 2789 alieno,

2228 2814 2330 2870 sed
2361 2829 2468 2869 suo
2500 2829 2702 2868 cruore
2725 2813 3079 2868 sacrificant.
3114 2813 3309 2869 Sectis
3324 2830 3583 2884 namque
3611 2810 3856 2877 humeris,

2228 2906 2287 2959 et
2319 2907 2565 2974 utraque
2595 2918 2773 2957 manu
2804 2901 3033 2973 gladios
3066 2908 3435 2968 exserentes,
3468 2906 3722 2962 currunt,
3749 2898 3857 2953 etis-

2228 2996 2459 3057 runtur,
2518 2990 2844 3047 insaniunt.
2901 3012 2931 3041 »
2988 2992 3341 3063 (Lactant.,
3380 2991 3486 3046 lib.
3547 3008 3586 3061 ι,
3644 3005 3758 3060 cap.
3783 2986 3868 3040 21.

2229 3098 2360 3155 pag.
2395 3081 2540 3151 116).
2574 3079 2946 3152 Lampridius
2993 3080 3146 3137 498
3180 3086 3389 3137 autem
3450 3082 3523 3136 de
3578 3075 3858 3135 Commodo

3051 3192 3072 3218 ι
3110 3170 3337 3241 inquit,
3372 3192 3404 3221 ‹‹
3434 3169 3742 3226 servientes
3766 3178 3871 3219 vers

2237 3274 2506 3316 exsecare
2539 3257 2846 3314 brachium
2880 3258 3154 3329 praecepit
3200 3259 3407 3315 studio
3467 3254 3823 3313 crudelitatis.
3852 3273 3872 3301 ››

2240 3346 2562 3419 (Lamprid.
2598 3348 2658 3401 in
2690 3346 2987 3417 Commod.,
3022 3363 3154 3419 pag.
3180 3348 3302 3419 49.)
3332 3347 3697 3419 Quapropter
3726 3348 3873 3396 Luca-

2242 3453 2356 3495 nus
2389 3436 2635 3491 canebat
2657 3451 2670 3490 :

2618 3567 2632 3581 .
2698 3565 2715 3581 .
2781 3566 2795 3582 .
2866 3569 2879 3584 .
2910 3532 3049 3591 Quot
3076 3534 3240 3584 sectis
3271 3534 3505 3585 Bellona
3532 3530 3738 3583 lacertis

2496 3595 2656 3645 Sacra
2685 3600 2880 3645 movet.

2681 3659 2918 3719 (Lucam,
2952 3656 2985 3707 l.
3015 3672 3031 3707 ι
3062 3658 3326 3719 Ριιανεαιη
3360 3664 3490 3725 post
3522 3653 3701 3715 med.)

2250 3776 2508 3832 Rursum
2538 3790 2673 3829 vero
2705 3773 2817 3829 alio
2836 3774 2895 3829 in
2922 3772 3070 3829 libro
3096 3790 3109 3829 :

2501 3908 2514 3921 .
2583 3907 2596 3920 .
2666 3905 2680 3920 .
2749 3907 2762 3921 .
2836 3872 3214 3934 .Quacunque
3248 3876 3494 3934 vagatur

2374 3934 2737 3997 Sanguineum
2767 3934 2932 3984 veluti
2962 3931 3215 3997 quatiens
3247 3931 3485 3985 Bellona
3515 3931 3795 3997 ﬂagellum.

2969 3996 3152 4054 (idem,
3185 3997 3220 4045 l.
3256 4012 3351 4055 vn,
3386 4002 3518 4060 post
3548 3996 3710 4054 med.)

2250 4095 2483 4152 Videsis
2512 4094 2634 4150 baac
2667 4093 2883 4150 Lucani
2914 4094 3180 4149 carmina
3210 4094 3576 4161 Montfortii,
3610 4098 3667 4149 et
3680 4092 3737 4146 in
3763 4088 3898 4144 Lam-

2254 4185 2510 4258 pridium
2541 4183 2866 4239 Casauboni
2898 4183 3375 4256 observationes,
3402 4202 3475 4241 ac
3490 4174 3903 4239 Czeciliischolia

2253 4272 2314 4327 in
2344 4271 2444 4328 illa
2470 4271 2772 4328 Juvenalis
2802 4272 3065 4327 carmina

2847 4422 2861 4436 .
2932 4426 2945 4437 .
3015 4424 3029 4438 .
3099 4423 3112 4437 .
3180 4389 3325 4439 Ecce
3355 4389 3599 4439 furentis

2473 4449 2699 4502 Bellone
2718 4450 3007 4514 matrisque
3033 4450 3197 4500 deum
3230 4452 3451 4502 chorus
3482 4454 3670 4501 intrat.

2808 4508 3099 4578 (Juvenal.,
3133 4515 3323 4577 Satyr.
3358 4530 3436 4575 v1,
3481 4515 3630 4565 circa
3657 4508 3813 4571 med.)

2252 4630 2730 4687 Animadvertisti
2771 4646 2909 4686 sane
2941 4647 2974 4687 a
3000 4630 3372 4702 quibusdam
3438 4631 3730 4686 traditum
3760 4624 3813 4679 in
3836 4619 3912 4676 his

2256 4720 2551 4793 mysteriis
2580 4724 2769 4776 sectos
2800 4720 3100 4787 humeros,
3132 4721 3204 4775 ab
3220 4719 3371 4776 aliis
3395 4720 3683 4785 lacertos,
3714 4717 3782 4772 ab
3810 4709 3919 4768 aliis

2256 4810 2584 4866 brachium.
2617 4813 2727 4865 Eas
2749 4814 2943 4865 autem
2966 4825 3169 4865 omnes
3187 4811 3479 4882 corporis
3513 4813 3713 4882 partes
3734 4806 3920 4860 Seneca

2257 4899 2439 4956 semel
2470 4897 2869 4972 simulquehis
2902 4904 3186 4954 memorat
3215 4899 3434 4955 verbis
3462 4918 3477 4957 :
3506 4922 3535 4949 ‹‹
3565 4898 3716 4954 Cum
3740 4887 3925 4961 aliquis

2258 4990 2493 5044 secandi
2528 4989 2773 5045 lacertos
2806 5004 2945 5043 suos
2965 4988 3193 5058 artifex,
3230 4988 3506 5043 brachia
3537 4991 3719 5058 atque
3749 4984 3925 5037 hume-

2259 5086 2670 5153 ros'suspensa
2699 5095 2877 5134 manu
2910 5081 3194 5134 cruentat.
3246 5098 3278 5126 ››
3313 5078 3560 5149 (Senec.
3598 5077 3700 5132 lib.
3745 5072 3805 5128 de
3832 5067 3931 5123 Vita

2259 5169 2420 5236 beat.,
2452 5187 2578 5242 cap.
2610 5169 2727 5241 27.)
2757 5170 2829 5223 At
2857 5183 2993 5223 eum
3024 5168 3104 5222 ibi
3138 5167 3211 5222 ad
3260 5167 3546 5223 Bellonae
3608 5178 3775 5221 sacra
3803 5156 3932 5213 allu-

2258 5260 2393 5314 dere
2423 5261 2558 5330 quis
2590 5275 2704 5314 non
2734 5257 2973 5313 videat?

2328 5350 2443 5405 Cur
2471 5365 2606 5421 ergo
2632 5345 3051 5416 Tertullianus,
3102 5346 3311 5416 inquit
3348 5346 3609 5417 aliquis,
3671 5341 3847 5399 solius
3867 5335 3933 5388 fe-

2258 5438 2437 5495 moris
2470 5436 2747 5510 proscissi
2780 5437 3136 5492 mentionem
3171 5434 3319 5490 fecit
3376 5435 3407 5490 ‘?
3444 5458 3473 5485 ‹‹
3512 5433 3703 5490 Hodie
3745 5427 3885 5494 istic,
3911 5442 3933 5468 ιι

2259 5529 2360 5599 ait,
2394 5552 2422 5579 ‹‹
2459 5527 2704 5584 Bellona:
2736 5530 2994 5582 sacratos
3025 5526 3188 5597 (mss.
3238 5526 3564 5595 sacratus)
3599 5518 3838 5592 sanguis
3878 5513 3939 5567 de

2256 5620 2475 5678 femore
2504 5618 2799 5692 proscisso
2822 5617 2881 5672 in
2914 5613 3247 5690 palmulam
3274 5619 3609 5688 exceptus,
3628 5610 3756 5670 esui
3781 5606 3939 5664 datus
