  <div class='ocr_page' id='page_1' title='image "/cluster/home/n/w/nwhite01/storage/ocr_20150623/3/hvd.32044073549586/310.png"; bbox 0 0 4088 6150; ppageno 0'>
   <div class='ocr_carea' id='block_1_1' title="bbox 224 315 3586 380">
    <p class='ocr_par' dir='ltr' id='par_1_1' title="bbox 224 315 3586 380">
     <span class='ocr_line' id='line_1_1' title="bbox 224 315 3586 380; baseline 0.001 -6"><span class='ocrx_word' id='word_1_1' title='bbox 224 315 318 374; x_wconf 77' lang='grc'>513</span> <span class='ocrx_word' id='word_1_2' title='bbox 1608 315 2158 378; x_wconf 79' lang='lat' dir='ltr'>DISSERTA&#39;I‘IO.</span> <span class='ocrx_word' id='word_1_3' title='bbox 3465 321 3586 380; x_wconf 74' lang='lat' dir='ltr'>5M</span> 
     </span>
    </p>
   </div>
   <div class='ocr_carea' id='block_1_2' title="bbox 220 443 3582 521">
    <p class='ocr_par' dir='ltr' id='par_1_2' title="bbox 220 443 3582 521">
     <span class='ocr_line' id='line_1_2' title="bbox 220 443 3582 521; baseline 0.002 -21"><span class='ocrx_word' id='word_1_4' title='bbox 220 445 396 516; x_wconf 83' lang='lat' dir='ltr'>signat.</span> <span class='ocrx_word' id='word_1_5' title='bbox 427 464 450 494; x_wconf 74' lang='grc' dir='ltr'><strong>υ</strong></span> <span class='ocrx_word' id='word_1_6' title='bbox 489 443 754 516; x_wconf 82' lang='lat' dir='ltr'>(Tertull.</span> <span class='ocrx_word' id='word_1_7' title='bbox 786 446 1034 517; x_wconf 81' lang='lat' dir='ltr'>Apolog.,</span> <span class='ocrx_word' id='word_1_8' title='bbox 1066 462 1196 519; x_wconf 91' lang='lat' dir='ltr'>cap.</span> <span class='ocrx_word' id='word_1_9' title='bbox 1227 448 1281 516; x_wconf 89' lang='lat'>9,</span> <span class='ocrx_word' id='word_1_10' title='bbox 1306 464 1439 521; x_wconf 90' lang='lat' dir='ltr'>pag.</span> <span class='ocrx_word' id='word_1_11' title='bbox 1466 448 1576 521; x_wconf 67' lang='lat'>10°)</span> <span class='ocrx_word' id='word_1_12' title='bbox 1607 448 1821 514; x_wconf 77' lang='lat' dir='ltr'>Quidni</span> <span class='ocrx_word' id='word_1_13' title='bbox 1850 453 1904 518; x_wconf 78' lang='grc' dir='ltr'><strong>Α</strong></span> <span class='ocrx_word' id='word_1_14' title='bbox 1936 447 2196 503; x_wconf 88' lang='lat' dir='ltr'>animam</span> <span class='ocrx_word' id='word_1_15' title='bbox 2227 463 2295 502; x_wconf 82' lang='lat' dir='ltr'>ex</span> <span class='ocrx_word' id='word_1_16' title='bbox 2325 445 2525 502; x_wconf 91' lang='lat' dir='ltr'>osculo</span> <span class='ocrx_word' id='word_1_17' title='bbox 2558 445 2888 515; x_wconf 81' lang='lat' dir='ltr'>vulnerum,</span> <span class='ocrx_word' id='word_1_18' title='bbox 2947 465 3078 504; x_wconf 89' lang='lat' dir='ltr'>cum</span> <span class='ocrx_word' id='word_1_19' title='bbox 3125 450 3258 520; x_wconf 82' lang='lat' dir='ltr'>plus</span> <span class='ocrx_word' id='word_1_20' title='bbox 3305 467 3378 507; x_wconf 91' lang='lat' dir='ltr'>ne</span> <span class='ocrx_word' id='word_1_21' title='bbox 3426 452 3582 508; x_wconf 89' lang='lat' dir='ltr'>fera-</span> 
     </span>
    </p>
   </div>
   <div class='ocr_carea' id='block_1_3' title="bbox 217 532 3582 606">
    <p class='ocr_par' dir='ltr' id='par_1_3' title="bbox 217 532 3582 606">
     <span class='ocr_line' id='line_1_3' title="bbox 217 532 3582 606; baseline 0.002 -19"><span class='ocrx_word' id='word_1_22' title='bbox 217 532 283 587; x_wconf 92' lang='lat' dir='ltr'>illi</span> <span class='ocrx_word' id='word_1_23' title='bbox 308 533 483 588; x_wconf 89' lang='lat' dir='ltr'>solum</span> <span class='ocrx_word' id='word_1_24' title='bbox 517 535 727 602; x_wconf 87' lang='lat' dir='ltr'>femur,</span> <span class='ocrx_word' id='word_1_25' title='bbox 755 535 1250 605; x_wconf 83' lang='lat' dir='ltr'>quemadmodum</span> <span class='ocrx_word' id='word_1_26' title='bbox 1282 536 1412 592; x_wconf 89' lang='lat' dir='ltr'>aliis</span> <span class='ocrx_word' id='word_1_27' title='bbox 1442 537 1597 593; x_wconf 89' lang='lat' dir='ltr'>solos</span> <span class='ocrx_word' id='word_1_28' title='bbox 1626 537 1833 593; x_wconf 88' lang='lat' dir='ltr'>hume-</span> <span class='ocrx_word' id='word_1_29' title='bbox 1939 551 2070 590; x_wconf 91' lang='lat' dir='ltr'>rum</span> <span class='ocrx_word' id='word_1_30' title='bbox 2106 535 2338 606; x_wconf 85' lang='lat' dir='ltr'>quidem</span> <span class='ocrx_word' id='word_1_31' title='bbox 2372 533 2667 590; x_wconf 81' lang='lat' dir='ltr'>admoveri</span> <span class='ocrx_word' id='word_1_32' title='bbox 2699 551 2799 589; x_wconf 84' lang='lat' dir='ltr'>ore.</span> <span class='ocrx_word' id='word_1_33' title='bbox 2827 535 2915 590; x_wconf 89' lang='lat' dir='ltr'>fas</span> <span class='ocrx_word' id='word_1_34' title='bbox 2945 534 3022 590; x_wconf 86' lang='lat' dir='ltr'>sit</span> <span class='ocrx_word' id='word_1_35' title='bbox 3051 535 3379 592; x_wconf 89' lang='lat' dir='ltr'>humana...</span> <span class='ocrx_word' id='word_1_36' title='bbox 3406 537 3582 602; x_wconf 85' lang='lat' dir='ltr'>Quasi</span> 
     </span>
    </p>
   </div>
   <div class='ocr_carea' id='block_1_4' title="bbox 217 621 3576 696">
    <p class='ocr_par' dir='ltr' id='par_1_4' title="bbox 217 621 3576 696">
     <span class='ocr_line' id='line_1_4' title="bbox 217 621 3576 696; baseline 0.002 -21"><span class='ocrx_word' id='word_1_37' title='bbox 217 638 293 676; x_wconf 91' lang='lat' dir='ltr'>ros</span> <span class='ocrx_word' id='word_1_38' title='bbox 311 621 391 677; x_wconf 87' lang='lat' dir='ltr'>vel</span> <span class='ocrx_word' id='word_1_39' title='bbox 422 621 667 677; x_wconf 87' lang='lat' dir='ltr'>lacertos</span> <span class='ocrx_word' id='word_1_40' title='bbox 699 640 1020 679; x_wconf 90' lang='lat' dir='ltr'>memorare</span> <span class='ocrx_word' id='word_1_41' title='bbox 1051 624 1138 680; x_wconf 88' lang='lat' dir='ltr'>fas</span> <span class='ocrx_word' id='word_1_42' title='bbox 1170 625 1323 680; x_wconf 88' lang='lat' dir='ltr'>fuit?</span> <span class='ocrx_word' id='word_1_43' title='bbox 1362 625 1487 682; x_wconf 90' lang='lat' dir='ltr'>Non</span> <span class='ocrx_word' id='word_1_44' title='bbox 1521 627 1676 682; x_wconf 90' lang='lat' dir='ltr'>enim</span> <span class='ocrx_word' id='word_1_45' title='bbox 1708 625 1826 694; x_wconf 91' lang='lat' dir='ltr'>ille,</span> <span class='ocrx_word' id='word_1_46' title='bbox 1939 639 2074 679; x_wconf 88' lang='lat' dir='ltr'>vero</span> <span class='ocrx_word' id='word_1_47' title='bbox 2112 624 2334 679; x_wconf 82' lang='lat' dir='ltr'>sanitas</span> <span class='ocrx_word' id='word_1_48' title='bbox 2364 621 2541 678; x_wconf 89' lang='lat' dir='ltr'>videri</span> <span class='ocrx_word' id='word_1_49' title='bbox 2570 623 2775 694; x_wconf 82' lang='lat' dir='ltr'>possit,</span> <span class='ocrx_word' id='word_1_50' title='bbox 2821 623 3002 678; x_wconf 89' lang='lat' dir='ltr'>feram</span> <span class='ocrx_word' id='word_1_51' title='bbox 3048 640 3117 678; x_wconf 87' lang='lat' dir='ltr'>ex</span> <span class='ocrx_word' id='word_1_52' title='bbox 3164 624 3402 682; x_wconf 90' lang='lat' dir='ltr'>homine</span> <span class='ocrx_word' id='word_1_53' title='bbox 3433 627 3576 696; x_wconf 79' lang='lat' dir='ltr'>fieri,</span> 
     </span>
    </p>
   </div>
   <div class='ocr_carea' id='block_1_5' title="bbox 217 711 3579 790">
    <p class='ocr_par' dir='ltr' id='par_1_5' title="bbox 217 711 3579 790">
     <span class='ocr_line' id='line_1_5' title="bbox 217 711 3579 790; baseline 0.002 -25"><span class='ocrx_word' id='word_1_54' title='bbox 217 728 373 782; x_wconf 85' lang='lat' dir='ltr'>neque</span> <span class='ocrx_word' id='word_1_55' title='bbox 403 711 497 766; x_wconf 85' lang='lat' dir='ltr'>alii</span> <span class='ocrx_word' id='word_1_56' title='bbox 533 713 800 767; x_wconf 86' lang='lat' dir='ltr'>membra</span> <span class='ocrx_word' id='word_1_57' title='bbox 832 713 1050 779; x_wconf 90' lang='lat' dir='ltr'>omnia,</span> <span class='ocrx_word' id='word_1_58' title='bbox 1083 729 1210 784; x_wconf 80' lang='lat' dir='ltr'>quae</span> <span class='ocrx_word' id='word_1_59' title='bbox 1250 713 1309 768; x_wconf 91' lang='lat' dir='ltr'>in</span> <span class='ocrx_word' id='word_1_60' title='bbox 1365 714 1615 771; x_wconf 68' lang='lat' dir='ltr'>Bellonae</span> <span class='ocrx_word' id='word_1_61' title='bbox 1645 714 1830 770; x_wconf 89' lang='lat' dir='ltr'>sacris</span> <span class='ocrx_word' id='word_1_62' title='bbox 1940 712 2255 784; x_wconf 83' lang='lat' dir='ltr'>morboque</span> <span class='ocrx_word' id='word_1_63' title='bbox 2297 711 2541 784; x_wconf 89' lang='lat' dir='ltr'>dignum</span> <span class='ocrx_word' id='word_1_64' title='bbox 2586 711 2644 766; x_wconf 88' lang='lat' dir='ltr'>in</span> <span class='ocrx_word' id='word_1_65' title='bbox 2678 711 2805 783; x_wconf 90' lang='lat' dir='ltr'>ipsa</span> <span class='ocrx_word' id='word_1_66' title='bbox 2835 712 3146 784; x_wconf 88' lang='lat' dir='ltr'>medicina,</span> <span class='ocrx_word' id='word_1_67' title='bbox 3163 715 3316 770; x_wconf 76' lang='lat'><strong>499</strong></span> <span class='ocrx_word' id='word_1_68' title='bbox 3347 719 3579 790; x_wconf 89' lang='lat' dir='ltr'>egregia</span> 
     </span>
    </p>
   </div>
   <div class='ocr_carea' id='block_1_6' title="bbox 213 799 3580 874">
    <p class='ocr_par' dir='ltr' id='par_1_6' title="bbox 213 799 3580 874">
     <span class='ocr_line' id='line_1_6' title="bbox 213 799 3580 874; baseline 0.002 -18"><span class='ocrx_word' id='word_1_69' title='bbox 213 802 559 867; x_wconf 84' lang='lat' dir='ltr'>secabantur,</span> <span class='ocrx_word' id='word_1_70' title='bbox 592 801 1018 856; x_wconf 88' lang='lat' dir='ltr'>dinumeranda</span> <span class='ocrx_word' id='word_1_71' title='bbox 1066 819 1194 858; x_wconf 89' lang='lat' dir='ltr'>esse</span> <span class='ocrx_word' id='word_1_72' title='bbox 1235 803 1499 859; x_wconf 83' lang='lat' dir='ltr'>arbitrati</span> <span class='ocrx_word' id='word_1_73' title='bbox 1533 809 1690 859; x_wconf 89' lang='lat' dir='ltr'>sunt.</span> <span class='ocrx_word' id='word_1_74' title='bbox 1723 803 1830 859; x_wconf 90' lang='lat' dir='ltr'>Sed</span> <span class='ocrx_word' id='word_1_75' title='bbox 1941 801 2174 857; x_wconf 90' lang='lat' dir='ltr'>hercule</span> <span class='ocrx_word' id='word_1_76' title='bbox 2207 799 2599 867; x_wconf 82' lang='lat' dir='ltr'>frustratione,</span> <span class='ocrx_word' id='word_1_77' title='bbox 2633 800 2682 854; x_wconf 89' lang='lat' dir='ltr'>si</span> <span class='ocrx_word' id='word_1_78' title='bbox 2715 816 2827 856; x_wconf 89' lang='lat' dir='ltr'>non</span> <span class='ocrx_word' id='word_1_79' title='bbox 2860 803 3062 873; x_wconf 88' lang='lat' dir='ltr'>prosit.</span> <span class='ocrx_word' id='word_1_80' title='bbox 3098 804 3292 874; x_wconf 87' lang='lat' dir='ltr'>Aspici</span> <span class='ocrx_word' id='word_1_81' title='bbox 3317 805 3580 864; x_wconf 89' lang='lat' dir='ltr'>humana</span> 
     </span>
    </p>
   </div>
   <div class='ocr_carea' id='block_1_7' title="bbox 213 889 3584 961">
    <p class='ocr_par' dir='ltr' id='par_1_7' title="bbox 213 889 3584 961">
     <span class='ocr_line' id='line_1_7' title="bbox 213 889 3584 961; baseline 0.002 -17"><span class='ocrx_word' id='word_1_82' title='bbox 213 890 268 944; x_wconf 88' lang='lat' dir='ltr'>de</span> <span class='ocrx_word' id='word_1_83' title='bbox 295 889 376 943; x_wconf 81' lang='lat' dir='ltr'>his</span> <span class='ocrx_word' id='word_1_84' title='bbox 409 889 704 960; x_wconf 82' lang='lat' dir='ltr'>mysteriis</span> <span class='ocrx_word' id='word_1_85' title='bbox 732 895 788 944; x_wconf 90' lang='lat' dir='ltr'>et</span> <span class='ocrx_word' id='word_1_86' title='bbox 818 889 915 944; x_wconf 90' lang='lat' dir='ltr'>illo</span> <span class='ocrx_word' id='word_1_87' title='bbox 933 890 1272 945; x_wconf 83' lang='lat' dir='ltr'>Tertulliani</span> <span class='ocrx_word' id='word_1_88' title='bbox 1305 890 1430 948; x_wconf 92' lang='lat' dir='ltr'>loco</span> <span class='ocrx_word' id='word_1_89' title='bbox 1462 892 1614 948; x_wconf 84' lang='lat' dir='ltr'>infra</span> <span class='ocrx_word' id='word_1_90' title='bbox 1643 891 1834 947; x_wconf 89' lang='lat' dir='ltr'>adhuc</span> <span class='ocrx_word' id='word_1_91' title='bbox 1943 895 2075 946; x_wconf 84' lang='lat' dir='ltr'>exta</span> <span class='ocrx_word' id='word_1_92' title='bbox 2104 891 2266 946; x_wconf 85' lang='lat' dir='ltr'>nefas</span> <span class='ocrx_word' id='word_1_93' title='bbox 2298 890 2564 957; x_wconf 89' lang='lat' dir='ltr'>habetur,</span> <span class='ocrx_word' id='word_1_94' title='bbox 2597 889 2737 961; x_wconf 91' lang='lat' dir='ltr'>quid</span> <span class='ocrx_word' id='word_1_95' title='bbox 2767 890 3012 945; x_wconf 81' lang='lat' dir='ltr'>mandi?</span> <span class='ocrx_word' id='word_1_96' title='bbox 3061 892 3202 956; x_wconf 88' lang='lat' dir='ltr'>Quis</span> <span class='ocrx_word' id='word_1_97' title='bbox 3243 893 3327 950; x_wconf 91' lang='lat' dir='ltr'>ita</span> <span class='ocrx_word' id='word_1_98' title='bbox 3364 895 3584 952; x_wconf 82' lang='lat' dir='ltr'>invenit</span> 
     </span>
    </p>
   </div>
   <div class='ocr_carea' id='block_1_8' title="bbox 211 977 3588 1052">
    <p class='ocr_par' dir='ltr' id='par_1_8' title="bbox 211 977 3588 1052">
     <span class='ocr_line' id='line_1_8' title="bbox 211 977 3588 1052; baseline 0.002 -18"><span class='ocrx_word' id='word_1_99' title='bbox 211 977 406 1050; x_wconf 89' lang='lat' dir='ltr'>aliquid</span> <span class='ocrx_word' id='word_1_100' title='bbox 439 979 754 1033; x_wconf 91' lang='lat' dir='ltr'>dicendum</span> <span class='ocrx_word' id='word_1_101' title='bbox 786 982 934 1050; x_wconf 87' lang='lat' dir='ltr'>(cap.</span> <span class='ocrx_word' id='word_1_102' title='bbox 967 980 1059 1049; x_wconf 86' lang='lat'>20,</span> <span class='ocrx_word' id='word_1_103' title='bbox 1091 984 1203 1035; x_wconf 89' lang='lat' dir='ltr'>art.</span> <span class='ocrx_word' id='word_1_104' title='bbox 1237 980 1315 1052; x_wconf 86' lang='lat'>3).</span> <span class='ocrx_word' id='word_1_105' title='bbox 1945 979 2220 1034; x_wconf 85' lang='lat' dir='ltr'>ostenta?</span> <span class='ocrx_word' id='word_1_106' title='bbox 2252 980 2468 1034; x_wconf 89' lang='lat' dir='ltr'>Tecum</span> <span class='ocrx_word' id='word_1_107' title='bbox 2491 979 2647 1034; x_wconf 91' lang='lat' dir='ltr'>enim</span> <span class='ocrx_word' id='word_1_108' title='bbox 2671 995 2764 1034; x_wconf 88' lang='lat' dir='ltr'>res</span> <span class='ocrx_word' id='word_1_109' title='bbox 2784 977 3314 1050; x_wconf 87' lang='lat' dir='ltr'>erit,eversorjuris</span> <span class='ocrx_word' id='word_1_110' title='bbox 3337 983 3588 1043; x_wconf 77' lang='lat' dir='ltr'>humani</span> 
     </span>
    </p>
   </div>
   <div class='ocr_carea' id='block_1_9' title="bbox 265 1066 3590 1147">
    <p class='ocr_par' dir='ltr' id='par_1_9' title="bbox 265 1066 3590 1147">
     <span class='ocr_line' id='line_1_9' title="bbox 265 1066 3590 1147; baseline 0.003 -26"><span class='ocrx_word' id='word_1_111' title='bbox 265 1073 333 1122; x_wconf 79' lang='lat' dir='ltr'>At</span> <span class='ocrx_word' id='word_1_112' title='bbox 352 1067 624 1123; x_wconf 87' lang='lat' dir='ltr'>observes</span> <span class='ocrx_word' id='word_1_113' title='bbox 645 1066 818 1122; x_wconf 91' lang='lat' dir='ltr'>velim</span> <span class='ocrx_word' id='word_1_114' title='bbox 837 1067 1156 1123; x_wconf 87' lang='lat' dir='ltr'>Minucium</span> <span class='ocrx_word' id='word_1_115' title='bbox 1180 1073 1445 1125; x_wconf 88' lang='lat' dir='ltr'>nostrum</span> <span class='ocrx_word' id='word_1_116' title='bbox 1477 1087 1591 1126; x_wconf 93' lang='lat' dir='ltr'>non</span> <span class='ocrx_word' id='word_1_117' title='bbox 1623 1070 1840 1126; x_wconf 85' lang='lat' dir='ltr'>dixisse</span> <span class='ocrx_word' id='word_1_118' title='bbox 1949 1073 2432 1138; x_wconf 88' lang='lat' dir='ltr'>monstorumque</span> <span class='ocrx_word' id='word_1_119' title='bbox 2476 1067 2704 1134; x_wconf 84' lang='lat' dir='ltr'>artifex,</span> <span class='ocrx_word' id='word_1_120' title='bbox 2753 1067 2851 1138; x_wconf 91' lang='lat' dir='ltr'>qui</span> <span class='ocrx_word' id='word_1_121' title='bbox 2899 1067 3127 1138; x_wconf 88' lang='lat' dir='ltr'>primus</span> <span class='ocrx_word' id='word_1_122' title='bbox 3159 1086 3228 1125; x_wconf 89' lang='lat' dir='ltr'>ea</span> <span class='ocrx_word' id='word_1_123' title='bbox 3254 1073 3590 1147; x_wconf 84' lang='lat' dir='ltr'>condidisti,</span> 
     </span>
    </p>
   </div>
   <div class='ocr_carea' id='block_1_10' title="bbox 211 1155 3593 1230">
    <p class='ocr_par' dir='ltr' id='par_1_10' title="bbox 211 1155 3593 1230">
     <span class='ocr_line' id='line_1_10' title="bbox 211 1155 3593 1230; baseline 0.002 -20"><span class='ocrx_word' id='word_1_124' title='bbox 211 1157 429 1228; x_wconf 89' lang='lat' dir='ltr'>quidem</span> <span class='ocrx_word' id='word_1_125' title='bbox 465 1156 523 1210; x_wconf 93' lang='lat' dir='ltr'>in</span> <span class='ocrx_word' id='word_1_126' title='bbox 561 1155 654 1210; x_wconf 91' lang='lat' dir='ltr'>his</span> <span class='ocrx_word' id='word_1_127' title='bbox 685 1156 865 1212; x_wconf 86' lang='lat' dir='ltr'>sacris</span> <span class='ocrx_word' id='word_1_128' title='bbox 907 1156 1165 1212; x_wconf 86' lang='lat' dir='ltr'>elicitum</span> <span class='ocrx_word' id='word_1_129' title='bbox 1207 1175 1277 1212; x_wconf 81' lang='lat' dir='ltr'>ex</span> <span class='ocrx_word' id='word_1_130' title='bbox 1307 1164 1624 1230; x_wconf 84' lang='lat' dir='ltr'>mystarum</span> <span class='ocrx_word' id='word_1_131' title='bbox 1656 1176 1838 1214; x_wconf 86' lang='lat' dir='ltr'>mem-</span> <span class='ocrx_word' id='word_1_132' title='bbox 1950 1156 2146 1223; x_wconf 86' lang='lat' dir='ltr'>credo,</span> <span class='ocrx_word' id='word_1_133' title='bbox 2176 1172 2248 1212; x_wconf 88' lang='lat' dir='ltr'>ne</span> <span class='ocrx_word' id='word_1_134' title='bbox 2295 1156 2413 1211; x_wconf 90' lang='lat' dir='ltr'>vita</span> <span class='ocrx_word' id='word_1_135' title='bbox 2442 1155 2526 1211; x_wconf 92' lang='lat' dir='ltr'>tui</span> <span class='ocrx_word' id='word_1_136' title='bbox 2557 1155 3014 1212; x_wconf 88' lang='lat' dir='ltr'>oblivisceretur.</span> <span class='ocrx_word' id='word_1_137' title='bbox 3049 1159 3189 1224; x_wconf 88' lang='lat' dir='ltr'>Quis</span> <span class='ocrx_word' id='word_1_138' title='bbox 3215 1159 3437 1216; x_wconf 87' lang='lat' dir='ltr'>invenit</span> <span class='ocrx_word' id='word_1_139' title='bbox 3465 1163 3593 1217; x_wconf 87' lang='lat' dir='ltr'>sin-</span> 
     </span>
    </p>
   </div>
   <div class='ocr_carea' id='block_1_11' title="bbox 204 1244 3598 1318">
    <p class='ocr_par' dir='ltr' id='par_1_11' title="bbox 204 1244 3598 1318">
     <span class='ocr_line' id='line_1_11' title="bbox 204 1244 3598 1318; baseline 0.001 -18"><span class='ocrx_word' id='word_1_140' title='bbox 204 1245 312 1300; x_wconf 84' lang='lat' dir='ltr'>bris</span> <span class='ocrx_word' id='word_1_141' title='bbox 361 1245 732 1316; x_wconf 87' lang='lat' dir='ltr'>sanguinem,</span> <span class='ocrx_word' id='word_1_142' title='bbox 797 1245 900 1300; x_wconf 91' lang='lat' dir='ltr'>sed</span> <span class='ocrx_word' id='word_1_143' title='bbox 947 1244 1069 1300; x_wconf 77' lang='lat' dir='ltr'>hazc</span> <span class='ocrx_word' id='word_1_144' title='bbox 1114 1262 1283 1302; x_wconf 89' lang='lat' dir='ltr'>sacra</span> <span class='ocrx_word' id='word_1_145' title='bbox 1334 1247 1548 1303; x_wconf 87' lang='lat' dir='ltr'>haustu</span> <span class='ocrx_word' id='word_1_146' title='bbox 1598 1246 1842 1302; x_wconf 85' lang='lat' dir='ltr'>humani</span> <span class='ocrx_word' id='word_1_147' title='bbox 1951 1244 2090 1318; x_wconf 82' lang='lat' dir='ltr'>gula</span> <span class='ocrx_word' id='word_1_148' title='bbox 2137 1245 2402 1300; x_wconf 89' lang='lat' dir='ltr'>membra</span> <span class='ocrx_word' id='word_1_149' title='bbox 2444 1244 2708 1300; x_wconf 88' lang='lat' dir='ltr'>humana</span> <span class='ocrx_word' id='word_1_150' title='bbox 2746 1245 3066 1300; x_wconf 84' lang='lat' dir='ltr'>mandere?</span> <span class='ocrx_word' id='word_1_151' title='bbox 3107 1245 3231 1309; x_wconf 84' lang='lat' dir='ltr'>Qua</span> <span class='ocrx_word' id='word_1_152' title='bbox 3261 1249 3598 1318; x_wconf 83' lang='lat' dir='ltr'>conjectura</span> 
     </span>
    </p>
   </div>
   <div class='ocr_carea' id='block_1_12' title="bbox 203 1333 3606 1407">
    <p class='ocr_par' dir='ltr' id='par_1_12' title="bbox 203 1333 3606 1407">
     <span class='ocr_line' id='line_1_12' title="bbox 203 1333 3606 1407; baseline 0.002 -19"><span class='ocrx_word' id='word_1_153' title='bbox 203 1333 418 1388; x_wconf 85' lang='lat' dir='ltr'>cruoris</span> <span class='ocrx_word' id='word_1_154' title='bbox 450 1333 782 1388; x_wconf 86' lang='lat' dir='ltr'>imbuta.At</span> <span class='ocrx_word' id='word_1_155' title='bbox 812 1350 949 1390; x_wconf 87' lang='lat' dir='ltr'>sane</span> <span class='ocrx_word' id='word_1_156' title='bbox 973 1333 1080 1390; x_wconf 90' lang='lat' dir='ltr'>hoc</span> <span class='ocrx_word' id='word_1_157' title='bbox 1112 1336 1438 1391; x_wconf 90' lang='lat' dir='ltr'>secundum</span> <span class='ocrx_word' id='word_1_158' title='bbox 1472 1353 1538 1391; x_wconf 90' lang='lat' dir='ltr'>ac</span> <span class='ocrx_word' id='word_1_159' title='bbox 1568 1335 1666 1391; x_wconf 93' lang='lat' dir='ltr'>illo</span> <span class='ocrx_word' id='word_1_160' title='bbox 1697 1337 1842 1390; x_wconf 83' lang='lat' dir='ltr'>dun-</span> <span class='ocrx_word' id='word_1_161' title='bbox 1953 1334 2234 1389; x_wconf 91' lang='lat' dir='ltr'>inductus</span> <span class='ocrx_word' id='word_1_162' title='bbox 2255 1333 2282 1388; x_wconf 86' lang='lat'><strong>?</strong></span> <span class='ocrx_word' id='word_1_163' title='bbox 2312 1333 2492 1397; x_wconf 91' lang='lat' dir='ltr'>Quam</span> <span class='ocrx_word' id='word_1_164' title='bbox 2517 1338 2706 1405; x_wconf 83' lang='lat' dir='ltr'>potest</span> <span class='ocrx_word' id='word_1_165' title='bbox 2735 1333 3027 1390; x_wconf 87' lang='lat' dir='ltr'>medicina</span> <span class='ocrx_word' id='word_1_166' title='bbox 3056 1333 3168 1390; x_wconf 89' lang='lat' dir='ltr'>ista</span> <span class='ocrx_word' id='word_1_167' title='bbox 3189 1335 3475 1407; x_wconf 82' lang='lat' dir='ltr'>originem</span> <span class='ocrx_word' id='word_1_168' title='bbox 3505 1338 3606 1395; x_wconf 83' lang='lat' dir='ltr'>ha-</span> 
     </span>
    </p>
   </div>
   <div class='ocr_carea' id='block_1_13' title="bbox 198 1422 3598 1498">
    <p class='ocr_par' dir='ltr' id='par_1_13' title="bbox 198 1422 3598 1498">
     <span class='ocr_line' id='line_1_13' title="bbox 198 1422 3598 1498; baseline 0.002 -21"><span class='ocrx_word' id='word_1_169' title='bbox 198 1428 348 1478; x_wconf 81' lang='lat' dir='ltr'>taxat</span> <span class='ocrx_word' id='word_1_170' title='bbox 377 1423 709 1487; x_wconf 85' lang='lat' dir='ltr'>denotatur,</span> <span class='ocrx_word' id='word_1_171' title='bbox 741 1423 878 1494; x_wconf 88' lang='lat' dir='ltr'>quia</span> <span class='ocrx_word' id='word_1_172' title='bbox 907 1423 1141 1496; x_wconf 87' lang='lat' dir='ltr'>gravius</span> <span class='ocrx_word' id='word_1_173' title='bbox 1173 1429 1315 1496; x_wconf 91' lang='lat' dir='ltr'>erat,</span> <span class='ocrx_word' id='word_1_174' title='bbox 1340 1442 1446 1480; x_wconf 89' lang='lat' dir='ltr'>nec</span> <span class='ocrx_word' id='word_1_175' title='bbox 1475 1429 1676 1498; x_wconf 77' lang='lat' dir='ltr'>mystae</span> <span class='ocrx_word' id='word_1_176' title='bbox 1709 1443 1844 1480; x_wconf 91' lang='lat' dir='ltr'>san-</span> <span class='ocrx_word' id='word_1_177' title='bbox 1955 1422 2198 1478; x_wconf 83' lang='lat' dir='ltr'>buisse?</span> <span class='ocrx_word' id='word_1_178' title='bbox 2229 1425 2368 1488; x_wconf 88' lang='lat' dir='ltr'>Quis</span> <span class='ocrx_word' id='word_1_179' title='bbox 2398 1422 2673 1478; x_wconf 83' lang='lat' dir='ltr'>veneficia</span> <span class='ocrx_word' id='word_1_180' title='bbox 2701 1423 3120 1478; x_wconf 89' lang='lat' dir='ltr'>innocentiora</span> <span class='ocrx_word' id='word_1_181' title='bbox 3151 1425 3360 1492; x_wconf 76' lang='lat' dir='ltr'>effecit,</span> <span class='ocrx_word' id='word_1_182' title='bbox 3420 1442 3598 1497; x_wconf 89' lang='lat' dir='ltr'>quam</span> 
     </span>
    </p>
   </div>
   <div class='ocr_carea' id='block_1_14' title="bbox 197 1510 3598 1588">
    <p class='ocr_par' dir='ltr' id='par_1_14' title="bbox 197 1510 3598 1588">
     <span class='ocr_line' id='line_1_14' title="bbox 197 1510 3598 1588; baseline 0.001 -21"><span class='ocrx_word' id='word_1_183' title='bbox 197 1513 423 1583; x_wconf 84' lang='lat' dir='ltr'>guinem</span> <span class='ocrx_word' id='word_1_184' title='bbox 468 1512 793 1566; x_wconf 88' lang='lat' dir='ltr'>humanum</span> <span class='ocrx_word' id='word_1_185' title='bbox 847 1513 1143 1580; x_wconf 86' lang='lat' dir='ltr'>bibebant,</span> <span class='ocrx_word' id='word_1_186' title='bbox 1196 1513 1308 1569; x_wconf 91' lang='lat' dir='ltr'>nisi</span> <span class='ocrx_word' id='word_1_187' title='bbox 1350 1515 1514 1588; x_wconf 90' lang='lat' dir='ltr'>prius</span> <span class='ocrx_word' id='word_1_188' title='bbox 1553 1532 1620 1570; x_wconf 84' lang='lat' dir='ltr'>ex</span> <span class='ocrx_word' id='word_1_189' title='bbox 1645 1532 1845 1571; x_wconf 89' lang='lat' dir='ltr'>eorum</span> <span class='ocrx_word' id='word_1_190' title='bbox 1957 1510 2250 1567; x_wconf 86' lang='lat' dir='ltr'>remedia?</span> <span class='ocrx_word' id='word_1_191' title='bbox 2278 1511 2709 1566; x_wconf 84' lang='lat' dir='ltr'>Esto:barbari</span> <span class='ocrx_word' id='word_1_192' title='bbox 2727 1511 3064 1582; x_wconf 87' lang='lat' dir='ltr'>externique</span> <span class='ocrx_word' id='word_1_193' title='bbox 3085 1513 3598 1585; x_wconf 89' lang='lat' dir='ltr'>ritusinvenerint,</span> 
     </span>
    </p>
   </div>
   <div class='ocr_carea' id='block_1_15' title="bbox 197 1598 3598 1676">
    <p class='ocr_par' dir='ltr' id='par_1_15' title="bbox 197 1598 3598 1676">
     <span class='ocr_line' id='line_1_15' title="bbox 197 1598 3598 1676; baseline 0.001 -19"><span class='ocrx_word' id='word_1_194' title='bbox 197 1599 473 1657; x_wconf 87' lang='lat' dir='ltr'>membris</span> <span class='ocrx_word' id='word_1_195' title='bbox 510 1601 757 1656; x_wconf 90' lang='lat' dir='ltr'>eductus</span> <span class='ocrx_word' id='word_1_196' title='bbox 811 1601 1036 1657; x_wconf 82' lang='lat' dir='ltr'>fuisset.</span> <span class='ocrx_word' id='word_1_197' title='bbox 1081 1602 1511 1658; x_wconf 90' lang='lat' dir='ltr'>Tertullianum</span> <span class='ocrx_word' id='word_1_198' title='bbox 1543 1621 1674 1660; x_wconf 90' lang='lat' dir='ltr'>vero</span> <span class='ocrx_word' id='word_1_199' title='bbox 1710 1620 1848 1659; x_wconf 86' lang='lat' dir='ltr'>mox</span> <span class='ocrx_word' id='word_1_200' title='bbox 1957 1599 2210 1655; x_wconf 89' lang='lat' dir='ltr'>etiamne</span> <span class='ocrx_word' id='word_1_201' title='bbox 2256 1598 2436 1655; x_wconf 68' lang='lat' dir='ltr'>Graeci</span> <span class='ocrx_word' id='word_1_202' title='bbox 2484 1617 2623 1654; x_wconf 91' lang='lat' dir='ltr'>suas</span> <span class='ocrx_word' id='word_1_203' title='bbox 2663 1601 2846 1655; x_wconf 82' lang='lat' dir='ltr'>fecere</span> <span class='ocrx_word' id='word_1_204' title='bbox 2895 1599 3003 1656; x_wconf 90' lang='lat' dir='ltr'>hos</span> <span class='ocrx_word' id='word_1_205' title='bbox 3050 1602 3257 1657; x_wconf 83' lang='lat' dir='ltr'>artes?</span> <span class='ocrx_word' id='word_1_206' title='bbox 3310 1625 3339 1654; x_wconf 83' lang='lat'>»</span> <span class='ocrx_word' id='word_1_207' title='bbox 3399 1603 3598 1676; x_wconf 92' lang='lat' dir='ltr'>(Plin.,</span> 
     </span>
    </p>
   </div>
   <div class='ocr_carea' id='block_1_16' title="bbox 198 1688 3599 1765">
    <p class='ocr_par' dir='ltr' id='par_1_16' title="bbox 198 1688 3599 1765">
     <span class='ocr_line' id='line_1_16' title="bbox 198 1688 3599 1765; baseline 0 -19"><span class='ocrx_word' id='word_1_208' title='bbox 198 1691 429 1758; x_wconf 80' lang='lat' dir='ltr'>audisti,</span> <span class='ocrx_word' id='word_1_209' title='bbox 463 1691 562 1762; x_wconf 90' lang='lat' dir='ltr'>qui</span> <span class='ocrx_word' id='word_1_210' title='bbox 597 1690 904 1763; x_wconf 87' lang='lat' dir='ltr'>sanguinis</span> <span class='ocrx_word' id='word_1_211' title='bbox 934 1694 1073 1747; x_wconf 88' lang='lat' dir='ltr'>tunc</span> <span class='ocrx_word' id='word_1_212' title='bbox 1106 1696 1164 1747; x_wconf 90' lang='lat' dir='ltr'>et</span> <span class='ocrx_word' id='word_1_213' title='bbox 1193 1691 1372 1748; x_wconf 89' lang='lat' dir='ltr'>eliciti</span> <span class='ocrx_word' id='word_1_214' title='bbox 1401 1696 1457 1748; x_wconf 91' lang='lat' dir='ltr'>et</span> <span class='ocrx_word' id='word_1_215' title='bbox 1496 1694 1649 1765; x_wconf 90' lang='lat' dir='ltr'>epoti</span> <span class='ocrx_word' id='word_1_216' title='bbox 1683 1710 1845 1748; x_wconf 91' lang='lat' dir='ltr'>men-</span> <span class='ocrx_word' id='word_1_217' title='bbox 1958 1688 2064 1745; x_wconf 89' lang='lat' dir='ltr'>lib.</span> <span class='ocrx_word' id='word_1_218' title='bbox 2118 1705 2293 1744; x_wconf 85' lang='lat' dir='ltr'>xxvm</span> <span class='ocrx_word' id='word_1_219' title='bbox 2333 1690 2470 1744; x_wconf 78' lang='lat' dir='ltr'>Hist.</span> <span class='ocrx_word' id='word_1_220' title='bbox 2518 1690 2740 1754; x_wconf 57' lang='lat' dir='ltr'>Natum,</span> <span class='ocrx_word' id='word_1_221' title='bbox 2792 1705 2919 1760; x_wconf 89' lang='lat' dir='ltr'>cap.</span> <span class='ocrx_word' id='word_1_222' title='bbox 2955 1689 3003 1754; x_wconf 82' lang='grc'>1,</span> <span class='ocrx_word' id='word_1_223' title='bbox 3040 1707 3171 1762; x_wconf 85' lang='lat' dir='ltr'>pag.</span> <span class='ocrx_word' id='word_1_224' title='bbox 3219 1691 3336 1763; x_wconf 79' lang='grc'>54.)</span> <span class='ocrx_word' id='word_1_225' title='bbox 3367 1691 3599 1748; x_wconf 88' lang='lat' dir='ltr'>Celsum</span> 
     </span>
    </p>
   </div>
   <div class='ocr_carea' id='block_1_17' title="bbox 195 1776 3611 1890">
    <p class='ocr_par' dir='ltr' id='par_1_17' title="bbox 195 1776 3611 1890">
     <span class='ocr_line' id='line_1_17' title="bbox 195 1776 3611 1890; baseline 0 -55"><span class='ocrx_word' id='word_1_226' title='bbox 195 1780 406 1836; x_wconf 84' lang='lat' dir='ltr'>tionem</span> <span class='ocrx_word' id='word_1_227' title='bbox 458 1779 666 1834; x_wconf 79' lang='lat' dir='ltr'>fecisse</span> <span class='ocrx_word' id='word_1_228' title='bbox 694 1779 939 1836; x_wconf 91' lang='lat' dir='ltr'>videtur.</span> <span class='ocrx_word' id='word_1_229' title='bbox 992 1780 1103 1836; x_wconf 92' lang='lat' dir='ltr'>Sed</span> <span class='ocrx_word' id='word_1_230' title='bbox 1136 1782 1206 1836; x_wconf 91' lang='lat' dir='ltr'>de</span> <span class='ocrx_word' id='word_1_231' title='bbox 1246 1780 1343 1836; x_wconf 91' lang='lat' dir='ltr'>illo</span> <span class='ocrx_word' id='word_1_232' title='bbox 1376 1785 1576 1854; x_wconf 90' lang='lat' dir='ltr'>postea</span> <span class='ocrx_word' id='word_1_233' title='bbox 1605 1798 1849 1854; x_wconf 84' lang='lat' dir='ltr'>agemus</span> <span class='ocrx_word' id='word_1_234' title='bbox 1879 1824 1928 1890; x_wconf 79' lang='grc' dir='ltr'><strong>Β</strong></span> <span class='ocrx_word' id='word_1_235' title='bbox 1959 1784 2234 1849; x_wconf 69' lang='lat' dir='ltr'>praaterea</span> <span class='ocrx_word' id='word_1_236' title='bbox 2265 1776 2423 1832; x_wconf 86' lang='lat' dir='ltr'>adire</span> <span class='ocrx_word' id='word_1_237' title='bbox 2455 1777 2766 1847; x_wconf 88' lang='lat' dir='ltr'>poteris,ac</span> <span class='ocrx_word' id='word_1_238' title='bbox 2789 1778 2915 1847; x_wconf 91' lang='lat' dir='ltr'>jam</span> <span class='ocrx_word' id='word_1_239' title='bbox 2945 1778 3185 1832; x_wconf 89' lang='lat' dir='ltr'>citatum</span> <span class='ocrx_word' id='word_1_240' title='bbox 3216 1795 3250 1834; x_wconf 88' lang='lat' dir='ltr'>a</span> <span class='ocrx_word' id='word_1_241' title='bbox 3277 1779 3447 1836; x_wconf 86' lang='lat' dir='ltr'>nobis</span> <span class='ocrx_word' id='word_1_242' title='bbox 3469 1781 3611 1836; x_wconf 85' lang='lat' dir='ltr'>Ter-</span> 
     </span>
     <span class='ocr_line' id='line_1_18' title="bbox 198 1864 3590 1890; baseline 0 0"><span class='ocrx_word' id='word_1_243' title='bbox 198 1870 416 1890; x_wconf 65' lang='lat' dir='ltr'>In!_--_-.</span> <span class='ocrx_word' id='word_1_244' title='bbox 471 1871 525 1890; x_wconf 79' lang='lat'>_°_-</span> <span class='ocrx_word' id='word_1_245' title='bbox 563 1869 855 1890; x_wconf 39' lang='lat' dir='ltr'>fr-“s_.ll_&#39;_,-</span> <span class='ocrx_word' id='word_1_246' title='bbox 942 1885 1033 1890; x_wconf 66' lang='lat'>-___</span> <span class='ocrx_word' id='word_1_247' title='bbox 1085 1870 1156 1890; x_wconf 80' lang='lat' dir='ltr'><strong>nn</strong></span> <span class='ocrx_word' id='word_1_248' title='bbox 1216 1877 1291 1890; x_wconf 54' lang='lat' dir='ltr'>__,l</span> <span class='ocrx_word' id='word_1_249' title='bbox 1353 1871 1393 1890; x_wconf 71' lang='grc' dir='ltr'>ιι</span> <span class='ocrx_word' id='word_1_250' title='bbox 1957 1865 2267 1890; x_wconf 69' lang='grc' dir='ltr'>ι..112.......Δ</span> <span class='ocrx_word' id='word_1_251' title='bbox 2331 1871 2380 1890; x_wconf 68' lang='grc' dir='ltr'>,ι</span> <span class='ocrx_word' id='word_1_252' title='bbox 2414 1865 2556 1890; x_wconf 70' lang='grc'>-12,.-</span> <span class='ocrx_word' id='word_1_253' title='bbox 2589 1864 2738 1890; x_wconf 61' lang='grc' dir='ltr'>[ΠΑΙ-</span> <span class='ocrx_word' id='word_1_254' title='bbox 2795 1865 2871 1890; x_wconf 72' lang='grc'><strong>121.</strong></span> <span class='ocrx_word' id='word_1_255' title='bbox 2928 1883 2990 1890; x_wconf 89' lang='grc'>---</span> <span class='ocrx_word' id='word_1_256' title='bbox 3049 1883 3147 1890; x_wconf 59' lang='grc' dir='ltr'>ρ-..</span> <span class='ocrx_word' id='word_1_257' title='bbox 3205 1868 3274 1890; x_wconf 76' lang='lat' dir='ltr'>nn</span> <span class='ocrx_word' id='word_1_258' title='bbox 3336 1870 3395 1890; x_wconf 48' lang='lat' dir='ltr'>.lA</span> <span class='ocrx_word' id='word_1_259' title='bbox 3435 1871 3590 1890; x_wconf 58' lang='grc' dir='ltr'>---μέλ</span> 
     </span>
    </p>
   </div>
   <div class='ocr_carea' id='block_1_18' title="bbox 196 1869 1418 1943">
    <p class='ocr_par' dir='ltr' id='par_1_18' title="bbox 196 1869 1418 1943">
     <span class='ocr_line' id='line_1_19' title="bbox 196 1869 1418 1943; baseline 0.002 -20"><span class='ocrx_word' id='word_1_260' title='bbox 196 1870 436 1940; x_wconf 77' lang='lat' dir='ltr'>(Dissert.</span> <span class='ocrx_word' id='word_1_261' title='bbox 469 1871 529 1924; x_wconf 85' lang='lat' dir='ltr'>in</span> <span class='ocrx_word' id='word_1_262' title='bbox 563 1869 906 1937; x_wconf 76' lang='lat' dir='ltr'>Tertullian.,</span> <span class='ocrx_word' id='word_1_263' title='bbox 936 1885 1062 1942; x_wconf 88' lang='lat' dir='ltr'>cap.</span> <span class='ocrx_word' id='word_1_264' title='bbox 1085 1870 1175 1941; x_wconf 86' lang='lat'>20,</span> <span class='ocrx_word' id='word_1_265' title='bbox 1209 1877 1318 1926; x_wconf 86' lang='lat' dir='ltr'>art.</span> <span class='ocrx_word' id='word_1_266' title='bbox 1343 1871 1418 1943; x_wconf 87' lang='grc'>4).</span> 
     </span>
    </p>
   </div>
   <div class='ocr_carea' id='block_1_19' title="bbox 263 1959 1850 2032">
    <p class='ocr_par' dir='ltr' id='par_1_19' title="bbox 263 1959 1850 2032">
     <span class='ocr_line' id='line_1_20' title="bbox 263 1959 1850 2032; baseline 0.002 -19"><span class='ocrx_word' id='word_1_267' title='bbox 263 1959 514 2014; x_wconf 89' lang='lat' dir='ltr'>Demum</span> <span class='ocrx_word' id='word_1_268' title='bbox 546 1964 746 2014; x_wconf 88' lang='lat' dir='ltr'>auctor</span> <span class='ocrx_word' id='word_1_269' title='bbox 793 1965 991 2014; x_wconf 86' lang='lat' dir='ltr'>noster</span> <span class='ocrx_word' id='word_1_270' title='bbox 1021 1975 1119 2015; x_wconf 90' lang='lat' dir='ltr'>eos</span> <span class='ocrx_word' id='word_1_271' title='bbox 1155 1962 1290 2032; x_wconf 91' lang='lat' dir='ltr'>jure</span> <span class='ocrx_word' id='word_1_272' title='bbox 1335 1960 1592 2032; x_wconf 85' lang='lat' dir='ltr'>corripit,</span> <span class='ocrx_word' id='word_1_273' title='bbox 1619 1960 1721 2032; x_wconf 86' lang='lat' dir='ltr'>qui</span> <span class='ocrx_word' id='word_1_274' title='bbox 1753 1977 1850 2016; x_wconf 88' lang='lat' dir='ltr'>co-</span> 
     </span>
    </p>
   </div>
   <div class='ocr_carea' id='block_1_20' title="bbox 201 2047 1856 2121">
    <p class='ocr_par' dir='ltr' id='par_1_20' title="bbox 201 2047 1856 2121">
     <span class='ocr_line' id='line_1_21' title="bbox 201 2047 1856 2121; baseline 0.002 -18"><span class='ocrx_word' id='word_1_275' title='bbox 201 2047 406 2103; x_wconf 89' lang='lat' dir='ltr'>mitiali</span> <span class='ocrx_word' id='word_1_276' title='bbox 443 2049 646 2103; x_wconf 91' lang='lat' dir='ltr'>morbo</span> <span class='ocrx_word' id='word_1_277' title='bbox 694 2047 1048 2118; x_wconf 87' lang='lat' dir='ltr'>laborantes,</span> <span class='ocrx_word' id='word_1_278' title='bbox 1112 2047 1524 2121; x_wconf 82' lang='lat' dir='ltr'>gladiatorum,</span> <span class='ocrx_word' id='word_1_279' title='bbox 1570 2049 1630 2104; x_wconf 89' lang='lat' dir='ltr'>in</span> <span class='ocrx_word' id='word_1_280' title='bbox 1681 2066 1856 2106; x_wconf 82' lang='lat' dir='ltr'>arena</span> 
     </span>
    </p>
   </div>
   <div class='ocr_carea' id='block_1_21' title="bbox 202 2136 1856 2210">
    <p class='ocr_par' dir='ltr' id='par_1_21' title="bbox 202 2136 1856 2210">
     <span class='ocr_line' id='line_1_22' title="bbox 202 2136 1856 2210; baseline 0.002 -20"><span class='ocrx_word' id='word_1_281' title='bbox 202 2136 1049 2208; x_wconf 76' lang='lat' dir='ltr'>vulneratorum,sanguinem,</span> <span class='ocrx_word' id='word_1_282' title='bbox 1086 2153 1201 2208; x_wconf 92' lang='lat' dir='ltr'>quo</span> <span class='ocrx_word' id='word_1_283' title='bbox 1233 2137 1427 2193; x_wconf 87' lang='lat' dir='ltr'>sanari</span> <span class='ocrx_word' id='word_1_284' title='bbox 1458 2154 1630 2210; x_wconf 89' lang='lat' dir='ltr'>posse</span> <span class='ocrx_word' id='word_1_285' title='bbox 1659 2139 1856 2207; x_wconf 87' lang='lat' dir='ltr'>opina-</span> 
     </span>
    </p>
   </div>
   <div class='ocr_carea' id='block_1_22' title="bbox 206 2224 1854 2298">
    <p class='ocr_par' dir='ltr' id='par_1_22' title="bbox 206 2224 1854 2298">
     <span class='ocr_line' id='line_1_23' title="bbox 206 2224 1854 2298; baseline 0.002 -19"><span class='ocrx_word' id='word_1_286' title='bbox 206 2225 434 2296; x_wconf 86' lang='lat' dir='ltr'>bantur,</span> <span class='ocrx_word' id='word_1_287' title='bbox 471 2224 637 2279; x_wconf 93' lang='lat' dir='ltr'>avide</span> <span class='ocrx_word' id='word_1_288' title='bbox 668 2224 964 2280; x_wconf 89' lang='lat' dir='ltr'>bibebant.</span> <span class='ocrx_word' id='word_1_289' title='bbox 1001 2225 1144 2280; x_wconf 90' lang='lat' dir='ltr'>Nam</span> <span class='ocrx_word' id='word_1_290' title='bbox 1188 2224 1412 2281; x_wconf 87' lang='lat' dir='ltr'>Plinius</span> <span class='ocrx_word' id='word_1_291' title='bbox 1441 2225 1586 2298; x_wconf 90' lang='lat' dir='ltr'>ipse,</span> <span class='ocrx_word' id='word_1_292' title='bbox 1621 2227 1854 2283; x_wconf 88' lang='lat' dir='ltr'>tametsi</span> 
     </span>
    </p>
   </div>
   <div class='ocr_carea' id='block_1_23' title="bbox 206 2312 1851 2381">
    <p class='ocr_par' dir='ltr' id='par_1_23' title="bbox 206 2312 1851 2381">
     <span class='ocr_line' id='line_1_24' title="bbox 206 2312 1851 2381; baseline 0.002 -12"><span class='ocrx_word' id='word_1_293' title='bbox 206 2314 492 2381; x_wconf 84' lang='lat' dir='ltr'>ethnicus,</span> <span class='ocrx_word' id='word_1_294' title='bbox 552 2313 612 2368; x_wconf 85' lang='lat' dir='ltr'>in</span> <span class='ocrx_word' id='word_1_295' title='bbox 671 2312 804 2368; x_wconf 91' lang='lat' dir='ltr'>illos</span> <span class='ocrx_word' id='word_1_296' title='bbox 861 2330 978 2368; x_wconf 91' lang='lat' dir='ltr'>non</span> <span class='ocrx_word' id='word_1_297' title='bbox 1027 2314 1224 2370; x_wconf 91' lang='lat' dir='ltr'>minus</span> <span class='ocrx_word' id='word_1_298' title='bbox 1283 2315 1493 2370; x_wconf 89' lang='lat' dir='ltr'>acriter</span> <span class='ocrx_word' id='word_1_299' title='bbox 1539 2315 1851 2372; x_wconf 88' lang='lat' dir='ltr'>invehitur.</span> 
     </span>
    </p>
   </div>
   <div class='ocr_carea' id='block_1_24' title="bbox 1957 1864 3610 1940">
    <p class='ocr_par' dir='ltr' id='par_1_24' title="bbox 1957 1864 3610 1940">
     <span class='ocr_line' id='line_1_25' title="bbox 1957 1864 3610 1940; baseline 0.003 -18"><span class='ocrx_word' id='word_1_300' title='bbox 1957 1865 2293 1934; x_wconf 90' lang='lat' dir='ltr'>tullianum,</span> <span class='ocrx_word' id='word_1_301' title='bbox 2327 1871 2384 1923; x_wconf 90' lang='lat' dir='ltr'>et</span> <span class='ocrx_word' id='word_1_302' title='bbox 2413 1865 2558 1921; x_wconf 89' lang='lat' dir='ltr'>alios</span> <span class='ocrx_word' id='word_1_303' title='bbox 2587 1864 2760 1937; x_wconf 87' lang='lat' dir='ltr'>(Cels.</span> <span class='ocrx_word' id='word_1_304' title='bbox 2793 1865 2894 1921; x_wconf 90' lang='lat' dir='ltr'>lib.</span> <span class='ocrx_word' id='word_1_305' title='bbox 2928 1883 3011 1936; x_wconf 77' lang='grc' dir='ltr'>ιιι,</span> <span class='ocrx_word' id='word_1_306' title='bbox 3046 1883 3175 1940; x_wconf 90' lang='lat' dir='ltr'>cap.</span> <span class='ocrx_word' id='word_1_307' title='bbox 3204 1868 3294 1934; x_wconf 87' lang='lat'>23,</span> <span class='ocrx_word' id='word_1_308' title='bbox 3327 1870 3399 1924; x_wconf 88' lang='lat' dir='ltr'>de</span> <span class='ocrx_word' id='word_1_309' title='bbox 3424 1871 3610 1928; x_wconf 81' lang='lat' dir='ltr'>comit.</span> 
     </span>
    </p>
   </div>
   <div class='ocr_carea' id='block_1_25' title="bbox 1961 1953 3443 2030">
    <p class='ocr_par' dir='ltr' id='par_1_25' title="bbox 1961 1953 3443 2030">
     <span class='ocr_line' id='line_1_26' title="bbox 1961 1953 3443 2030; baseline 0.003 -20"><span class='ocrx_word' id='word_1_310' title='bbox 1961 1957 2182 2017; x_wconf 82' lang='lat' dir='ltr'>Morb.;</span> <span class='ocrx_word' id='word_1_311' title='bbox 2213 1953 2554 2012; x_wconf 88' lang='lat' dir='ltr'>Tertullian.</span> <span class='ocrx_word' id='word_1_312' title='bbox 2587 1956 2881 2026; x_wconf 79' lang='lat' dir='ltr'>Apologet.,</span> <span class='ocrx_word' id='word_1_313' title='bbox 2919 1971 3046 2027; x_wconf 86' lang='lat' dir='ltr'>cap.</span> <span class='ocrx_word' id='word_1_314' title='bbox 3077 1956 3132 2024; x_wconf 90' lang='lat'>9,</span> <span class='ocrx_word' id='word_1_315' title='bbox 3167 1973 3300 2029; x_wconf 90' lang='lat' dir='ltr'>pag.</span> <span class='ocrx_word' id='word_1_316' title='bbox 3335 1958 3443 2030; x_wconf 85' lang='grc'>10).</span> 
     </span>
    </p>
   </div>
   <div class='ocr_carea' id='block_1_26' title="bbox 2033 2042 3611 2121">
    <p class='ocr_par' dir='ltr' id='par_1_26' title="bbox 2033 2042 3611 2121">
     <span class='ocr_line' id='line_1_27' title="bbox 2033 2042 3611 2121; baseline 0.004 -22"><span class='ocrx_word' id='word_1_317' title='bbox 2033 2042 2294 2114; x_wconf 89' lang='lat' dir='ltr'>Denique</span> <span class='ocrx_word' id='word_1_318' title='bbox 2347 2044 2495 2098; x_wconf 85' lang='lat' dir='ltr'>feras</span> <span class='ocrx_word' id='word_1_319' title='bbox 2538 2059 2762 2111; x_wconf 89' lang='lat' dir='ltr'>cruore,</span> <span class='ocrx_word' id='word_1_320' title='bbox 2808 2043 3156 2113; x_wconf 86' lang='lat' dir='ltr'>visceribus,</span> <span class='ocrx_word' id='word_1_321' title='bbox 3213 2047 3611 2121; x_wconf 82' lang='lat' dir='ltr'>membrisque</span> 
     </span>
    </p>
   </div>
   <div class='ocr_carea' id='block_1_27' title="bbox 1963 2131 3606 2206">
    <p class='ocr_par' dir='ltr' id='par_1_27' title="bbox 1963 2131 3606 2206">
     <span class='ocr_line' id='line_1_28' title="bbox 1963 2131 3606 2206; baseline 0.004 -19"><span class='ocrx_word' id='word_1_322' title='bbox 1963 2132 2261 2204; x_wconf 87' lang='lat' dir='ltr'>saginatas</span> <span class='ocrx_word' id='word_1_323' title='bbox 2287 2131 2616 2197; x_wconf 90' lang='lat' dir='ltr'>hominum,</span> <span class='ocrx_word' id='word_1_324' title='bbox 2650 2134 2721 2188; x_wconf 91' lang='lat' dir='ltr'>ab</span> <span class='ocrx_word' id='word_1_325' title='bbox 2772 2131 3110 2189; x_wconf 88' lang='lat' dir='ltr'>hominibus</span> <span class='ocrx_word' id='word_1_326' title='bbox 3162 2133 3313 2206; x_wconf 90' lang='lat' dir='ltr'>aliis,</span> <span class='ocrx_word' id='word_1_327' title='bbox 3362 2134 3420 2190; x_wconf 89' lang='lat' dir='ltr'>in</span> <span class='ocrx_word' id='word_1_328' title='bbox 3454 2136 3606 2193; x_wconf 81' lang='lat' dir='ltr'>circo</span> 
     </span>
    </p>
   </div>
   <div class='ocr_carea' id='block_1_28' title="bbox 1964 2220 3607 2288">
    <p class='ocr_par' dir='ltr' id='par_1_28' title="bbox 1964 2220 3607 2288">
     <span class='ocr_line' id='line_1_29' title="bbox 1964 2220 3607 2288; baseline 0.004 -12"><span class='ocrx_word' id='word_1_329' title='bbox 1964 2237 2094 2276; x_wconf 92' lang='lat' dir='ltr'>cum</span> <span class='ocrx_word' id='word_1_330' title='bbox 2156 2221 2239 2276; x_wconf 91' lang='lat' dir='ltr'>eis</span> <span class='ocrx_word' id='word_1_331' title='bbox 2287 2220 2728 2288; x_wconf 87' lang='lat' dir='ltr'>dimicantibus,</span> <span class='ocrx_word' id='word_1_332' title='bbox 2794 2222 2974 2278; x_wconf 84' lang='lat' dir='ltr'>fuisse</span> <span class='ocrx_word' id='word_1_333' title='bbox 3025 2223 3327 2279; x_wconf 89' lang='lat' dir='ltr'>devoratas</span> <span class='ocrx_word' id='word_1_334' title='bbox 3384 2224 3607 2282; x_wconf 90' lang='lat' dir='ltr'>discere</span> 
     </span>
    </p>
   </div>
   <div class='ocr_carea' id='block_1_29' title="bbox 1964 2309 3608 2383">
    <p class='ocr_par' dir='ltr' id='par_1_29' title="bbox 1964 2309 3608 2383">
     <span class='ocr_line' id='line_1_30' title="bbox 1964 2309 3608 2383; baseline 0.004 -19"><span class='ocrx_word' id='word_1_335' title='bbox 1964 2309 2150 2380; x_wconf 92' lang='lat' dir='ltr'>quivis</span> <span class='ocrx_word' id='word_1_336' title='bbox 2183 2309 2348 2365; x_wconf 83' lang='lat' dir='ltr'>facile</span> <span class='ocrx_word' id='word_1_337' title='bbox 2379 2310 2588 2382; x_wconf 91' lang='lat' dir='ltr'>poterit</span> <span class='ocrx_word' id='word_1_338' title='bbox 2618 2327 2686 2365; x_wconf 82' lang='lat' dir='ltr'>cx</span> <span class='ocrx_word' id='word_1_339' title='bbox 2715 2309 2976 2381; x_wconf 87' lang='lat' dir='ltr'>Apuleio,</span> <span class='ocrx_word' id='word_1_340' title='bbox 3001 2311 3243 2383; x_wconf 84' lang='lat' dir='ltr'>jamque</span> <span class='ocrx_word' id='word_1_341' title='bbox 3273 2313 3447 2368; x_wconf 90' lang='lat' dir='ltr'>citato</span> <span class='ocrx_word' id='word_1_342' title='bbox 3476 2315 3608 2371; x_wconf 89' lang='lat' dir='ltr'>Ter-</span> 
     </span>
    </p>
   </div>
   <div class='ocr_carea' id='block_1_30' title="bbox 215 2397 3610 2476">
    <p class='ocr_par' dir='ltr' id='par_1_30' title="bbox 215 2397 3610 2476">
     <span class='ocr_line' id='line_1_31' title="bbox 215 2397 3610 2476; baseline 0 -19"><span class='ocrx_word' id='word_1_343' title='bbox 215 2426 239 2453; x_wconf 73' lang='grc' dir='ltr'>«ι</span> <span class='ocrx_word' id='word_1_344' title='bbox 266 2404 622 2475; x_wconf 88' lang='lat' dir='ltr'>Sanguinem</span> <span class='ocrx_word' id='word_1_345' title='bbox 683 2401 1097 2474; x_wconf 87' lang='lat' dir='ltr'>gladiatorum,</span> <span class='ocrx_word' id='word_1_346' title='bbox 1161 2425 1189 2453; x_wconf 86' lang='lat'><strong><em>»</em></strong></span> <span class='ocrx_word' id='word_1_347' title='bbox 1222 2404 1434 2476; x_wconf 89' lang='lat' dir='ltr'>inquit,</span> <span class='ocrx_word' id='word_1_348' title='bbox 1467 2427 1497 2454; x_wconf 74' lang='grc' dir='ltr'>ι(</span> <span class='ocrx_word' id='word_1_349' title='bbox 1533 2405 1765 2471; x_wconf 84' lang='lat' dir='ltr'>bibunt,</span> <span class='ocrx_word' id='word_1_350' title='bbox 1789 2411 1854 2461; x_wconf 82' lang='lat' dir='ltr'>ut</span> <span class='ocrx_word' id='word_1_351' title='bbox 1961 2397 2230 2469; x_wconf 88' lang='lat' dir='ltr'>tulliano,</span> <span class='ocrx_word' id='word_1_352' title='bbox 2264 2399 2760 2468; x_wconf 90' lang='lat' dir='ltr'>quemadmodum</span> <span class='ocrx_word' id='word_1_353' title='bbox 2792 2398 2851 2453; x_wconf 92' lang='lat' dir='ltr'>in</span> <span class='ocrx_word' id='word_1_354' title='bbox 2882 2401 3150 2470; x_wconf 90' lang='lat' dir='ltr'>sequenti</span> <span class='ocrx_word' id='word_1_355' title='bbox 3183 2401 3255 2456; x_wconf 91' lang='lat' dir='ltr'>de</span> <span class='ocrx_word' id='word_1_356' title='bbox 3284 2402 3412 2470; x_wconf 87' lang='lat' dir='ltr'>ejus</span> <span class='ocrx_word' id='word_1_357' title='bbox 3442 2401 3610 2460; x_wconf 87' lang='lat' dir='ltr'>libris</span> 
     </span>
    </p>
   </div>
   <div class='ocr_carea' id='block_1_31' title="bbox 207 2491 1854 2568">
    <p class='ocr_par' dir='ltr' id='par_1_31' title="bbox 207 2491 1854 2568">
     <span class='ocr_line' id='line_1_32' title="bbox 207 2491 1854 2568; baseline 0.003 -22"><span class='ocrx_word' id='word_1_358' title='bbox 207 2491 528 2548; x_wconf 80' lang='lat' dir='ltr'>viventibus</span> <span class='ocrx_word' id='word_1_359' title='bbox 564 2491 786 2563; x_wconf 88' lang='lat' dir='ltr'>poculis</span> <span class='ocrx_word' id='word_1_360' title='bbox 815 2491 1135 2548; x_wconf 86' lang='lat' dir='ltr'>comitiales</span> <span class='ocrx_word' id='word_1_361' title='bbox 1165 2493 1374 2558; x_wconf 91' lang='lat' dir='ltr'>morbi,</span> <span class='ocrx_word' id='word_1_362' title='bbox 1405 2495 1558 2565; x_wconf 91' lang='lat' dir='ltr'>quod</span> <span class='ocrx_word' id='word_1_363' title='bbox 1589 2500 1854 2568; x_wconf 89' lang='lat' dir='ltr'>spectare</span> 
     </span>
    </p>
   </div>
   <div class='ocr_carea' id='block_1_32' title="bbox 213 2581 1850 2654">
    <p class='ocr_par' dir='ltr' id='par_1_32' title="bbox 213 2581 1850 2654">
     <span class='ocr_line' id='line_1_33' title="bbox 213 2581 1850 2654; baseline 0.002 -18"><span class='ocrx_word' id='word_1_364' title='bbox 213 2582 481 2637; x_wconf 83' lang='lat' dir='ltr'>facientes</span> <span class='ocrx_word' id='word_1_365' title='bbox 512 2581 571 2635; x_wconf 90' lang='lat' dir='ltr'>in</span> <span class='ocrx_word' id='word_1_366' title='bbox 607 2581 808 2636; x_wconf 91' lang='lat' dir='ltr'>eadem</span> <span class='ocrx_word' id='word_1_367' title='bbox 840 2597 1015 2636; x_wconf 90' lang='lat' dir='ltr'>arena</span> <span class='ocrx_word' id='word_1_368' title='bbox 1062 2581 1214 2638; x_wconf 87' lang='lat' dir='ltr'>feras</span> <span class='ocrx_word' id='word_1_369' title='bbox 1243 2598 1478 2654; x_wconf 92' lang='lat' dir='ltr'>quoque</span> <span class='ocrx_word' id='word_1_370' title='bbox 1508 2581 1715 2639; x_wconf 91' lang='lat' dir='ltr'>horror</span> <span class='ocrx_word' id='word_1_371' title='bbox 1742 2587 1850 2641; x_wconf 90' lang='lat' dir='ltr'>est.</span> 
     </span>
    </p>
   </div>
   <div class='ocr_carea' id='block_1_33' title="bbox 212 2669 1852 2742">
    <p class='ocr_par' dir='ltr' id='par_1_33' title="bbox 212 2669 1852 2742">
     <span class='ocr_line' id='line_1_34' title="bbox 212 2669 1852 2742; baseline 0.004 -19"><span class='ocrx_word' id='word_1_372' title='bbox 212 2675 276 2724; x_wconf 78' lang='lat' dir='ltr'>At</span> <span class='ocrx_word' id='word_1_373' title='bbox 303 2669 542 2726; x_wconf 82' lang='lat' dir='ltr'>hercule</span> <span class='ocrx_word' id='word_1_374' title='bbox 573 2669 657 2724; x_wconf 93' lang='lat' dir='ltr'>illi</span> <span class='ocrx_word' id='word_1_375' title='bbox 716 2686 786 2725; x_wconf 86' lang='lat' dir='ltr'>ex</span> <span class='ocrx_word' id='word_1_376' title='bbox 813 2669 1048 2726; x_wconf 90' lang='lat' dir='ltr'>homine</span> <span class='ocrx_word' id='word_1_377' title='bbox 1079 2671 1206 2742; x_wconf 91' lang='lat' dir='ltr'>ipso</span> <span class='ocrx_word' id='word_1_378' title='bbox 1251 2671 1484 2728; x_wconf 90' lang='lat' dir='ltr'>sorbere</span> <span class='ocrx_word' id='word_1_379' title='bbox 1515 2673 1852 2729; x_wconf 86' lang='lat' dir='ltr'>efﬁcacissi-</span> 
     </span>
    </p>
   </div>
   <div class='ocr_carea' id='block_1_34' title="bbox 215 2758 1852 2836">
    <p class='ocr_par' dir='ltr' id='par_1_34' title="bbox 215 2758 1852 2836">
     <span class='ocr_line' id='line_1_35' title="bbox 215 2758 1852 2836; baseline 0.004 -23"><span class='ocrx_word' id='word_1_380' title='bbox 215 2775 366 2814; x_wconf 90' lang='lat' dir='ltr'>mum</span> <span class='ocrx_word' id='word_1_381' title='bbox 399 2763 614 2831; x_wconf 88' lang='lat' dir='ltr'>putant</span> <span class='ocrx_word' id='word_1_382' title='bbox 644 2758 901 2814; x_wconf 88' lang='lat' dir='ltr'>calidum</span> <span class='ocrx_word' id='word_1_383' title='bbox 938 2758 1396 2832; x_wconf 86' lang='lat' dir='ltr'>spirantemque,</span> <span class='ocrx_word' id='word_1_384' title='bbox 1430 2765 1487 2817; x_wconf 90' lang='lat' dir='ltr'>et</span> <span class='ocrx_word' id='word_1_385' title='bbox 1517 2779 1633 2818; x_wconf 86' lang='lat' dir='ltr'>una</span> <span class='ocrx_word' id='word_1_386' title='bbox 1662 2762 1852 2836; x_wconf 87' lang='lat' dir='ltr'>ipsam</span> 
     </span>
    </p>
   </div>
   <div class='ocr_carea' id='block_1_35' title="bbox 1964 2486 3609 2563">
    <p class='ocr_par' dir='ltr' id='par_1_35' title="bbox 1964 2486 3609 2563">
     <span class='ocr_line' id='line_1_36' title="bbox 1964 2486 3609 2563; baseline 0.004 -21"><span class='ocrx_word' id='word_1_387' title='bbox 1964 2487 2372 2543; x_wconf 87' lang='lat' dir='ltr'>dissertatione</span> <span class='ocrx_word' id='word_1_388' title='bbox 2389 2487 2764 2543; x_wconf 87' lang='lat' dir='ltr'>ostendemus</span> <span class='ocrx_word' id='word_1_389' title='bbox 2779 2486 3202 2560; x_wconf 78' lang='lat' dir='ltr'>(Apulei.lib.iv</span> <span class='ocrx_word' id='word_1_390' title='bbox 3215 2489 3609 2563; x_wconf 72' lang='lat' dir='ltr'>.Hetlzamorph.</span> 
     </span>
    </p>
   </div>
   <div class='ocr_carea' id='block_1_36' title="bbox 1963 2576 3618 2649">
    <p class='ocr_par' dir='ltr' id='par_1_36' title="bbox 1963 2576 3618 2649">
     <span class='ocr_line' id='line_1_37' title="bbox 1963 2576 3618 2649; baseline 0.004 -18"><span class='ocrx_word' id='word_1_391' title='bbox 1963 2581 2098 2631; x_wconf 88' lang='lat' dir='ltr'>ante</span> <span class='ocrx_word' id='word_1_392' title='bbox 2130 2577 2309 2642; x_wconf 91' lang='lat' dir='ltr'>med.,</span> <span class='ocrx_word' id='word_1_393' title='bbox 2343 2593 2471 2649; x_wconf 89' lang='lat' dir='ltr'>pag.</span> <span class='ocrx_word' id='word_1_394' title='bbox 2505 2576 2576 2631; x_wconf 88' lang='grc'>58</span> <span class='ocrx_word' id='word_1_395' title='bbox 2617 2580 2674 2632; x_wconf 89' lang='lat' dir='ltr'>et</span> <span class='ocrx_word' id='word_1_396' title='bbox 2703 2593 2866 2649; x_wconf 90' lang='lat' dir='ltr'>seqq.</span> <span class='ocrx_word' id='word_1_397' title='bbox 2896 2594 2910 2644; x_wconf 89' lang='lat'><strong>;</strong></span> <span class='ocrx_word' id='word_1_398' title='bbox 2955 2576 3260 2634; x_wconf 87' lang='lat' dir='ltr'>Dissertat.</span> <span class='ocrx_word' id='word_1_399' title='bbox 3295 2579 3354 2635; x_wconf 92' lang='lat' dir='ltr'>in</span> <span class='ocrx_word' id='word_1_400' title='bbox 3385 2579 3618 2638; x_wconf 86' lang='lat' dir='ltr'>Tertul-</span> 
     </span>
    </p>
   </div>
   <div class='ocr_carea' id='block_1_37' title="bbox 1963 2662 2805 2738">
    <p class='ocr_par' dir='ltr' id='par_1_37' title="bbox 1963 2662 2805 2738">
     <span class='ocr_line' id='line_1_38' title="bbox 1963 2662 2805 2738; baseline 0.005 -20"><span class='ocrx_word' id='word_1_401' title='bbox 1963 2662 2130 2736; x_wconf 90' lang='lat' dir='ltr'>lian.,</span> <span class='ocrx_word' id='word_1_402' title='bbox 2161 2682 2286 2737; x_wconf 86' lang='lat' dir='ltr'>cap.</span> <span class='ocrx_word' id='word_1_403' title='bbox 2315 2666 2405 2735; x_wconf 88' lang='lat'>20,</span> <span class='ocrx_word' id='word_1_404' title='bbox 2441 2670 2546 2720; x_wconf 90' lang='lat' dir='ltr'>art.</span> <span class='ocrx_word' id='word_1_405' title='bbox 2583 2666 2615 2720; x_wconf 83' lang='grc'>4</span> <span class='ocrx_word' id='word_1_406' title='bbox 2645 2669 2701 2722; x_wconf 88' lang='lat' dir='ltr'>et</span> <span class='ocrx_word' id='word_1_407' title='bbox 2728 2665 2805 2738; x_wconf 86' lang='lat'>5).</span> 
     </span>
    </p>
   </div>
   <div class='ocr_carea' id='block_1_38' title="bbox 1747 2869 2082 2929">
    <p class='ocr_par' dir='ltr' id='par_1_38' title="bbox 1747 2869 2082 2929">
     <span class='ocr_line' id='line_1_39' title="bbox 1747 2869 2082 2929; baseline 0.009 -3"><span class='ocrx_word' id='word_1_408' title='bbox 1747 2869 1978 2928; x_wconf 81' lang='lat' dir='ltr'>CAPUT</span> <span class='ocrx_word' id='word_1_409' title='bbox 2014 2871 2082 2929; x_wconf 91' lang='lat' dir='ltr'>X.</span> 
     </span>
    </p>
   </div>
   <div class='ocr_carea' id='block_1_39' title="bbox 217 2939 3614 3102">
    <p class='ocr_par' dir='ltr' id='par_1_39' title="bbox 217 2939 3614 3102">
     <span class='ocr_line' id='line_1_40' title="bbox 217 2939 3614 3102; baseline 0.003 -85"><span class='ocrx_word' id='word_1_410' title='bbox 217 2959 296 3017; x_wconf 91' lang='lat' dir='ltr'>De</span> <span class='ocrx_word' id='word_1_411' title='bbox 323 2957 512 3018; x_wconf 88' lang='lat' dir='ltr'>tertio</span> <span class='ocrx_word' id='word_1_412' title='bbox 563 2957 843 3034; x_wconf 86' lang='lat' dir='ltr'>crimine,</span> <span class='ocrx_word' id='word_1_413' title='bbox 894 2957 1128 3019; x_wconf 88' lang='lat' dir='ltr'>scilicet</span> <span class='ocrx_word' id='word_1_414' title='bbox 1174 2939 1394 3020; x_wconf 84' lang='lat' dir='ltr'>infami</span> <span class='ocrx_word' id='word_1_415' title='bbox 1443 2965 1582 3039; x_wconf 87' lang='lat' dir='ltr'>post</span> <span class='ocrx_word' id='word_1_416' title='bbox 1629 2960 2130 3102; x_wconf 56' lang='lat' dir='ltr'>eppjlasbstupro,</span> <span class='ocrx_word' id='word_1_417' title='bbox 2178 2961 2487 3023; x_wconf 86' lang='lat' dir='ltr'>adulterio</span> <span class='ocrx_word' id='word_1_418' title='bbox 2533 2971 2597 3024; x_wconf 87' lang='lat' dir='ltr'>et</span> <span class='ocrx_word' id='word_1_419' title='bbox 2627 2962 2888 3039; x_wconf 87' lang='lat' dir='ltr'>incestu,</span> <span class='ocrx_word' id='word_1_420' title='bbox 2930 2963 3108 3042; x_wconf 84' lang='lat' dir='ltr'>cujus</span> <span class='ocrx_word' id='word_1_421' title='bbox 3151 2964 3486 3027; x_wconf 84' lang='lat' dir='ltr'>Christlani</span> <span class='ocrx_word' id='word_1_422' title='bbox 3515 2966 3614 3030; x_wconf 87' lang='lat' dir='ltr'>rei</span> 
     </span>
     <span class='ocr_line' id='line_1_41' title="bbox 1350 3052 3319 3102; baseline -0.002 0"><span class='ocrx_word' id='word_1_423' title='bbox 1350 3099 1352 3101; x_wconf 80' lang='lat'>.</span> <span class='ocrx_word' id='word_1_424' title='bbox 1763 3060 1854 3102; x_wconf 82' lang='lat' dir='ltr'>tce</span> <span class='ocrx_word' id='word_1_425' title='bbox 1901 3052 2106 3102; x_wconf 87' lang='lat' dir='ltr'>antur.</span> <span class='ocrx_word' id='word_1_426' title='bbox 3317 3096 3319 3098; x_wconf 79' lang='lat'>.</span> 
     </span>
    </p>
   </div>
   <div class='ocr_carea' id='block_1_40' title="bbox 1763 3052 2106 3103">
    <p class='ocr_par' dir='ltr' id='par_1_40' title="bbox 1763 3052 2106 3103">
     <span class='ocr_line' id='line_1_42' title="bbox 1763 3052 2106 3103; baseline -0.003 -1"><span class='ocrx_word' id='word_1_427' title='bbox 1763 3052 2106 3103; x_wconf 84' lang='lat' dir='ltr'>icebantur.</span> 
     </span>
    </p>
   </div>
   <div class='ocr_carea' id='block_1_41' title="bbox 685 3099 1405 3202">
    <p class='ocr_par' dir='ltr' id='par_1_41' title="bbox 685 3099 1405 3202">
     <span class='ocr_line' id='line_1_43' title="bbox 685 3099 1405 3202; baseline 0.006 -4"><span class='ocrx_word' id='word_1_428' title='bbox 685 3143 1083 3201; x_wconf 83' lang='lat' dir='ltr'>ARTICULUS</span> <span class='ocrx_word' id='word_1_429' title='bbox 1134 3099 1405 3202; x_wconf 82' lang='lat' dir='ltr'>PRIMUS</span> 
     </span>
    </p>
   </div>
   <div class='ocr_carea' id='block_1_42' title="bbox 218 3232 1861 3308">
    <p class='ocr_par' dir='ltr' id='par_1_42' title="bbox 218 3232 1861 3308">
     <span class='ocr_line' id='line_1_44' title="bbox 218 3232 1861 3308; baseline 0.002 -20"><span class='ocrx_word' id='word_1_430' title='bbox 218 3234 490 3302; x_wconf 79' lang='lat' dir='ltr'>Quantum</span> <span class='ocrx_word' id='word_1_431' title='bbox 525 3232 836 3308; x_wconf 74' lang='lat' dir='ltr'>Christiani</span> <span class='ocrx_word' id='word_1_432' title='bbox 862 3234 928 3288; x_wconf 87' lang='lat' dir='ltr'>ab</span> <span class='ocrx_word' id='word_1_433' title='bbox 961 3235 1060 3290; x_wconf 85' lang='lat' dir='ltr'>hoc</span> <span class='ocrx_word' id='word_1_434' title='bbox 1086 3236 1288 3290; x_wconf 78' lang='lat' dir='ltr'>scelere</span> <span class='ocrx_word' id='word_1_435' title='bbox 1308 3235 1861 3308; x_wconf 79' lang='lat' dir='ltr'>abhorrerent,quam</span> 
     </span>
    </p>
   </div>
   <div class='ocr_carea' id='block_1_43' title="bbox 271 3307 1862 3380">
    <p class='ocr_par' dir='ltr' id='par_1_43' title="bbox 271 3307 1862 3380">
     <span class='ocr_line' id='line_1_45' title="bbox 271 3307 1862 3380; baseline 0.001 -20"><span class='ocrx_word' id='word_1_436' title='bbox 271 3310 486 3360; x_wconf 78' lang='lat' dir='ltr'>cast-um</span> <span class='ocrx_word' id='word_1_437' title='bbox 540 3307 716 3380; x_wconf 14' lang='lat' dir='ltr'>fuerit,</span> <span class='ocrx_word' id='word_1_438' title='bbox 754 3321 938 3380; x_wconf 74' lang='lat' dir='ltr'>eorum</span> <span class='ocrx_word' id='word_1_439' title='bbox 985 3308 1334 3376; x_wconf 78' lang='lat' dir='ltr'>conjugium,</span> <span class='ocrx_word' id='word_1_440' title='bbox 1385 3323 1656 3380; x_wconf 75' lang='lat' dir='ltr'>quamque</span> <span class='ocrx_word' id='word_1_441' title='bbox 1699 3307 1862 3363; x_wconf 68' lang='lat' dir='ltr'>inulti</span> 
     </span>
    </p>
   </div>
   <div class='ocr_carea' id='block_1_44' title="bbox 265 3377 1428 3449">
    <p class='ocr_par' dir='ltr' id='par_1_44' title="bbox 265 3377 1428 3449">
     <span class='ocr_line' id='line_1_46' title="bbox 265 3377 1428 3449; baseline 0.003 -18"><span class='ocrx_word' id='word_1_442' title='bbox 265 3387 544 3448; x_wconf 83' lang='lat' dir='ltr'>perpetua</span> <span class='ocrx_word' id='word_1_443' title='bbox 574 3378 635 3430; x_wconf 88' lang='lat' dir='ltr'>in</span> <span class='ocrx_word' id='word_1_444' title='bbox 664 3377 980 3448; x_wconf 80' lang='lat' dir='ltr'>virginitate</span> <span class='ocrx_word' id='word_1_445' title='bbox 1006 3377 1428 3449; x_wconf 74' lang='lat' dir='ltr'>perseverarint.</span> 
     </span>
    </p>
   </div>
   <div class='ocr_carea' id='block_1_45' title="bbox 270 3498 1859 3573">
    <p class='ocr_par' dir='ltr' id='par_1_45' title="bbox 270 3498 1859 3573">
     <span class='ocr_line' id='line_1_47' title="bbox 270 3498 1859 3573; baseline 0.001 -18"><span class='ocrx_word' id='word_1_446' title='bbox 270 3500 504 3555; x_wconf 85' lang='lat' dir='ltr'>Ethnici</span> <span class='ocrx_word' id='word_1_447' title='bbox 551 3515 653 3572; x_wconf 88' lang='lat' dir='ltr'>per</span> <span class='ocrx_word' id='word_1_448' title='bbox 683 3498 927 3556; x_wconf 87' lang='lat' dir='ltr'>alteram</span> <span class='ocrx_word' id='word_1_449' title='bbox 960 3499 1336 3570; x_wconf 81' lang='lat' dir='ltr'>calumniam,</span> <span class='ocrx_word' id='word_1_450' title='bbox 1371 3502 1562 3573; x_wconf 90' lang='lat' dir='ltr'>priore</span> <span class='ocrx_word' id='word_1_451' title='bbox 1595 3518 1709 3558; x_wconf 88' lang='lat' dir='ltr'>nou</span> <span class='ocrx_word' id='word_1_452' title='bbox 1751 3502 1859 3557; x_wconf 87' lang='lat' dir='ltr'>mi-</span> 
     </span>
    </p>
   </div>
   <div class='ocr_carea' id='block_1_46' title="bbox 194 3587 1858 3662">
    <p class='ocr_par' dir='ltr' id='par_1_46' title="bbox 194 3587 1858 3662">
     <span class='ocr_line' id='line_1_48' title="bbox 194 3587 1858 3662; baseline 0.002 -20"><span class='ocrx_word' id='word_1_453' title='bbox 194 3605 307 3644; x_wconf 88' lang='lat' dir='ltr'>nus</span> <span class='ocrx_word' id='word_1_454' title='bbox 340 3587 779 3660; x_wconf 86' lang='lat' dir='ltr'>impudentem,</span> <span class='ocrx_word' id='word_1_455' title='bbox 824 3588 1184 3645; x_wconf 88' lang='lat' dir='ltr'>Christianos</span> <span class='ocrx_word' id='word_1_456' title='bbox 1215 3590 1509 3662; x_wconf 88' lang='lat' dir='ltr'>petebant,</span> <span class='ocrx_word' id='word_1_457' title='bbox 1544 3589 1675 3646; x_wconf 90' lang='lat' dir='ltr'>illos</span> <span class='ocrx_word' id='word_1_458' title='bbox 1707 3591 1858 3646; x_wconf 83' lang='lat' dir='ltr'>infa-</span> 
     </span>
    </p>
   </div>
   <div class='ocr_carea' id='block_1_47' title="bbox 193 3677 1864 3750">
    <p class='ocr_par' dir='ltr' id='par_1_47' title="bbox 193 3677 1864 3750">
     <span class='ocr_line' id='line_1_49' title="bbox 193 3677 1864 3750; baseline 0.001 -18"><span class='ocrx_word' id='word_1_459' title='bbox 193 3679 308 3733; x_wconf 87' lang='lat' dir='ltr'>mis</span> <span class='ocrx_word' id='word_1_460' title='bbox 339 3683 482 3750; x_wconf 87' lang='lat' dir='ltr'>post</span> <span class='ocrx_word' id='word_1_461' title='bbox 513 3677 719 3749; x_wconf 88' lang='lat' dir='ltr'>epulas</span> <span class='ocrx_word' id='word_1_462' title='bbox 773 3684 828 3734; x_wconf 89' lang='lat' dir='ltr'>et</span> <span class='ocrx_word' id='word_1_463' title='bbox 874 3679 1199 3734; x_wconf 87' lang='lat' dir='ltr'>convivium</span> <span class='ocrx_word' id='word_1_464' title='bbox 1245 3678 1453 3750; x_wconf 90' lang='lat' dir='ltr'>stupri,</span> <span class='ocrx_word' id='word_1_465' title='bbox 1504 3679 1775 3736; x_wconf 89' lang='lat' dir='ltr'>adulterii</span> <span class='ocrx_word' id='word_1_466' title='bbox 1807 3683 1864 3735; x_wconf 91' lang='lat' dir='ltr'>et</span> 
     </span>
    </p>
   </div>
   <div class='ocr_carea' id='block_1_48' title="bbox 188 3766 1864 3824">
    <p class='ocr_par' dir='ltr' id='par_1_48' title="bbox 188 3766 1864 3824">
     <span class='ocr_line' id='line_1_50' title="bbox 188 3766 1864 3824; baseline 0.002 -4"><span class='ocrx_word' id='word_1_467' title='bbox 188 3766 463 3822; x_wconf 85' lang='lat' dir='ltr'>incestus</span> <span class='ocrx_word' id='word_1_468' title='bbox 494 3771 860 3823; x_wconf 84' lang='lat' dir='ltr'>accusantes.</span> <span class='ocrx_word' id='word_1_469' title='bbox 886 3767 1147 3823; x_wconf 63' lang='lat' dir='ltr'>Cecilius</span> <span class='ocrx_word' id='word_1_470' title='bbox 1177 3783 1309 3824; x_wconf 86' lang='lat' dir='ltr'>vero</span> <span class='ocrx_word' id='word_1_471' title='bbox 1336 3767 1498 3823; x_wconf 89' lang='lat' dir='ltr'>illam</span> <span class='ocrx_word' id='word_1_472' title='bbox 1530 3767 1724 3823; x_wconf 90' lang='lat' dir='ltr'>animo</span> <span class='ocrx_word' id='word_1_473' title='bbox 1759 3784 1864 3824; x_wconf 87' lang='lat' dir='ltr'>nec</span> 
     </span>
    </p>
   </div>
   <div class='ocr_carea' id='block_1_49' title="bbox 189 3856 1864 3929">
    <p class='ocr_par' dir='ltr' id='par_1_49' title="bbox 189 3856 1864 3929">
     <span class='ocr_line' id='line_1_51' title="bbox 189 3856 1864 3929; baseline 0.002 -21"><span class='ocrx_word' id='word_1_474' title='bbox 189 3856 388 3927; x_wconf 80' lang='lat' dir='ltr'>magis</span> <span class='ocrx_word' id='word_1_475' title='bbox 423 3872 619 3927; x_wconf 62' lang='lat' dir='ltr'>aequo,</span> <span class='ocrx_word' id='word_1_476' title='bbox 683 3873 786 3911; x_wconf 90' lang='lat' dir='ltr'>nec</span> <span class='ocrx_word' id='word_1_477' title='bbox 822 3858 1016 3913; x_wconf 88' lang='lat' dir='ltr'>minus</span> <span class='ocrx_word' id='word_1_478' title='bbox 1065 3858 1203 3924; x_wconf 89' lang='lat' dir='ltr'>acri,</span> <span class='ocrx_word' id='word_1_479' title='bbox 1265 3873 1441 3929; x_wconf 90' lang='lat' dir='ltr'>quam</span> <span class='ocrx_word' id='word_1_480' title='bbox 1500 3857 1864 3929; x_wconf 88' lang='lat' dir='ltr'>superiorem</span> 
     </span>
    </p>
   </div>
   <div class='ocr_carea' id='block_1_50' title="bbox 187 3944 1862 4018">
    <p class='ocr_par' dir='ltr' id='par_1_50' title="bbox 187 3944 1862 4018">
     <span class='ocr_line' id='line_1_52' title="bbox 187 3944 1862 4018; baseline 0.002 -20"><span class='ocrx_word' id='word_1_481' title='bbox 187 3945 497 4000; x_wconf 82' lang='lat' dir='ltr'>adhibuit.</span> <span class='ocrx_word' id='word_1_482' title='bbox 560 3944 902 4014; x_wconf 88' lang='lat' dir='ltr'>Quanquam</span> <span class='ocrx_word' id='word_1_483' title='bbox 953 3946 1112 4001; x_wconf 90' lang='lat' dir='ltr'>enim</span> <span class='ocrx_word' id='word_1_484' title='bbox 1159 3947 1358 4002; x_wconf 83' lang='lat' dir='ltr'>ﬁctum</span> <span class='ocrx_word' id='word_1_485' title='bbox 1399 3945 1569 4018; x_wconf 88' lang='lat' dir='ltr'>plane</span> <span class='ocrx_word' id='word_1_486' title='bbox 1609 3963 1675 4002; x_wconf 90' lang='lat' dir='ltr'>ac</span> <span class='ocrx_word' id='word_1_487' title='bbox 1706 3963 1862 4002; x_wconf 84' lang='lat' dir='ltr'>com-</span> 
     </span>
    </p>
   </div>
   <div class='ocr_carea' id='block_1_51' title="bbox 191 4033 1864 4108">
    <p class='ocr_par' dir='ltr' id='par_1_51' title="bbox 191 4033 1864 4108">
     <span class='ocr_line' id='line_1_53' title="bbox 191 4033 1864 4108; baseline 0.001 -20"><span class='ocrx_word' id='word_1_488' title='bbox 191 4035 548 4089; x_wconf 87' lang='lat' dir='ltr'>mentitium</span> <span class='ocrx_word' id='word_1_489' title='bbox 584 4033 756 4089; x_wconf 88' lang='lat' dir='ltr'>fuerit</span> <span class='ocrx_word' id='word_1_490' title='bbox 798 4034 906 4090; x_wconf 90' lang='lat' dir='ltr'>hoc</span> <span class='ocrx_word' id='word_1_491' title='bbox 939 4035 1181 4104; x_wconf 89' lang='lat' dir='ltr'>crimen,</span> <span class='ocrx_word' id='word_1_492' title='bbox 1219 4034 1437 4108; x_wconf 87' lang='lat' dir='ltr'>duplici</span> <span class='ocrx_word' id='word_1_493' title='bbox 1467 4040 1660 4091; x_wconf 89' lang='lat' dir='ltr'>tamen</span> <span class='ocrx_word' id='word_1_494' title='bbox 1691 4052 1864 4108; x_wconf 89' lang='lat' dir='ltr'>argu-</span> 
     </span>
    </p>
   </div>
   <div class='ocr_carea' id='block_1_52' title="bbox 192 4123 1866 4196">
    <p class='ocr_par' dir='ltr' id='par_1_52' title="bbox 192 4123 1866 4196">
     <span class='ocr_line' id='line_1_54' title="bbox 192 4123 1866 4196; baseline 0.002 -19"><span class='ocrx_word' id='word_1_495' title='bbox 192 4129 408 4179; x_wconf 89' lang='lat' dir='ltr'>mento</span> <span class='ocrx_word' id='word_1_496' title='bbox 463 4123 613 4178; x_wconf 90' lang='lat' dir='ltr'>illud</span> <span class='ocrx_word' id='word_1_497' title='bbox 666 4123 911 4194; x_wconf 89' lang='lat' dir='ltr'>probare</span> <span class='ocrx_word' id='word_1_498' title='bbox 961 4125 1187 4180; x_wconf 88' lang='lat' dir='ltr'>nititur.</span> <span class='ocrx_word' id='word_1_499' title='bbox 1235 4125 1303 4180; x_wconf 86' lang='lat' dir='ltr'>Et</span> <span class='ocrx_word' id='word_1_500' title='bbox 1347 4125 1600 4196; x_wconf 91' lang='lat' dir='ltr'>primum</span> <span class='ocrx_word' id='word_1_501' title='bbox 1631 4125 1866 4195; x_wconf 89' lang='lat' dir='ltr'>quidem</span> 
     </span>
    </p>
   </div>
   <div class='ocr_carea' id='block_1_53' title="bbox 193 4211 1866 4283">
    <p class='ocr_par' dir='ltr' id='par_1_53' title="bbox 193 4211 1866 4283">
     <span class='ocr_line' id='line_1_55' title="bbox 193 4211 1866 4283; baseline 0.001 -16"><span class='ocrx_word' id='word_1_502' title='bbox 193 4213 376 4267; x_wconf 82' lang='lat' dir='ltr'>duxit</span> <span class='ocrx_word' id='word_1_503' title='bbox 410 4231 482 4268; x_wconf 86' lang='lat' dir='ltr'>ex</span> <span class='ocrx_word' id='word_1_504' title='bbox 504 4211 816 4268; x_wconf 87' lang='lat' dir='ltr'>Frontonis</span> <span class='ocrx_word' id='word_1_505' title='bbox 846 4213 1180 4269; x_wconf 90' lang='lat' dir='ltr'>testimonio</span> <span class='ocrx_word' id='word_1_506' title='bbox 1211 4219 1267 4270; x_wconf 88' lang='lat' dir='ltr'>et</span> <span class='ocrx_word' id='word_1_507' title='bbox 1298 4213 1680 4283; x_wconf 90' lang='lat' dir='ltr'>auctoritate;</span> <span class='ocrx_word' id='word_1_508' title='bbox 1726 4213 1866 4270; x_wconf 89' lang='lat' dir='ltr'>alte-</span> 
     </span>
    </p>
   </div>
   <div class='ocr_carea' id='block_1_54' title="bbox 189 4301 1868 4374">
    <p class='ocr_par' dir='ltr' id='par_1_54' title="bbox 189 4301 1868 4374">
     <span class='ocr_line' id='line_1_56' title="bbox 189 4301 1868 4374; baseline 0.001 -18"><span class='ocrx_word' id='word_1_509' title='bbox 189 4317 338 4356; x_wconf 87' lang='lat' dir='ltr'>rum</span> <span class='ocrx_word' id='word_1_510' title='bbox 372 4319 446 4357; x_wconf 86' lang='lat' dir='ltr'>ex</span> <span class='ocrx_word' id='word_1_511' title='bbox 495 4318 586 4372; x_wconf 92' lang='lat' dir='ltr'>eo,</span> <span class='ocrx_word' id='word_1_512' title='bbox 638 4302 792 4373; x_wconf 87' lang='lat' dir='ltr'>quod</span> <span class='ocrx_word' id='word_1_513' title='bbox 845 4324 872 4351; x_wconf 86' lang='lat'><strong>«</strong></span> <span class='ocrx_word' id='word_1_514' title='bbox 916 4301 1182 4374; x_wconf 83' lang='lat' dir='ltr'>honesta,</span> <span class='ocrx_word' id='word_1_515' title='bbox 1228 4325 1257 4353; x_wconf 87' lang='lat'><strong><em>»</em></strong></span> <span class='ocrx_word' id='word_1_516' title='bbox 1305 4303 1458 4358; x_wconf 88' lang='lat' dir='ltr'>sicut</span> <span class='ocrx_word' id='word_1_517' title='bbox 1511 4301 1608 4359; x_wconf 90' lang='lat' dir='ltr'>ille</span> <span class='ocrx_word' id='word_1_518' title='bbox 1655 4303 1868 4371; x_wconf 89' lang='lat' dir='ltr'>aiebat,</span> 
     </span>
    </p>
   </div>
   <div class='ocr_carea' id='block_1_55' title="bbox 190 4390 1872 4463">
    <p class='ocr_par' dir='ltr' id='par_1_55' title="bbox 190 4390 1872 4463">
     <span class='ocr_line' id='line_1_57' title="bbox 190 4390 1872 4463; baseline 0.001 -19"><span class='ocrx_word' id='word_1_519' title='bbox 190 4413 224 4438; x_wconf 86' lang='grc'>‹‹</span> <span class='ocrx_word' id='word_1_520' title='bbox 267 4407 519 4462; x_wconf 85' lang='lat' dir='ltr'>semper</span> <span class='ocrx_word' id='word_1_521' title='bbox 548 4390 786 4462; x_wconf 91' lang='lat' dir='ltr'>publico</span> <span class='ocrx_word' id='word_1_522' title='bbox 817 4392 1108 4463; x_wconf 79' lang='lat' dir='ltr'>gaudeant</span> <span class='ocrx_word' id='word_1_523' title='bbox 1143 4409 1156 4446; x_wconf 89' lang='lat'><strong>:</strong></span> <span class='ocrx_word' id='word_1_524' title='bbox 1191 4417 1212 4444; x_wconf 75' lang='grc' dir='ltr'><strong><em>ι</em></strong></span> <span class='ocrx_word' id='word_1_525' title='bbox 1253 4396 1456 4447; x_wconf 88' lang='lat' dir='ltr'>contra</span> <span class='ocrx_word' id='word_1_526' title='bbox 1487 4397 1680 4448; x_wconf 88' lang='lat' dir='ltr'>autem</span> <span class='ocrx_word' id='word_1_527' title='bbox 1714 4391 1872 4448; x_wconf 88' lang='lat' dir='ltr'>Chri-</span> 
     </span>
    </p>
   </div>
   <div class='ocr_carea' id='block_1_56' title="bbox 193 4478 1864 4554">
    <p class='ocr_par' dir='ltr' id='par_1_56' title="bbox 193 4478 1864 4554">
     <span class='ocr_line' id='line_1_58' title="bbox 193 4478 1864 4554; baseline 0.002 -22"><span class='ocrx_word' id='word_1_528' title='bbox 193 4478 404 4532; x_wconf 85' lang='lat' dir='ltr'>stiani</span> <span class='ocrx_word' id='word_1_529' title='bbox 445 4496 656 4554; x_wconf 88' lang='lat' dir='ltr'>magno</span> <span class='ocrx_word' id='word_1_530' title='bbox 688 4497 917 4553; x_wconf 89' lang='lat' dir='ltr'>semper</span> <span class='ocrx_word' id='word_1_531' title='bbox 948 4481 1142 4551; x_wconf 87' lang='lat' dir='ltr'>studio</span> <span class='ocrx_word' id='word_1_532' title='bbox 1170 4480 1449 4553; x_wconf 81' lang='lat' dir='ltr'>mysteria</span> <span class='ocrx_word' id='word_1_533' title='bbox 1478 4497 1587 4538; x_wconf 90' lang='lat' dir='ltr'>sua</span> <span class='ocrx_word' id='word_1_534' title='bbox 1615 4481 1864 4537; x_wconf 88' lang='lat' dir='ltr'>occulta-</span> 
     </span>
    </p>
   </div>
   <div class='ocr_carea' id='block_1_57' title="bbox 193 4572 372 4621">
    <p class='ocr_par' dir='ltr' id='par_1_57' title="bbox 193 4572 372 4621">
     <span class='ocr_line' id='line_1_59' title="bbox 193 4572 372 4621; baseline 0.011 -2"><span class='ocrx_word' id='word_1_535' title='bbox 193 4572 372 4621; x_wconf 84' lang='lat' dir='ltr'>rent.</span> 
     </span>
    </p>
   </div>
   <div class='ocr_carea' id='block_1_58' title="bbox 281 4655 1873 4730">
    <p class='ocr_par' dir='ltr' id='par_1_58' title="bbox 281 4655 1873 4730">
     <span class='ocr_line' id='line_1_60' title="bbox 281 4655 1873 4730; baseline 0.002 -20"><span class='ocrx_word' id='word_1_536' title='bbox 281 4657 364 4710; x_wconf 83' lang='lat' dir='ltr'>At</span> <span class='ocrx_word' id='word_1_537' title='bbox 398 4655 671 4714; x_wconf 86' lang='lat' dir='ltr'>Octavius</span> <span class='ocrx_word' id='word_1_538' title='bbox 700 4662 882 4714; x_wconf 89' lang='lat' dir='ltr'>totam</span> <span class='ocrx_word' id='word_1_539' title='bbox 929 4659 1079 4714; x_wconf 90' lang='lat' dir='ltr'>hanc</span> <span class='ocrx_word' id='word_1_540' title='bbox 1111 4664 1169 4714; x_wconf 88' lang='lat' dir='ltr'>et</span> <span class='ocrx_word' id='word_1_541' title='bbox 1209 4657 1565 4714; x_wconf 88' lang='lat' dir='ltr'>calumniam</span> <span class='ocrx_word' id='word_1_542' title='bbox 1616 4663 1671 4713; x_wconf 87' lang='lat' dir='ltr'>et</span> <span class='ocrx_word' id='word_1_543' title='bbox 1702 4673 1873 4730; x_wconf 87' lang='lat' dir='ltr'>argu-</span> 
     </span>
    </p>
   </div>
   <div class='ocr_carea' id='block_1_59' title="bbox 201 4747 1878 4819">
    <p class='ocr_par' dir='ltr' id='par_1_59' title="bbox 201 4747 1878 4819">
     <span class='ocr_line' id='line_1_61' title="bbox 201 4747 1878 4819; baseline 0.002 -21"><span class='ocrx_word' id='word_1_544' title='bbox 201 4748 647 4802; x_wconf 85' lang='lat' dir='ltr'>mentationem</span> <span class='ocrx_word' id='word_1_545' title='bbox 692 4747 910 4819; x_wconf 90' lang='lat' dir='ltr'>duplici</span> <span class='ocrx_word' id='word_1_546' title='bbox 962 4747 1137 4804; x_wconf 76' lang='lat' dir='ltr'>etiam</span> <span class='ocrx_word' id='word_1_547' title='bbox 1173 4747 1550 4819; x_wconf 90' lang='lat' dir='ltr'>responsione</span> <span class='ocrx_word' id='word_1_548' title='bbox 1581 4747 1792 4802; x_wconf 90' lang='lat' dir='ltr'>obterit</span> <span class='ocrx_word' id='word_1_549' title='bbox 1821 4749 1878 4802; x_wconf 90' lang='lat' dir='ltr'>et</span> 
     </span>
    </p>
   </div>
   <div class='ocr_carea' id='block_1_60' title="bbox 212 4837 1876 4909">
    <p class='ocr_par' dir='ltr' id='par_1_60' title="bbox 212 4837 1876 4909">
     <span class='ocr_line' id='line_1_62' title="bbox 212 4837 1876 4909; baseline 0.003 -23"><span class='ocrx_word' id='word_1_550' title='bbox 212 4837 860 4892; x_wconf 63' lang='lat' dir='ltr'>contunditAuilacter</span> <span class='ocrx_word' id='word_1_551' title='bbox 884 4839 1040 4892; x_wconf 89' lang='lat' dir='ltr'>enim</span> <span class='ocrx_word' id='word_1_552' title='bbox 1065 4837 1374 4909; x_wconf 89' lang='lat' dir='ltr'>palamque</span> <span class='ocrx_word' id='word_1_553' title='bbox 1396 4840 1759 4891; x_wconf 88' lang='lat' dir='ltr'>contestatur</span> <span class='ocrx_word' id='word_1_554' title='bbox 1784 4852 1876 4891; x_wconf 89' lang='lat' dir='ltr'>so-</span> 
     </span>
    </p>
   </div>
   <div class='ocr_carea' id='block_1_61' title="bbox 211 4919 1878 4983">
    <p class='ocr_par' dir='ltr' id='par_1_61' title="bbox 211 4919 1878 4983">
     <span class='ocr_line' id='line_1_63' title="bbox 211 4919 1878 4983; baseline 0.003 -9"><span class='ocrx_word' id='word_1_555' title='bbox 211 4919 343 4978; x_wconf 86' lang='lat' dir='ltr'>litis</span> <span class='ocrx_word' id='word_1_556' title='bbox 398 4925 732 4980; x_wconf 74' lang='lat' dir='ltr'>dzemonum</span> <span class='ocrx_word' id='word_1_557' title='bbox 793 4926 1114 4983; x_wconf 90' lang='lat' dir='ltr'>mendaciis</span> <span class='ocrx_word' id='word_1_558' title='bbox 1167 4925 1479 4981; x_wconf 87' lang='lat' dir='ltr'>conﬁctum</span> <span class='ocrx_word' id='word_1_559' title='bbox 1528 4924 1710 4980; x_wconf 89' lang='lat' dir='ltr'>fuisse</span> <span class='ocrx_word' id='word_1_560' title='bbox 1769 4923 1878 4981; x_wconf 89' lang='lat' dir='ltr'>hoc</span> 
     </span>
    </p>
   </div>
   <div class='ocr_carea' id='block_1_62' title="bbox 219 5010 1878 5085">
    <p class='ocr_par' dir='ltr' id='par_1_62' title="bbox 219 5010 1878 5085">
     <span class='ocr_line' id='line_1_64' title="bbox 219 5010 1878 5085; baseline 0.003 -21"><span class='ocrx_word' id='word_1_561' title='bbox 219 5010 700 5069; x_wconf 85' lang='lat' dir='ltr'>Christianorum</span> <span class='ocrx_word' id='word_1_562' title='bbox 735 5015 944 5082; x_wconf 89' lang='lat' dir='ltr'>scelus,</span> <span class='ocrx_word' id='word_1_563' title='bbox 971 5020 1028 5070; x_wconf 91' lang='lat' dir='ltr'>et</span> <span class='ocrx_word' id='word_1_564' title='bbox 1057 5033 1090 5070; x_wconf 89' lang='lat' dir='ltr'>a</span> <span class='ocrx_word' id='word_1_565' title='bbox 1121 5014 1354 5070; x_wconf 90' lang='lat' dir='ltr'>nemine</span> <span class='ocrx_word' id='word_1_566' title='bbox 1385 5030 1644 5085; x_wconf 89' lang='lat' dir='ltr'>unquam</span> <span class='ocrx_word' id='word_1_567' title='bbox 1679 5016 1878 5085; x_wconf 86' lang='lat' dir='ltr'>proba-</span> 
     </span>
    </p>
   </div>
   <div class='ocr_carea' id='block_1_63' title="bbox 222 5101 1876 5176">
    <p class='ocr_par' dir='ltr' id='par_1_63' title="bbox 222 5101 1876 5176">
     <span class='ocr_line' id='line_1_65' title="bbox 222 5101 1876 5176; baseline 0.004 -25"><span class='ocrx_word' id='word_1_568' title='bbox 222 5104 383 5154; x_wconf 89' lang='lat' dir='ltr'>tum.</span> <span class='ocrx_word' id='word_1_569' title='bbox 418 5103 681 5158; x_wconf 90' lang='lat' dir='ltr'>Secundo</span> <span class='ocrx_word' id='word_1_570' title='bbox 726 5103 978 5176; x_wconf 85' lang='lat' dir='ltr'>ipsemet</span> <span class='ocrx_word' id='word_1_571' title='bbox 1026 5102 1273 5176; x_wconf 87' lang='lat' dir='ltr'>gentiles</span> <span class='ocrx_word' id='word_1_572' title='bbox 1319 5101 1497 5172; x_wconf 90' lang='lat' dir='ltr'>hujus</span> <span class='ocrx_word' id='word_1_573' title='bbox 1546 5102 1735 5174; x_wconf 90' lang='lat' dir='ltr'>ipsius</span> <span class='ocrx_word' id='word_1_574' title='bbox 1775 5103 1876 5158; x_wconf 81' lang='lat' dir='ltr'>de-</span> 
     </span>
    </p>
   </div>
   <div class='ocr_carea' id='block_1_64' title="bbox 225 5191 1878 5264">
    <p class='ocr_par' dir='ltr' id='par_1_64' title="bbox 225 5191 1878 5264">
     <span class='ocr_line' id='line_1_66' title="bbox 225 5191 1878 5264; baseline 0.002 -24"><span class='ocrx_word' id='word_1_575' title='bbox 225 5192 480 5247; x_wconf 86' lang='lat' dir='ltr'>testandi</span> <span class='ocrx_word' id='word_1_576' title='bbox 543 5192 774 5264; x_wconf 87' lang='lat' dir='ltr'>ﬂagitii,</span> <span class='ocrx_word' id='word_1_577' title='bbox 850 5193 1198 5249; x_wconf 90' lang='lat' dir='ltr'>Christianis</span> <span class='ocrx_word' id='word_1_578' title='bbox 1272 5208 1574 5264; x_wconf 90' lang='lat' dir='ltr'>perperam</span> <span class='ocrx_word' id='word_1_579' title='bbox 1645 5191 1878 5263; x_wconf 90' lang='lat' dir='ltr'>objecti,</span> 
     </span>
    </p>
   </div>
   <div class='ocr_carea' id='block_1_65' title="bbox 228 5282 777 5350">
    <p class='ocr_par' dir='ltr' id='par_1_65' title="bbox 228 5282 777 5350">
     <span class='ocr_line' id='line_1_67' title="bbox 228 5282 777 5350; baseline 0.007 -18"><span class='ocrx_word' id='word_1_580' title='bbox 228 5292 435 5350; x_wconf 87' lang='lat' dir='ltr'>reapse</span> <span class='ocrx_word' id='word_1_581' title='bbox 465 5282 777 5336; x_wconf 88' lang='lat' dir='ltr'>convincit.</span> 
     </span>
    </p>
   </div>
   <div class='ocr_carea' id='block_1_66' title="bbox 299 5369 1882 5444">
    <p class='ocr_par' dir='ltr' id='par_1_66' title="bbox 299 5369 1882 5444">
     <span class='ocr_line' id='line_1_68' title="bbox 299 5369 1882 5444; baseline 0.003 -22"><span class='ocrx_word' id='word_1_582' title='bbox 299 5375 719 5426; x_wconf 82' lang='lat' dir='ltr'>Asseveranter</span> <span class='ocrx_word' id='word_1_583' title='bbox 738 5371 934 5443; x_wconf 88' lang='lat' dir='ltr'>itaque</span> <span class='ocrx_word' id='word_1_584' title='bbox 966 5369 1348 5444; x_wconf 86' lang='lat' dir='ltr'>pronuntiat:</span> <span class='ocrx_word' id='word_1_585' title='bbox 1381 5391 1408 5418; x_wconf 84' lang='lat'><strong><em>«</em></strong></span> <span class='ocrx_word' id='word_1_586' title='bbox 1435 5369 1723 5425; x_wconf 87' lang='lat' dir='ltr'>Grandem</span> <span class='ocrx_word' id='word_1_587' title='bbox 1755 5385 1882 5426; x_wconf 86' lang='lat' dir='ltr'>esse</span> 
     </span>
    </p>
   </div>
   <div class='ocr_carea' id='block_1_67' title="bbox 233 5452 1878 5517">
    <p class='ocr_par' dir='ltr' id='par_1_67' title="bbox 233 5452 1878 5517">
     <span class='ocr_line' id='line_1_69' title="bbox 233 5452 1878 5517; baseline 0.005 -11"><span class='ocrx_word' id='word_1_588' title='bbox 233 5452 490 5516; x_wconf 86' lang='lat' dir='ltr'>fabulam</span> <span class='ocrx_word' id='word_1_589' title='bbox 522 5477 658 5516; x_wconf 90' lang='lat' dir='ltr'>cum</span> <span class='ocrx_word' id='word_1_590' title='bbox 689 5461 996 5517; x_wconf 88' lang='lat' dir='ltr'>adversum</span> <span class='ocrx_word' id='word_1_591' title='bbox 1027 5478 1132 5516; x_wconf 93' lang='lat' dir='ltr'>nos</span> <span class='ocrx_word' id='word_1_592' title='bbox 1185 5461 1517 5515; x_wconf 77' lang='lat' dir='ltr'>daemonum</span> <span class='ocrx_word' id='word_1_593' title='bbox 1569 5458 1740 5514; x_wconf 91' lang='lat' dir='ltr'>coitio</span> <span class='ocrx_word' id='word_1_594' title='bbox 1772 5460 1878 5514; x_wconf 92' lang='lat' dir='ltr'>du-</span> 
     </span>
    </p>
   </div>
   <div class='ocr_carea' id='block_1_68' title="bbox 237 5543 1881 5620">
    <p class='ocr_par' dir='ltr' id='par_1_68' title="bbox 237 5543 1881 5620">
     <span class='ocr_line' id='line_1_70' title="bbox 237 5543 1881 5620; baseline 0.005 -23"><span class='ocrx_word' id='word_1_595' title='bbox 237 5543 440 5614; x_wconf 89' lang='lat' dir='ltr'>plicem</span> <span class='ocrx_word' id='word_1_596' title='bbox 474 5551 548 5605; x_wconf 92' lang='lat' dir='ltr'>ob</span> <span class='ocrx_word' id='word_1_597' title='bbox 582 5551 860 5606; x_wconf 92' lang='lat' dir='ltr'>ralionem</span> <span class='ocrx_word' id='word_1_598' title='bbox 888 5551 1157 5608; x_wconf 88' lang='lat' dir='ltr'>mentitia</span> <span class='ocrx_word' id='word_1_599' title='bbox 1184 5554 1274 5605; x_wconf 92' lang='lat' dir='ltr'>est</span> <span class='ocrx_word' id='word_1_600' title='bbox 1297 5565 1310 5605; x_wconf 88' lang='lat'><strong>:</strong></span> <span class='ocrx_word' id='word_1_601' title='bbox 1337 5547 1526 5620; x_wconf 90' lang='lat' dir='ltr'>primo</span> <span class='ocrx_word' id='word_1_602' title='bbox 1549 5552 1612 5603; x_wconf 92' lang='lat' dir='ltr'>ut</span> <span class='ocrx_word' id='word_1_603' title='bbox 1634 5547 1881 5620; x_wconf 88' lang='lat' dir='ltr'>gloriam</span> 
     </span>
    </p>
   </div>
   <div class='ocr_carea' id='block_1_69' title="bbox 237 5635 1866 5706">
    <p class='ocr_par' dir='ltr' id='par_1_69' title="bbox 237 5635 1866 5706">
     <span class='ocr_line' id='line_1_71' title="bbox 237 5635 1866 5706; baseline -0.002 -14"><span class='ocrx_word' id='word_1_604' title='bbox 237 5637 529 5706; x_wconf 65' lang='lat' dir='ltr'>pudicitiae</span> <span class='ocrx_word' id='word_1_605' title='bbox 561 5639 842 5699; x_wconf 86' lang='lat' dir='ltr'>deformis</span> <span class='ocrx_word' id='word_1_606' title='bbox 870 5640 1123 5698; x_wconf 68' lang='lat' dir='ltr'>infamiae</span> <span class='ocrx_word' id='word_1_607' title='bbox 1152 5637 1453 5698; x_wconf 90' lang='lat' dir='ltr'>aversione</span> <span class='ocrx_word' id='word_1_608' title='bbox 1485 5635 1866 5696; x_wconf 84' lang='lat' dir='ltr'>macularet.»</span> 
     </span>
    </p>
   </div>
   <div class='ocr_carea' id='block_1_70' title="bbox 1890 3147 3618 3223">
    <p class='ocr_par' dir='ltr' id='par_1_70' title="bbox 1890 3147 3618 3223">
     <span class='ocr_line' id='line_1_72' title="bbox 1890 3147 3618 3223; baseline 0.002 -19"><span class='ocrx_word' id='word_1_609' title='bbox 1890 3153 1935 3218; x_wconf 80' lang='lat' dir='ltr'>D</span> <span class='ocrx_word' id='word_1_610' title='bbox 2041 3148 2151 3204; x_wconf 91' lang='lat' dir='ltr'>Sed</span> <span class='ocrx_word' id='word_1_611' title='bbox 2187 3147 2383 3220; x_wconf 86' lang='lat' dir='ltr'>plures</span> <span class='ocrx_word' id='word_1_612' title='bbox 2405 3152 2741 3221; x_wconf 91' lang='lat' dir='ltr'>corruptum</span> <span class='ocrx_word' id='word_1_613' title='bbox 2767 3165 2979 3206; x_wconf 89' lang='lat' dir='ltr'>nomen</span> <span class='ocrx_word' id='word_1_614' title='bbox 3010 3153 3497 3223; x_wconf 78' lang='lat' dir='ltr'>aversione,atque</span> <span class='ocrx_word' id='word_1_615' title='bbox 3517 3151 3618 3209; x_wconf 83' lang='lat' dir='ltr'>alii</span> 
     </span>
    </p>
   </div>
   <div class='ocr_carea' id='block_1_71' title="bbox 1972 3237 3618 3311">
    <p class='ocr_par' dir='ltr' id='par_1_71' title="bbox 1972 3237 3618 3311">
     <span class='ocr_line' id='line_1_73' title="bbox 1972 3237 3618 3311; baseline 0.004 -17"><span class='ocrx_word' id='word_1_616' title='bbox 1972 3238 2288 3311; x_wconf 85' lang='lat' dir='ltr'>legendum</span> <span class='ocrx_word' id='word_1_617' title='bbox 2340 3237 2719 3310; x_wconf 87' lang='lat' dir='ltr'>suspicantur</span> <span class='ocrx_word' id='word_1_618' title='bbox 2761 3241 3096 3311; x_wconf 75' lang='lat' dir='ltr'>aspersione,</span> <span class='ocrx_word' id='word_1_619' title='bbox 3140 3240 3239 3295; x_wconf 87' lang='lat' dir='ltr'>alii</span> <span class='ocrx_word' id='word_1_620' title='bbox 3290 3244 3618 3300; x_wconf 75' lang='lat' dir='ltr'>accessione.</span> 
     </span>
    </p>
   </div>
   <div class='ocr_carea' id='block_1_72' title="bbox 1970 3326 3617 3394">
    <p class='ocr_par' dir='ltr' id='par_1_72' title="bbox 1970 3326 3617 3394">
     <span class='ocr_line' id='line_1_74' title="bbox 1970 3326 3617 3394; baseline 0.004 -13"><span class='ocrx_word' id='word_1_621' title='bbox 1970 3328 2112 3394; x_wconf 89' lang='lat' dir='ltr'>Quis</span> <span class='ocrx_word' id='word_1_622' title='bbox 2157 3327 2314 3384; x_wconf 73' lang='lat'>500</span> <span class='ocrx_word' id='word_1_623' title='bbox 2362 3333 2557 3382; x_wconf 87' lang='lat' dir='ltr'>autem</span> <span class='ocrx_word' id='word_1_624' title='bbox 2605 3326 2940 3383; x_wconf 90' lang='lat' dir='ltr'>inconsulto</span> <span class='ocrx_word' id='word_1_625' title='bbox 2997 3328 3179 3384; x_wconf 88' lang='lat' dir='ltr'>altero</span> <span class='ocrx_word' id='word_1_626' title='bbox 3231 3331 3617 3387; x_wconf 88' lang='lat' dir='ltr'>emendatiori</span> 
     </span>
    </p>
   </div>
   <div class='ocr_carea' id='block_1_73' title="bbox 1971 3414 3614 3486">
    <p class='ocr_par' dir='ltr' id='par_1_73' title="bbox 1971 3414 3614 3486">
     <span class='ocr_line' id='line_1_75' title="bbox 1971 3414 3614 3486; baseline 0.002 -15"><span class='ocrx_word' id='word_1_627' title='bbox 1971 3416 2189 3486; x_wconf 90' lang='lat' dir='ltr'>codice,</span> <span class='ocrx_word' id='word_1_628' title='bbox 2221 3415 2361 3471; x_wconf 90' lang='lat' dir='ltr'>certi</span> <span class='ocrx_word' id='word_1_629' title='bbox 2395 3414 2614 3486; x_wconf 87' lang='lat' dir='ltr'>aliquid</span> <span class='ocrx_word' id='word_1_630' title='bbox 2649 3421 2902 3472; x_wconf 87' lang='lat' dir='ltr'>statuere</span> <span class='ocrx_word' id='word_1_631' title='bbox 2949 3418 3163 3473; x_wconf 91' lang='lat' dir='ltr'>audeat</span> <span class='ocrx_word' id='word_1_632' title='bbox 3191 3417 3219 3473; x_wconf 84' lang='lat'><strong>?</strong></span> <span class='ocrx_word' id='word_1_633' title='bbox 3274 3418 3422 3484; x_wconf 92' lang='lat' dir='ltr'>Quid</span> <span class='ocrx_word' id='word_1_634' title='bbox 3456 3418 3614 3474; x_wconf 88' lang='lat' dir='ltr'>enim</span> 
     </span>
    </p>
   </div>
   <div class='ocr_carea' id='block_1_74' title="bbox 1971 3503 3616 3570">
    <p class='ocr_par' dir='ltr' id='par_1_74' title="bbox 1971 3503 3616 3570">
     <span class='ocr_line' id='line_1_76' title="bbox 1971 3503 3616 3570; baseline 0.002 -9"><span class='ocrx_word' id='word_1_635' title='bbox 1971 3505 2020 3561; x_wconf 88' lang='lat' dir='ltr'>si</span> <span class='ocrx_word' id='word_1_636' title='bbox 2052 3503 2344 3560; x_wconf 88' lang='lat' dir='ltr'>Minucius</span> <span class='ocrx_word' id='word_1_637' title='bbox 2377 3520 2587 3559; x_wconf 90' lang='lat' dir='ltr'>nomen</span> <span class='ocrx_word' id='word_1_638' title='bbox 2632 3504 2776 3559; x_wconf 86' lang='lat' dir='ltr'>illud</span> <span class='ocrx_word' id='word_1_639' title='bbox 2808 3508 3115 3570; x_wconf 80' lang='lat' dir='ltr'>aversione,</span> <span class='ocrx_word' id='word_1_640' title='bbox 3159 3523 3258 3564; x_wconf 90' lang='lat' dir='ltr'>seu</span> <span class='ocrx_word' id='word_1_641' title='bbox 3290 3508 3616 3564; x_wconf 72' lang='lat' dir='ltr'>adveniens</span> 
     </span>
    </p>
   </div>
   <div class='ocr_carea' id='block_1_75' title="bbox 1971 3593 3619 3665">
    <p class='ocr_par' dir='ltr' id='par_1_75' title="bbox 1971 3593 3619 3665">
     <span class='ocr_line' id='line_1_77' title="bbox 1971 3593 3619 3665; baseline 0.001 -15"><span class='ocrx_word' id='word_1_642' title='bbox 1971 3594 2260 3665; x_wconf 89' lang='lat' dir='ltr'>acceperit</span> <span class='ocrx_word' id='word_1_643' title='bbox 2286 3609 2353 3650; x_wconf 90' lang='lat' dir='ltr'>eo</span> <span class='ocrx_word' id='word_1_644' title='bbox 2379 3609 2554 3648; x_wconf 90' lang='lat' dir='ltr'>sensu</span> <span class='ocrx_word' id='word_1_645' title='bbox 2587 3610 2701 3664; x_wconf 88' lang='lat' dir='ltr'>quo</span> <span class='ocrx_word' id='word_1_646' title='bbox 2734 3611 2769 3649; x_wconf 90' lang='lat' dir='ltr'>a</span> <span class='ocrx_word' id='word_1_647' title='bbox 2806 3593 2946 3650; x_wconf 89' lang='lat' dir='ltr'>solis</span> <span class='ocrx_word' id='word_1_648' title='bbox 2969 3596 3412 3665; x_wconf 89' lang='lat' dir='ltr'>jurisconsultis</span> <span class='ocrx_word' id='word_1_649' title='bbox 3444 3614 3619 3653; x_wconf 89' lang='lat' dir='ltr'>usur-</span> 
     </span>
    </p>
   </div>
   <div class='ocr_carea' id='block_1_76' title="bbox 1973 3680 3618 3755">
    <p class='ocr_par' dir='ltr' id='par_1_76' title="bbox 1973 3680 3618 3755">
     <span class='ocr_line' id='line_1_78' title="bbox 1973 3680 3618 3755; baseline 0.002 -17"><span class='ocrx_word' id='word_1_650' title='bbox 1973 3687 2146 3755; x_wconf 88' lang='lat' dir='ltr'>patur</span> <span class='ocrx_word' id='word_1_651' title='bbox 2176 3699 2279 3755; x_wconf 90' lang='lat' dir='ltr'>pro</span> <span class='ocrx_word' id='word_1_652' title='bbox 2311 3680 2643 3754; x_wconf 89' lang='lat' dir='ltr'>repulsione</span> <span class='ocrx_word' id='word_1_653' title='bbox 2674 3683 2735 3737; x_wconf 92' lang='lat' dir='ltr'>in</span> <span class='ocrx_word' id='word_1_654' title='bbox 2773 3681 3047 3749; x_wconf 90' lang='lat' dir='ltr'>alterum,</span> <span class='ocrx_word' id='word_1_655' title='bbox 3102 3689 3205 3740; x_wconf 87' lang='lat' dir='ltr'>aut</span> <span class='ocrx_word' id='word_1_656' title='bbox 3233 3701 3292 3740; x_wconf 92' lang='lat' dir='ltr'>re</span> <span class='ocrx_word' id='word_1_657' title='bbox 3323 3701 3438 3740; x_wconf 92' lang='lat' dir='ltr'>non</span> <span class='ocrx_word' id='word_1_658' title='bbox 3471 3687 3618 3742; x_wconf 84' lang='lat' dir='ltr'>bene</span> 
     </span>
    </p>
   </div>
   <div class='ocr_carea' id='block_1_77' title="bbox 1973 3769 3622 3844">
    <p class='ocr_par' dir='ltr' id='par_1_77' title="bbox 1973 3769 3622 3844">
     <span class='ocr_line' id='line_1_79' title="bbox 1973 3769 3622 3844; baseline 0.001 -17"><span class='ocrx_word' id='word_1_659' title='bbox 1973 3776 2280 3844; x_wconf 87' lang='lat' dir='ltr'>perspecta</span> <span class='ocrx_word' id='word_1_660' title='bbox 2317 3787 2424 3826; x_wconf 91' lang='lat' dir='ltr'>nec</span> <span class='ocrx_word' id='word_1_661' title='bbox 2451 3769 2751 3843; x_wconf 84' lang='lat' dir='ltr'>explorata</span> <span class='ocrx_word' id='word_1_662' title='bbox 2780 3770 2808 3825; x_wconf 85' lang='lat'><strong>?</strong></span> <span class='ocrx_word' id='word_1_663' title='bbox 2837 3772 3128 3828; x_wconf 86' lang='lat' dir='ltr'>Causidici</span> <span class='ocrx_word' id='word_1_664' title='bbox 3160 3777 3356 3828; x_wconf 88' lang='lat' dir='ltr'>autem</span> <span class='ocrx_word' id='word_1_665' title='bbox 3383 3772 3622 3829; x_wconf 85' lang='lat' dir='ltr'>Minucii</span> 
     </span>
    </p>
   </div>
   <div class='ocr_carea' id='block_1_78' title="bbox 1975 3857 3615 3934">
    <p class='ocr_par' dir='ltr' id='par_1_78' title="bbox 1975 3857 3615 3934">
     <span class='ocr_line' id='line_1_80' title="bbox 1975 3857 3615 3934; baseline 0.001 -18"><span class='ocrx_word' id='word_1_666' title='bbox 1975 3858 2159 3916; x_wconf 90' lang='lat' dir='ltr'>nostri</span> <span class='ocrx_word' id='word_1_667' title='bbox 2196 3857 2292 3914; x_wconf 90' lang='lat' dir='ltr'>hic</span> <span class='ocrx_word' id='word_1_668' title='bbox 2312 3875 2522 3914; x_wconf 90' lang='lat' dir='ltr'>sensus</span> <span class='ocrx_word' id='word_1_669' title='bbox 2551 3861 2687 3915; x_wconf 91' lang='lat' dir='ltr'>erit:</span> <span class='ocrx_word' id='word_1_670' title='bbox 2706 3859 3009 3916; x_wconf 61' lang='lat' dir='ltr'>Daemones</span> <span class='ocrx_word' id='word_1_671' title='bbox 3038 3861 3188 3917; x_wconf 91' lang='lat' dir='ltr'>hanc</span> <span class='ocrx_word' id='word_1_672' title='bbox 3218 3862 3615 3934; x_wconf 83' lang='lat' dir='ltr'>excogitavere</span> 
     </span>
    </p>
   </div>
   <div class='ocr_carea' id='block_1_79' title="bbox 1975 3946 3624 4021">
    <p class='ocr_par' dir='ltr' id='par_1_79' title="bbox 1975 3946 3624 4021">
     <span class='ocr_line' id='line_1_81' title="bbox 1975 3946 3624 4021; baseline 0.002 -19"><span class='ocrx_word' id='word_1_673' title='bbox 1975 3946 2258 4017; x_wconf 90' lang='lat' dir='ltr'>fabulam,</span> <span class='ocrx_word' id='word_1_674' title='bbox 2281 3951 2364 4014; x_wconf 90' lang='lat' dir='ltr'>ut,</span> <span class='ocrx_word' id='word_1_675' title='bbox 2380 3947 2626 4003; x_wconf 80' lang='lat' dir='ltr'>deformi</span> <span class='ocrx_word' id='word_1_676' title='bbox 2648 3948 2893 4004; x_wconf 87' lang='lat' dir='ltr'>infamia</span> <span class='ocrx_word' id='word_1_677' title='bbox 2914 3949 2974 4004; x_wconf 91' lang='lat' dir='ltr'>in</span> <span class='ocrx_word' id='word_1_678' title='bbox 3000 3948 3363 4005; x_wconf 87' lang='lat' dir='ltr'>Christianos</span> <span class='ocrx_word' id='word_1_679' title='bbox 3385 3951 3624 4021; x_wconf 77' lang='lat' dir='ltr'>rejects,</span> 
     </span>
    </p>
   </div>
   <div class='ocr_carea' id='block_1_80' title="bbox 1977 4035 3628 4112">
    <p class='ocr_par' dir='ltr' id='par_1_80' title="bbox 1977 4035 3628 4112">
     <span class='ocr_line' id='line_1_82' title="bbox 1977 4035 3628 4112; baseline 0.001 -20"><span class='ocrx_word' id='word_1_680' title='bbox 1977 4042 2078 4092; x_wconf 89' lang='lat' dir='ltr'>aut</span> <span class='ocrx_word' id='word_1_681' title='bbox 2108 4037 2181 4091; x_wconf 87' lang='lat' dir='ltr'>ab</span> <span class='ocrx_word' id='word_1_682' title='bbox 2209 4035 2461 4092; x_wconf 90' lang='lat' dir='ltr'>ethnicis</span> <span class='ocrx_word' id='word_1_683' title='bbox 2493 4053 2597 4092; x_wconf 90' lang='lat' dir='ltr'>nec</span> <span class='ocrx_word' id='word_1_684' title='bbox 2629 4045 2931 4109; x_wconf 85' lang='lat' dir='ltr'>perspecta</span> <span class='ocrx_word' id='word_1_685' title='bbox 2972 4055 3077 4094; x_wconf 90' lang='lat' dir='ltr'>nec</span> <span class='ocrx_word' id='word_1_686' title='bbox 3115 4038 3466 4106; x_wconf 81' lang='lat' dir='ltr'>examinata,</span> <span class='ocrx_word' id='word_1_687' title='bbox 3496 4039 3628 4112; x_wconf 92' lang='lat' dir='ltr'>glo-</span> 
     </span>
    </p>
   </div>
   <div class='ocr_carea' id='block_1_81' title="bbox 1977 4124 3624 4197">
    <p class='ocr_par' dir='ltr' id='par_1_81' title="bbox 1977 4124 3624 4197">
     <span class='ocr_line' id='line_1_83' title="bbox 1977 4124 3624 4197; baseline 0.002 -17"><span class='ocrx_word' id='word_1_688' title='bbox 1977 4126 2124 4180; x_wconf 87' lang='lat' dir='ltr'>riam</span> <span class='ocrx_word' id='word_1_689' title='bbox 2147 4124 2490 4180; x_wconf 79' lang='lat' dir='ltr'>Christianas</span> <span class='ocrx_word' id='word_1_690' title='bbox 2525 4126 2822 4197; x_wconf 69' lang='lat' dir='ltr'>pudicitiae</span> <span class='ocrx_word' id='word_1_691' title='bbox 2849 4127 3233 4184; x_wconf 86' lang='lat' dir='ltr'>macularent.</span> <span class='ocrx_word' id='word_1_692' title='bbox 3264 4127 3468 4184; x_wconf 90' lang='lat' dir='ltr'>Utrum</span> <span class='ocrx_word' id='word_1_693' title='bbox 3489 4142 3624 4184; x_wconf 89' lang='lat' dir='ltr'>vero</span> 
     </span>
    </p>
   </div>
   <div class='ocr_carea' id='block_1_82' title="bbox 1979 4213 3630 4288">
    <p class='ocr_par' dir='ltr' id='par_1_82' title="bbox 1979 4213 3630 4288">
     <span class='ocr_line' id='line_1_84' title="bbox 1979 4213 3630 4288; baseline 0.002 -18"><span class='ocrx_word' id='word_1_694' title='bbox 1979 4231 2076 4270; x_wconf 92' lang='lat' dir='ltr'>sco</span> <span class='ocrx_word' id='word_1_695' title='bbox 2081 4231 2221 4286; x_wconf 92' lang='lat' dir='ltr'>pum</span> <span class='ocrx_word' id='word_1_696' title='bbox 2235 4213 2880 4286; x_wconf 86' lang='lat' dir='ltr'>attigerimus,aliorum</span> <span class='ocrx_word' id='word_1_697' title='bbox 2894 4217 3133 4288; x_wconf 90' lang='lat' dir='ltr'>estojud</span> <span class='ocrx_word' id='word_1_698' title='bbox 3143 4217 3329 4272; x_wconf 88' lang='lat' dir='ltr'>icium.</span> <span class='ocrx_word' id='word_1_699' title='bbox 3339 4215 3630 4273; x_wconf 78' lang='lat' dir='ltr'>Posterior</span> 
     </span>
    </p>
   </div>
   <div class='ocr_carea' id='block_1_83' title="bbox 1979 4303 3628 4377">
    <p class='ocr_par' dir='ltr' id='par_1_83' title="bbox 1979 4303 3628 4377">
     <span class='ocr_line' id='line_1_85' title="bbox 1979 4303 3628 4377; baseline 0.001 -19"><span class='ocrx_word' id='word_1_700' title='bbox 1979 4313 2150 4375; x_wconf 88' lang='lat' dir='ltr'>porro</span> <span class='ocrx_word' id='word_1_701' title='bbox 2196 4303 2451 4359; x_wconf 87' lang='lat' dir='ltr'>auctoris</span> <span class='ocrx_word' id='word_1_702' title='bbox 2482 4304 2668 4358; x_wconf 89' lang='lat' dir='ltr'>nostri</span> <span class='ocrx_word' id='word_1_703' title='bbox 2716 4304 2883 4376; x_wconf 89' lang='lat' dir='ltr'>ratio,</span> <span class='ocrx_word' id='word_1_704' title='bbox 2918 4321 3035 4376; x_wconf 90' lang='lat' dir='ltr'>qua</span> <span class='ocrx_word' id='word_1_705' title='bbox 3087 4304 3245 4377; x_wconf 83' lang='lat' dir='ltr'>prior</span> <span class='ocrx_word' id='word_1_706' title='bbox 3289 4304 3628 4362; x_wconf 82' lang='lat' dir='ltr'>conﬁrmari</span> 
     </span>
    </p>
   </div>
   <div class='ocr_carea' id='block_1_84' title="bbox 1981 4391 3632 4464">
    <p class='ocr_par' dir='ltr' id='par_1_84' title="bbox 1981 4391 3632 4464">
     <span class='ocr_line' id='line_1_86' title="bbox 1981 4391 3632 4464; baseline 0.002 -18"><span class='ocrx_word' id='word_1_707' title='bbox 1981 4391 2354 4459; x_wconf 76' lang='lat' dir='ltr'>videtur,htec</span> <span class='ocrx_word' id='word_1_708' title='bbox 2371 4396 2463 4446; x_wconf 90' lang='lat' dir='ltr'>est</span> <span class='ocrx_word' id='word_1_709' title='bbox 2482 4406 2496 4446; x_wconf 90' lang='lat'><strong>:</strong></span> <span class='ocrx_word' id='word_1_710' title='bbox 2514 4412 2543 4443; x_wconf 84' lang='grc'>‹‹</span> <span class='ocrx_word' id='word_1_711' title='bbox 2568 4391 2640 4448; x_wconf 89' lang='lat' dir='ltr'>Ut</span> <span class='ocrx_word' id='word_1_712' title='bbox 2661 4398 2796 4448; x_wconf 88' lang='lat' dir='ltr'>ante</span> <span class='ocrx_word' id='word_1_713' title='bbox 2817 4393 3176 4464; x_wconf 87' lang='lat' dir='ltr'>exploratam</span> <span class='ocrx_word' id='word_1_714' title='bbox 3199 4393 3502 4450; x_wconf 86' lang='lat' dir='ltr'>veritatem</span> <span class='ocrx_word' id='word_1_715' title='bbox 3526 4394 3632 4450; x_wconf 85' lang='lat' dir='ltr'>ho-</span> 
     </span>
    </p>
   </div>
   <div class='ocr_carea' id='block_1_85' title="bbox 1981 4479 3636 4554">
    <p class='ocr_par' dir='ltr' id='par_1_85' title="bbox 1981 4479 3636 4554">
     <span class='ocr_line' id='line_1_87' title="bbox 1981 4479 3636 4554; baseline 0.001 -18"><span class='ocrx_word' id='word_1_716' title='bbox 1981 4482 2170 4538; x_wconf 84' lang='lat' dir='ltr'>mines</span> <span class='ocrx_word' id='word_1_717' title='bbox 2192 4499 2225 4536; x_wconf 88' lang='lat' dir='ltr'>a</span> <span class='ocrx_word' id='word_1_718' title='bbox 2239 4479 2407 4535; x_wconf 90' lang='lat' dir='ltr'>nobis</span> <span class='ocrx_word' id='word_1_719' title='bbox 2420 4483 2596 4550; x_wconf 89' lang='lat' dir='ltr'>atque</span> <span class='ocrx_word' id='word_1_720' title='bbox 2617 4496 2651 4534; x_wconf 91' lang='lat' dir='ltr'>a</span> <span class='ocrx_word' id='word_1_721' title='bbox 2670 4480 3046 4552; x_wconf 87' lang='lat' dir='ltr'>suscipienda</span> <span class='ocrx_word' id='word_1_722' title='bbox 3065 4480 3344 4554; x_wconf 88' lang='lat' dir='ltr'>religione</span> <span class='ocrx_word' id='word_1_723' title='bbox 3356 4481 3636 4538; x_wconf 84' lang='lat' dir='ltr'>Christia-</span> 
     </span>
    </p>
   </div>
   <div class='ocr_carea' id='block_1_86' title="bbox 1982 4567 3636 4640">
    <p class='ocr_par' dir='ltr' id='par_1_86' title="bbox 1982 4567 3636 4640">
     <span class='ocr_line' id='line_1_88' title="bbox 1982 4567 3636 4640; baseline 0.001 -14"><span class='ocrx_word' id='word_1_724' title='bbox 1982 4589 2058 4626; x_wconf 90' lang='lat' dir='ltr'>na</span> <span class='ocrx_word' id='word_1_725' title='bbox 2137 4575 2353 4626; x_wconf 87' lang='lat' dir='ltr'>terrore</span> <span class='ocrx_word' id='word_1_726' title='bbox 2404 4567 2656 4623; x_wconf 68' lang='lat' dir='ltr'>infandae</span> <span class='ocrx_word' id='word_1_727' title='bbox 2725 4568 3017 4640; x_wconf 82' lang='lat' dir='ltr'>Opinionis</span> <span class='ocrx_word' id='word_1_728' title='bbox 3093 4570 3388 4627; x_wconf 80' lang='lat' dir='ltr'>daemones</span> <span class='ocrx_word' id='word_1_729' title='bbox 3468 4585 3636 4628; x_wconf 84' lang='lat' dir='ltr'>aver-</span> 
     </span>
    </p>
   </div>
   <div class='ocr_carea' id='block_1_87' title="bbox 1986 4664 2258 4716">
    <p class='ocr_par' dir='ltr' id='par_1_87' title="bbox 1986 4664 2258 4716">
     <span class='ocr_line' id='line_1_89' title="bbox 1986 4664 2258 4716; baseline 0.007 -2"><span class='ocrx_word' id='word_1_730' title='bbox 1986 4664 2192 4716; x_wconf 83' lang='lat' dir='ltr'>terent.</span> <span class='ocrx_word' id='word_1_731' title='bbox 2231 4680 2258 4708; x_wconf 74' lang='grc' dir='ltr'><strong>η</strong></span> 
     </span>
    </p>
   </div>
   <div class='ocr_carea' id='block_1_88' title="bbox 2063 4745 3628 4818">
    <p class='ocr_par' dir='ltr' id='par_1_88' title="bbox 2063 4745 3628 4818">
     <span class='ocr_line' id='line_1_90' title="bbox 2063 4745 3628 4818; baseline 0.003 -16"><span class='ocrx_word' id='word_1_732' title='bbox 2063 4746 2472 4818; x_wconf 88' lang='lat' dir='ltr'>Interpositam</span> <span class='ocrx_word' id='word_1_733' title='bbox 2499 4745 2708 4802; x_wconf 91' lang='lat' dir='ltr'>deinde</span> <span class='ocrx_word' id='word_1_734' title='bbox 2737 4747 3044 4804; x_wconf 84' lang='lat' dir='ltr'>Frontonis</span> <span class='ocrx_word' id='word_1_735' title='bbox 3075 4749 3482 4806; x_wconf 89' lang='lat' dir='ltr'>auctoritatem</span> <span class='ocrx_word' id='word_1_736' title='bbox 3514 4749 3628 4806; x_wconf 89' lang='lat' dir='ltr'>Oc-</span> 
     </span>
    </p>
   </div>
   <div class='ocr_carea' id='block_1_89' title="bbox 1992 4835 3636 4910">
    <p class='ocr_par' dir='ltr' id='par_1_89' title="bbox 1992 4835 3636 4910">
     <span class='ocr_line' id='line_1_91' title="bbox 1992 4835 3636 4910; baseline 0.001 -18"><span class='ocrx_word' id='word_1_737' title='bbox 1992 4837 2180 4892; x_wconf 89' lang='lat' dir='ltr'>tavius</span> <span class='ocrx_word' id='word_1_738' title='bbox 2205 4835 2482 4892; x_wconf 86' lang='lat' dir='ltr'>facillime</span> <span class='ocrx_word' id='word_1_739' title='bbox 2504 4835 2790 4892; x_wconf 82' lang='lat' dir='ltr'>inﬁrmat:</span> <span class='ocrx_word' id='word_1_740' title='bbox 2816 4859 2837 4887; x_wconf 78' lang='grc' dir='ltr'>ι</span> <span class='ocrx_word' id='word_1_741' title='bbox 2868 4838 3088 4906; x_wconf 85' lang='lat' dir='ltr'>Tuus,»</span> <span class='ocrx_word' id='word_1_742' title='bbox 3106 4839 3636 4910; x_wconf 88' lang='lat' dir='ltr'>siquidem,quem-</span> 
     </span>
    </p>
   </div>
   <div class='ocr_carea' id='block_1_90' title="bbox 1989 4923 3632 4997">
    <p class='ocr_par' dir='ltr' id='par_1_90' title="bbox 1989 4923 3632 4997">
     <span class='ocr_line' id='line_1_92' title="bbox 1989 4923 3632 4997; baseline -0.001 -16"><span class='ocrx_word' id='word_1_743' title='bbox 1989 4926 2304 4982; x_wconf 90' lang='lat' dir='ltr'>admodum</span> <span class='ocrx_word' id='word_1_744' title='bbox 2359 4923 2455 4979; x_wconf 88' lang='lat' dir='ltr'>ille</span> <span class='ocrx_word' id='word_1_745' title='bbox 2506 4925 2896 4997; x_wconf 85' lang='lat' dir='ltr'>prosequitur,</span> <span class='ocrx_word' id='word_1_746' title='bbox 2943 4947 2972 4976; x_wconf 84' lang='lat'><strong>«</strong></span> <span class='ocrx_word' id='word_1_747' title='bbox 3022 4928 3251 4995; x_wconf 88' lang='lat' dir='ltr'>Fronto,</span> <span class='ocrx_word' id='word_1_748' title='bbox 3286 4943 3400 4982; x_wconf 87' lang='lat' dir='ltr'>non</span> <span class='ocrx_word' id='word_1_749' title='bbox 3435 4930 3498 4981; x_wconf 87' lang='lat' dir='ltr'>ut</span> <span class='ocrx_word' id='word_1_750' title='bbox 3546 4925 3632 4980; x_wconf 86' lang='lat' dir='ltr'>af-</span> 
     </span>
    </p>
   </div>
   <div class='ocr_carea' id='block_1_91' title="bbox 1991 5013 3638 5084">
    <p class='ocr_par' dir='ltr' id='par_1_91' title="bbox 1991 5013 3638 5084">
     <span class='ocr_line' id='line_1_93' title="bbox 1991 5013 3638 5084; baseline -0.001 -14"><span class='ocrx_word' id='word_1_751' title='bbox 1991 5016 2272 5082; x_wconf 82' lang='lat' dir='ltr'>firmator,</span> <span class='ocrx_word' id='word_1_752' title='bbox 2327 5013 2734 5070; x_wconf 83' lang='lat' dir='ltr'>testimonium</span> <span class='ocrx_word' id='word_1_753' title='bbox 2784 5015 2939 5084; x_wconf 89' lang='lat' dir='ltr'>fecit,</span> <span class='ocrx_word' id='word_1_754' title='bbox 2999 5016 3102 5072; x_wconf 88' lang='lat' dir='ltr'>sed</span> <span class='ocrx_word' id='word_1_755' title='bbox 3159 5015 3508 5083; x_wconf 91' lang='lat' dir='ltr'>convicium,</span> <span class='ocrx_word' id='word_1_756' title='bbox 3568 5016 3638 5069; x_wconf 85' lang='lat' dir='ltr'>ut</span> 
     </span>
    </p>
   </div>
   <div class='ocr_carea' id='block_1_92' title="bbox 1989 5103 3636 5175">
    <p class='ocr_par' dir='ltr' id='par_1_92' title="bbox 1989 5103 3636 5175">
     <span class='ocr_line' id='line_1_94' title="bbox 1989 5103 3636 5175; baseline -0.002 -14"><span class='ocrx_word' id='word_1_757' title='bbox 1989 5110 2183 5161; x_wconf 87' lang='lat' dir='ltr'>orator</span> <span class='ocrx_word' id='word_1_758' title='bbox 2223 5104 2492 5175; x_wconf 89' lang='lat' dir='ltr'>aspersit.</span> <span class='ocrx_word' id='word_1_759' title='bbox 2530 5128 2553 5158; x_wconf 75' lang='grc' dir='ltr'><strong><em>ι</em></strong></span> <span class='ocrx_word' id='word_1_760' title='bbox 2605 5104 2746 5171; x_wconf 93' lang='lat' dir='ltr'>Quis</span> <span class='ocrx_word' id='word_1_761' title='bbox 2795 5109 2989 5160; x_wconf 88' lang='lat' dir='ltr'>autem</span> <span class='ocrx_word' id='word_1_762' title='bbox 3021 5121 3136 5162; x_wconf 88' lang='lat' dir='ltr'>non</span> <span class='ocrx_word' id='word_1_763' title='bbox 3169 5104 3325 5160; x_wconf 86' lang='lat' dir='ltr'>videt</span> <span class='ocrx_word' id='word_1_764' title='bbox 3372 5103 3482 5160; x_wconf 90' lang='lat' dir='ltr'>hoc</span> <span class='ocrx_word' id='word_1_765' title='bbox 3524 5118 3636 5158; x_wconf 91' lang='lat' dir='ltr'>no-</span> 
     </span>
    </p>
   </div>
   <div class='ocr_carea' id='block_1_93' title="bbox 1990 5193 3634 5266">
    <p class='ocr_par' dir='ltr' id='par_1_93' title="bbox 1990 5193 3634 5266">
     <span class='ocr_line' id='line_1_95' title="bbox 1990 5193 3634 5266; baseline -0.001 -16"><span class='ocrx_word' id='word_1_766' title='bbox 1990 5195 2167 5264; x_wconf 88' lang='lat' dir='ltr'>mine,</span> <span class='ocrx_word' id='word_1_767' title='bbox 2201 5197 2350 5261; x_wconf 72' lang='lat' dir='ltr'>tum,</span> <span class='ocrx_word' id='word_1_768' title='bbox 2381 5194 2690 5266; x_wconf 89' lang='lat' dir='ltr'>perspicue</span> <span class='ocrx_word' id='word_1_769' title='bbox 2719 5193 2998 5250; x_wconf 89' lang='lat' dir='ltr'>declarari</span> <span class='ocrx_word' id='word_1_770' title='bbox 3028 5193 3492 5260; x_wconf 88' lang='lat' dir='ltr'>Frontonem,de</span> <span class='ocrx_word' id='word_1_771' title='bbox 3521 5207 3634 5264; x_wconf 90' lang='lat' dir='ltr'>quo</span> 
     </span>
    </p>
   </div>
   <div class='ocr_carea' id='block_1_94' title="bbox 1990 5281 3636 5356">
    <p class='ocr_par' dir='ltr' id='par_1_94' title="bbox 1990 5281 3636 5356">
     <span class='ocr_line' id='line_1_96' title="bbox 1990 5281 3636 5356; baseline -0.001 -16"><span class='ocrx_word' id='word_1_772' title='bbox 1990 5301 2170 5356; x_wconf 88' lang='lat' dir='ltr'>supra</span> <span class='ocrx_word' id='word_1_773' title='bbox 2201 5283 2480 5353; x_wconf 82' lang='lat' dir='ltr'>diximus,</span> <span class='ocrx_word' id='word_1_774' title='bbox 2536 5289 2828 5340; x_wconf 90' lang='lat' dir='ltr'>oratorem</span> <span class='ocrx_word' id='word_1_775' title='bbox 2876 5283 3058 5338; x_wconf 87' lang='lat' dir='ltr'>fuisse</span> <span class='ocrx_word' id='word_1_776' title='bbox 3106 5282 3430 5352; x_wconf 90' lang='lat' dir='ltr'>ethnicum,</span> <span class='ocrx_word' id='word_1_777' title='bbox 3463 5281 3636 5351; x_wconf 81' lang='lat' dir='ltr'>cujus</span> 
     </span>
    </p>
   </div>
   <div class='ocr_carea' id='block_1_95' title="bbox 1989 5369 3637 5445">
    <p class='ocr_par' dir='ltr' id='par_1_95' title="bbox 1989 5369 3637 5445">
     <span class='ocr_line' id='line_1_97' title="bbox 1989 5369 3637 5445; baseline -0.001 -17"><span class='ocrx_word' id='word_1_778' title='bbox 1989 5372 2231 5445; x_wconf 91' lang='lat' dir='ltr'>proinde</span> <span class='ocrx_word' id='word_1_779' title='bbox 2287 5370 2691 5427; x_wconf 88' lang='lat' dir='ltr'>testimonium</span> <span class='ocrx_word' id='word_1_780' title='bbox 2741 5375 2942 5426; x_wconf 90' lang='lat' dir='ltr'>contra</span> <span class='ocrx_word' id='word_1_781' title='bbox 2991 5370 3356 5428; x_wconf 89' lang='lat' dir='ltr'>Christianos</span> <span class='ocrx_word' id='word_1_782' title='bbox 3415 5369 3637 5427; x_wconf 88' lang='lat' dir='ltr'>nullius</span> 
     </span>
    </p>
   </div>
   <div class='ocr_carea' id='block_1_96' title="bbox 1990 5459 2737 5531">
    <p class='ocr_par' dir='ltr' id='par_1_96' title="bbox 1990 5459 2737 5531">
     <span class='ocr_line' id='line_1_98' title="bbox 1990 5459 2737 5531; baseline -0.005 -13"><span class='ocrx_word' id='word_1_783' title='bbox 1990 5461 2275 5518; x_wconf 89' lang='lat' dir='ltr'>momenti</span> <span class='ocrx_word' id='word_1_784' title='bbox 2305 5477 2434 5517; x_wconf 91' lang='lat' dir='ltr'>esse</span> <span class='ocrx_word' id='word_1_785' title='bbox 2465 5463 2689 5531; x_wconf 89' lang='lat' dir='ltr'>poterat</span> <span class='ocrx_word' id='word_1_786' title='bbox 2709 5459 2737 5514; x_wconf 84' lang='lat'><strong>?</strong></span> 
     </span>
    </p>
   </div>
   <div class='ocr_carea' id='block_1_97' title="bbox 2060 5547 3642 5623">
    <p class='ocr_par' dir='ltr' id='par_1_97' title="bbox 2060 5547 3642 5623">
     <span class='ocr_line' id='line_1_99' title="bbox 2060 5547 3642 5623; baseline 0.002 -18"><span class='ocrx_word' id='word_1_787' title='bbox 2060 5551 2298 5621; x_wconf 89' lang='lat' dir='ltr'>Verum,</span> <span class='ocrx_word' id='word_1_788' title='bbox 2347 5554 2410 5605; x_wconf 88' lang='lat' dir='ltr'>ut</span> <span class='ocrx_word' id='word_1_789' title='bbox 2439 5549 2496 5602; x_wconf 92' lang='lat' dir='ltr'>id</span> <span class='ocrx_word' id='word_1_790' title='bbox 2526 5547 2743 5604; x_wconf 89' lang='lat' dir='ltr'>clarius</span> <span class='ocrx_word' id='word_1_791' title='bbox 2771 5553 2983 5620; x_wconf 89' lang='lat' dir='ltr'>pateat,</span> <span class='ocrx_word' id='word_1_792' title='bbox 3026 5550 3294 5607; x_wconf 86' lang='lat' dir='ltr'>Octavius</span> <span class='ocrx_word' id='word_1_793' title='bbox 3323 5551 3642 5623; x_wconf 88' lang='lat' dir='ltr'>impuden-</span> 
     </span>
    </p>
   </div>
   <div class='ocr_carea' id='block_1_98' title="bbox 1988 5635 3645 5714">
    <p class='ocr_par' dir='ltr' id='par_1_98' title="bbox 1988 5635 3645 5714">
     <span class='ocr_line' id='line_1_100' title="bbox 1988 5635 3645 5714; baseline -0.002 -16"><span class='ocrx_word' id='word_1_794' title='bbox 1988 5645 2108 5699; x_wconf 86' lang='lat' dir='ltr'>tem</span> <span class='ocrx_word' id='word_1_795' title='bbox 2155 5640 2318 5698; x_wconf 89' lang='lat' dir='ltr'>illam</span> <span class='ocrx_word' id='word_1_796' title='bbox 2365 5635 2672 5713; x_wconf 89' lang='lat' dir='ltr'>gentilium</span> <span class='ocrx_word' id='word_1_797' title='bbox 2723 5637 3104 5710; x_wconf 86' lang='lat' dir='ltr'>calumniam,</span> <span class='ocrx_word' id='word_1_798' title='bbox 3154 5638 3645 5714; x_wconf 88' lang='lat' dir='ltr'>singularemque</span> 
     </span>
    </p>
   </div>
  </div>
