3942 6162
489 314 605 374 515

1771 307 1876 367 DE
1917 304 2222 368 MlNUGlI
2265 305 2609 369 OCTAVIO
3698 326 3790 382 516

485 442 884 500 innocentiam
938 439 1403 497 Christianorum
1453 438 1729 510 patefacit
1793 454 1860 494 ex
1918 438 2132 494 sobriis
2160 441 2214 506 Α
2246 438 2491 505 duxerit,
2509 441 2740 510 reputat
2769 454 2884 493 non
2916 437 2975 492 in
3008 437 3185 492 alium
3217 454 3379 510 quam
3409 443 3460 499 in
3486 455 3789 517 procreanda

485 531 721 588 illorum
753 529 1410 600 conviviis,summaque
1433 527 1805 599 potissimum
1841 527 2128 596 castitate,

487 635 664 691 quam
693 618 790 674 ille
819 624 941 674 tam
972 633 1103 672 vere
1137 632 1311 688 quam
1344 615 1684 688 simpliciter
1709 615 1867 672 hunc
1899 615 2134 688 exponit

485 707 546 764 in
579 707 820 764 modum
855 723 868 762 :
911 726 932 755 α
977 706 1094 761 Nos
1124 706 1406 777 pudorem
1456 721 1572 761 non
1605 705 1772 773 facie,
1804 705 1904 761 sed
1939 708 2132 760 mente

484 801 854 869 praestamus.
891 794 1078 851 Unius
1120 793 1476 850 matrimonii
1500 793 1733 850 vinculo
1766 792 2013 849 libenter
2042 793 2131 848 in-

486 885 812 952 haeremus;
845 883 1220 955 cupiditatem
1255 884 1597 955 procreandi
1649 888 1751 938 aut
1791 899 1966 938 unam
2018 881 2130 938 sci-

487 990 643 1042 mus,
668 976 770 1029 aut
798 972 1076 1028 nullam.»
1114 971 1354 1027 Minucii
1384 972 1579 1044 itaque
1607 976 1867 1044 tempore
1890 988 1957 1027 ea
1985 974 2131 1040 erat,

487 1079 856 1135 semperque,
886 1078 956 1117 ex
984 1061 1198 1116 Christi
1253 1066 1559 1133 praecepto,
1601 1077 1730 1116 esse
1761 1060 1963 1116 debuit
1994 1077 2133 1116 con-

480 1153 695 1224 jugum
724 1150 1194 1206 Christianorum
1225 1150 1587 1205 castimonia.
1614 1151 1704 1217 At,
1736 1149 1976 1219 majoris
2009 1163 2136 1220 per-

488 1238 754 1297 fectionis
785 1239 1000 1306 studio,
1049 1238 1248 1311 plures
1289 1237 1450 1294 nullo
1481 1255 1739 1309 unquam
1771 1237 2131 1293 matrimonii

487 1327 719 1387 vinculo
751 1328 1030 1401 colligati,
1064 1329 1122 1383 in
1153 1331 1434 1399 perpetua
1462 1327 1795 1399 virginitate
1822 1342 2132 1400 permane-

489 1420 651 1476 bant.
701 1417 915 1473 Verum
973 1420 1208 1489 praestat
1256 1433 1461 1472 rursus
1509 1420 1805 1472 auctorem
1863 1417 2131 1470 nostrum

490 1509 563 1564 de
601 1506 701 1562 illa
743 1508 1079 1578 loquentem
1127 1505 1373 1560 audire:
1410 1527 1438 1556 «
1477 1505 1748 1577 Plerique
1780 1502 2064 1572 inviolati,
2097 1525 2125 1554 »

490 1597 593 1666 ait,
631 1595 949 1666 «corporis
1005 1594 1340 1667 virginitate
1386 1600 1663 1666 perpetua
1707 1595 1984 1649 fruuntur
2030 1609 2130 1664 po-

488 1685 609 1742 tius
639 1701 816 1756 quam
847 1683 1191 1756 gloriantur.
1213 1683 1464 1738 Tantum
1491 1683 1691 1755 itaque
1721 1684 1891 1738 abeat
1923 1682 2131 1738 incesti

489 1774 722 1846 cupido,
757 1777 820 1829 ut
861 1772 1158 1828 nonnullis
1189 1773 1384 1828 rubori
1417 1772 1496 1827 sit
1542 1773 1715 1828 etiam
1752 1771 1963 1844 pudica
1993 1788 2128 1827 con-

481 1863 732 1936 junctio.
757 1883 785 1912 »
816 1862 900 1916 lbi
941 1878 1076 1918 vero
1109 1861 1200 1917 his
1230 1861 1440 1931 verbis,
1488 1883 1516 1912 «
1573 1862 1871 1916 Fruuntur
1910 1860 2125 1933 potius,

486 1967 662 2024 quam
693 1950 1074 2023 gloriantur,»
1097 1950 1361 2006 ethnicos
1392 1949 1580 2005 obiter
1604 1949 2128 2022 perstringit,apud

489 2057 639 2112 quos
666 2039 935 2106 vestales,
971 2044 1028 2094 et
1057 2038 1262 2094 matris
1293 2040 1468 2094 deum
1499 2040 1830 2094 sacerdotes
1860 2040 1932 2094 de
1955 2037 2130 2110 virgi-

487 2129 670 2184 nitate
691 2143 797 2184 sua
827 2126 1014 2198 magis
1031 2127 1633 2199 gloriabantur,quam
1660 2143 1857 2183 revera
1877 2127 2133 2182 frueren-

487 2218 603 2272 tur.
634 2215 745 2272 Sed
777 2216 848 2270 de
878 2215 970 2270 his
1003 2214 1176 2270 infra.

561 2337 960 2395 Tertullianus
982 2337 1157 2393 etiam
1177 2339 1248 2394 ad
1264 2339 1530 2394 eamdem
1549 2338 1929 2396 falsissimam
1949 2339 2134 2397 ethni-

490 2443 694 2483 corum
739 2426 1206 2483 criminationem
1258 2427 1528 2482 similiter
1558 2429 1873 2500 respondet
1905 2447 1918 2485 :
1953 2453 1981 2479 ‹‹
2016 2429 2132 2485 Nos

496 2516 568 2572 ab
600 2515 710 2571 isto
741 2519 948 2570 eventu
981 2514 1433 2588 diligentissima
1454 2521 1509 2572 et
1531 2516 1871 2573 fidelissima
1893 2517 2134 2574 castitas

491 2603 678 2676 sepsit
706 2628 721 2671 ;
753 2608 1154 2677 quantumque
1174 2605 1246 2660 ab
1273 2605 1494 2677 stupris
1517 2606 1663 2661 etab
1682 2607 1838 2662 omni
1863 2612 1994 2679 post
2016 2624 2136 2662 ma-

491 2691 835 2748 trimonium
866 2709 1128 2760 excessu,
1160 2697 1390 2749 tantum
1422 2698 1479 2750 et
1509 2695 1581 2749 ab
1612 2695 1818 2750 incesti
1851 2713 1992 2751 casu
2025 2695 2134 2750 tuli

492 2799 722 2838 sumus.
755 2781 1001 2847 Quidam
1035 2782 1215 2838 multo
1247 2783 1565 2840 securiores
1595 2789 1775 2840 totam
1807 2785 1923 2840 vim
1956 2785 2134 2856 hujus

491 2871 708 2927 erroris
737 2871 962 2942 virgine
1010 2871 1373 2927 continentia
1404 2872 1725 2944 depellunt,
1752 2890 1921 2929 senes
1971 2874 2135 2944 pueri

492 2959 670 3032 (Tert.
704 2960 950 3031 Apolog.,
998 2975 1127 3031 cap.
1175 2961 1230 3030 9,
1284 2976 1417 3032 pag.
1467 2963 1573 3030 10).
1627 2984 1656 3011 ››
1704 2967 1882 3017 Senes
1925 2978 2135 3032 pueros

491 3048 572 3104 ibi
600 3051 766 3104 vocat
797 3048 898 3120 qui
929 3049 999 3104 ad
1031 3050 1346 3105 senectutis
1371 3067 1554 3121 usque
1584 3054 1818 3122 tempus
1851 3051 2133 3122 puerilem

2158 1809 2205 1874 B
2234 1799 2323 1855 καὶ
2413 1796 2748 1877 σεμνότεροι,

2237 527 2455 584 sobolis
2485 526 2682 582 ﬁnem.
2719 527 3218 593 Quemadmodum
3251 529 3394 585 enim
3422 536 3791 610 agricola,post.

2239 630 2415 686 quam
2450 615 2676 670 semina
2721 623 2880 670 terrae
2912 615 3227 681 mandavit,
3271 619 3465 676 messis
3490 625 3692 696 tempus
3716 645 3791 684 ex-

2240 707 2465 775 spectat
2484 719 2588 758 nec
2613 701 2729 759 alia
2757 702 3236 775 superinjicit,sic
3263 706 3422 762 nobis
3449 710 3606 765 etiam
3626 729 3792 770 concu-

2240 793 2536 864 piscentia:
2570 793 2778 848 modus
2811 792 3126 848 liberorum
3167 796 3538 864 procreatione
3575 799 3796 859 definitur

2244 881 2506 936 Invenias
2537 885 2732 936 autem
2766 881 2982 936 multos
3013 897 3081 936 ex
3119 883 3329 939 nostris
3358 884 3412 938 in
3445 891 3661 958 utroque
3688 908 3794 946 sexu

2242 970 2342 1040 qui
2374 970 2433 1024 in
2482 969 2747 1025 czslibatu
2797 975 3236 1041 consenescant,
3288 973 3434 1044 quod
3479 973 3533 1029 in
3561 974 3653 1031 hoc
3679 984 3796 1034 statu

2242 1056 2357 1112 Deo
2389 1056 2820 1128 conjunctiores
2858 1074 2920 1114 se
2951 1059 3180 1113 futuros
3209 1067 3559 1130 cognoscant.
3592 1085 3616 1112 »
3641 1064 3799 1136 (Athe-

2241 1161 2374 1217 nag.
2410 1146 2571 1216 Legat
2597 1161 2696 1217 pro
2727 1146 3045 1212 Christian.,
3079 1163 3213 1220 pag.
3246 1147 3313 1202 36
3341 1153 3394 1202 et
3418 1153 3587 1221 seqq.)

2312 1268 2592 1341 Denique,
2653 1273 2717 1325 ut
2772 1268 2919 1326 alios
2986 1270 3345 1340 omittamus,
3393 1272 3617 1346 Origene
3666 1282 3802 1346 certe,

2239 1356 2476 1413 frivolas
2505 1357 2652 1413 Celsi
2705 1358 3099 1416 cavillationes
3145 1361 3490 1417 confutando
3526 1362 3693 1432 palam
3720 1367 3805 1420 uti-

2239 1462 2350 1517 que
2381 1445 2519 1502 facit
2545 1446 2699 1503 viros
2730 1464 2796 1503 ac
2827 1447 3122 1520 mulieres,
3156 1451 3290 1521 post
3319 1449 3509 1505 datum
3527 1451 3808 1510 Christiana

2239 1535 2503 1608 religioni
2527 1553 2760 1603 nomen,
2793 1539 2954 1592 tanto
2987 1537 3166 1594 fuisse
3197 1539 3488 1606 castiores,
3519 1546 3708 1610 quanto
3734 1559 3810 1598 an-

2238 1628 2332 1679 tea
2363 1624 2577 1696 impuri
2611 1625 3008 1698 impudicique
3039 1627 3284 1682 fuerant.
3321 1627 3402 1696 Ἐξ
3432 1626 3489 1680 οὗ
3519 1624 3570 1681 δὲ
3596 1629 3808 1702 παρειλή-

2241 1733 2364 1789 φασι
2394 1712 2484 1766 τὸν
2541 1711 2729 1788 λόγον,
2780 1713 2896 1768 τινὰ
2935 1713 3136 1790 τρόπον
3163 1714 3442 1790 γεγόνασιν
3472 1715 3808 1793 ἐπιεικέστεροι,

2846 1801 2934 1856 καὶ
3029 1803 3443 1880 εὐποθέστεροι,
3543 1804 3612 1868 ὥς
3698 1827 3810 1867 τινας

2237 1889 2411 1946 αὐτῶν
2473 1889 2561 1945 διὰ
2605 1891 2696 1946 τὸν
2746 1888 2922 1967 ἔρωτα
2970 1887 3421 1968 ὑπερϐαλλούσης
3487 1894 3810 1970 καναρότητος,

2237 1977 2326 2034 καὶ
2359 1976 2536 2034 διὰτὸ
2583 1980 2958 2055 καθαρώτερον
3019 1981 3331 2054 θρησκεύειν
3381 1984 3440 2038 τὸ
3497 1990 3656 2051 Θεῖον,
3708 1982 3814 2056 μηδὲ

2237 2073 2344 2123 τῶν
2422 2067 2928 2145 συγκεχωρημένων
3012 2069 3112 2124 ὑπὸ
3194 2076 3294 2126 τοῦ
3368 2071 3528 2145 νόμου
3609 2074 3813 2127 ἀπτοσθαι

2240 2154 2586 2236 ἄφροδισέων.
2637 2182 2665 2209 ‹‹
2740 2159 2822 2214 Ex
2879 2177 2992 2232 quo
3075 2166 3274 2217 autem
3331 2167 3578 2234 tempore
3625 2163 3815 2218 verbum

2239 2253 2601 2320 receperunt,
2635 2252 2793 2304 tanto
2815 2249 3095 2322 aequiores
3124 2255 3268 2306 sunt
3311 2252 3532 2321 redditi,
3561 2252 3817 2324 graviores,

2240 2337 2715 2407 constantiores;
2767 2339 2908 2394 adeo
2958 2342 3023 2394 ut
3069 2339 3312 2411 quidam
3361 2358 3428 2396 ex
3479 2341 3626 2411 ipsis,
3667 2355 3820 2396 amore

2241 2425 2464 2481 eximia
2497 2426 2768 2498 puritatis
2798 2431 2856 2482 et
2903 2443 3019 2498 quo
3069 2428 3354 2485 castiores
3400 2429 3468 2485 ad
3519 2429 3610 2484 Dei
3643 2429 3818 2484 cultum

2243 2514 2687 2582 accederent,ne
2705 2531 2983 2571 concessa
3012 2517 3250 2588 quidem
3279 2523 3334 2574 st
3355 2517 3604 2590 legitima
3632 2522 3823 2572 utantur

2241 2602 2483 2658 Venere.
2544 2625 2574 2653 ››
2633 2603 2837 2677 (0rig.,
2896 2603 2996 2660 lib.
3059 2623 3096 2675 ι,
3152 2615 3299 2662 cont.
3362 2607 3518 2676 ϐαι,
3571 2623 3686 2678 pag.
3733 2605 3820 2675 21.)

2241 2690 2367 2746 Alio
2399 2695 2596 2747 autem
2645 2692 2704 2746 in
2757 2691 2927 2760 libro,
2979 2698 3298 2766 postquam
3347 2695 3592 2751 ostendit
3624 2691 3820 2765 gentiles

2242 2779 2625 2852 philosophos
2657 2797 2786 2836 sese
2817 2781 2874 2836 in
2926 2782 3189 2853 quolibet
3221 2783 3592 2856 impuritatis,
3623 2781 3821 2837 lascivia

2243 2873 2302 2924 et
2331 2870 2718 2941 turpitudinis
2763 2869 2886 2926 luto
2915 2871 3230 2939 volutasse,
3270 2873 3390 2928 haec
3419 2874 3486 2928 de
3531 2869 3822 2929 Chsistianis

2242 2958 2551 3030 subjungit
2580 2975 2592 3013 :
2627 2957 2688 3010 Oi
2721 2954 2778 3012 δὲ
2811 2957 2898 3012 ὑπ’
2929 2957 3100 3013 αὐτῶν
3135 2958 3222 3013 ἐπὶ
3261 2958 3474 3031 ἷδιωτίᾳ
3504 2958 3822 3030 ἐξουθενοῦμε-

2241 3065 2344 3114 νοι,
2389 3045 2478 3099 καὶ
2527 3045 2728 3121 μωροὶ,
2773 3046 2861 3100 καὶ
2912 3045 3218 3122 ἀνδράποδα
3268 3051 3398 3104 εἶναι
3448 3048 3730 3124 λεγόμενοι,
3756 3044 3824 3098 κᾶν

494 3136 890 3209 virginitatem
923 3142 1250 3194 servarunt.
1282 3142 1470 3194 Antea
1517 3155 1647 3195 vero
1684 3139 1956 3196 Justinus
1984 3143 2129 3195 Mar-

2253 3133 2412 3206 μόνον
2440 3155 2760 3189 πιστευωσιν
2792 3135 3010 3198 ἑαυτοὺς
3041 3135 3120 3210 τῷ
3149 3143 3289 3210 Θεῷ,
3323 3136 3715 3214 παραδεξάμενοι
3756 3132 3828 3198 τήν

2313 3227 2340 3238 ~
2373 3229 2410 3240 ειν
2515 3221 2543 3234 Ψ
2581 3221 2604 3240 ἢ
2637 3221 2661 3240 δ
2805 3223 2823 3240 ς
2849 3225 2860 3240 Ι
3108 3230 3133 3240 ~
3279 3227 3292 3240 ε
3370 3225 3413 3240 Α.
3595 3226 3608 3236 ε
3671 3221 3687 3240 Χ
3762 3220 3770 3240 Ι

497 3229 590 3298 tyr
618 3225 762 3282 illud
794 3225 888 3282 his
918 3226 1108 3282 verbis
1137 3227 1566 3294 declaraverat;
1604 3227 1702 3281 Καὶ
1732 3224 1942 3282 πολλοῖ
1994 3247 2135 3289 τινες

497 3311 588 3368 καὶ
639 3311 846 3368 πολλαὶ
901 3312 1297 3386 ἐξηκοντοῦται,
1357 3314 1447 3369 καὶ
1521 3310 2036 3388 ἐϐδομηκοντοῦται,
2087 3313 2142 3370 οἳ

497 3399 558 3456 ἐκ
635 3398 864 3457 παιδίων
936 3400 1374 3476 ἐμαθητεύθησαν
1450 3407 1530 3476 τῷ
1601 3405 1835 3478 Χριστῷ,
1915 3403 2140 3482 ἄφθοροι

499 3487 831 3563 διαμένουσν
891 3489 982 3546 καί
1037 3489 1270 3568 εὔχομαι
1327 3492 1464 3547 κατά
1519 3495 1668 3552 50]
1703 3499 1805 3549 πᾶν
1845 3492 2017 3570 γένος,
2050 3493 2140 3549 ἀν-

499 3579 731 3652 θρώπων
806 3578 1088 3642 τοιούτους
1171 3579 1358 3654 δεῖξαι.
1418 3606 1448 3633 ‹‹
1526 3583 1806 3640 Permulti
1885 3585 2140 3657 profecto

501 3683 676 3724 sexus
706 3668 1014 3742 utriusque
1043 3675 1102 3726 et
1131 3672 1430 3744 sexaginta
1467 3677 1525 3728 et
1554 3673 1926 3746 septuaginta
1957 3690 2142 3731 annos

500 3756 750 3829 nati,qui
776 3775 811 3814 a
831 3759 1026 3829 pueris
1049 3759 1422 3832 disciplinam
1443 3761 1655 3817 Christi
1678 3767 1817 3818 sunt
1845 3761 2141 3834 assectati,

500 3843 826 3918 incorrupti
857 3850 916 3902 et
965 3847 1194 3904 caelibes
1241 3854 1632 3920 perseverant.
1680 3851 1749 3906 Et
1789 3849 2004 3923 glorior
2049 3867 2144 3906 me

501 3949 607 4006 per
655 3951 827 3991 omne
875 3952 1058 4007 genus
1105 3937 1415 3993 hominum
1479 3937 1626 3994 tales
1684 3947 2144 3996 commonstrare

501 4039 694 4094 posse.
745 4046 775 4075 »
825 4025 1062 4096 (Justin.
1095 4024 1332 4099 Martyr.
1381 4027 1600 4098 Apolog.
1654 4029 1705 4095 1,
1754 4043 1886 4100 pag.
1917 4027 2032 4100 62.)
2065 4033 2144 4083 De

500 4111 594 4167 his
627 4128 798 4183 porro
850 4130 965 4169 non
1014 4113 1204 4170 solum
1253 4115 1604 4187 virginibus,
1661 4117 1760 4171 sed
1793 4116 2143 4188 conjugibus

500 4201 678 4256 etiam
709 4201 1056 4259 Christianis
1086 4203 1240 4259 idem
1290 4203 1388 4259 ille
1438 4210 1656 4276 postea,
1707 4209 1881 4275 atque
1911 4205 2145 4260 Tertul-

501 4287 695 4345 lianus
743 4295 1052 4362 nosterque
1113 4292 1428 4362 Minucius,
1500 4292 1740 4347 tradidit
1785 4292 2145 4350 Christianos

501 4377 587 4434 vel
617 4377 935 4436 liberorum
967 4381 1254 4437 duntaxat
1281 4381 1668 4437 creandorum
1695 4386 1871 4453 atque
1899 4383 2147 4438 educan-

502 4465 710 4522 dorum
741 4468 930 4539 gratia
961 4471 1308 4541 conjunctos
1348 4469 1662 4535 connubio,
1711 4469 1821 4538 vel,
1865 4486 1930 4526 eo
1977 4487 2142 4526 recu-

2246 3227 2344 3277 τοῦ
2373 3221 2545 3289 Ἰησοῦ
2577 3221 2943 3295 διδασκαλίαν,
2975 3230 3230 3282 τοσοῦτον
3267 3225 3538 3282 ἀνοδὲουσι
3587 3220 3832 3297 ἀσελγείας.

2247 3310 2336 3366 καὶ
2388 3311 2732 3386 ἀκαθαρσίας,
2785 3314 2874 3368 καὶ
2931 3316 3107 3382 πάσης
3153 3322 3258 3386 τῆς
3302 3316 3353 3372 ἐν
3386 3315 3671 3374 συνουσίαις
3698 3313 3832 3385 ἀσχηο

2253 3400 2509 3474 μοσύνης,
2598 3401 2672 3463 ὡς
2730 3401 2821 3456 καί
2895 3403 3100 3476 τρόπον
3179 3403 3408 3460 τελείων
3485 3404 3656 3478 ἱερέων
3703 3407 3834 3455 πᾶσαν

2251 3489 2531 3544 συνουσίαν
2584 3489 3054 3570 ἀποστραφέντων,
3100 3491 3352 3558 πολλοὺς
3402 3493 3570 3550 αὐτῶν
3614 3487 3840 3546 παντελῶς

2248 3577 2575 3652 καθαρεύειν,
2628 3578 2691 3634 οὗ
2762 3581 2926 3652 μόνον
2981 3582 3086 3638 ἀπὸ
3130 3585 3314 3654 πάσης
3366 3584 3556 3658 μίξεως
3588 3622 3661 3648 ..,.
3715 3577 3755 3632 ἐν
3800 3572 3841 3628 Si

2250 3673 2612 3742 Χριστιανοῖς,
2661 3668 2723 3723 o6
2771 3666 2860 3724 διὰ
2902 3671 2998 3733 τὰς
3056 3674 3201 3747 παρὰ
3254 3674 3562 3747 ἀνθρώποις
3588 3669 3750 3742 τιμὰς,
3795 3663 3840 3717 οὗ

2252 3751 2341 3807 διὰ
2400 3753 2622 3826 μισθοὺς
2679 3754 2768 3810 καὶ
2819 3756 3066 3834 ἀργύρια,
3115 3756 3240 3813 οὐδὲ
3286 3757 3374 3814 διὰ
3425 3757 3670 3833 δοξάριον,
3696 3755 3842 3808 ἀσκοῦ·

2251 3863 2304 3897 σι
2331 3844 2430 3911 τὴν
2459 3842 2699 3914 παντελῆ
2728 3845 3034 3920 παρθενίαν»
3063 3848 3151 3901 καὶ
3196 3847 3273 3910 ὥς
3305 3847 3619 3922 ἐδοκίμασαν
3639 3845 3717 3899 τὸν
3745 3839 3839 3896 Θεὸν

2248 3931 2397 4006 ἒχειν
2441 3932 2492 3986 ἐν
2542 3931 2846 4009 ἐπιγνώσει,
2888 3936 3179 4008 τηροῦνται
3210 3938 3317 3993 ὑπὸ
3346 3937 3442 3993 τοῦ
3473 3939 3619 3996 512
3648 3936 3758 3988 Θεοῦ
3805 3926 3840 3980 ἐν

2253 4019 2467 4094 δοκίμῳ
2509 4027 2605 4094 νῷ,
2652 4023 2740 4077 καὶ
2785 4027 2864 4095 τῷ
2906 4031 3079 4079 ποιεῖν
3123 4027 3191 4081 τὰ
3215 4030 3543 4098 καθήκοντα,
3574 4019 3845 4098 πληρούμε-

2251 4131 2336 4165 νοι
2403 4111 2576 4177 πάσης
2639 4110 2984 4184 δικαιοσύνης
3047 4115 3136 4169 καὶ
3205 4117 3561 4193 ἀγαθότητος.
3630 4138 3655 4164 (ι
3715 4115 3845 4166 (ἴδηθ’

2254 4217 2385 4256 rum
2417 4200 2686 4257 homines
2718 4202 2929 4269 idiotas,
2963 4205 3034 4258 ab
3074 4205 3156 4261 eis
3207 4223 3313 4278 pro
3367 4207 3548 4263 nihilo
3598 4199 3772 4268 habiti,
3799 4210 3846 4250 ac

2253 4289 2421 4346 stulti
2454 4295 2512 4345 et
2541 4289 2927 4361 illiberales,si
2963 4295 3134 4350 modo
3167 4298 3618 4352 committantse
3638 4294 3689 4348 in
3712 4289 3847 4343 ﬁdem

2254 4377 2353 4434 Dei
2384 4383 2442 4434 et
2469 4378 2793 4435 doctrinam
2821 4380 2961 4438 Jesu
2996 4383 3300 4455 recipiant,
3322 4391 3554 4442 tantum
3584 4381 3772 4439 absunt
3797 4373 3848 4428 ab

2254 4467 2412 4523 omni
2443 4467 2701 4536 lascivia,
2732 4471 3036 4542 spurcitia,
3070 4475 3442 4545 turpitudine
3473 4472 3776 4535 libidinum,
3805 4465 3849 4516 ut

504 4557 650 4624 sato,
682 4555 742 4610 in
774 4540 1143 4614 continentiae
1175 4564 1464 4632 perpetua:
1495 4557 1785 4614 mansisse
1818 4559 2148 4615 statu.Pari
2178 4540 2225 4607 Ι)
2256 4555 2315 4611 in
2341 4573 2559 4612 morem
2593 4558 2980 4628 perfectorum
3030 4563 3427 4619 sacerdotum.
3459 4563 3518 4618 in
3557 4558 3703 4617 omni
3731 4550 3849 4612 coitu

504 4657 737 4714 quoque
761 4646 932 4701 modo
954 4649 1272 4718 eademque
1296 4648 1530 4720 publica
1551 4647 1964 4704 testiﬁcatione
1979 4649 2151 4706 Athe-

504 4747 756 4801 nagoras
788 4733 1054 4806 iniquam
1085 4737 1392 4807 gentilium
1435 4737 1868 4794 accusationem
1910 4739 2150 4811 propul-

505 4824 633 4876 sat:
721 4823 951 4875 Γυναῖκα
1045 4822 1139 4894 μὲν
1227 4821 1451 4887 ἕκαστος
1534 4825 1717 4896 ἡμῶν,
1785 4825 1851 4894 ἦν
1912 4825 2149 4902 ἠγάγετο

501 4906 639 4962 κατὰ
693 4906 822 4970 τοὺς
908 4909 996 4988 ὑφ’
1103 4913 1262 4984 ἡμῶν
1347 4911 1684 4985 τεθειμένους
1768 4913 1993 4986 νόμους,
2060 4935 2150 4970 νο-

507 4995 703 5070 μίζων,
790 4996 881 5052 καὶ
957 4999 1158 5071 υαύτην
1230 5001 1394 5078 μέχρι
1468 5006 1564 5055 τοῦ
1642 4999 2148 5074 παιδοπιιήσασθαι.

502 5084 592 5148 Ὠς
675 5085 777 5162 γὰρ
863 5086 891 5141 ὁ
975 5089 1236 5164 γεουργὸς
1321 5084 1680 5144 καταϐάλλων
1769 5090 1844 5152 εἰς
1912 5098 2016 5164 γῆν
2084 5091 2153 5146 τὰ

503 5174 808 5250 σπέρματα,
894 5175 1105 5249 ἄμητον
1189 5177 1488 5254 περιμένει,
1577 5177 1676 5233 οὐκ
1759 5177 2086 5256 ἐπισπείρων
2129 5196 2140 5213 ⁸

501 5265 592 5318 καὶ
639 5264 775 5337 ἡμῖν
829 5263 1022 5339 μέτρον
1095 5266 1382 5342 ἐπιθυμίας
1439 5270 1474 5338 ἡ
1533 5265 1873 5323 παιδοποιία.
1955 5268 2150 5345 Εὕροις

505 5348 563 5405 δὲ
607 5351 666 5407 ἂν
717 5351 964 5417 πολλοὺς
1005 5360 1114 5411 τῶν
1161 5363 1283 5433 παρ’
1335 5359 1469 5430 ἡμῖν
1522 5359 1609 5411 καὶ
1641 5354 1854 5432 ἄνδρας,
1909 5356 1999 5411 καὶ
2054 5379 2150 5433 γυ-

502 5443 713 5508 ναῖκας,
813 5443 1318 5520 καταγηράσκοντας
1422 5445 1664 5522 ἀγάμους
1767 5441 1946 5500 ἐλπίδι
2056 5444 2151 5501 τοῦ

506 5525 719 5602 μᾶλλον
754 5529 1056 5588 συνέσεσθαι
1113 5535 1192 5606 τῷ
1250 5540 1384 5607 Θεῷ.
1447 5537 1648 5607 Itaque
1681 5551 1939 5604 uxorem,
1974 5552 2151 5608 quam

503 5618 830 5676 secundum
895 5627 1244 5694 approbatas
1297 5625 1467 5682 nobis
1513 5625 1670 5696 leges
1729 5625 1841 5681 sibi
1901 5626 2154 5698 quisque

2259 4644 2726 4713 abhorrentium,
2760 4648 2930 4704 multi
2963 4666 3164 4706 eorum
3196 4652 3256 4708 in
3314 4658 3504 4709 totum
3537 4653 3681 4707 caste
3709 4655 3851 4718 pure-

2259 4750 2370 4806 que
2400 4734 2611 4802 vivant,
2645 4735 2820 4792 alieni
2851 4755 2884 4794 a
2913 4755 3230 4814 congressu
3262 4743 3581 4798 mulierum
3609 4737 3758 4795 etiam
3788 4730 3852 4785 le-

2259 4823 2530 4896 gitimo...
2579 4827 2747 4897 Apud
2804 4827 3186 4899 Christianos,
3236 4849 3354 4887 non
3410 4835 3640 4904 propter
3684 4826 3851 4880 huma-

2261 4929 2366 4968 nos
2418 4913 2683 4983 honores,
2739 4932 2853 4971 non
2889 4923 3123 4989 propter
3175 4921 3474 4977 mercedes
3514 4909 3850 4992 pecuniarias,

2259 5017 2374 5057 non
2406 5007 2644 5075 propter
2692 5005 2966 5076 gloriolae
2994 5007 3149 5081 viget
3183 5009 3543 5082 virginitatis
3589 5003 3813 5062 studium
3842 5011 3852 5058 ;

2261 5095 2317 5147 et
2346 5093 2808 5166 quamprimum,
2863 5097 3339 5168 approbaverunt
3372 5101 3554 5155 Deum
3591 5093 3777 5150 habere
3811 5083 3855 5136 in

2261 5181 2488 5250 notitia,
2530 5189 2946 5240 conservantur
2988 5203 3022 5242 a
3076 5189 3186 5244 Deo
3232 5187 3288 5243 in
3337 5188 3448 5244 hac
3481 5189 3665 5242 mente
3697 5175 3859 5236 lauda-

2261 5269 2363 5324 bili
2393 5274 2450 5326 et
2479 5270 2713 5342 pietatis
2745 5273 2977 5341 ofﬁciis,
3019 5275 3174 5347 pleni
3208 5277 3366 5332 omni
3401 5276 3652 5332 bonitate
3695 5283 3750 5322 ac
3783 5263 3860 5332 λυ·

2262 5359 2420 5416 stitia
2449 5359 2638 5432 (idem,
2687 5360 2790 5416 lib.
2840 5379 2942 5429 vn,
2993 5382 3050 5436 p.
3091 5366 3196 5421 364
3243 5371 3297 5422 et
3341 5368 3532 5438 seqq.).
3565 5386 3591 5415 »
3626 5358 3701 5416 lbi
3730 5348 3859 5411 Chri-

2263 5449 2486 5505 stianos
2519 5450 2576 5505 in
2609 5451 2878 5506 castitate
2908 5457 3010 5508 aut
3040 5460 3316 5527 perpetua
3346 5452 3676 5526 virginitate
3704 5445 3863 5498 viven-

2261 5542 2349 5594 tes
2379 5539 2617 5610 opponit
2646 5539 3090 5598 Atheniensium
3124 5544 3406 5616 pontiﬁci,
3441 5542 3538 5614 qui
3587 5539 3654 5596 ad
3684 5531 3859 5592 solem-

2262 5644 2368 5684 nes
2397 5628 2771 5684 caaremonias
2800 5634 2961 5688 caste
2989 5632 3286 5690 obeundas
3315 5632 3508 5688 cicuta
3535 5628 3859 5686 utebatur,ac
