4088 6150
279 347 387 402 517

1702 349 2247 414 DlSSERTATIO.

3557 359 3678 420 518

269 476 622 548 quibusdam
656 475 926 542 ethnicis,
968 477 1068 532 sed
1111 478 1506 550 paucissimis,
1551 479 1905 553 virginibus,

2036 479 2266 557 Ζαράδου
2350 481 2519 538 πάλαι
2621 483 2821 560 Πέρσαι
2913 482 3334 559 πολιτευόμενοι
3419 488 3671 561 νόμους.

266 581 416 636 quae,
452 565 755 637 religionis
788 570 963 636 atque
996 566 1236 622 honoris
1266 573 1366 623 aut
1384 569 1672 624 mercedis
1704 570 1916 642 gratia,

263 653 421 708 sicut
452 653 552 708 ille
593 654 875 724 pontifex,
899 654 958 709 in
1006 655 1338 727 virginitate
1387 658 1735 713 videbantur
1792 674 1916 730 per-

262 759 529 798 manere.
562 743 678 798 Nos
711 747 907 798 autem
941 743 1000 798 in
1024 743 1153 800 aliis
1176 745 1691 802 dissertationibus
1715 746 1916 819 dispu-

263 832 524 885 tavimus
555 833 768 900 (tom.l
809 833 1070 902 Apparet.
1113 833 1214 888 lib.
1267 851 1371 905 In;
1421 837 1649 891 Dissert.
1699 853 1741 904 Ι,
1790 851 1916 906 cap.

261 922 315 990 5,
351 925 465 974 art.
511 921 564 984 3,
605 937 736 992 pag.
784 922 930 987 708;
981 922 1137 989 ibicL,
1175 924 1398 978 Disserl.
1436 941 1500 992 ιι,
1533 942 1660 996 cap.
1688 926 1774 992 10,
1807 928 1916 980 art.

261 1010 314 1064 4.
353 1025 490 1081 pag.
529 1010 682 1079 1021)
717 1010 787 1063 de
814 1015 1042 1064 servata
1071 1027 1105 1064 a
1134 1011 1404 1082 plurimis
1446 1012 1799 1070 Christianis
1822 1029 1922 1084 per

261 1105 462 1154 totum
496 1099 624 1152 vita
656 1115 774 1153 sum
807 1098 1162 1154 curriculum
1196 1100 1554 1157 continentia
1583 1119 1649 1157 ac
1680 1101 1920 1173 virgini-

259 1191 407 1253 tate,
442 1190 502 1241 et
532 1187 686 1258 apud
720 1190 956 1242 caeteros
979 1204 1182 1243 omnes
1198 1188 1527 1245 castissima
1559 1189 1922 1245 matrimonii

2027 571 2118 624 καὶ
2210 572 2444 646 μητράσι
2504 617 2520 644 ,

2598 572 2687 626 καὶ
2773 570 3031 652 ἀδελφαῖς
3099 621 3112 645 ,
3189 577 3276 630 καὶ
3378 577 3674 654 τυγατράσι

2032 658 2372 735 μιγνύμενοι,
2422 659 2509 715 καὶ
2558 661 2724 734 νόμον
2761 657 2985 735 ἔννομον
3042 664 3132 719 τὸν
3193 665 3528 740 παρανομίαν
3578 688 3677 722 νο-

2033 747 2300 821 μίζοντες,
2353 747 2538 819 ἐπειδὴ
2587 757 2689 820 τῆς
2736 756 2842 806 τῶν
2899 751 3094 806 ἀλιέων
3140 756 3461 828 νομοθεσίας
3512 755 3618 827 ὑπή
3653 788 3676 799 -

2026 858 2264 911 κουσαν,
2319 837 2443 901 τοὺς
2521 841 2614 913 μὲν
2692 838 2932 916 Ζαράδου
3002 841 3203 915 νόμους
3264 843 3336 906 ὠς
3407 843 3674 915 ἐπάτησαν

2028 926 2389 1000 παρανομίαν,
2446 928 2543 996 τὴν
2591 925 2647 983 δὲ
2708 927 3063 1006 εὐαγγελικήν
3124 931 3474 1010 σωφροσύνην
3535 933 3672 1003 ἠγά-

2031 1036 2233 1085 πησαν.
2271 1017 2480 1083 Persze,
2528 1040 2557 1067 ››
2587 1018 2778 1092 inquit
2807 1019 2923 1088 ille,
2959 1043 2987 1071 «
3021 1021 3120 1092 qui
3145 1038 3213 1077 ex
3248 1023 3475 1079 Zarada:
3534 1024 3674 1079 olim

2031 1104 2259 1176 legibus
2291 1107 2571 1173 viventes,
2603 1112 2660 1162 et
2690 1109 2980 1165 matribus
3011 1115 3067 1166 et
3103 1111 3402 1167 sororibus
3435 1116 3491 1167 et
3537 1111 3684 1168 filia-

2034 1193 2145 1249 bus
2171 1210 2403 1266 quoque
2437 1194 2562 1250 suis
2596 1195 3079 1268 miscebantur,et
3098 1198 3687 1270 reminjustissimam

260 1293 401 1331 usu.
429 1280 510 1330 At
540 1277 610 1330 de
642 1280 889 1347 utraque
921 1275 1020 1331 illa
1037 1276 1502 1334 Christianorum
1523 1278 1739 1335 virtute
1771 1279 1923 1334 infra
2023 1281 2200 1352 justas
2233 1280 2383 1354 legis
2415 1281 2540 1339 loco
2597 1283 2910 1353 habebant,
2960 1290 3275 1358 postquam
3325 1286 3686 1360 piscatorum

255 1364 467 1420 adhuc
504 1364 730 1435 aliquid
761 1365 1075 1422 dicendum
1115 1366 1223 1422 erit
1271 1367 1522 1438 (Πίσωνι.
1556 1369 1615 1423 in
1645 1372 1922 1435 Lactant.,

253 1469 392 1524 cap.
433 1453 532 1522 27,
565 1457 673 1506 art.
705 1453 741 1505 5
773 1456 828 1507 et
855 1454 932 1522 6).

330 1543 520 1596 Porro
550 1546 914 1608 autem,cum
942 1542 1091 1597 dixit
1104 1547 1307 1600 auctor
1328 1549 1578 1612 τιθεῖσι-,υ
1605 1544 1786 1601 Unius
1802 1562 1923 1600 ma-

254 1631 530 1686 trimonii
563 1630 796 1686 vinculo
830 1630 1076 1686 libenter
1106 1632 1479 1699 inhaeremus,
1513 1656 1541 1682 »
1566 1651 1636 1690 ne
1666 1635 1724 1689 in
1749 1640 1917 1690 tuum

255 1720 1370 1791 quaeso,animuminducas,secundum
1387 1723 1829 1778 matrimonium
1851 1723 1922 1778 ab

256 1828 322 1866 eo
355 1809 687 1881 improbari
713 1828 724 1864 :
746 1827 877 1864 nam
897 1809 1025 1864 ideo
1039 1809 1262 1865 addidit
1276 1811 1678 1879 libenter,uteo
1697 1811 1919 1883 signiﬁ-

256 1904 419 1954 caret
435 1916 614 1971 posse
628 1898 862 1970 quidem
877 1897 1580 1955 Christianumhominem
1597 1901 1915 1956 secundam

258 1989 482 2043 ducere
517 1987 884 2055 uxorem,sed
903 1986 960 2041 id
979 1987 1427 2059 exindulgentia
1444 1988 1526 2043 illi
1551 1989 1624 2045 ab
1643 1988 1922 2060 Apostolo

259 2067 530 2133 concedi.
570 2077 735 2142 Vide,
769 2075 1181 2147 silubeat,quze
1203 2093 1331 2132 eam
1357 2075 1414 2130 in
1439 2093 1561 2132 rem
1586 2075 1722 2132 alibi
1741 2077 1926 2132 anim-

258 2166 636 2222 advertimus
660 2170 824 2236 (tom.
850 2166 870 2220 Ι
892 2166 1183 2237 Apparat..
1213 2166 1648 2239 loc.cit.,p.2015
1675 2174 1729 2222 et
1749 2165 1922 2238 seqq.)

832 2307 1230 2365 ARTICULUS
1293 2309 1362 2364 II.

264 2417 548 2485 Quomodo
627 2416 900 2470 Minucius
976 2415 1195 2472 chz’lii
1283 2420 1678 2486 argumentum
1733 2417 1926 2471 contra

335 2490 590 2543 ethnicos
622 2490 910 2556 retorquet.
953 2503 1019 2542 ac
1055 2502 1146 2541 eos
1193 2502 1318 2541 cum
1364 2488 1634 2542 matribus
1677 2493 1731 2542 et
1774 2503 1922 2543 soro-

336 2561 502 2615 ribus
535 2559 872 2614 con-nubium
911 2559 1077 2625 inire,
1104 2566 1262 2630 atque
1291 2559 1518 2614 illorum
1537 2559 1661 2614 deos
1712 2566 1922 2630 stupro,

334 2633 612 2687 adulterio
641 2635 691 2686 et
713 2633 921 2686 incestu
959 2631 1340 2701 coinquinatos
1390 2647 1460 2687 ea:
1513 2632 1760 2702 ipsorum
1814 2647 1925 2687 me-

339 2705 538 2759 moriis
581 2703 934 2758 demonstret.

343 2837 502 2894 Satis
535 2836 798 2891 Minucio
823 2838 1021 2890 nostro
1071 2851 1185 2889 non
1221 2834 1329 2888 fuit
1359 2832 1716 2889 calumniam
1749 2849 1922 2904 repu-

277 2927 414 2982 lissc
436 2925 812 2982 ethnicorum
847 2941 911 2977 ac
941 2922 1405 2978 Christianorum
1459 2921 1803 2994 patefecisse
1833 2921 1923 2976 in—

278 3018 654 3071 nocentiam:
692 3011 882 3084 pergit
911 3011 1063 3066 enim
1099 3028 1163 3066 ac
1203 3010 1582 3066 validissimis
1632 3009 1925 3065 rationum

283 3104 602 3159 momentis
645 3104 1010 3157 demonstrat
1073 3100 1356 3172 ipsosmet
1411 3100 1660 3172 gentiles
1716 3099 1925 3170 stupri,

286 3193 558 3248 adulterii
591 3196 647 3246 et
679 3191 954 3256 incestus,
989 3189 1058 3244 de
1091 3204 1203 3260 quo
1235 3188 1596 3243 Christianos
1642 3187 1926 3244 invidiose
1957 3223 2000 3290 Ο

285 3283 735 3344 criminabatur,
763 3296 892 3334 vero
922 3294 1052 3333 esse
1069 3278 1403 3334 conscios-«
1429 3278 1537 3334 Jus
1559 3300 1587 3330 »
1612 3277 1914 3349 siquidem

283 3395 309 3420 rc
341 3377 430 3426 est
462 3371 620 3442 apud
659 3370 916 3438 Persas,»
950 3367 1444 3438 quemadmodum
1478 3366 1574 3422 ille
1604 3365 1704 3432 ait,
1737 3389 1767 3417 «
1792 3367 1930 3423 mis-

278 3461 389 3514 ceri
423 3475 565 3514 cum
595 3457 914 3524 matribus;
944 3455 1764 3528 [EgyptiisetAtheniensibus
1793 3471 1926 3510 cum

273 3548 582 3605 sororibus
610 3545 874 3617 legitima
921 3544 1232 3600 connubia.
1269 3566 1297 3594 »
1343 3544 1424 3599 De
1467 3544 1658 3601 Persis
1706 3548 1924 3613 autem,

271 3643 483 3709 praeter
510 3635 941 3690 Tertullianum
974 3633 1294 3705 (Apologet.,
1328 3650 1454 3704 cap.
1504 3635 1561 3700 9,
1621 3650 1752 3706 pag.
1815 3633 1922 3705 11),

265 3728 564 3782 Tatianus
592 3724 798 3779 scribit
828 3724 1039 3779 Graecis
1071 3723 1530 3778 abominandum
1555 3722 1737 3776 videri
1768 3721 1926 3778 ﬁlius

262 3833 398 3872 cum
436 3814 736 3870 matribus
767 3813 891 3868 suis
922 3811 1329 3885 conjungi,sed
1362 3810 1509 3866 illud
1543 3812 1696 3882 apud
1722 3827 1925 3883 magos

256 3906 588 3961 Persarum
620 3917 750 3958 esse
778 3901 836 3956 in
887 3901 1094 3973 primis
1143 3899 1435 3956 laudabile
1489 3899 1742 3970 (Tatian.
1772 3898 1922 3954 Orat.

254 4005 404 4050 cont'
457 3995 661 4057 Greca,
710 4007 842 4064 pag.
902 3991 1048 4061 164].
1110 3989 1390 4061 Origenes
1447 4005 1580 4044 vero
1637 3992 1927 4046 asseverat

252 4083 489 4138 multas
523 4097 654 4136 esse
687 4079 843 4150 leges
874 4079 1091 4150 quibus
1124 4079 1308 4134 Persas
1342 4078 1496 4134 503
1526 4098 1555 4126 «
1586 4093 1701 4132 non
1723 4093 1924 4132 arcen-

247 4179 378 4241 tur,
416 4187 531 4225 nec
566 4174 782 4224 matres
812 4185 846 4223 a
877 4168 1157 4232 filiorum,
1189 4183 1294 4222 nec
1334 4171 1530 4239 patres
1580 4183 1614 4222 a
1669 4165 1922 4222 ﬁliarum

248 4259 610 4316 connubio:
651 4280 671 4306 ιι
724 4256 811 4323 Μὴ
865 4254 1170 4316 κωλύοντες
1239 4255 1529 4328 γαμεῖσθαι
1596 4258 1713 4314 τοῖς
1770 4253 1922 4309 παισὶ

255 4347 540 4421 μητερας,
594 4342 737 4418 μηδὲ
785 4344 887 4398 ὑπὸ
932 4348 1037 4398 τῶν
1089 4343 1336 4418 πατέρων
1383 4343 1479 4404 τὰς
1521 4342 1721 4396 ἑαυτῶν
1765 4345 1922 4418 θυγα-

248 4455 435 4508 τερας
467 4436 642 4507 (Orig.
679 4435 781 4490 lib.
830 4453 887 4501 ν,
918 4443 1092 4489 contr.
1138 4435 1302 4500 (3915.,
1336 4450 1468 4505 pag.
1525 4433 1672 4505 248).
1732 4433 1925 4497 Quan-

256 4537 408 4579 tum
442 4540 602 4594 porro
633 4523 692 4578 id
724 4523 876 4593 quod
909 4523 1038 4578 aliis
1052 4521 1392 4577 hominibus
1420 4520 1590 4593 plane
1621 4538 1926 4577 exsecranc

2032 1368 2193 1442 leges
2230 1369 2563 1439 audierunt,
2593 1373 2826 1429 Zaradae
2859 1373 3018 1446 leges
3041 1378 3104 1431 ut
3148 1375 3398 1431 nefarias
3454 1375 3686 1448 procul-

2033 1463 2329 1526 carunt,et
2342 1460 2733 1533 evangelicam
2751 1463 3170 1519 continentiam
3192 1463 3442 1536 amplexi
3465 1469 3618 1521 sunt.
3654 1485 3685 1516 »

2035 1547 2406 1616 Theodoret.,
2440 1553 2582 1604 tom.
2619 1551 2714 1616 IV,
2741 1567 2917 1607 serm.
2945 1553 2980 1606 9
3010 1553 3079 1608 de
3107 1555 3318 1624 Legib.,
3350 1571 3483 1626 pag.
3533 1554 3685 1627 614.)

2032 1636 2163 1691 Jam
2193 1653 2324 1692 vero
2353 1637 2422 1692 de
2453 1637 2562 1693 hac
2593 1640 2846 1695 nefanda
2879 1641 3186 1697 Persarum
3218 1642 3342 1714 lege
3361 1648 3417 1698 et
3438 1657 3683 1698 consue-

2035 1725 2237 1781 tudine
2269 1726 2656 1783 disseruimus
2689 1732 2852 1800 (tom.
2889 1730 2909 1785 Ι
2939 1732 3200 1803 Apparet.
3260 1731 3361 1787 lib.
3423 1749 3508 1800 ιιι,
3567 1732 3686 1788 Di:-

2035 1817 2158 1869 sert.
2187 1831 2249 1880 Il,
2283 1831 2407 1886 cap.
2439 1817 2528 1872 24.
2562 1822 2671 1873 art.
2712 1819 2760 1885 1,
2787 1835 2918 1890 pag.
2947 1819 3054 1873 239
3085 1820 3134 1874 el
3174 1821 3370 1892 seqq.).

2101 1921 2185 1976 Ad
2216 1921 2514 1994 Egyptios
2543 1923 3042 1997 Atheniensesque
3074 1927 3122 1982 si
3155 1926 3484 1983 veniamus.
3518 1926 3682 1984 Philo

2029 2009 2272 2066 Judazus
2329 2017 2714 2084 utrorumque
2773 2015 3114 2086 conjugium
3174 2016 3502 2088 pessimum
3553 2033 3682 2074 esse

2032 2099 2408 2170 pronuntiat:
2446 2122 2474 2151 «
2533 2101 2861 2173 Praecipitur
2944 2120 3015 2159 ne
3109 2121 3368 2160 sororem
3442 2104 3681 2178 quidem

2033 2204 2161 2244 esse
2191 2189 2518 2245 ducendam
2549 2208 2562 2258 ;
2596 2191 2906 2248 honestum
2939 2209 3082 2248 sane
3109 2197 3462 2266 praeceptum
3492 2198 3550 2250 et
3576 2211 3682 2267 ap-

2031 2281 2159 2333 tum
2209 2277 2600 2350 continentia,
2674 2281 2946 2352 quamvis
3027 2282 3483 2340 Atheniensibus
3523 2282 3551 2338 ὁ
3585 2283 3680 2356 μὲν

2034 2362 2225 2419 Σόλων
2313 2365 2682 2442 ὁμοπατρίους
2762 2365 2926 2446 ἐφιεὶς
3010 2365 3248 2445 ἄγεσθαι,
3332 2370 3428 2434 τὰς
3518 2369 3682 2444 ὀμο-

2037 2453 2301 2527 μητρίους
2353 2453 2620 2510 ἐκώλυσεν
2656 2475 2668 2488 °
2718 2456 2745 2510 ὁ
2789 2455 2846 2511 δὲ
2894 2455 3332 2531 Λακεδαιμονίων
3373 2459 3679 2533 νομοθέτης

2032 2537 2291 2616 ἔμπαλιν,
2350 2544 2439 2598 τὸν
2500 2543 2586 2600 ἐπὶ
2640 2550 2760 2608 ταῖς
2819 2546 3204 2622 ὁμογαστρίοις
3253 2547 3426 2624 γάμον
3474 2547 3682 2625 ἐπιτρέ-

2033 2634 2156 2705 ψας.
2214 2632 2298 2687 τὸν
2344 2633 2481 2708 πρὸς
2529 2635 2624 2696 τὰς
2676 2635 3044 2710 ὁμοπατρίους
3097 2636 3342 2691 ἀπεῖπενο
3387 2638 3414 2691 ὁ
3466 2634 3522 2692 δὲ
3568 2641 3677 2693 τῶν

2034 2719 2343 2794 Αἰγυπτίων
2398 2719 2681 2796 χλευάζων
2735 2724 2834 2792 τήν
2893 2723 3156 2800 ἑκατέρων
3219 2720 3500 2780 εὐλάϐειαν
3528 2770 3542 2796 ,
3603 2725 3677 2790 ὡς

2032 2808 2268 2884 ἡμίεργα
2338 2807 2765 2884 διαταττομὲνων
2800 2855 2815 2880 ,
2875 2812 3170 2890 εὐφόρησεν
3245 2814 3319 2878 είς
3400 2814 3674 2891 ἆσέλγειαν

2035 2897 2556 2971 ἐπιδαψιλευόμενος
2621 2897 3040 2976 δυσθεράπευτον
3089 2902 3249 2957 κακὸν
3319 2904 3532 2976 σώμασι
3588 2901 3679 2958 καί

2033 2988 2260 3060 ψυχαῖς,
2317 2986 2597 3062 ἀκρασίαν,
2679 2989 2769 3044 καὶ
2844 2991 3140 3066 παρασχὼν
3215 2987 3394 3046 ἄδειαν
3471 2991 3679 3054 ἁπάσας

2033 3071 2270 3152 ἀδελφὰς
2303 3073 2548 3150 ἄγεσθαι,
2598 3079 2693 3140 τάς
2750 3100 2809 3134 τε
2867 3075 3005 3142 ἰδίας
3033 3084 3129 3135 τοῦ
3183 3078 3366 3154 ἐτέρου
3395 3084 3504 3136 τῶν
3551 3080 3679 3157 ἀγο-

2036 3163 2168 3218 νέων
2197 3163 2415 3235 τοῦδε-ἣ
2476 3164 2654 3238 τοῦδε,
2705 3168 2794 3224 καὶ
2851 3169 2944 3232 τὰς
2993 3169 3043 3240 ἐξ
3095 3169 3321 3248 ἀμφοῖν,
3375 3169 3586 3232 καὶτὰς
3616 3169 3679 3225 οὐ

2036 3254 2298 3330 νεωτέρας
2344 3255 2529 3328 μόνον,
2589 3255 2735 3313 ἀλλὰ
2789 3257 2878 3313 καὶ
2927 3253 3309 3334 πρεσϐυτέρας,
3357 3258 3444 3313 καὶ
3494 3257 3680 3330 ἰσήλι-

2034 3363 2152 3414 κας,
2205 3343 2294 3398 καὶ
2350 3342 2568 3419 δίδυμοι
2618 3346 2721 3422 γὰρ
2750 3344 3021 3410 πολλάκις
3062 3346 3440 3423 ἐγεννήθησαν,
3500 3347 3594 3409 οὕς
3639 3349 3676 3418 ἠ

2039 3431 2133 3505 μὲν
2187 3431 2340 3509 φύσις
2388 3432 2501 3506 ἃμα
2550 3438 2618 3508 τῇ
2674 3437 2876 3512 γενὲσει
2927 3433 3189 3512 διήρτησέ
3235 3436 3323 3491 καὶ
3395 3433 3676 3508 διέζευξεν,

2034 3521 2070 3590 ὴ
2121 3517 2179 3576 δὲ
2227 3520 2506 3578 ἀκολωσία
2548 3523 2637 3578 καί
2686 3521 2978 3602 φιληδονία
3034 3524 3108 3587 εἷς
3158 3523 3441 3581 κοινωνίαν
3488 3523 3677 3581 ἐκάλε-

2036 3630 2120 3664 σεν
2163 3609 2545 3684 ἀκοινώνητον,
2591 3613 2682 3668 καὶ
2733 3613 2995 3690 ἁρμονίαν
3046 3615 3400 3691 ἀνάρμοστον.
3446 3639 3468 3666 ι
3501 3615 3678 3672 Solon

2035 3699 2145 3756 hoc
2175 3702 2444 3760 observat
2475 3705 2533 3759 in
2567 3705 2811 3761 uterinis
2841 3709 3070 3761 tantum
3106 3705 3424 3777 germanis,
3474 3705 3678 3762 eodem

2035 3795 2200 3863 patre
2231 3792 2530 3865 prognatis
2562 3793 2841 3866 relinquit
2870 3795 3140 3850 liberum.
3167 3795 3379 3851 Contra
3417 3795 3678 3851 Laceda-

2034 3880 2367 3938 moniorum
2398 3881 2697 3956 legislator
2726 3884 2972 3942 uterinis
3005 3901 3120 3940 non
3150 3883 3446 3940 interdicit
3461 3901 3680 3940 connu-

2035 3967 2149 4037 bio,
2185 3970 2281 4025 sed
2310 3970 2451 4026 solis
2483 3972 2686 4028 eodem
2715 3977 2878 4044 patre
2927 3973 3163 4044 genitis.
3223 3977 3300 4028 At
3352 3971 3675 4044 Egyptius,

2033 4058 2233 4115 ridens
2263 4060 2574 4133 utriusque
2596 4061 3031 4133 simplicitatem
3054 4065 3110 4117 et
3130 4061 3535 4132 semiperfecta
3552 4059 3677 4131 pla-

2035 4147 2168 4218 cita,
2204 4147 2416 4203 laxavit
2444 4148 2776 4218 libidinem,
2807 4154 2863 4206 et
2892 4151 3054 4205 auxit
3081 4150 3140 4204 in
3180 4149 3521 4222 corporibus
3551 4145 3677 4202 ani-

2036 4235 2268 4308 misque
2298 4236 2624 4294 insanabile
2647 4237 2867 4295 malum
2898 4235 3680 4309 intemperantiae,permissa

2033 4323 2268 4381 licentia
2299 4326 2549 4382 ducendi
2584 4345 2832 4396 sorores,
2870 4327 2990 4383 sive
3019 4343 3122 4399 per
3181 4325 3531 4382 alterutrum
3571 4341 3679 4397 pa-

2034 4420 2261 4470 rentem
2293 4415 2412 4472 sive
2443 4433 2546 4488 per
2575 4423 2893 4489 utrumque
2925 4419 3224 4489 cognatas,
3259 4415 3510 4486 majores
3577 4431 3679 4486 pa-

2037 4505 2177 4559 riter
2206 4509 2264 4559 et
2292 4503 2567 4574 minores,
2601 4507 2755 4562 506
2788 4505 3130 4577 aequalesve,
3165 4521 3236 4561 ne
3257 4503 3523 4576 gemellis
3551 4501 3680 4576 qui-

259 4613 416 4667 dum
442 4592 701 4679 videtur,
735 4592 1030 4666 laudabile
1065 4592 1492 4682 probatumque
1518 4610 1707 4666 Persis
1727 4611 1917 4678 fuerit,
1948 4592 1997 4658 D
2029 4593 2158 4648 dem
2175 4593 2604 4682 θκβθΡῐίεοίίυθοε
2620 4598 2832 4650 natura
2858 4594 2982 4667 ipsa
3007 4593 3190 4650 nata-1i
3204 4593 3680 4663 SBJUDXitintem'

263 4701 462 4756 disces
490 4717 558 4756 ex
588 4701 681 4756 his
712 4699 972 4755 Philonis
1000 4697 1188 4754 Judaei
1218 4698 1408 4753 verbis
1434 4716 1447 4754 :
1482 4695 1733 4772 Μητέρας
1786 4698 1837 4752 ot
1869 4697 1920 4754 ἐν

268 4785 416 4842 τέλει
451 4793 669 4863 Περσῶν
718 4787 812 4848 τὰς
869 4786 1044 4840 αὐτῶν
1103 4784 1326 4860 ἄγονται
1381 4785 1492 4856 καὶ,
1547 4785 1675 4848 τοὺς
1722 4786 1919 4864 φύντας

277 4877 335 4932 ἐκ
377 4877 583 4932 τούτων
636 4877 1038 4952 εὐγενεστάτους
1089 4879 1427 4947 νομιζουσιν,
1497 4875 1586 4928 καὶ
1644 4873 1919 4950 βασιλείας

279 4971 379 5034 τῆς
417 4966 697 5041 μεγίστης,
733 4966 806 5027 ὡς
835 4966 1023 5040 λόγος,
1054 4963 1258 5034 ἀξίους.
1290 4965 1702 5023 Honoratiores
1732 4969 1918 5024 Persea

283 5071 409 5111 cum
437 5058 723 5113 matribus
740 5057 1096 5113 contrahunt
1121 5054 1493 5110 matrimonia
1515 5059 1572 5110 et
1595 5060 1762 5112 natos
1783 5057 1918 5114 inde

284 5145 635 5202 arbitrantur
647 5144 1442 5217 nobilissimos,regioque,ut
1458 5145 1919 5218 ferunt,dignan-

281 5238 370 5289 tur
397 5235 560 5291 solio.
595 5259 626 5286 »
661 5235 869 5305 (Philo.
907 5235 1008 5289 lib.
1043 5235 1108 5290 de
1136 5233 1357 5305 special.
1398 5235 1553 5303 Leg.,
1602 5251 1732 5306 pag.
1763 5237 1916 5308 778.)

345 5327 425 5379 Ad
457 5325 580 5380 haec
610 5342 744 5381 vero
774 5325 943 5381 nobis
980 5328 1113 5396 post
1132 5322 1453 5379 Eusebium
1485 5323 1722 5393 (Euseb.
1755 5323 1852 5379 lib.
1874 5343 1914 5398 ι,

281 5416 516 5483 Ρνιῖρίιν.
550 5417 784 5486 Evang.,
817 5431 941 5486 cap.
976 5414 1028 5484 4,
1064 5429 1195 5485 pag.
1228 5411 1341 5482 11),
1374 5411 1540 5467 testis
1589 5416 1679 5468 est
1733 5413 1914 5471 Theo-

282 5500 519 5574 doretus,
557 5504 711 5559 hanc
742 5503 1157 5575 impiissimam
1191 5500 1378 5572 legem
1409 5517 1442 5555 a
1469 5501 1690 5558 Zarada
1735 5501 1915 5560 latam

281 5597 1070 5665 esse,quae,potestreceptam
1094 5591 1166 5647 ab
1184 5589 1392 5646 iisdem
1414 5589 1611 5647 Persis
1631 5591 1914 5650 Christia-

282 5693 406 5738 nam
461 5680 663 5754 ﬁdem,
721 5682 993 5753 protinus
1049 5680 1332 5752 abrogata
1390 5682 1498 5736 est.
1573 5678 1718 5734 Κατὰ
1788 5679 1913 5745 τοὺς

2029 4681 2294 4752 perantia
2323 4698 2456 4737 vero
2480 4682 2757 4738 societate
2781 4683 3076 4754 copulavit
3091 4683 3417 4739 insociabili
3428 4687 3507 4753 ,et
3528 4682 3680 4740 male

2031 4787 2157 4826 com
2165 4774 2365 4842 parata
2373 4772 2674 4841 junctura.
2688 4794 2714 4822 »
2737 4772 3294 4846 (Philo,loc.cz‘t.pag.
3309 4774 3415 4829 779
3434 4777 3484 4830 et
3503 4773 3680 4846 seqq.)

2102 4878 2389 4933 Diodorus
2431 4895 2564 4934 vero
2612 4879 2843 4936 Siculus
2896 4881 3059 4952 prius
3120 4881 3341 4936 dixerat
3395 4879 3676 4952 Egyptiis

2029 4967 2382 5040 permissum
2415 4967 2644 5040 legibus
2666 4986 2935 5027 sororum
2960 4987 3094 5027 cum
3145 4971 3424 5025 fratribus
3472 4968 3674 5038 conju-

2027 5056 2211 5128 gium,
2245 5058 2721 5128 quandoquidem
2753 5059 2860 5114 hoc
2892 5059 3028 5116 Isidi
3086 5058 3326 5114 feliciter
3377 5059 3671 5112 cesserat:

2027 5149 2224 5219 γαμεῖν
2259 5141 2494 5222 ἀδελφάς
2528 5141 2618 5200 διὰ
2645 5146 2707 5201 τὸ
2739 5146 2963 5221 γεγονὸς
3005 5145 3056 5201 ἐν
3088 5143 3304 5206 τούτοις
3333 5149 3434 5212 τῆς
3473 5138 3672 5206 Ἴσιδος

2027 5231 2288 5308 ἐπίτεγμα
2319 5235 2571 5308 (Diodor.
2605 5235 2818 5304 Sicul.,
2851 5237 2952 5293 lib.
2988 5253 3007 5291 ι
3038 5233 3319 5302 Biblioth.,
3371 5249 3502 5305 pag.
3563 5233 3673 5306 l6).

2097 5325 2374 5395 Ejusdem
2407 5324 2791 5396 iniquissimae
2821 5325 2968 5397 legis
3004 5323 3274 5381 meminit
3333 5321 3672 5391 Pausanias,

2028 5414 2124 5469 ubi
2180 5414 2250 5469 de
2306 5412 2616 5470 Ptolemaeo
2675 5430 3006 5471 sermonem
3064 5418 3148 5470 sic
3205 5406 3672 5473 habetzoﬁtocb

2025 5498 2366 5574 Πτολεμαῖος
2418 5501 2700 5575 Ἀρσινόης
2767 5499 3008 5582 ἀδελφῆς
3075 5499 3460 5579 ἀμφοτέρωθεν
3523 5499 3675 5576 ἐρασ-

2026 5590 2158 5654 θεὶς.
2192 5586 2366 5665 ἔγημε
2423 5587 2614 5664 αὐτὴν,
2641 5589 2944 5649 Μακεδόσιν
3007 5591 3263 5664 οὐδαμῶς
3314 5592 3487 5644 ποιῶν
3518 5610 3678 5664 νομι-

2025 5678 2243 5754 ζόμενα,
2274 5675 2592 5756 Αἰγυπτίοις
2634 5682 2845 5757 μέντοι,
2904 5683 2978 5738 ὧν
3039 5681 3218 5757 ἧρχε;
3255 5705 3284 5732 ιι
3329 5678 3678 5738 Ptolemaeus
3745 5739 3750 5743 ,
