4088 6150
523 276 644 335 519

1804 265 1908 325 DE
1952 262 2256 325 MINUClI
2302 262 2649 324 OCTAVIO
3742 283 3834 345 δίο

522 403 822 468 Arsinoes,
854 416 1145 473 germanas
1180 396 1397 453 sororis
1430 412 1628 452 amore
1657 397 1889 466 ductus,
1914 412 2041 451 eam
2058 394 2170 450 sibi
2199 395 2255 461 Α
2285 398 2482 450 tarum
2512 398 2633 449 tam
2665 394 2995 449 Graecorum
3028 410 3203 464 quam
3237 395 3623 473 Latinorum,et
3640 406 3837 471 aliorum

523 490 902 548 matrimonio
935 488 1219 559 adjunxit,
1246 492 1419 557 atque
1454 486 1509 540 id
1543 502 1702 552 sane,
1737 502 1849 540 non
1883 502 1951 539 ex
1982 484 2168 539 Mace-

521 579 763 649 donum,
798 578 899 633 sed
933 576 1359 648 Egyptioi'um,
1414 575 1630 646 quibus
1672 574 2017 644 imperabat,
2048 572 2171 643 lege

519 667 675 723 fecit.
710 690 738 718 «
771 668 1069 737 (Pansam,
1112 664 1216 719 lib.
1247 680 1289 731 ι,
1328 680 1460 736 pag,
1500 662 1580 736 6.)
1623 662 1886 718 Emilius
1936 676 2169 733 quoque

518 756 764 824 Probus,
797 756 919 811 sive
976 763 1177 810 auctor
1224 752 1404 809 libelli
1436 753 1499 808 de
1548 752 1687 809 Viris
1741 752 2069 815 illustribus,
2098 751 2167 805 ad

523 845 798 900 Atticum.
832 844 1035 898 eadem
1061 843 1132 897 de
1163 842 1424 897 Cimonis
1456 842 1611 913 apud
1629 839 2011 896 Athenienses
2033 854 2167 894 cum

519 932 760 1004 Elpenia
791 947 987 988 sorore
1017 948 1126 986 sua
1156 930 1427 1002 conjugio
1460 946 1731 985 narrasse
1761 928 1992 1000 legitur.
2027 927 2167 983 Plu-

518 1021 759 1078 tarchus
804 1026 1000 1075 tamen
1040 1035 1169 1075 eam
1220 1019 1292 1073 ab
1342 1017 1440 1072 illo
1498 1018 1735 1073 ductam
1796 1016 1977 1073 fuisse
2029 1015 2170 1071 dicit

521 1109 657 1183 quia
688 1126 884 1181 parem
907 1108 1135 1180 generis
1166 1107 1257 1163 sui
1290 1106 1573 1179 dignitate
1626 1122 1906 1177 sponsam
1925 1116 2039 1160 nOn
2072 1104 2167 1159 in-

512 1202 751 1253 venerat
781 1196 1125 1265 (Plutarcb.,
1161 1200 1303 1251 tom.
1348 1199 1393 1262 Ι,
1452 1194 1511 1249 in
1578 1197 1676 1250 Vit.
1740 1196 1977 1261 Cimon.,
2028 1210 2161 1265 pag.

518 1287 665 1355 481).
696 1286 1001 1341 Athenaaos
1034 1302 1166 1340 vero
1197 1283 1255 1339 id
1288 1288 1489 1339 contra
1556 1282 1713 1355 leges
1764 1285 1977 1338 factum
2036 1298 2165 1338 esse

518 1376 727 1431 asserit
756 1375 1056 1446 (Athenas,
1111 1372 1213 1428 lib.
1258 1390 1357 1427 xm
1413 1373 1665 1443 Deipnos.
1709 1389 1839 1444 pag.
1899 1372 2060 1444 589),
2092 1376 2166 1425 At

512 1465 658 1520 satis
691 1464 975 1519 hactenus
1006 1480 1040 1518 a
1072 1462 1244 1518 nobis
1295 1462 1604 1534 probatum
1658 1466 1957 1531 putamus,
2006 1460 2161 1532 quod

515 1557 715 1609 auctor
771 1558 967 1608 noster
1034 1553 1105 1607 de
1173 1552 1263 1606 his
1330 1568 1465 1606 cum
1537 1550 1978 1606 Atheniensium
2036 1554 2160 1605 tum

514 1642 911 1714 [Egyptiorum
930 1640 1192 1697 scelestis
1224 1638 1578 1711 nefariisque
1593 1656 1695 1695 con
1696 1639 1880 1711 jugiis
1895 1638 2159 1695 tradidit.

585 1732 766 1786 Instat
795 1736 987 1785 tamen
1020 1728 1116 1785 ille
1146 1730 1359 1799 acrius,
1403 1734 1459 1785 et
1510 1730 1595 1784 sic
1650 1729 1930 1784 adversus
1981 1726 2158 1783 Caeci—

512 1820 658 1876 lium
689 1820 1072 1890 ethnicosque
1101 1818 1400 1890 disputat:
1435 1840 1464 1869 ‹‹
1501 1818 1786 1874 Memoriae
1831 1823 1888 1872 et
1944 1820 2156 1889 tragcs-

514 1910 623 1964 diae
650 1913 851 1965 vestra:
882 1908 1121 1963 incestis
1154 1908 1499 1979 gloriantur,
1548 1923 1698 1977 quas
1753 1922 1853 1962 vos
1908 1904 2158 1960 libenter

512 2004 569 2053 et
596 1997 793 2069 legitis
823 2002 881 2053 et
912 1995 1149 2052 auditis.
1183 1996 1279 2051 Sic
1309 2001 1366 2050 et
1396 1997 1534 2050 deos
1574 1994 1764 2050 colitis
1818 1995 2090 2049 incestos.
2128 2016 2149 2043 ι

510 2086 919 2143 Memoriarum
956 2090 1153 2140 autem
1204 2085 1440 2141 nomine
1498 2101 1676 2155 supra
1733 2099 1877 2138 usus
1920 2084 2152 2139 fuerat:

514 2198 541 2227 ‹‹
574 2179 780 2247 Specta
809 2174 881 2230 de
909 2173 1075 2229 libris
1110 2173 1445 2229 memorias.
1482 2193 1511 2221 »
1543 2172 1610 2227 Et
1637 2173 1745 2227 hoc
1768 2172 2002 2243 quidem
2035 2189 2157 2228 ver-

512 2263 655 2318 bum
688 2263 758 2317 ab
789 2263 853 2317 A.
884 2261 1063 2317 Gellio
1107 2261 1325 2332 saepius
1372 2264 1721 2332 usurpatum
1782 2265 1889 2315 est.
1927 2260 2151 2315 Alicubi

514 2352 712 2407 enim:
748 2373 777 2401 «
808 2351 871 2405 In
912 2349 1099 2419 libris,
1135 2372 1162 2399 »
1210 2349 1423 2422 inquit,
1459 2372 1487 2399 ‹‹
1541 2350 1957 2404 memoriarum
2016 2350 2155 2405 scri-

512 2444 677 2514 ptum
706 2444 812 2495 est.
848 2461 876 2489 »
918 2440 1007 2511 (A.
1068 2437 1210 2495 Gell.
1272 2438 1372 2494 lib.
1405 2456 1441 2494 v
1498 2442 1615 2494 Noc
1672 2440 1858 2506 Attia,
1915 2455 2041 2510 cap.
2075 2439 2153 2511 5.)

508 2530 660 2587 Alibi
711 2545 844 2585 vero
924 2528 1281 2601 simplicius:
1320 2549 1348 2578 «
1399 2528 1463 2584 In
1510 2530 1802 2585 veteribus
1854 2529 2152 2584 memoriis

507 2620 793 2691 scriptum
824 2618 1095 2691 legimus.
1134 2640 1162 2668 »
1193 2616 1343 2689 (Lib.
1378 2635 1453 2687 ιγ,
1486 2618 1697 2690 cap.6.)
1724 2618 2012 2673 Memoria
2042 2617 2152 2673 ita-

507 2725 621 2781 que
652 2708 806 2764 idem
839 2710 1049 2763 sonant
1080 2724 1145 2763 ac
1177 2706 1843 2779 scripta,commentaria
1859 2714 1915 2762 et
1936 2723 2003 2763 ea
2025 2723 2150 2778 quas

506 2796 715 2853 litteris
745 2797 816 2851 ad
850 2812 1046 2850 rerum
1078 2795 1422 2851 memoriam
1455 2796 1735 2851 mandata
1755 2795 2004 2851 fuerant.
2028 2798 2150 2863 Quo

507 2885 686 2941 etiam
720 2901 896 2940 sensu
926 2883 1320 2940 Tertullianus
1351 2884 1533 2940 dixit:
1570 2907 1596 2934 ‹‹
1629 2884 2004 2939 Ιιιὶθιθεεὶθιιυ,
2030 2901 2151 2941 me-

507 2975 832 3031 moriarum
865 2973 1129 3046 (Tertull.
1162 2974 1555 3046 Apelog..cap.
1606 2974 1732 3045 18);
1787 2995 1815 3022 »
1866 2978 1921 3029 et
1978 2974 2150 3046 paulo

510 3068 662 3135 post.
700 3085 727 3114 ‹‹
779 3079 952 3118 canas
998 3062 1414 3118 memoriarum
1470 3062 1621 3133 (cap.
1682 3062 1770 3129 49,
1812 3077 1945 3134 pag.
1975 3062 2085 3135 19).
2116 3084 2144 3114 »

2282 483 2651 539 ethnicorum
2684 482 2967 552 historiis,
3000 488 3227 555 stupra,
3261 486 3525 544 adulteria
3550 496 3702 567 atque
3720 500 3841 558 ince-

2282 577 2410 627 stus
2444 572 2684 627 deorum
2710 589 2822 626 non
2850 570 3045 625 minus
3070 572 3393 643 frequenter
3411 582 3842 654 quamimpuden.

2281 663 2370 715 ter
2402 658 2719 714 decantari.
2755 659 2893 715 Vide
2924 665 3141 727 autem,
3164 662 3211 715 si
3244 669 3396 718 vacat
3445 671 3496 720 et
3538 667 3696 739 lubet,
3736 677 3844 745 quid

2279 748 2348 802 de
2388 747 2547 803 hisce
2576 748 2875 803 commdiis
2904 765 2969 803 ac
3000 749 3299 821 tragcsdiis
3320 751 3553 809 dixerint
3574 756 3847 822 Lactantius

2278 835 2502 907 (lib.v1,
2537 838 2804 904 lnslitut.,
2851 853 2979 909 cap.
3029 838 3122 905 20,
3180 855 3310 910 pag.
3365 841 3500 909 619;
3555 850 3606 899 et
3660 847 3710 902 in
3749 855 3850 923 Ερί.

2279 929 2410 980 tom.
2448 942 2499 981 ο.
2530 926 2643 997 63),
2672 924 2992 998 Cyprianus
3025 927 3219 998 (Epist.
3249 927 3317 981 ad
3338 929 3543 999 Donat,
3570 934 3702 992 305
3748 956 3851 1012 pag.

2275 1013 2354 1085 5),
2386 1014 2757 1085 Augustinus
2783 1013 2906 1083 (lib.
2940 1032 2982 1070 ιι
3014 1016 3085 1070 De
3114 1017 3265 1071 civit.
3299 1033 3419 1090 cap.
3451 1019 3483 1072 8
3531 1026 3582 1076 et
3625 1029 3785 1097 seqq.)
3807 1036 3852 1084 et

2277 1102 2395 1157 alii.
2428 1104 2534 1157 Sed
2569 1120 2675 1158 nos
2708 1102 2877 1174 plura
2907 1104 2977 1158 de
3006 1103 3123 1160 illis
3164 1105 3224 1160 in
3276 1104 3378 1161 hac
3422 1113 3480 1163 et
3526 1117 3855 1182 sequentibus

2276 1190 2795 1248 dissertationibus
2826 1192 3061 1248 nostris.

2356 1280 2483 1336 Alio
2522 1281 2757 1336 tandem
2794 1281 2967 1337 modo
2999 1280 3270 1337 Octavius
3301 1282 3555 1342 ethnicos
3592 1287 3773 1345 incesti
3804 1294 3865 1348 id-

2275 1368 2427 1424 circo
2459 1369 2653 1441 arguit
2683 1370 2835 1441 quod
2870 1369 3036 1425 liberi
3068 1387 3268 1427 recens
3302 1372 3443 1439 nati,
3476 1375 3555 1429 uti
3593 1378 3706 1446 jam
3736 1381 3861 1437 dixe-

2277 1463 2387 1525 rat,
2422 1462 2479 1513 et
2509 1476 2540 1513 a
2594 1460 2762 1515 nobis
2808 1460 2973 1531 prius
3030 1460 3400 1517 observatum
3457 1467 3544 1518 est
3595 1465 3730 1539 (cap.
3756 1486 3861 1543 sup.

2283 1547 2631 1618 art.3),sa2pe
2663 1549 2928 1620 saepiusa
2960 1550 3302 1622 parentibus
3333 1551 3455 1607 suis
3477 1564 3862 1626 exponerentur.

2278 1636 2445 1691 Haud
2470 1654 2598 1691 raro
2620 1638 2775 1693 enim
2800 1639 3097 1694 accidebat
3115 1644 3179 1694 ut
3197 1641 3538 1711 nequissimi
3565 1642 3868 1704 libidinosis-

2275 1726 2530 1797 simique
2561 1726 2643 1780 illi
2675 1734 2966 1799 parentes,
2998 1745 3130 1784 cum
3166 1728 3307 1783 ﬁliis
3340 1734 3477 1785 natu
3508 1734 3868 1804 grandioribus

2268 1818 2370 1869 aut
2393 1814 2624 1870 ﬁliabus
2655 1816 2726 1871 ad
2758 1817 3091 1873 servitutem
3126 1818 3378 1874 redactis
3409 1823 3497 1875 vel
3530 1826 3866 1880 meretriciam

2266 1902 2445 1957 vitam
2475 1905 3034 1974 agent?bus,nefario
3067 1907 3431 1975 incestu,aut
3460 1912 3778 1980 nescientes,
3796 1920 3873 1969 aut

2266 2008 2328 2047 se
2360 1993 2583 2048 nescire
2634 1993 3099 2064 dissimulantes,
3173 1996 3593 2067 polluerentur.
3651 2003 3867 2072 Quapro-

2266 2084 2395 2151 pter
2424 2079 2691 2137 Clemens
2725 2082 3193 2140 Alexandrinus:
3230 2082 3394 2139 Παιδὶ
3427 2087 3778 2162 πορνεύσαντι,
3803 2090 3873 2143 καὶ

2272 2164 2601 2243 μαχλώσαις
2667 2170 2989 2246 Θυγατράσιν
3068 2171 3434 2247 ἀγνοήσαντες
3509 2174 3758 2239 πολλάκις
3803 2178 3873 2250 μί-

2263 2277 2477 2331 γνυνται
2557 2258 2821 2335 πατέρες,
2905 2260 2967 2314 οὐ
3055 2262 3361 2335 μενημένοι
3443 2269 3549 2319 τῶν
3610 2266 3876 2322 ὲκτιθὲντων

2262 2343 2517 2418 παιδίων,
2572 2347 2663 2402 καὶ
2742 2346 2933 2425 ἄνδρας
3005 2347 3242 2405 δείκνυσι
3318 2352 3449 2410 τοὺς
3534 2356 3877 2432 γεγεννηκότας

2262 2433 2519 2509 ἀκρασίας
2580 2435 2829 2506 ἐξουσίτν
2864 2442 3030 2493 ταῦτα
3096 2440 3148 2494 oi
3208 2441 3373 2521 σοφοὶ
3439 2448 3545 2498 τῶν
3578 2444 3746 2518 νόμων
3790 2445 3879 2501 ἔπι-

2259 2522 2539 2597 τρὲπουσι.
2601 2527 2746 2583 Cum
2827 2529 3150 2595 meritorio,
3196 2531 3419 2603 inquit,
3474 2534 3590 2591 ﬁlio
3638 2542 3690 2590 et
3730 2552 3877 2591 mere-

2260 2613 2505 2670 tricibus
2532 2616 2768 2672 ﬁliabus
2800 2635 2952 2691 saepe
2983 2624 3179 2691 patres
3221 2628 3460 2679 coeunt.
3513 2625 3876 2697 Expositorum

2260 2701 2516 2759 ﬁliorum
2549 2706 2949 2778 immemores,
2982 2714 3041 2764 et
3069 2710 3230 2766 viros
3264 2712 3390 2768 ﬁeri
3425 2730 3525 2769 eos
3556 2714 3652 2787 qui
3698 2730 3880 2786 genue-

2260 2797 2399 2848 runt
2429 2794 2605 2850 efﬁcit
2636 2795 2818 2851 nimia
2845 2796 3105 2854 libidinis
3140 2798 3404 2857 licentia.
3447 2807 3578 2858 Haec
3626 2803 3881 2875 sapientes

2259 2880 2416 2954 leges
2472 2885 2879 2955 permittunt.»
2939 2886 3142 2958 (Clem.
3174 2888 3344 2945 Alex.
3411 2890 3517 2946 lib.
3568 2909 3630 2947 ιιι
3674 2891 3884 2959 Ραεάαρη

2259 2987 2386 3043 cap.
2412 2973 2466 3043 3,
2499 2989 2631 3045 pag.
2683 2975 2834 3046 226.)
2888 2977 2974 3031 Ita
3022 2976 3117 3032 ille
3175 2978 3440 3050 gentiles
3487 2987 3547 3036 et.
3603 2980 3884 3036 immanem

2258 3059 2493 3115 illorum
2525 3061 2582 3115 in
2615 3064 2970 3135 exponendis
3004 3064 3140 3120 ﬁliis
3193 3068 3494 3124 feritatem
3544 3086 3609 3125 ac
3667 3069 3883 3125 crudeli-

506 3152 663 3207 Alibi
692 3169 826 3207 vero
854 3168 866 3209 :
893 3175 920 3202 «
945 3151 1276 3208 Secundum
1312 3151 1622 3206 memorias
1648 3151 2146 3224 pepulusJudaso-
2181 3142 2223 3208 C
2261 3152 2442 3204 tatem
2473 3150 2590 3205 acri
2620 3151 2890 3208 irrisione
2919 3154 3263 3211 insectatur.
3298 3162 3421 3211 Nec
3452 3159 3736 3213 immerito
3776 3159 3884 3230 qui-

508 3257 663 3309 rum,
698 3242 753 3296 id
785 3246 875 3296 est
895 3240 1210 3312 antiquior,
1244 3239 1517 3295 derelicto
1572 3242 1702 3308 Deo,
1751 3239 1923 3295 idolis
1973 3240 2150 3295 servi-

507 3331 589 3385 vit
618 3329 741 3402 (lib.
775 3330 971 3386 adver.
1005 3330 1241 3395 Iudaeos,
1275 3345 1400 3400 cap.
1455 3329 1507 3392 1,
1567 3344 1697 3399 pag.
1756 3328 1906 3398 205).
1940 3350 1969 3379 ››
2027 3328 2151 3384 Cae-

509 3419 640 3475 cilio
664 3419 845 3491 igitur
871 3423 1024 3474 recte
1063 3417 1334 3473 Octavius
1384 3416 1694 3488 exprobrat
1744 3415 1923 3472 lectas
1981 3416 2151 3472 audi-

508 3514 716 3579 tasque
746 3506 972 3563 lubenti
1003 3507 1199 3562 animo
1237 3523 1269 3562 a
1317 3504 1639 3577 gentilibus
1686 3507 2010 3575 Memoriae,
2043 3506 2151 3563 hoc

509 3602 602 3652 est
631 3598 850 3669 scripta
878 3601 934 3652 et
961 3595 1142 3652 libros
1174 3612 1276 3651 seu
1306 3595 1681 3650 historiarum
1714 3611 1815 3650 seu
1850 3600 2149 3667 poetarum

509 3686 726 3758 quibus
759 3685 997 3757 scripto,
1027 3702 1094 3740 ac
1128 3685 1444 3756 tragoedias
1471 3684 1636 3755 queis
1685 3700 1821 3739 voce
1867 3688 1925 3738 et
1980 3691 2148 3756 gestu

503 3776 763 3831 incestus
793 3776 1032 3831 deorum
1057 3791 1299 3831 suorum
1332 3773 1921 3845 reprzesentabantur.
1970 3773 2148 3831 Nemo

502 3863 660 3920 enim
686 3867 775 3921 est
805 3864 1141 3937 quinesciat
1166 3864 1223 3919 in
1256 3862 1557 3918 comoediis
1582 3861 1996 3935 tragaediisque
2018 3878 2149 3936 poe-

2262 3238 2395 3293 dem
2445 3240 2707 3296 incestus
2756 3242 2891 3297 inde
2948 3244 3289 3315 frequenter
3347 3247 3475 3303 ﬁeri
3530 3248 3889 3319 conqueritur.

2262 3327 2670 3385 Verumtamen
2700 3330 2939 3386 Minucii
2971 3334 3152 3387 nostri
3185 3340 3401 3391 contra
3433 3337 3568 3392 illos
3613 3353 3887 3409 argumen-

2262 3418 2387 3470 tum
2422 3419 2756 3489 expressius
2793 3420 3098 3492 fusiusque
3148 3423 3568 3481 Tertullianus
3626 3428 3889 3497 (Apologet.

2261 3520 2387 3575 cap.
2420 3505 2475 3574 9)
2510 3506 2959 3580 Lactantiusque
2991 3509 3113 3581 (lib.
3164 3528 3247 3579 vr,
3310 3531 3441 3586 cap.
3497 3519 3588 3581 20,
3634 3532 3755 3586 pag.
3806 3514 3892 3566 618

2261 3597 2318 3647 et
2348 3593 2539 3666 seqq.)
2568 3603 3005 3668 prosequuntur
3030 3642 3043 3666 ,
3076 3600 3146 3655 ad
3182 3617 3341 3672 quos
3374 3608 3455 3672 te,
3519 3621 3591 3659 ne
3640 3603 3897 3674 longiores

2260 3681 2468 3748 simus,
2504 3684 2849 3740 mitiendum
2879 3688 3177 3755 duximus,
3216 3691 3415 3747 donec
3450 3710 3661 3748 novam
3696 3694 3761 3747 de
3790 3690 3894 3744 illo-

2258 3787 2390 3826 rum
2422 3771 2586 3828 libris
2616 3773 2993 3832 instituamus
3032 3777 3535 3848 disputationem.

2026 4040 2257 4099 CAPUT
2285 4044 2375 4103 XI.

586 4168 672 4229 De
703 4167 982 4231 absurdo
1014 4170 1186 4229 cultu
1212 4154 1413 4247 ’quem
1445 4166 1690 4227 asinino
1738 4165 1931 4306 capit}
2088 4170 2763 4315 sacerdgtis‘virilibus
2808 4176 3200 4241 Christianos
3244 4181 3630 4245 exhibuisse
3660 4182 3907 4246 Caecilius

1928 4265 1964 4307 a
1991 4266 2231 4310 eissime
2261 4269 2297 4311 ο
2349 4272 2449 4315 ιιθι
2485 4300 2498 4314 .

1928 4265 2231 4310 διειδδιωθ
2261 4265 2498 4331 οιῃιθιῑ.

963 4407 1218 4466 ARTlCU
1228 4408 1353 4465 LUS
1394 4406 1678 4463 PRIMUS.

508 4498 683 4569 Quam
711 4498 857 4569 falsa
886 4500 958 4554 sit
1006 4500 1118 4554 haec
1162 4498 1452 4566 accusatio,
1503 4506 1554 4554 et
1600 4500 1787 4551 utrum
1834 4494 2018 4552 Judaei
2062 4497 2145 4551 vel

574 4568 817 4624 Gnostici
865 4572 1204 4627 occasionem
1263 4572 1352 4625 illi
1397 4570 1665 4634 dederint,
1696 4585 1760 4623 ac
1802 4570 1976 4640 primi
2029 4584 2150 4623 om-

575 4641 733 4697 nium
763 4647 935 4715 caput
964 4645 1113 4699 asini
1145 4659 1341 4699 revera
1378 4642 1749 4698 adoraverint.

580 4774 749 4831 Aliud
782 4776 999 4833 ethnici
1030 4781 1150 4833 tam
1183 4777 1433 4833 absurde
1465 4776 1778 4832 conﬁctum
1835 4790 2011 4845 quam
2043 4773 2151 4828 im-

508 4864 671 4936 pium
704 4867 925 4921 crimen
957 4866 1306 4923 Christianis
1337 4866 1685 4929 inferebant,
1711 4863 1865 4935 quod
1892 4862 2152 4918 Caecilius

511 4954 600 5009 his
619 4954 808 5011 verbis
834 4955 1069 5010 Octavio
1087 4956 1335 5026 objectat
1360 4971 1371 5009 :
1395 4952 1624 5006 «Audio
1656 4969 1754 5006 eos
1800 4951 2153 5022 turpissimae

502 5043 742 5114 pecudis
775 5045 1112 5115 caputasini
1138 5047 1541 5098 consecratum
1566 5040 1762 5095 nescia
1776 5056 1891 5109 qua
1915 5056 2153 5110 persua-

503 5132 669 5188 sione
699 5134 984 5188 venerari.
1014 5156 1033 5181 o
1071 5130 1467 5187 Tertullianus
1498 5145 1629 5183 vero
1661 5128 1811 5182 hanc
1842 5127 2151 5183 ridiculam

504 5223 940 5278 accusationem
966 5220 1183 5277 clarius
1203 5217 1753 5290 explicat,illiusque
1784 5216 2151 5273 occasionem

503 5314 560 5365 et
590 5328 827 5365 causam
864 5311 953 5364 bis
983 5308 1242 5381 pateﬁcit
1280 5306 1469 5361 verbis
1499 5325 1512 5362 :
1542 5330 1569 5357 ‹‹
1621 5306 1993 5363 Somniastis.
2016 5330 2043 5359 »
2072 5308 2153 5365 ita

504 5398 602 5454 ille
661 5398 910 5471 gentiles
970 5397 1309 5468 alloquitur,
1345 5418 1372 5445 «
1422 5401 1597 5468 caput
1671 5396 1967 5452 asininum
2021 5416 2149 5455 esse

498 5487 675 5541 deum
706 5492 993 5541 nostrum.
1030 5489 1184 5541 llanc
1215 5485 1515 5543 Cornelius
1561 5486 1796 5541 Tacitus
1856 5488 2145 5558 suspicio-

494 5589 633 5631 nem
664 5574 1004 5644 bujusmodi
1035 5577 1306 5634 inseruit.
1342 5575 1396 5631 Is
1424 5576 1583 5632 enim
1614 5575 1674 5630 in
1719 5574 1925 5647 quinta
1967 5577 2144 5635 Histo-

2177 4412 2223 4477 D
2254 4414 2474 4470 riarum
2504 4432 2767 4487 suarum,
2800 4417 3022 4475 bellum
3053 4420 3383 4479 Judaicum
3415 4442 3669 4482 exorsus
3699 4425 3767 4480 ab
3813 4421 3907 4478 ori-

2255 4501 2388 4573 gine
2417 4504 2636 4576 gentis,
2671 4508 2847 4563 etiam
2890 4509 2961 4564 dc
3010 4510 3140 4581 ipsa
3186 4514 3320 4567 tam
3370 4514 3612 4587 origine
3664 4508 3908 4586 quamde

2264 4592 2500 4649 nomine
2530 4600 2586 4650 et
2616 4594 2895 4669 religione
2942 4598 3153 4670 gentis,
3204 4617 3347 4672 quas
3402 4603 3600 4659 voluit
3629 4614 3909 4675 argumen-

2262 4683 2441 4748 tatus,
2470 4683 2701 4741 Judmos
2733 4687 2906 4742 refert
2937 4691 3172 4761 Egypto
3202 4692 3532 4763 expeditos
3565 4694 3707 4761 sive,
3738 4695 3797 4746 ut
3823 4702 3910 4760 p11-

2261 4771 2424 4841 tavit,
2466 4778 2748 4847 extorres,
2801 4777 2981 4832 vastis
3031 4778 3261 4833 Arabia:
3304 4781 3371 4835 in
3426 4782 3603 4852 locis,
3657 4791 3911 4853 aquarum

2262 4862 2693 4933 egentissimis,
2725 4881 2859 4920 cum
2884 4865 2976 4921 siti
3029 4875 3520 4935 macerarentur,
3555 4871 3789 4943 onagris
3833 4862 3915 4937 qui

2262 4949 2409 5005 forte
2441 4952 2511 5006 de
2542 4957 2713 5024 pastu
2739 4958 2938 5026 potum
2968 4955 3203 5027 petituri
3239 4960 3739 5025 aestimabantur,
3786 4954 3915 5012 indi-

2263 5037 2429 5095 cibus
2462 5042 2638 5097 l'ontis
2676 5060 2837 5113 usos,
2872 5045 2945 5100 ob
2972 5062 3098 5100 eam
3123 5048 3396 5118 gratiam
3429 5049 3763 5106 consimilis
3789 5041 3917 5100 806

2262 5126 2462 5183 bestiae
2506 5132 2880 5201 superﬁciem
2949 5150 3364 5192 consecrasse.
3433 5144 3631 5209 Atque
3688 5138 3767 5192 ita
3809 5135 3919 5188 inde

2260 5224 2685 5292 praesumptum
2721 5222 2930 5293 Opinor
2960 5239 3065 5279 nos
3097 5240 3371 5296 quoque,
3410 5234 3481 5283 ut
3515 5229 3775 5284 Judaicae
3806 5220 3915 5278 reli-

2259 5306 2450 5377 gionis
2483 5309 2862 5381 propinquos,
2893 5312 3081 5368 eidem
3114 5314 3459 5374 simulacro
3491 5317 3777 5374 initiari.»
3794 5312 3925 5384 (Ter-

2258 5395 2364 5450 tul.
2397 5398 2678 5468 Apologet.
2713 5416 2843 5472 cap.
2882 5402 2968 5471 16,
3019 5419 3152 5475 pag.
3216 5405 3345 5477 17.)
3422 5407 3495 5462 Et
3539 5409 3652 5462 hoc
3710 5402 3921 5477 quidem

2259 5483 2355 5541 ille
2386 5485 2497 5541 alio
2530 5488 2588 5541 in
2622 5487 2776 5543 libro
2808 5491 3035 5562 repetit.
3069 5492 3285 5562 (Idem,
3352 5494 3467 5552 lib.
3502 5516 3516 5553 ι
3580 5496 3652 5552 ad
3708 5495 3925 5557 Nativa.»

2258 5592 2385 5649 cap.
2421 5577 2510 5647 11,
2542 5593 2657 5650 pag
2690 5578 2780 5635 .68
2808 5584 2866 5636 et
2889 5582 3079 5653 seqq.)
3103 5582 3300 5647 Quam
3336 5586 3562 5642 merito
3590 5590 3783 5642 autem
3810 5580 3928 5636 Ter-
