4088 6150
206 356 298 414 521

1640 351 2184 412 DISSERTATIO.

3486 356 3606 416 522

198 484 473 540 tullianus
502 483 819 540 absurdam
852 483 1070 539 hancce
1115 481 1470 540 calumniam
1517 481 1579 538 in
1628 484 1834 537 Corne-
1865 482 1913 548 Α
1945 480 2216 538 invenere
2256 480 2571 553 »(Joseph.
2604 481 2703 539 lib.
2770 500 2827 553 ιι,
2881 487 3023 539 cont.
3090 488 3221 556 .4p.,
3258 501 3385 559 pag.
3423 486 3603 558 1065).

197 573 332 631 lium
362 573 630 629 Tacitum
675 573 1098 629 retundendam
1160 589 1288 629 esse
1350 571 1583 639 dixerit,
1631 587 1701 627 ex
1748 569 1841 626 his

198 663 453 733 ejusdem
483 662 667 719 Taciti
699 662 758 717 in
790 662 965 717 citato
1016 662 1218 734 quinto
1281 664 1661 718 Historiarum
1691 659 1841 716 libro

196 751 379 807 verbis
410 751 665 822 conjice:
701 772 731 800 «
778 750 888 806 Sed
950 750 1099 806 nihil
1158 767 1322 823 asque
1373 750 1623 817 Judaos,
1663 764 1841 821 quam

194 839 384 911 inopia
414 856 581 912 aquae
614 838 904 909 fatigabat.
938 838 1186 912 Jamque
1219 838 1379 894 haud
1421 836 1623 911 procul
1644 837 1841 904 exitio,

199 928 327 984 totis
358 928 588 1000 campis
638 927 1089 999 procubuerant,
1148 943 1282 983 cum
1345 943 1484 1000 grex
1540 926 1843 983 asinorum

198 1017 519 1089 agrestium
542 1032 570 1071 e
599 1021 771 1089 pastu
802 1016 862 1071 in
893 1033 1096 1089 rupem
1135 1033 1368 1072 nemore
1411 1032 1653 1088 opacam
1706 1030 1845 1070 con-

196 1104 389 1162 cessit.
434 1105 679 1161 Secutus
735 1105 983 1177 Moyses,
1045 1106 1384 1178 conjectura
1432 1103 1661 1161 herbidi
1710 1101 1842 1170 soli,

193 1196 384 1267 largas
418 1211 707 1267 aquarum
737 1210 916 1251 venas
945 1196 1196 1268 aperit...
1250 1194 1514 1267 Effigiem
1548 1190 1842 1263 animalis,

192 1300 302 1355 quo
328 1287 699 1339 monstrante
730 1299 986 1340 errorem
1018 1284 1299 1356 sitimque
1351 1282 1715 1356 depulerant,
1747 1297 1846 1354 pe-

195 1371 399 1428 netrali
434 1388 750 1441 sacravere,
778 1388 924 1428 caeso
954 1373 1154 1444 ariete,
1211 1371 1371 1428 velut
1424 1372 1484 1427 in
1542 1375 1848 1428 contume-

194 1462 332 1518 liam
363 1462 713 1517 Hammonis
746 1482 775 1512 »
806 1461 1001 1533 (Corn.
1034 1462 1171 1517 Tac.
1232 1461 1335 1517 lib.
1380 1478 1413 1516 ν
1469 1462 1607 1517 Hist.
1644 1458 1774 1515 init.
1806 1458 1847 1531 ).

196 1550 476 1617 Quamvis
507 1560 700 1607 autem
730 1550 1130 1607 Tertullianus
1152 1550 1419 1606 Tacitum
1450 1571 1479 1602 ‹‹
1516 1547 1849 1605 mendacio-

198 1656 327 1695 rum
366 1638 859 1711 loquacissimum
893 1660 922 1689 »
951 1638 1062 1695 hac
1078 1638 1287 1695 saltem
1316 1638 1373 1694 in
1394 1637 1620 1694 rehaud
1640 1638 1849 1693 imme-

199 1728 310 1785 rito
342 1727 625 1801 appellet,
675 1726 835 1784 falsae
865 1733 1061 1784 tamen
1102 1727 1261 1784 illius
1300 1726 1560 1800 opinioni
1594 1725 1852 1783 subscri-

200 1817 314 1892 psit
344 1816 719 1883 Plutarchus,
748 1817 845 1873 ubi
879 1818 950 1872 de
980 1817 1185 1874 iisdem
1206 1817 1425 1873 Judzeis
1456 1816 1539 1872 sic
1568 1815 1850 1889 loquitur:

202 1929 229 1958 α
258 1911 429 1961 Nunc
460 1910 580 1961 tam
613 1906 937 1962 interficere
969 1922 1145 1978 quam
1204 1906 1375 1962 edere
1424 1922 1591 1963 suem
1640 1906 1726 1961 eis
1766 1907 1859 1960 est

203 1995 426 2067 religio.
464 1995 529 2049 Et
559 1994 821 2050 fortassis
876 1994 987 2050 hoc
1034 1994 1248 2051 rationi
1311 1994 1622 2051 consentit.
1644 1992 1733 2054 Ὠς
1762 1992 1856 2047 τὸν

207 2078 321 2137 ὄνον
368 2079 434 2136 δὲ
482 2080 826 2159 ἀναφήναντα
884 2082 1071 2157 πηγὴν
1136 2081 1319 2145 αὐτοῖς
1380 2079 1573 2144 ὕδατος
1632 2084 1858 2154 τιμῶσι.

209 2174 361 2229 Sicut
387 2171 559 2228 asino
590 2188 736 2227 suus
767 2172 920 2244 apud
953 2189 1050 2228 eos
1081 2177 1169 2228 est
1199 2173 1407 2240 honor,
1466 2172 1569 2244 qui
1639 2173 1861 2228 fontem

202 2277 357 2331 aque
392 2260 480 2315 eis
513 2260 887 2327 monstravit,
917 2259 999 2315 ita
1021 2276 1187 2316 suem
1232 2277 1332 2317 eos
1363 2260 1631 2328 revereri,
1666 2264 1731 2315 ut
1769 2276 1861 2315 sa-

202 2348 373 2404 tionis
402 2351 463 2404 et
492 2348 773 2404 arationis
806 2348 1179 2422 magistrum.
1202 2370 1228 2400 »
1257 2347 1578 2416 (Plutarch.
1609 2353 1753 2405 tom.
1788 2349 1861 2415 II,

201 2435 304 2494 lib.
340 2455 398 2492 Iv
430 2436 704 2510 Sympos.,
747 2453 879 2510 pag.
912 2438 1061 2511 670.)

267 2544 419 2611 Quid
451 2559 588 2598 vero
614 2543 767 2615 quod
800 2547 857 2599 et
902 2542 1267 2600 Democritus
1328 2542 1670 2611 historicus,
1730 2560 1863 2599 nar-

207 2638 367 2690 tante
399 2632 607 2697 Suida,
640 2631 760 2687 haec
778 2632 1077 2688 deJudais
1103 2632 1394 2689 memoriae
1421 2633 1677 2704 prodidit
1701 2636 1865 2706 :Xpu-

213 2726 304 2790 σῆν
350 2718 479 2774 ὅνου
529 2716 772 2797 κεφαλὴν
822 2718 1189 2793 προσεκύνουν
1237 2722 1374 2774 κατὰ
1407 2718 1641 2793 τριετίαν
1720 2717 1864 2789 ξένον

212 2806 531 2885 ἀγρεύοντες
584 2808 937 2887 προσέφερον,
988 2808 1078 2863 καὶ
1119 2810 1256 2864 κατὰ
1302 2806 1501 2864 λεπτὸν
1560 2809 1655 2870 τὰς
1740 2806 1867 2883 σάρ-

208 2918 301 2960 κας
353 2895 649 2968 διέξαινον,
706 2917 791 2950 ναι
850 2892 1015 2968 οὕτης
1074 2896 1342 2974 ἀνῂρουνε
1392 2920 1421 2951 ‹‹
1469 2897 1635 2954 Asini
1693 2900 1872 2969 caput

210 2988 550 3058 adorabant,
582 2993 641 3043 et
664 2988 833 3043 tertio
865 3003 1100 3059 quoque
1131 3006 1284 3045 anno
1342 2986 1635 3060 hospitem
1679 3002 1870 3059 capie-

213 3076 350 3133 bant
378 3081 439 3133 et
468 3075 1228 3142 ofl'erebant,etminutatim
1246 3093 1450 3133 carnes
1473 3076 1870 3142 dissecabant,

214 3170 266 3221 et
294 3165 377 3221 sic
410 3165 843 3221 interficiebant
898 3187 928 3215 »
960 3164 1196 3237 (Suidas
1256 3165 1327 3221 ad
1358 3183 1413 3220 v.
1443 3160 1698 3236 Ἰούδας).
1732 3164 1873 3221 Inde

215 3254 458 3311 fortasse
496 3255 718 3310 factum
752 3259 839 3310 est
869 3258 935 3310 ut
966 3253 1023 3309 in
1058 3254 1236 3326 hujus
1267 3255 1503 3311 absurdi
1539 3253 1756 3321 cultus,
1791 3256 1873 3309 ta-

219 3344 380 3399 metsi
413 3342 591 3416 plane
622 3343 830 3411 fictitii,
871 3342 1223 3414 irrisionem,
1283 3348 1433 3399 Zeno
1481 3342 1719 3415 quidem
1750 3340 1872 3398 Ale-

216 3433 561 3500 xandrinus,
594 3432 853 3504 primum
887 3432 1151 3498 Judzeus,
1176 3437 1243 3488 ut
1274 3432 1431 3488 idem
1459 3433 1670 3489 Suidas
1702 3432 1876 3488 refert

218 3520 233 3591 (
262 3520 417 3576 idem
450 3538 503 3577 v.
540 3520 775 3590 Ζήνων),
809 3519 991 3576 misso
1024 3519 1326 3593 religionis
1356 3538 1475 3576 sum
1506 3521 1734 3589 nuntio,
1759 3520 1874 3575 asi-

222 3626 356 3666 num
389 3610 599 3666 album
633 3626 739 3683 per
760 3626 963 3667 eorum
992 3626 1351 3683 synagogam
1383 3611 1475 3666 die
1508 3610 1736 3666 sabbati
1759 3613 1875 3665 tra-

226 3698 473 3754 duxerit.

287 3804 507 3860 Verum
540 3803 857 3876 Josephus,
889 3804 1138 3877 Appioni
1194 3804 1463 3861 eamdem
1521 3802 1878 3861 calumniam

228 3893 530 3963 objicienti
563 3893 664 3949 ubi
695 3893 1029 3966 respondet,
1062 3892 1222 3950 illius
1250 3892 1565 3949 falsitatem
1594 3892 1771 3949 variis
1798 3909 1884 3947 ra-

226 3981 493 4038 tionibus
544 3981 930 4039 demonstrat.
962 3982 1313 4039 Proferenda
1358 3986 1557 4039 autem
1587 3986 1726 4038 sunt
1754 3982 1883 4053 ejus

228 4069 419 4142 verba,
454 4087 609 4143 qua,
643 4069 875 4126 etiamsi
905 4071 964 4126 in
995 4087 1182 4144 graeco
1230 4069 1545 4143 exemplari
1580 4070 1792 4140 desint,
1824 4068 1884 4125 in

228 4158 402 4215 editis
421 4158 813 4215 nihilominus
844 4158 926 4216 sic
955 4159 1135 4217 latine
1173 4160 1500 4216 habentur:
1536 4180 1565 4211 «
1594 4164 1660 4215 In
1693 4175 1885 4216 sacra-

224 4247 315 4303 rio
342 4249 577 4321 Appion
608 4249 985 4321 praesumpsit
1012 4250 1238 4305 edicere
1291 4248 1439 4305 asini
1499 4252 1677 4321 caput
1709 4247 1889 4306 collo-

220 4353 398 4393 casse
426 4338 685 4405 Judmos,
708 4342 765 4393 et
794 4337 853 4392 id
886 4337 1072 4394 colere
1103 4355 1169 4394 ac
1211 4338 1457 4411 dignum
1506 4338 1695 4394 facere
1725 4340 1893 4394 tanta

220 4424 537 4496 religione.
569 4430 639 4481 Et
668 4425 779 4482 hoc
800 4426 1055 4483 afﬁrmat
1084 4426 1264 4483 fuisse
1287 4426 1892 4499 depalatumdumAn-

1951 570 2030 625 Ad
2063 569 2353 626 insulsum
2385 568 2582 641 itaque
2634 571 2741 627 hoc
2772 572 3165 641 mendacium,
3219 579 3339 629 tam
3372 592 3521 647 saepe
3550 580 3608 630 et

1954 658 2263 730 repetitum
2320 663 2378 714 et
2457 657 2781 730 repulsum,
2840 661 2954 716 duo
3009 661 3302 734 Josephus
3357 663 3602 735 reponit.

1951 747 2168 813 Primo,
2232 750 2643 819 argumentum
2722 748 2781 802 in
2866 748 3189 821 ipsummet
3257 752 3603 824 Appionem,

1950 835 2287 907 Egyptium
2318 834 2637 903 hominem,
2673 840 2988 909 retorquet,
3011 839 3380 911 ostenditque
3410 840 3603 897 dehoc

1951 922 2663 995 crimineiiniquissimam
2694 942 2822 981 esse
2848 926 3009 982 illius
3040 928 3600 1001 expostulationem:

1952 1012 2201 1085 Egyptii
2234 1011 2452 1084 quippe
2484 1029 2598 1069 non
2631 1014 3094 1071 minusabsurdo
3126 1016 3421 1089 impieque
3442 1016 3604 1073 cultu

1954 1101 2173 1157 bestias
2196 1101 2517 1157 adorabant
2563 1118 2629 1157 ac
2677 1104 3127 1160 venerabantur.
3161 1105 3444 1173 Secundo,
3480 1123 3607 1178 pro-

1956 1190 2057 1246 bat
2084 1188 2227 1244 illud
2262 1207 2377 1245 non
2404 1190 2619 1246 falsum
2649 1194 3082 1259 tantummodo,
3134 1194 3233 1249 sed
3268 1193 3610 1251 incredibile

1956 1277 2192 1350 penitus
2215 1295 2380 1335 esse:
2412 1295 2549 1335 nam
2580 1280 2791 1351 Judaei,
2824 1282 2921 1353 qui
2946 1299 3180 1338 omnem
3213 1300 3457 1355 prorsus
3487 1283 3613 1339 ido-

1956 1366 2269 1435 lolatriam,
2302 1384 2371 1423 ac
2403 1370 2644 1441 proinde
2676 1370 2914 1439 asinini,
2948 1372 3617 1443 quantumvisaurei,ca-

1958 1456 2098 1529 pitis
2126 1457 2375 1527 cultum,
2408 1474 2644 1514 summo
2690 1460 2822 1515 odio
2879 1478 3182 1533 nunquam
3233 1479 3349 1518 non
3395 1462 3617 1518 habue-

1961 1548 2119 1616 runt,
2154 1544 2362 1601 iisdem
2393 1562 2625 1619 semper
2653 1547 2845 1604 vixere
2887 1548 3137 1621 legibus.
3192 1550 3432 1621 Deinde,
3456 1551 3612 1616 quod

1960 1633 2186 1706 Appion
2217 1633 2290 1689 de
2318 1634 2601 1691 Antiocho
2633 1635 2934 1708 Epiphane
2965 1645 3269 1707 memorat,
3318 1639 3425 1695 hoc
3458 1639 3616 1696 Jose-

1963 1723 2116 1795 phus
2148 1723 2219 1778 ab
2242 1722 2370 1795 ipsa
2385 1723 2623 1779 veritate
2644 1726 2841 1781 omnia
2864 1726 3173 1785 abhorrere
3197 1728 3616 1785 ostendit.Nul-

1966 1810 2060 1868 lus
2090 1812 2407 1879 enimvero,
2439 1829 2630 1884 neque
2674 1813 2981 1888 Pompeius
3012 1833 3263 1890 magnus
3293 1833 3482 1889 neque
3513 1817 3614 1874 alii

1964 1900 2211 1957 Romani
2242 1900 2645 1974 imperatores,
2702 1908 2835 1975 post
2892 1910 3213 1977 reportatae
3269 1907 3342 1963 de
3395 1906 3615 1962 Judaais

1965 1989 2239 2046 victorias
2270 1990 2329 2045 in
2363 1991 2955 2065 Hierosolymitanum
3007 1994 3291 2067 templum
3342 1996 3615 2069 ingressi,

1968 2077 2156 2135 ullum
2187 2077 2401 2135 asinini
2433 2079 2639 2152 capitis
2698 2080 3080 2138 simulacrum
3123 2082 3183 2138 in
3239 2100 3307 2140 eo
3359 2100 3622 2156 unquam

1969 2184 2261 2223 invenere.

2040 2256 2241 2328 Neque
2274 2256 2334 2311 id
2366 2271 2577 2330 negare
2608 2257 2797 2329 potuit
2822 2258 3079 2329 Tacitus,
3112 2276 3287 2332 quem
3320 2260 3629 2317 Tertullia-

1974 2361 2082 2401 nus
2110 2349 2399 2417 tanquam
2451 2346 2793 2402 mendacem
2848 2346 3257 2405 immemorem
3317 2350 3632 2422 ipsiusmet

1972 2434 2309 2490 testimonio
2330 2432 2539 2490 refellit
2568 2437 2624 2491 et
2654 2434 3072 2492 insectatur:«
3131 2440 3207 2495 At
3262 2439 3423 2495 enim
3472 2439 3628 2496 idem

1973 2522 2275 2593 Cornelius
2356 2522 2612 2589 Tacitus,
2690 2545 2719 2572 ι»
2772 2524 3026 2597 ipsamet
3086 2526 3428 2583 Tertulliani
3488 2532 3630 2584 sunt

1971 2612 2171 2679 verba,
2206 2632 2236 2662 «
2264 2628 2405 2667 sane
2437 2610 2533 2667 ille
2564 2613 3005 2670 mendaciorum
3060 2615 3535 2686 loquacissimus,
3566 2617 3627 2673 in

1975 2701 2178 2756 eadem
2206 2702 2446 2756 Historia
2475 2702 2650 2757 refert
2697 2702 2940 2758 Cneium
2972 2704 3333 2775 Pompeium,
3368 2722 3500 2760 cum
3530 2706 3627 2761 Je-

1976 2789 2233 2846 rusalem
2264 2789 2532 2861 cepisset,
2566 2795 2989 2862 proptereaque
3040 2792 3325 2864 templum
3386 2794 3628 2850 adiisset

1978 2878 2351 2951 speculandis
2377 2878 2634 2934 Judaicae
2661 2878 2958 2950 religionis
2988 2882 3237 2947 arcanis,
3269 2881 3492 2937 nullum
3510 2882 3625 2938 illic

1980 2967 2264 3040 reperisse
2302 2966 2710 3023 simulacrum.
2744 2969 2813 3023 Et
2844 2968 3067 3041 utique,
3109 2969 3157 3025 si
3215 2969 3276 3025 id
3332 2969 3633 3027 colebatur

1982 3056 2135 3130 quod
2161 3055 2354 3127 aliqua
2384 3056 2575 3129 effigie
2605 3058 3152 3130 repraesentabatur,
3184 3076 3472 3132 nusquam
3507 3076 3636 3115 ma-

1984 3148 2071 3219 gis
2104 3162 2283 3217 quam
2316 3146 2377 3201 in
2436 3145 2690 3202 sacrario
2750 3164 2856 3203 suo
2914 3148 3316 3217 exhiberetur;
3351 3166 3417 3205 eo
3450 3148 3640 3221 magis

1988 3236 2126 3307 quia
2168 3251 2272 3290 nec
2306 3235 2614 3291 verebatur
2659 3240 2963 3292 extraneos
2992 3237 3267 3304 arbitros,
3299 3255 3641 3310 quanquam

1980 3341 2131 3380 vana
2159 3323 2428 3381 cultura:
2461 3323 2603 3380 solis
2643 3325 2801 3380 enim
2860 3327 3261 3382 sacerdotibus
3329 3328 3489 3383 adire
3519 3327 3643 3384 lici-

1983 3418 2130 3483 tum,
2163 3418 2222 3470 et
2270 3417 2619 3486 conspectus
2676 3418 3015 3471 ceterorum
3064 3416 3189 3472 velo
3248 3433 3507 3489 oppanso
3558 3417 3643 3473 in-

1984 3502 2437 3559 terdicebatur»
2491 3502 2752 3575 (Tertull.
2814 3505 2964 3571 Apol.
3019 3522 3147 3578 cap.
3202 3506 3288 3573 16,
3356 3523 3487 3579 pag.
3513 3508 3634 3585 .17).

1988 3592 2200 3647 Eadem
2235 3592 2306 3647 ab
2363 3592 2483 3660 illo,
2533 3593 2635 3648 sed
2686 3592 2816 3649 aliis
2862 3595 3075 3661 verbis,
3125 3595 3184 3651 in
3217 3597 3405 3667 primo
3434 3596 3504 3652 ad
3531 3596 3639 3652 Na-

1987 3683 2161 3738 tiones
2206 3680 2353 3736 libro
2384 3681 2534 3754 (cap.
2577 3682 2665 3754 11)
2698 3699 2907 3739 rursus
2964 3684 3197 3756 scriptis
3257 3686 3475 3741 tradita
3504 3685 3642 3757 legi-

1990 3787 2143 3827 mus.
2167 3769 2237 3825 Et
2266 3774 2417 3825 recte
2449 3768 2717 3841 quidem;
2738 3787 2874 3827 nam
2906 3772 3223 3829 Cornelius
3250 3774 3486 3831 Tacitus
3517 3773 3638 3829 haec

1990 3859 2165 3915 citato
2195 3858 2255 3913 in
2310 3857 2458 3915 libro
2525 3875 2724 3915 revera
2780 3859 3181 3933 scripseratza
3241 3864 3636 3919 Romanorum

1992 3948 2222 4021 primus
2244 3946 2347 4003 Gn.
2409 3946 2721 4019 Pompeius
2746 3949 2983 4006 Judzeos
3038 3950 3284 4019 domuit,
3323 3950 3641 4023 templum-

1995 4053 2109 4109 que
2151 4036 2287 4107 jure
2339 4035 2588 4092 victoriaa
2631 4035 2933 4109 ingressus
2989 4041 3099 4095 est.
3157 4039 3296 4095 Inde
3342 4038 3643 4109 vulgatum

1996 4122 2160 4180 nulla
2189 4123 2350 4180 intus
2382 4124 2560 4180 Deum
2613 4124 2827 4197 effigie,
2859 4149 2888 4176 »
2949 4126 3170 4199 pictum
3226 4126 3497 4183 videlicet
3546 4128 3648 4180 aut

1999 4212 2369 4279 fabricatum,
2402 4234 2432 4263 «
2464 4228 2709 4269 vacuam
2758 4214 2956 4270 sedem
3008 4220 3065 4271 et
3120 4214 3321 4271 inania
3372 4231 3645 4271 arcana»

2001 4299 2201 4371 (Tacit.
2227 4300 2328 4356 lib.
2355 4317 2386 4352 v
2412 4302 2550 4356 Hist.
2573 4305 2707 4373 post
2728 4301 2902 4375 init.).

2072 4407 2153 4462 Ex
2181 4406 2274 4462 his
2306 4423 2473 4478 porro
2504 4424 2629 4479 qua
2664 4408 2950 4466 hactenus
2998 4410 3293 4482 disputata
3325 4414 3487 4481 sunt,
3520 4406 3653 4482 quis

228 4493 479 4570 tiocbus
498 4515 828 4588 Epiphanes
857 4520 914 4572 et
940 4515 1324 4589 exspoliasset
1352 4493 1639 4587 templum
1670 4520 1726 4571 et
1746 4515 1891 4570 illud
2003 4512 2119 4589 ξιοΨ
2149 4493 2597 4589 νξίίθθδ-ῐξυξδηξ
2649 4495 2817 4568 Plane
2850 4497 3033 4589 “de?!
3082 4498 3411 4589 habendam
3466 4514 3657 4571 neque

229 4607 422 4675 caput
449 4602 772 4660 invenisset
805 4621 873 4660 ex
903 4621 1044 4660 auro
1059 4604 1469 4677 compositum,
1497 4603 1699 4659 multis
1731 4620 1868 4676 pecu

2006 4583 2146 4641 huic
2174 4583 2436 4640 Cornelio
2463 4584 2663 4639 Tacito
2710 4601 2901 4657 neque
2939 4586 3071 4643 aliis
3101 4588 3385 4661 improbis
3434 4590 3661 4646 calum-

233 4692 357 4747 niis
380 4692 653 4765 dignum.
687 4694 775 4748 Ad
804 4692 913 4749 hoc
936 4693 1385 4765 igiturprimum
1400 4692 1638 4765 quidem
1673 4709 1905 4765 respon-

2011 4672 2358 4738 niatoribus,
2391 4672 2491 4744 qui
2523 4689 2556 4728 a
2584 4672 2805 4729 Judaeis
2828 4674 3108 4746 primum,
3140 4678 3349 4734 deinde
3379 4678 3663 4735 Christia-

237 4780 349 4837 deo
382 4760 666 4854 qu‘oniam
712 4760 1040 4855 Ampulla,
1069 4760 1158 4837 vel
1240 4781 1291 4837 si
1348 4760 1571 4854 aliquid
1604 4782 1718 4838 tale
1747 4760 1903 4854 apud
2015 4760 2657 4855 μίεάίγίηιξξηᾳιίςυθω
2698 4761 2921 4855 saltum
2948 4765 3666 4855 asininocapititributum

242 4886 352 4926 nos
385 4871 618 4935 fuisset,
651 4888 1021 4944 nequaquam
1080 4871 1363 4928 debuerat
1417 4871 1717 4943 increpare
1769 4887 1868 4927 cur

2014 4849 2529 4923 impudentissime
2551 4851 2988 4909 mentiebantur
3004 4854 3033 4910 ?

248 4974 367 5015 non
401 4960 481 5016 sit
512 4962 766 5018 deterior
791 4960 994 5018 asinus
1039 4959 1347 5017 furonibus
1376 4964 1434 5016 et
1488 4960 1669 5017 hircis
1694 4965 1752 5017 et
1779 4960 1911 5018 aliis

254 5049 354 5119 qui
378 5054 520 5106 sunt
550 5050 704 5123 apud
738 5067 837 5107 eos
867 5050 970 5107 dii.
997 5050 1236 5118 Deinde,
1267 5050 1561 5121 quomodo
1591 5067 1709 5105 non
1741 5049 1911 5106 intel-

252 5132 410 5208 lexit,
442 5139 725 5211 operibus
756 5139 1115 5211 increpatus,
1144 5139 1217 5194 de
1246 5137 1576 5194 incredibili
1619 5155 1728 5194 suo
1751 5155 1912 5193 men-

2090 4956 2257 5013 Unde
2287 4971 2418 5012 vero
2450 4960 2572 5012 tam
2604 4958 2810 5030 putida
2856 4961 3056 5017 fabula
3104 4968 3300 5018 exorta
3329 4962 3426 5032 sit,
3457 4958 3674 5027 varias,

2022 5050 2231 5120 praeter
2250 5062 2378 5101 eam
2411 5062 2534 5117 qua:
2559 5047 2684 5118 jam
2719 5066 2753 5104 a
2784 5049 2954 5106 nobis
2995 5050 3168 5106 allata
3209 5055 3316 5119 est,
3350 5048 3676 5105 Bochartus

2023 5135 2309 5206 (Bochart.
2344 5135 2409 5192 de
2448 5135 2689 5192 Animal.
2746 5154 2888 5193 sacr.
2949 5139 3126 5212 Scrip.
3160 5144 3298 5195 tom.
3334 5141 3376 5207 Ι,
3422 5154 3550 5210 cap.
3588 5137 3676 5194 18.

261 5224 423 5282 dacio
446 5227 474 5283 ‘I
496 5227 751 5301 Legibus
783 5245 1041 5301 namque
1069 5244 1302 5300 semper
1329 5227 1556 5283 utimur
1588 5225 1818 5294 iisdem,
1854 5226 1916 5283 in
2026 5240 2159 5298 pag.
2192 5226 2293 5279 221
2329 5227 2385 5279 et
2440 5240 2604 5296 seqq.
2637 5225 2655 5297 )
2686 5243 2751 5281 ac
2810 5226 3048 5283 Vossius
3106 5228 3295 5300 (Voss.
3355 5226 3456 5283 lib.
3492 5243 3557 5282 III
3611 5226 3682 5283 de

268 5315 476 5383 quibus
508 5317 639 5373 sine
670 5318 787 5373 fine
818 5317 1216 5373 constitimus.
1268 5316 1340 5371 Et
1387 5332 1521 5370 cum
1570 5315 1713 5371 varii
1745 5332 1919 5372 casus
2030 5313 2174 5370 Oril.
2212 5321 2263 5369 et
2293 5319 2574 5385 Progress.
2606 5314 2911 5384 Idololatr.,
2944 5333 3071 5389 cap.
3131 5318 3221 5385 75,
3266 5335 3322 5389 p.
3353 5317 3480 5389 565)
3514 5315 3689 5372 ratio-

269 5406 522 5462 nostram
556 5405 871 5478 civitatem,
904 5405 1056 5462 sicut
1111 5404 1289 5461 etiam
1322 5403 1593 5471 aliorum,
1635 5405 1784 5461 ὗθῖ
1820 5420 1922 5460 ve-
2032 5419 2136 5460 nes
2167 5401 2572 5458 reddiderunt.
2605 5403 2696 5457 Eae
2728 5407 2946 5473 autem,
2978 5422 3113 5461 cum
3161 5406 3221 5460 in
3281 5422 3483 5461 eorum
3517 5404 3688 5462 libris

271 5494 526 5549 xaverint
555 5499 615 5550 et
644 5495 834 5551 Theos
860 5512 926 5551 ac
961 5493 1274 5566 Pompeius
1301 5509 1555 5565 magnus
1576 5510 1641 5549 ac
1665 5492 1923 5551 Licinius
2034 5492 2201 5550 facile
2233 5508 2267 5546 a
2297 5489 2557 5562 quolibet
2584 5490 2697 5563 legi
2737 5492 2986 5563 possint,
3023 5494 3167 5550 illud
3187 5499 3418 5550 tantum
3450 5494 3690 5565 adjicie-

274 5577 529 5653 Crassus,
561 5588 621 5641 et
650 5585 723 5640 ad
753 5584 1156 5641 novissimum
1187 5583 1358 5639 Titus
1389 5583 1599 5649 Caesar,
1633 5582 1784 5640 bello
1809 5584 1930 5641 vin-

2037 5597 2170 5638 mus
2201 5579 2358 5651 quod
2389 5579 2459 5635 de
2485 5578 2739 5648 quodam
2764 5580 3236 5651 judeeo,homine
3268 5581 3694 5657 perditissimo,

271 5676 481 5743 centes,
515 5674 888 5731 obtinuerint
917 5672 1229 5747 templum,
1276 5669 1425 5728 nihil
1467 5670 1811 5745 hujusmodi
1842 5671 1929 5731 illi
2038 5666 2441 5727 Tertullianus
2490 5673 2797 5728 memorat.
2831 5672 2985 5731 508
3036 5672 3093 5732 Is
3131 5674 3312 5742 enim,
3344 5675 3478 5744 post
3500 5672 3699 5741 ejura—

560 5801 831 5868 Panos.
875 5801 988 5868 Ill.

3344 5798 3421 5859 Π
