4088 6150
488 297 606 357 523

1776 287 1876 346 DE
1921 282 2224 347 MlNUCII
2277 279 2615 342 OCTAVIO

3726 285 3822 345 524

485 433 605 482 tam
637 424 942 482 Judaicam
970 422 1305 495 religionem
1333 443 1360 468 ‹‹
1393 423 1703 492 picturam,
1735 440 1761 468 »
1796 416 1989 490 inquit
2009 432 2135 471 eru-
2161 413 2217 481 Α
2245 411 2539 468 habebant
2570 409 2802 466 asinum
2845 423 2973 464 esse
3029 405 3212 463 Vestae
3265 405 3540 464 delicium.
3593 411 3656 465 At
3701 420 3824 472 certe

485 515 641 571 ditus
673 514 767 570 ille
797 514 1101 568 Africanus
1123 512 1390 582 scriptor,
1434 531 1459 562 α
1485 509 1787 581 proposuit
1811 523 1941 562 cum
1974 506 2130 576 ejus-

481 603 640 660 modi
673 601 1087 674 inscriptione:
1132 600 1276 655 Deus
1309 603 1771 654 CHRISTIANORUM
1831 595 2130 651 ONOCHOE-

477 709 573 749 'rss
603 714 632 742 »
654 690 920 764 (Tertull.
965 689 1114 744 lib.1
1165 688 1235 744 ad
1291 689 1537 758 Nattam,
1598 704 1726 759 cap.
1777 687 1861 740 11.
1901 701 2029 757 pag.
2062 685 2133 739 57

482 787 540 838 et
559 797 713 853 seqq.
749 780 786 851 ).
816 780 964 835 Tum
997 779 1160 834 addit
1187 778 1412 833 huncce
1443 775 1712 832 fictitium
1744 775 1919 830 deum
1953 773 2135 828 fuisse

483 873 962 941 repraesentatum
994 885 1125 923 cum
1159 867 1408 924 asininis
1464 866 1726 932 auribus,
1778 864 1957 920 altero
1989 863 2135 936 pede

483 946 854 1031 ungulatum,
897 956 1113 1012 librum
1163 961 1489 1029 gestantem
1546 971 1612 1011 ac
1638 957 1901 1026 togatum
1933 954 2134 1024 (Idem,

482 1048 784 1120 Apologel.,
818 1063 944 1117 cap.
979 1047 1065 1112 16,
1101 1062 1229 1118 pag.
1257 1045 1368 1117 l7),
1408 1044 1492 1100 uti
1549 1060 1654 1099 suo
1700 1041 1823 1099 loco
1882 1039 2132 1112 explica-

482 1134 701 1192 bimus.
733 1136 818 1190 Ad
851 1136 971 1191 haec
1001 1151 1135 1190 vero
1169 1133 1548 1206 Epiphanius,
1584 1131 1687 1188 ubi
1716 1133 1786 1188 de
1817 1128 2131 1200 Gnosticis,

484 1224 900 1282 famosissimis
929 1223 1044 1279 illis
1079 1223 1541 1279 Christianorum
1573 1219 1882 1288 haereticis,
1908 1235 2135 1276 sermo-

487 1329 623 1370 nem
644 1312 919 1378 instituit,
951 1313 1074 1368 haac
1104 1311 1397 1367 memoriae
1441 1311 1764 1382 litterisque
1797 1307 2132 1365 mandavit:

488 1423 518 1453 ‹‹
549 1402 711 1466 Quod
744 1402 813 1456 ad
845 1400 1095 1457 Sabaoth
1145 1401 1416 1472 pertinet,
1474 1400 1630 1456 hunc
1687 1398 1837 1455 asini
1868 1396 2135 1470 quidam,

487 1489 586 1546 alii
618 1489 775 1562 porci
807 1491 994 1562 figura
1024 1495 1289 1546 constare
1319 1494 1555 1546 censent
1589 1512 1615 1538 ››
1647 1488 1982 1562 (Epiphan.,
2017 1489 2134 1542 Haa-

484 1596 590 1636 res.
624 1597 773 1648 xxvr,
807 1583 833 1649 §
867 1582 951 1647 10,
987 1597 1115 1652 pag.
1144 1579 1257 1652 91).
1289 1583 1359 1634 At
1392 1581 1510 1635 sive
1536 1579 1657 1634 haec
1687 1579 1804 1634 sive
1835 1577 1949 1633 alia
1980 1595 2134 1649 quae-

484 1668 628 1724 libet
657 1670 791 1724 ficta
825 1671 998 1738 ratio,
1041 1669 1302 1740 aliquam
1337 1668 1702 1724 Christianos
1732 1665 2134 1723 scelestissimi

485 1756 825 1827 hujusmodi
859 1757 1052 1812 cultus
1084 1757 1468 1814 insimulandi
1498 1758 1861 1814 occasionem
1891 1756 2134 1821 dederit,

2251 501 2484 557 tametsi
2543 515 2740 555 revera
2814 498 2872 552 in
2931 495 3156 552 deliciis
3239 495 3438 552 fuisset
3493 497 3678 568 Vestes,
3721 519 3824 573 pro-

2242 589 2504 646 bandum
2537 588 2729 644 adhuc
2759 590 2885 642 erat
2912 585 3108 641 asinos
3130 584 3181 640 ei
3208 585 3540 653 consecrari,
3571 592 3624 642 et
3650 590 3826 646 curMi-

2242 678 2452 734 nucius
2478 675 2704 747 dixerit,
2746 696 2768 724 ι
2828 675 2915 731 vel
2949 679 3164 746 Epona.
3228 694 3257 723 »
3308 673 3568 730 Praeterea
3618 677 3832 734 scribere

2243 767 2562 837 debuisset,
2601 789 2622 815 αι
2659 771 2717 821 et
2737 767 2954 837 Epona,
2995 783 3023 816 ι
3079 767 3253 835 atque
3308 778 3372 817 eo
3429 763 3677 832 maxime,
3707 769 3830 837 quod

2243 857 2612 913 continenter
2643 853 2920 926 adjecerit
2951 851 3148 908 asinos
3209 851 3348 907 Isidi
3378 857 3663 908 mactatos.
3713 855 3834 917 Quid

2243 961 2380 1015 ergo
2420 943 2470 1000 si
2523 941 2808 1017 particula
2863 943 2947 998 vel
3004 941 3076 997 ab
3136 945 3371 996 auctore
3426 945 3632 1012 nostro,
3660 941 3838 999 sicuta

2241 1033 2512 1107 pluribus
2535 1031 2667 1089 aliis
2698 1035 2967 1089 sumatur
2997 1047 3102 1104 pro
3131 1030 3349 1086 etiam?
3393 1029 3586 1088 Nonne
3610 1029 3771 1086 latina
3785 1048 3839 1088 ac

2243 1121 2554 1195 perspicua
2583 1120 2692 1177 erit
2720 1121 2848 1192 ejus
2879 1118 3117 1189 locutio,
3141 1117 3408 1190 nihilque
3464 1117 3523 1174 in
3567 1118 3683 1189 ejus
3709 1121 3838 1175 textu

2244 1210 2597 1268 mutandum
2619 1210 2647 1266 ?

2316 1301 2451 1364 Quae
2497 1316 2668 1372 porro
2727 1297 2903 1354 fuerit
2960 1297 3182 1369 Epona,
3223 1295 3318 1352 his
3375 1293 3702 1352 Plutarchus
3740 1300 3848 1368 post

2243 1387 2578 1461 Agesilaum
2611 1389 2792 1461 (Ages.
2825 1404 2890 1443 III
2927 1385 3141 1459 Italic.)
3174 1384 3412 1458 exponit
3447 1384 3664 1440 verbis:
3697 1406 3720 1435 «
3741 1383 3845 1439 Ful-

2243 1478 2374 1532 vius
2402 1475 2636 1544 Slellus,
2670 1494 2704 1532 a
2737 1475 3081 1532 mulieribus
3113 1474 3311 1530 animo
3344 1471 3552 1539 alieno,
3585 1489 3705 1528 cum
3731 1489 3852 1544 equa

2246 1583 2369 1622 rem
2402 1565 2624 1622 habuit.
2657 1566 2739 1621 Ea
2788 1583 2895 1621 suo
2927 1571 3186 1636 tempore
3245 1563 3428 1618 filiam
3461 1562 3635 1617 edidit
3657 1560 3849 1634 perpul-

2245 1655 2470 1719 chram,
2504 1653 2595 1710 cui
2646 1659 2810 1726 pater
2861 1658 3072 1726 Eponae
3122 1668 3337 1708 nomen
3405 1650 3632 1717 indidit,
3675 1648 3852 1720 ὠνόμαο

2247 1763 2330 1796 σεν
2364 1741 2633 1796 Ἱππώναν
2669 1761 2682 1811 ;
2725 1749 2902 1815 atque
2963 1743 3078 1798 haec
3132 1745 3223 1798 est
3271 1741 3400 1812 dea,
3449 1756 3717 1812 equorum
3744 1755 3849 1810 pro-

488 1803 825 1827 _._,..-.----.
861 1803 1051 1812 πη..-
1085 1803 1468 1814 -.................-
1499 1803 1861 1814 ---..-.-..----
1895 1803 2134 1821 _-_----,
2671 1803 2679 1811 .
2803 1803 2824 1815 .
3385 1803 3398 1812 ,
3499 1803 3518 1812 -
3744 1803 3760 1810 -

488 1849 642 1901 certe
672 1846 959 1901 Minucius
985 1850 1182 1902 noster
1213 1845 1384 1919 plane
1442 1846 1792 1918 penitusque
1839 1848 2138 1917 pernegat,
2173 1803 2216 1868 Β
2249 1832 2601 1888 creationem
2625 1848 2832 1904 gerens
2866 1853 2895 1881 »
2928 1831 2946 1904 (
2979 1829 3513 1899 Plutarch.tom.u,
3544 1829 3604 1884 in
3630 1827 3856 1882 Parallel.

488 1933 649 1989 illam
711 1935 915 1990 nefarii
959 1935 1220 1992 Judaicas
1250 1934 1549 2007 religionis
1598 1934 1914 1990 desertoris
1970 1949 2138 2006 syco-

489 2023 815 2096 phantiam,
831 2040 1084 2096 eumque
1101 2021 2140 2081 absurdissimumGnosticorumcul-

488 2116 617 2166 tum
648 2110 768 2168 ullo
797 2129 1040 2184 prorsus
1073 2113 1245 2168 modo
1278 2113 1350 2168 ad
1375 2129 1540 2168 veros
1572 2111 1922 2184 pertinuisse
1945 2111 2137 2168 Chris-

491 2200 735 2256 stianos.
776 2199 973 2256 Palam
1013 2201 1309 2272 enimvero
1367 2205 1820 2273 constanterque
1851 2205 2146 2257 asseverat

492 2287 650 2344 hunc
683 2288 896 2345 falsum
927 2291 998 2346 de
1028 2289 1242 2345 asinini
1293 2289 1501 2362 capitis
1559 2289 1718 2345 cultu
1774 2307 2070 2346 rumorem
2110 2308 2145 2347 a

497 2377 860 2434 daemonibus
899 2395 1171 2451 sparsum
1220 2396 1284 2434 ac
1339 2379 1763 2452 pervulgatum,
1822 2380 1913 2435 cui
1946 2379 2146 2435 nullus

499 2482 656 2522 sanas
687 2468 900 2524 mentis
928 2468 1104 2524 homo
1137 2469 1310 2524 ﬁdem
1365 2485 1625 2541 unquam
1687 2470 1899 2526 habere
1931 2469 2142 2542 potuit.

501 2555 693 2621 «Quis
723 2556 902 2625 enim,
933 2575 961 2608 ι
999 2557 1192 2630 inquit
1222 2557 1339 2624 ille,
1403 2581 1425 2608 ι
1478 2563 1598 2614 tam
1656 2558 1874 2615 stultus
1923 2562 1987 2614 ut
2037 2558 2148 2615 hoc

499 2643 697 2700 colat?
716 2645 855 2712 Quis
882 2645 1136 2714 stultior,
1169 2649 1234 2702 ut
1289 2645 1397 2702 hoc
1428 2645 1539 2702 coli
1569 2648 1768 2704 credat
1812 2647 1840 2702 ‘I
1871 2669 1900 2697 »
1930 2651 2146 2704 Meram

499 2733 697 2806 itaque
709 2733 1086 2807 calumniam,
1104 2739 1278 2807 atque
1299 2734 1883 2808 impudentissimum
1910 2738 2149 2793 menda-

503 2822 661 2879 cium
693 2821 950 2891 cuilibet,
985 2822 1098 2880 nisi
1147 2823 1387 2880 omnino
1427 2824 1699 2897 desipiat,
1731 2825 1954 2882 homini
1986 2843 2150 2899 pror-

503 2928 608 2969 sus
629 2912 968 2968 incredibile
1011 2929 1141 2969 esse
1189 2913 1417 2970 asserit.
1460 2913 1730 2971 Pluribus
1761 2932 1929 2987 porro
1958 2915 2152 2971 verbis

505 2998 650 3056 illud
675 3017 790 3057 non
804 3001 1032 3071 refellit,
1048 3003 1522 3075 quandoquidem
1541 3003 1649 3060 hoc
1663 3003 1842 3060 semel
1861 3006 2151 3078 negando,

516 3089 663 3147 satis
683 3107 746 3147 se
775 3091 1108 3147 confutasse
1136 3091 1529 3148 existimabat.

1084 3233 1474 3290 ARTICULUS
1507 3235 1578 3291 Il.

511 3337 780 3416 Quomodo
801 3339 1087 3416 Minucth
1099 3339 1416 3416 probaverit
1468 3341 1711 3398 ethnicos
1768 3341 1955 3416 huius,
1995 3345 2156 3403 simi-

577 3411 754 3488 l_isquc
789 3419 886 3488 aut
907 3413 1114 3488 pejoris
1139 3413 1362 3488 sceleris
1379 3428 1493 3468 esse
1521 3429 1657 3488 reos,
1685 3415 1782 3488 qui
1808 3411 1991 3473 asinos
2033 3433 2159 3474 cum

576 3482 764 3561 Epona
791 3487 862 3561 et_
899 3483 1064 3561 (side,
1124 3487 1288 3554 atque
1339 3484 1500 3561 eoum
1552 3487 1603 3540 et
1644 3482 1927 3543 vervecum
1975 3491 2158 3561 capita

575 3555 744 3624 impie
772 3553 1025 3610 colebant
1053 3571 1117 3610 ac
1138 3553 1555 3612 venerabantur.

575 3658 805 3722 Quanta
825 3675 959 3716 vero
989 3665 1142 3718 esset
1197 3660 1565 3717 ethnicorum
1622 3662 1984 3721 Christianos
2041 3667 2156 3723 asi-

501 3745 630 3802 nini
682 3747 878 3813 cultus
935 3751 1338 3806 accusantium
1397 3751 1710 3820 dementia,
1774 3755 2153 3812 manifestum

500 3835 637 3891 inde
666 3841 870 3893 auctor
898 3842 1099 3894 noster
1129 3838 1284 3905 facit,
1317 3840 1470 3911 quod
1527 3839 1611 3895 illi
1673 3858 1787 3897 non
1821 3843 2022 3913 semel,
2054 3846 2154 3901 sed

503 3924 826 3998 saepissime
855 3928 1120 3998 ejusdem
1170 3933 1270 3984 aut
1328 3929 1542 3984 similis
1597 3930 1801 3996 ﬂagitii
1833 3933 2156 3992 certissime

504 4013 1000 4072 convincerentur.
1023 4021 1128 4072 Tot
1157 4021 1352 4073 autem
1379 4017 1660 4090 exemplis
1682 4018 1790 4075 hoc
1821 4021 1893 4075 ab
1923 4037 1989 4077 eo
2021 4040 2154 4094 pro-

503 4102 698 4170 batur,
732 4109 796 4159 ut
825 4104 971 4159 nihil
1002 4104 1220 4161 ethnici
1251 4111 1451 4162 contra
1481 4109 1852 4179 respondere,
1895 4116 1998 4166 aut
2027 4129 2153 4167 om-

501 4191 642 4248 nino
670 4192 894 4249 hiscere
925 4195 1226 4250 auderent.
1259 4196 1344 4250 Ab
1368 4195 1496 4267 ipso
1519 4195 1736 4267 itaque,
1770 4213 1944 4269 quem
1969 4200 2152 4257 asinis

498 4284 558 4337 et
587 4281 794 4354 Eponae
825 4282 1202 4352 adhibebant,
1252 4283 1414 4340 cultu
1447 4284 1531 4340 sic
1586 4285 1826 4358 incipit:
1883 4309 1909 4340 α
1947 4289 2062 4344 Vos
2095 4296 2154 4346 et

495 4371 650 4426 totos
679 4369 876 4427 asinos
907 4388 1042 4427 cum
1067 4376 1264 4429 vestra
1292 4373 1533 4446 (Regius
1579 4375 1761 4430 codex
1790 4375 2015 4432 addidit
2038 4378 2152 4451 vel)

496 4461 695 4528 Epona
723 4461 1097 4518 consecratis.
1133 4487 1156 4516 ι
1191 4463 1305 4519 Sed
1347 4461 1589 4534 plurimi
1619 4462 1698 4518 ibi
1729 4463 1954 4520 librarii
1987 4483 2152 4523 men-

2252 1919 2741 2080 palgpsiisztutem
2773 2005 3156 2064 simulacrum
3190 2006 3253 2063 in
3302 2004 3597 2080 praisepiis
3626 2002 3857 2062 collocari

2250 2096 2490 2154 solitum
2511 2095 2795 2170 colligunt
2815 2114 2884 2154 ex
2921 2096 3015 2153 his
3039 2095 3344 2153 Juvenalis
3375 2095 3584 2152 dictis:

2474 2219 3545 2270 ...........Jurat

2346 2283 2524 2334 Solam
2555 2283 2747 2347 Hippo,
2779 2287 2832 2334 et
2861 2283 3025 2347 facies
3051 2282 3198 2333 olida
3226 2281 3299 2332 ad
3329 2281 3590 2347 prmeepia
3610 2281 3778 2345 pictas.

2687 2346 2951 2408 (Juvenal.
2985 2345 3160 2410 Satyr.
3193 2359 3302 2406 vui,
3333 2345 3404 2394 ’v.
3437 2345 3572 2408 15³1.)

2255 2470 2339 2526 lbi
2369 2485 2503 2526 vero
2533 2469 2801 2526 nonnulli
2833 2488 2938 2543 pro
2970 2472 3152 2543 Hippo
3209 2469 3334 2543 legi
3400 2470 3641 2540 Eponam
3687 2465 3868 2522 volunt.

2254 2558 2334 2615 De
2356 2559 2560 2614 eodem
2593 2575 2827 2632 quoque
2860 2561 3094 2632 Eponae,
3118 2559 3240 2616 sive
3265 2559 3570 2632 llipponaa,
3603 2555 3871 2612 simulacro

2254 2646 2315 2702 in
2363 2647 2665 2719 praesepiis
2725 2649 2914 2720 posito
2993 2648 3116 2704 haec
3167 2651 3322 2704 sunt
3386 2645 3612 2719 Apuleii
3665 2644 3817 2699 verba
3860 2658 3872 2698 :

2259 2758 2287 2787 ι(
2320 2735 2584 2808 Respicio
2614 2735 2744 2808 pilze
2777 2737 3001 2806 mediae,
3028 2753 3189 2816 quaa‘
3226 2735 3458 2792 stabuli
3510 2735 3695 2790 trabes
3735 2731 3876 2788 susti-

2258 2825 2450 2893 nebat,
2493 2824 2552 2880 in
2575 2826 2701 2898 ipso
2734 2826 2848 2881 fere
2880 2824 3204 2882 meditullio
3221 2825 3534 2898 Hippone,
3559 2841 3658 2880 seu
3685 2823 3876 2892 Epona,

2259 2913 2379 2969 deas
2409 2913 2813 2981 simulacrum,
2837 2915 3099 2971 residens
3131 2914 3423 2984 aediculae,
3473 2913 3624 2985 quod
3655 2913 3880 2967 accurate

2259 3001 2492 3059 corollis
2521 3002 2706 3059 roseis
2737 3007 2796 3059 et
2841 3003 3082 3076 quidem
3141 3003 3510 3071 recentibus,
3550 3002 3727 3058 fuerat
3749 3013 3881 3056 coro-

2262 3096 2464 3146 natum
2499 3114 2527 3142 »
2553 3091 2760 3165 Apulei
2790 3093 2891 3150 lib.
2925 3110 2991 3149 xu
3020 3093 3232 3150 Metam.
3276 3093 3394 3149 sub
3434 3093 3536 3147 fin.
3569 3091 3607 3163 ).

2187 3170 2231 3237 C
2339 3180 2622 3237 Caeterum
2659 3181 2952 3238 Minucius
2983 3186 3182 3238 noster
3209 3183 3369 3238 dum
3398 3179 3647 3238 ethnicis
3673 3176 3882 3249 impium

2264 3268 2436 3326 illum
2465 3270 2675 3342 Eponae
2705 3273 2932 3326 cultum
2974 3270 3192 3344 objicit,
3260 3271 3501 3328 videtur
3556 3271 3612 3324 in
3666 3265 3886 3336 vestigiis

2264 3357 2536 3414 insistere
2565 3357 2932 3429 Tertulliani,
2963 3359 3066 3432 qui
3089 3359 3212 3431 pari
3245 3361 3435 3417 modo
3487 3362 3690 3417 contra
3713 3371 3800 3413 eos
3823 3351 3889 3408 sic

2265 3445 2723 3519 disputaverat.«
2755 3447 2871 3504 Vos
2901 3455 3100 3504 tamen
3124 3465 3240 3504 non
3283 3447 3581 3522 negabitis
3612 3451 3666 3502 et
3685 3447 3886 3517 jumen-

2269 3539 2324 3590 ta
2350 3535 2566 3602 omnia,
2593 3540 2651 3592 et
2680 3540 2831 3593 totos
2860 3537 3194 3593 cantherios
3222 3554 3370 3594 cum
3430 3554 3542 3594 sua
3596 3535 3780 3606 Epona
3803 3527 3890 3586 coli

2265 3640 2300 3680 a
2325 3624 2510 3682 vobis.
2553 3625 2666 3681 [loc
2691 3625 2932 3682 forsitan
2963 3625 3406 3699 improbamur,
3439 3625 3596 3698 quod
3629 3624 3768 3678 inter
3791 3617 3891 3675 cul—

2262 3716 2418 3769 tores
2477 3715 2740 3771 omnium
2793 3715 3083 3787 pecudum
3169 3715 3627 3786 bestiarumque
3691 3703 3890 3766 asinarii

2263 3806 2490 3858 tantum
2523 3819 2729 3859 sumus
2776 3825 2805 3854 »
2839 3803 3101 3875 (Tertull.
3167 3806 3481 3874 Apologel.
3516 3819 3643 3873 cap.
3676 3801 3755 3870 16,
3785 3812 3890 3868 pag.

2265 3892 2353 3958 17,
2383 3896 2440 3948 et
2470 3892 2540 3947 ad
2576 3894 2793 3949 Nation.
2828 3909 2952 3965 cap.
2985 3894 3074 3961 11,
3105 3909 3240 3966 pag.
3304 3895 3426 3966 58).
3461 3893 3676 3949 Eadem
3703 3898 3892 3960 quoque

2263 3979 2469 4036 iisdem
2506 3981 2798 4054 plerisque
2826 3983 3018 4038 verbis
3048 3981 3162 4038 alio
3212 3983 3277 4038 in
3340 3983 3499 4039 libro
3527 3978 3748 4052 repetit.
3777 3977 3894 4040 Qua-

2263 4073 2498 4140 propter
2531 4070 2875 4126 Prudentius
2904 4070 3055 4126 hanc
3108 4071 3414 4128 insulsam
3447 4069 3797 4128 divinitatem
3822 4059 3892 4116 bis

2263 4157 2528 4213 versibus
2559 4158 2817 4232 explodit
2840 4176 2853 4215 :

2322 4274 2488 4338 nemo
2516 4274 2780 4338 Cloacium
2809 4278 2902 4324 aut
2929 4275 3126 4338 Eponae
3158 4290 3329 4338 super
3358 4280 3508 4326 astra
3538 4272 3741 4324 deabus

2323 4337 2420 4401 l_)at
2449 4337 2656 4401 solium,
2690 4339 2931 4401 quamvis
2957 4337 3180 4387 solidam
3230 4337 3520 4401 persolvat
3553 4346 3798 4389 acerram,

2322 4399 3209 4462 Sacrilegisque’molamhmanibus
3234 4399 3488 4450 rimetur
3519 4406 3574 4450 et
3611 4402 3744 4449 exta.

2700 4457 2998 4523 (Prudent.,
3025 4463 3293 4526 Apol/tea,
3330 4468 3358 4524 §
3389 4465 3485 4527 ll.)

497 4547 639 4641 dum
673 4547 911 4605 subesse
940 4549 1300 4620 existimant,
1343 4552 1496 4624 quod
1556 4553 1804 4625 quisque
1848 4571 1950 4626 pro
1983 4555 2143 4629 inge-

2329 4567 2463 4623 Post
2491 4567 2612 4622 haec
2643 4567 2916 4623 Octavius
2959 4567 3306 4640 Caecilium,
3343 4569 3621 4641 aliosque
3671 4561 3896 4622 ethnicos

493 4634 576 4690 nii
627 4636 718 4690 sui
779 4639 1048 4694 acumine
1088 4641 1376 4714 corrigere
1424 4646 1673 4697 conatus
1729 4647 1838 4699 est.
1898 4643 2144 4707 Quidam

493 4723 650 4779 enim
682 4723 828 4781 illud
863 4728 944 4783 vel
972 4729 1654 4802 expulerunt,scribique
1684 4729 1743 4784 in
1757 4730 1929 4788 editis
1950 4735 2144 4790 volue-

492 4815 632 4868 runt
659 4812 1004 4886 simpliciter
1027 4839 1054 4868 «
1087 4835 1222 4874 cum
1253 4823 1446 4874 vestra
1475 4819 1694 4890 Epona.
1730 4841 1758 4868 ››
1791 4820 1869 4876 Ex
1909 4821 2005 4878 his
2057 4827 2146 4880 ta-

491 4917 628 4958 men
656 4900 1134 4978 aliquisuspicati
1167 4911 1305 4962 sunt
1335 4906 1406 4961 ab
1439 4906 1635 4977 aliquo
1667 4906 1726 4961 in
1761 4909 2025 4981 margine
2042 4928 2145 4968 no-

489 4993 758 5059 tatum,«
793 5010 924 5048 cum
972 4995 1258 5067 Hippona.
1295 5017 1323 5044 »
1380 4993 1594 5048 Verum
1648 4993 1736 5049 hae
1796 5013 1966 5053 meras
2015 5015 2148 5056 con-

483 5077 730 5150 jactura:
760 5087 917 5150 sunt,
943 5083 1106 5138 nulla
1133 5083 1477 5138 auctoritate
1498 5081 1585 5137 vel
1607 5082 1940 5140 testimonio
1961 5087 2140 5146 fultas.

489 5170 606 5225 Alii
637 5188 770 5227 vero
801 5173 860 5226 in
891 5189 1000 5228 sua
1030 5173 1283 5228 editione
1333 5174 1643 5243 jusserunt
1691 5173 1888 5239 scribi,
1925 5196 1953 5226 «
2007 5193 2142 5234 cum

489 5264 682 5314 vestra
715 5259 798 5314 vel
832 5277 942 5316 sua
982 5262 1202 5332 Epona.
1239 5283 1266 5311 «
1303 5263 1487 5329 Quam
1546 5259 1788 5333 quidem
1847 5266 2142 5336 conjectu-

489 5347 754 5417 ram,etsi
781 5353 986 5404 contra
1015 5351 1399 5423 manuscripti
1458 5351 1654 5418 fidem,
1712 5367 1842 5407 mox
1889 5353 2142 5416 citandis

485 5433 831 5491 Tertulliani
870 5438 1059 5493 verbis
1089 5441 1454 5508 conﬁrmare,
1480 5439 1580 5495 sed
1597 5456 1920 5514 perperam,
1947 5445 2143 5504 nitun-

479 5521 855 5587 tur.Quidam
875 5529 1112 5586 tandem
1145 5529 1580 5586 emendandum
1593 5528 1914 5601 opinantur
1933 5550 1946 5589 :
1973 5551 2140 5594 «cum

473 5611 674 5684 Vesta,
706 5611 790 5669 vel
818 5620 1061 5693 Epona;
1095 5641 1123 5671 ››
1165 5620 1320 5681 509
1349 5619 1488 5692 quia
1506 5617 1754 5692 gentiles
1787 5636 2139 5694 persuasum

2257 4655 2342 4712 sic
2371 4656 2669 4728 increpare
2699 4657 2926 4729 pergit:
2956 4679 2976 4706 ι
3013 4658 3265 4714 Eosdem
3333 4659 3546 4716 asinos
3605 4669 3737 4712 cum
3773 4646 3897 4704 Iside

2256 4744 2524 4817 religiose
2552 4745 2853 4816 devolatis,
2876 4765 2906 4796 ιο
2941 4745 2998 4800 in
3052 4746 3210 4819 regio
3243 4748 3462 4804 codice
3493 4769 3524 4798 «
3558 4741 3848 4802 devoratis,
3875 4754 3897 4782 »ι

2255 4834 2359 4890 sed
2390 4833 2497 4889 hoc
2529 4832 2824 4906 plerisque
2853 4833 3132 4892 omnibus
3178 4835 3429 4892 videtur
3486 4832 3714 4891 librarii
3766 4839 3897 4882 men-

2254 4922 2418 4979 dum.
2453 4922 2785 4995 Legendum
2818 4922 3016 4995 itaque
3051 4925 3332 4980 nonnulli
3385 4925 3749 4999 putaverunt
3777 4939 3802 4969 ‹‹
3826 4913 3901 4968 d6-

2253 5011 2485 5079 votatis,
2518 5033 2547 5060 »
2581 5011 2636 5066 id
2687 5015 2795 5078 est,
2855 5012 3093 5070 devotos
3131 5015 3486 5070 ostenditis.
3545 5012 3659 5070 Sed
3691 5005 3899 5082 probare

2253 5100 2542 5156 debebant
2571 5099 2812 5156 ubinam
2842 5101 3084 5158 verbum
3149 5103 3428 5161 devolare
3472 5120 3543 5161 eo
3578 5116 3752 5159 sensu
3778 5088 3902 5150 acci-

2252 5187 2451 5261 pitur?
2481 5188 2588 5245 Alii
2637 5189 2924 5259 scriptum
2981 5190 3403 5250 ariolabantur
3454 5215 3485 5245 «
3559 5182 3850 5247 denotatis.
3880 5199 3896 5225 ι

2250 5280 2324 5333 At
2348 5278 2486 5349 quid
2522 5278 2592 5334 ad
2626 5277 2847 5334 Octavii
2880 5283 3300 5353 propositum?
3363 5282 3487 5338 Alii
3546 5268 3906 5338 autumabant

2251 5368 2680 5424 emendandum
2713 5389 2742 5417 «
2779 5368 3093 5439 devocatis,
3129 5394 3159 5422 »
3191 5387 3318 5442 quo
3371 5389 3557 5428 sensu
3601 5366 3855 5425 Socrates
3878 5370 3906 5408 α

2252 5456 2420 5512 bonis
2450 5457 2787 5513 auctoribus
2809 5456 3023 5514 dicitur
3041 5458 3503 5534 philosophiam
3526 5460 3831 5517 devocasse
3849 5445 3906 5501 de

2249 5543 2412 5601 ccelo.
2470 5547 2584 5604 Sed
2647 5562 2955 5618 quorsum,
3003 5549 3212 5605 amabo
3287 5555 3374 5618 te,
3433 5550 3733 5608 asinorum
3792 5549 3906 5592 cum

2250 5632 2409 5692 Iside
2438 5633 2742 5694 devccatio
2763 5633 2792 5692 τ
2822 5634 2936 5692 Alii
2962 5639 3196 5697 tandem
3230 5639 3669 5715 corrigendum
3689 5623 3908 5694 censent
