3942 6162
271 314 357 377 525

1628 305 2166 366 DISSERTA'I‘IO.

3520 310 3598 368 26

262 444 409 508 σωκ
421 436 733 504 decoratis,»
760 437 897 509 quia
917 439 1223 508 utramque
1245 434 1590 505 asini,deam
1612 434 1827 491 Isidem

2078 453 2157 491 ιιι.
2188 435 2253 493 de
2287 437 2405 493 Vita
2434 438 2601 509 Moys.
2635 451 2769 509 pag.
2816 437 2966 509 677).
3014 437 3401 511 Hieronymus
3461 457 3594 496 vero

260 530 509 610 portantis,
539 532 708 598 atque
751 524 1063 597 ipsiusmet
1110 526 1303 589 Isidis,
1371 525 1626 597 efﬁgiem
1678 524 1834 579 vario

261 625 425 680 ornatu
452 618 762 673 decoratam
794 615 970 671 simul
1002 616 1448 670 venerabantur.
1483 614 1596 669 Nec
1642 613 1838 684 inepta

256 724 452 788 prorsus
472 706 690 761 videtur
714 703 835 759 haec
877 705 1250 773 conjectura;
1298 705 1424 775 jam
1473 702 1629 758 enim
1678 704 1835 774 Apu-

256 799 396 861 leium
424 793 737 851 audivimus
766 791 1055 848 dicentem
1079 794 1201 848 deae
1221 792 1431 865 Epona:
1454 790 1836 847 simulacrum

254 885 534 953 recentibus
561 880 789 939 corollis
820 882 1000 938 roseis
1044 882 1225 938 fuisse
1279 884 1549 937 accurate
1597 895 1836 937 corona-

253 985 368 1038 tum.
400 973 516 1029 Alio
565 977 759 1027 autem
812 971 871 1026 in
923 970 1072 1026 libro
1120 987 1236 1025 non
1285 970 1483 1025 minus
1533 969 1839 1043 perspicue

1945 525 2253 581 similiter:
2314 528 2464 583 511
2500 550 2528 577 ‹‹
2580 526 2822 583 Videtur
2866 527 3009 582 mihi
3078 527 3293 583 idcirco
3341 529 3598 601 populus

1945 617 2124 671 Israel
2154 615 2214 670 in
2245 614 2562 671 solitudine
2595 615 2799 671 fecisse
2831 615 2943 671 sibi
2983 621 3161 688 caput
3212 616 3376 671 vituli
3435 618 3597 690 quod

1947 702 2183 771 coleret,
2211 710 2268 759 et
2296 704 2645 761 Hieroboam
2672 703 2830 761 ﬁlius
2859 705 3087 761 Nabath
3120 706 3334 762 vitulos
3382 723 3593 763 aureos

1948 792 2300 860 fabricatus;
2334 797 2399 848 ut
2427 793 2582 864 quod
2614 792 2673 847 in
2704 794 2944 866 Egypto
2977 794 3303 850 didicerant
3340 794 3510 867 Apim
3544 800 3601 851 et

1950 881 2217 953 Mnevim,
2252 881 2352 953 qui
2384 882 2492 937 sub
2516 882 2705 954 ﬁgura
2736 882 2911 937 boum
2943 882 3232 952 coluntur,
3284 900 3412 940 esse
3459 884 3598 940 deos

1948 968 2057 1025 hoc
2090 969 2149 1025 in
2172 970 2584 1042 superstitione
2630 975 2931 1027 servarent
2966 995 2987 1020 ι
3023 972 3280 1043 (Hieron.
3350 976 3409 1028 in
3468 989 3596 1043 cap.

252 1064 466 1123 declarat
493 1060 655 1117 Isidis
693 1058 946 1131 efﬁgiem
994 1060 1068 1115 ab
1115 1060 1243 1131 ejus
1291 1058 1691 1115 sacerdotibus
1742 1074 1843 1128 per
1946 1074 2100 1113 χινιι
2133 1058 2283 1116 Oscae
2310 1076 2361 1115 v.
2398 1060 2507 1128 15).
2548 1059 2718 1115 Prius
2749 1076 2881 1115 vero
2914 1061 3252 1117 Lactantius
3281 1062 3352 1117 de
3382 1061 3596 1119 iisdem

250 1153 458 1218 casulas,
484 1151 636 1206 vicos
666 1154 725 1206 et
760 1154 952 1204 castra
975 1148 1340 1204 circumferri
1371 1148 1605 1205 solitam
1655 1146 1841 1203 serico

250 1244 524 1299 contectam
553 1236 825 1304 amiculo,
856 1254 985 1309 qua
1016 1239 1088 1294 ab
1118 1237 1304 1293 obviis
1335 1236 1609 1293 omnibus
1655 1236 1841 1309 genti-

247 1332 370 1395 libus
395 1328 683 1386 colebatur
724 1325 965 1399 (Apulei
998 1326 1097 1382 lib.
1150 1342 1208 1383 νι
1250 1326 1465 1382 Metam.
1514 1326 1645 1381 sub.
1691 1326 1841 1394 ﬁn.).

250 1419 474 1493 Expende
502 1433 638 1490 ergo
667 1420 867 1471 utrum
889 1415 983 1471 hic
1022 1416 1099 1471 sit
1129 1415 1370 1472 Minucii
1391 1415 1577 1471 nostri
1608 1431 1841 1485 sensus,

249 1508 360 1567 stin
386 1508 502 1578 ejus
531 1508 690 1562 textu
730 1504 1045 1576 legendum
1094 1504 1172 1560 sit
1204 1527 1232 1556 «
1282 1504 1591 1563 decoratis.
1630 1526 1657 1553 »
1685 1502 1843 1561 Nihil

248 1599 370 1655 enim
398 1613 494 1652 nos
523 1594 651 1651 sine
680 1593 889 1666 integri
922 1592 1136 1650 codicis
1158 1593 1504 1650 auctoritate
1555 1598 1711 1649 certo
1744 1592 1844 1647 de-

244 1687 521 1747 ﬁniendum
554 1688 859 1756 putamus.

290 1776 357 1831 Ad
385 1774 495 1831 alia
521 1773 723 1846 itaque
767 1778 1180 1829 transeamus:
1216 1794 1244 1822 ‹‹
1305 1772 1514 1839 Βουω,
1555 1791 1605 1826 ››.
1681 1770 1845 1826 addit

237 1863 329 1930 ille,
359 1861 603 1936 «capita,
640 1867 699 1918 et
729 1861 919 1934 capita
948 1877 1271 1927 vervecum,
1301 1864 1357 1916 et
1404 1860 1751 1929 immolatis,
1784 1863 1842 1916 et

237 1952 405 2009 colitis.
439 1975 467 2003 η
496 1955 569 2007 At
597 1953 674 2007 de
706 1949 1056 2006 boumcultu
1077 1954 1134 2005 et
1162 1949 1449 2005 sacriﬁcio
1481 1948 1841 2021 sicloquitur

236 2043 611 2098 Herodotus:«
657 2040 838 2095 Boves
878 2055 1093 2108 mares,
1164 2039 1517 2109 eosdemque
1564 2038 1839 2103 mundos,

233 2146 281 2191 an
302 2129 491 2187 vitulos
523 2128 785 2185 universi
816 2127 1088 2200 ίΕεΥριίι,
1114 2123 1325 2195 θύουσι,
1381 2125 1709 2183 immolant.
1769 2127 1843 2182 At

232 2220 439 2279 feminas
462 2218 546 2275 eis
568 2217 717 2272 θύειν
750 2216 1055 2272 immolare
1082 2232 1195 2271 non
1242 2214 1397 2282 licet,
1451 2219 1652 2286 utpote
1705 2213 1840 2270 [sidi

231 2312 573 2367 consecratas.
609 2307 759 2363 Nam
797 2305 966 2362 Isidis
996 2303 1383 2361 simulacrum
1417 2303 1703 2359 muliebre
1726 2307 1840 2372 est,

232 2396 426 2463 bubulis
479 2397 795 2469 praeditum
871 2393 1171 2459 cornibus,
1226 2392 1723 2466 quemadmodum
1784 2392 1842 2447 Io

234 2484 380 2542 Graeci
463 2485 827 2542 describunt.
889 2481 989 2535 Καὶ
1056 2483 1153 2543 τὰς
1233 2482 1362 2555 βοῦς
1438 2482 1534 2542 τὰς
1614 2477 1844 2550 θηλείας

232 2572 479 2649 Αἰγύπτιοι
506 2573 707 2634 πάντες
762 2569 977 2644 ὁμοίως
1026 2565 1273 2626 σέϐονται
1306 2564 1593 2646 προϐάτων
1630 2569 1846 2623 πάντων

238 2661 471 2737 palma:
503 2664 810 2734 Bovesque
842 2661 1089 2717 feminas
1130 2677 1332 2716 omnes
1383 2661 1539 2716 idem
1595 2657 1847 2731 [Egyptii

236 2758 547 2810 venerantur
557 2769 637 2809 ex
660 2750 940 2807 omnibus
955 2750 1281 2822 pecudibus
1294 2749 1466 2819 longe
1480 2748 1801 2821 plurimum
1826 2762 1841 2803 :

236 2855 386 2913 eoque
409 2858 577 2898 nemo
605 2840 913 2913 .‘Egyptius
945 2839 1300 2911 Egyptiave,
1346 2838 1527 2894 Graeci
1592 2835 1699 2891 viri
1747 2839 1850 2891 aut

237 2945 287 2986 os
310 2930 682 3000 suaviaretur,
714 2932 816 2984 aut
862 2926 1071 2995 cultro,
1102 2926 1191 2982 vel
1242 2925 1494 2995 veru,vel
1525 2924 1641 2981 olla
1689 2922 1849 2979 illius

238 3023 479 3087 uteretur,
514 3024 623 3077 aut
655 3036 803 3091 pura
828 3016 996 3073 bovis
1026 3032 1199 3072 carne
1226 3032 1412 3088 graeco
1443 3014 1630 3071 cultro
1662 3013 1850 3070 incisa

232 3117 522 3166 vesceretur
552 3132 584 3161 »
620 3106 878 3181 (Herold.
910 3105 1013 3164 lib.
1049 3123 1112 3173 ιι,
1142 3105 1172 3179 §
1201 3106 1316 3179 41).

289 3215 417 3280 Quid
446 3232 587 3289 ergo
610 3215 644 3270 *Ρ
674 3218 878 3288 arguet
893 3212 1336 3286 aliquis.Nonne
1371 3211 1582 3267 falsum
1610 3209 1848 3267 omnino

232 3308 304 3362 est
326 3304 497 3361 ullam
522 3304 661 3361 bovi
706 3304 778 3359 ab
820 3302 1099 3376 Egyptiis
1155 3301 1473 3357 exhibitam
1528 3298 1851 3356 veneratio-

234 3408 360 3461 nem,
388 3399 587 3467 utpote
621 3392 726 3466 qui
756 3391 924 3448 illum
954 3392 1071 3448 diis
1101 3391 1477 3447 immolarent
1500 3390 1529 3445 ‘?
1559 3388 1849 3446 Eusebius

232 3483 494 3539 enimvero
570 3481 947 3555 apertissime
1014 3480 1309 3536 inﬁciatus
1363 3485 1452 3536 est
1507 3480 1579 3535 ab
1640 3478 1849 3534 iisdem

233 3571 480 3645 [Egyptiis
511 3574 696 3629 boves
735 3587 838 3642 pro
891 3571 1008 3626 diis
1055 3569 1321 3638 habitos;
1370 3569 1849 3641 quandoquidem

234 3657 308 3727 bis
333 3663 556 3718 eosdem
591 3662 773 3716 boves
802 3659 1225 3727 sacriﬁcabant.
1268 3662 1400 3714 Hec
1448 3664 1643 3714 autem
1692 3657 1852 3713 illius

235 3754 351 3805 sunt
386 3752 597 3807 verba:
653 3751 772 3801 Ὅτι
822 3743 880 3802 δὲ
928 3744 1054 3801 οὐδὲ
1106 3746 1174 3801 τὰ
1227 3750 1337 3815 ζῶα
1392 3746 1543 3807 θεοὺς
1572 3745 1850 3821 ἡγοῦνται,

236 3833 376 3905 δηλοῖ
422 3839 485 3894 τὸ
532 3835 834 3912 πολλαχοῦ
888 3836 1017 3912 βοῦς
1066 3834 1394 3912 ἀναχθέντας
1446 3837 1590 3898 θεοῖς
1650 3834 1701 3889 ἐν
1731 3840 1851 3897 ταῖς

237 3924 545 4001 ἱερομηνίαις
574 3947 588 3986 :
629 3950 659 3978 «
680 3928 838 3993 Quod
876 3926 981 3994 illi,
1004 3926 1279 3999 Egyptii,
1302 3928 1407 3983 bru
1419 3932 1505 3982 tas
1528 3925 1855 3983 animantes

238 4015 351 4073 deos
369 4034 493 4075 esse
512 4033 892 4089 nequaquam
917 4015 1307 4072 arbitrarentu
1317 4014 1454 4083 r,vel
1472 4032 1541 4071 ex
1560 4032 1625 4071 eo
1650 4014 1854 4086 liquet.

238 4108 443 4176 quodin
473 4106 778 4179 plerisque
806 4104 949 4161 locis
990 4105 1164 4160 boves
1210 4104 1323 4160 diis
1368 4106 1735 4160 consecratos
1765 4120 1860 4159 so-

238 4190 498 4255 lemnibus
529 4194 699 4252 feriis
736 4195 1097 4265 deorumque
1137 4191 1516 4266 religionibus
1557 4190 1863 4249 immolare

241 4282 473 4341 solebant
500 4310 522 4340 ι
562 4283 804 4357 (Euseb.
835 4283 939 4339 lib.
973 4300 1037 4338 ιιι
1081 4284 1333 4355 Praepar.
1379 4284 1584 4351 Evang.
1610 4298 1738 4355 cap.
1772 4282 1861 4349 12,

244 4385 351 4449 pag.
382 4376 519 4447 117).
555 4374 838 4430 Animum
869 4376 1067 4428 tamen
1100 4372 1149 4427 is
1182 4372 1445 4427 advertat
1478 4375 1678 4426 utrum
1710 4373 1866 4427 facta

254 4458 607 4519 abllerodoto
641 4462 823 4529 bovis,
857 4461 1040 4516 maris
1070 4464 1127 4516 et
1162 4460 1412 4529 feminae,
1471 4460 1866 4533 distinctione,

252 4548 407 4607 nodus
433 4551 691 4624 hujusce
722 4548 1085 4606 difﬁcultatis
1120 4566 1236 4605 non
1268 4549 1543 4606 solvatur.

308 4656 520 4714 Inﬁcias
552 4656 847 4730 siquidem
882 4654 1081 4712 nullus
1110 4655 1239 4724 ibit,
1270 4656 1573 4729 Egyptios
1604 4655 1861 4729 aliquan-

250 4739 311 4807 do
330 4743 449 4799 bovi
477 4744 865 4802 reverentiam
898 4744 1297 4817 honoremque
1327 4744 1690 4812 adhibuisse,
1736 4761 1871 4801 cum

247 4836 431 4906 praeter
460 4835 750 4906 plurimos
780 4833 946 4901 alios,
982 4832 1143 4889 Philo
1198 4833 1437 4889 Judaeus
1494 4831 1603 4889 hoc
1642 4834 1713 4889 de
1755 4832 1871 4889 illis

252 4919 514 4989 scriptum
574 4921 917 4993 reliquerit:
988 4916 1355 4992 Εκλαθόμενοι
1434 4924 1536 4987 τῆς
1611 4918 1748 4996 πρὸς
1810 4918 1873 4974 τὸ

251 5002 298 5057 δν
357 5006 661 5080 δσιότητος,
728 5006 972 5078 ζηλωταὶ
1036 5012 1144 5063 τῶν
1207 5007 1570 5084 αἶγυπτιακῶν
1637 5008 1875 5084 γίνονται

252 5091 587 5170 πλασμάτων,
682 5099 797 5153 εἶτα
892 5101 1132 5173 χρυσοῦν
1245 5100 1441 5172 ταῦρον
1556 5118 1879 5153 κατασκευα-

251 5184 472 5256 σάμενοι,
573 5185 800 5261 μίμημα
898 5191 997 5242 τοῦ
1091 5186 1228 5242 κατᾶ
1318 5186 1508 5263 χώραν
1583 5185 1880 5263 ἷερωτάτου

250 5274 375 5339 ζώου
466 5272 758 5338 δοκοῦντος
857 5275 1012 5345 εἶναι,
1102 5273 1288 5337 Θυσίας
1406 5272 1637 5336 ἀθύτους
1740 5274 1882 5347 ἀνή-

248 5379 416 5437 γαγον.
453 5387 483 5416 ς(
541 5366 713 5422 Obliti
805 5364 1079 5423 Israelita
1161 5365 1279 5422 veri
1365 5365 1490 5432 Dei,
1580 5371 1884 5438 coeperunt

252 5453 492 5509 amulari
522 5455 795 5528 ﬁgmenta
819 5455 1179 5529 Egyptiaca,
1209 5457 1358 5510 facto
1393 5454 1648 5526 juvenco
1682 5472 1882 5528 aureo,

256 5540 317 5596 ad
345 5542 725 5601 imitationem
757 5544 1031 5602 animalis
1054 5545 1182 5616 ejus
1204 5542 1611 5611 sacratissimi,
1632 5544 1722 5600 cui
1750 5562 1885 5619 pro-

254 5626 377 5689 fana
401 5647 573 5691 sacra
596 5633 903 5705 faciebant,
937 5634 1181 5694 choreas
1200 5634 1475 5708 agebant,
1491 5636 1642 5691 etc.»
1668 5634 1883 5707 (Philo.

1871 1817 1919 1883 Β

1897 4554 1945 4621 D

1951 1163 2182 1220 quoque
2214 1147 2526 1205 Israelitisz
2560 1170 2589 1198 «
2625 1148 2686 1204 In
2719 1147 3034 1214 luxuriam,
3066 1171 3094 1199 »
3113 1150 3328 1221 inquit,
3353 1173 3382 1201 «
3403 1150 3596 1223 prola-

1950 1236 2064 1308 psi,
2096 1238 2167 1292 ad
2187 1238 2463 1309 profanos
2489 1237 2890 1311 Egyptiorum
2910 1239 3061 1293 ritus
3083 1238 3315 1295 animos
3338 1242 3598 1295 transtu-

1951 1324 2166 1381 lerunt.
2200 1324 2347 1381 Cum
2378 1326 2531 1381 enim
2566 1326 2795 1398 Moyses
2820 1327 2942 1382 dux
2978 1343 3182 1383 eorum
3240 1329 3604 1384 ascendisset

1950 1413 2012 1469 in
2044 1419 2305 1471 montem
2337 1418 2513 1487 atque
2543 1414 2625 1470 ibi
2656 1416 2724 1470 40
2753 1415 2961 1471 diebus
2976 1422 3325 1484 moraretur,
3358 1433 3601 1473 aureum

1952 1508 2131 1575 caput
2152 1504 2335 1572 bovis,
2362 1520 2536 1576 quem
2555 1508 2762 1560 vocant
2779 1504 3135 1577 Apim,quod
3160 1522 3259 1562 eos
3282 1505 3342 1561 in
3364 1506 3602 1578 signum

1953 1593 2321 1663 praecederet,
2343 1593 2673 1665 ﬁgurarunt
2704 1616 2733 1644 »
2766 1596 3044 1662 (Lactant.
3078 1593 3180 1650 lib.
3218 1612 3292 1660 xv,
3326 1612 3451 1666 cap.
3509 1596 3600 1662 10,

1953 1680 2239 1754 pag.576).
2273 1682 2381 1737 Sed
2409 1683 2478 1737 de
2506 1682 2615 1755 Api
2646 1683 2791 1739 bove
2820 1699 2927 1739 nos
2976 1683 3149 1755 paulo
3202 1684 3354 1739 infra
3412 1684 3599 1741 disse-

1954 1786 2173 1826 remus.

2018 1858 2217 1930 Neque
2241 1876 2410 1931 porro
2442 1875 2795 1932 quemquam
2847 1864 3092 1927 moveat,
3135 1862 3283 1931 quod
3354 1865 3602 1933 uterque

1951 1946 2288 2004 Lactantius
2319 1953 2377 2004 et
2428 1948 2819 2021 Hieronymus
2850 1949 3078 2016 dixerit,
3107 1972 3136 2000 «
3159 1950 3536 2023 caputvituli,
3563 1972 3593 2001 η

1951 2037 2453 2108 quemadmodum
2484 2037 2774 2092 Minucius
2804 2042 3001 2093 noster
3028 2038 3223 2110 capita
3276 2039 3475 2094 boum.
3512 2040 3588 2095 Eo

1954 2124 2249 2196 siquidem
2279 2124 2554 2197 loquendi
2585 2126 2757 2181 modo
2782 2125 2930 2180 nihil
2961 2124 3329 2197 aliud,quam
3350 2127 3599 2182 vitulum

1954 2217 2055 2268 aut
2084 2214 2260 2269 boves
2285 2212 2445 2285 ipsos
2475 2213 2733 2285 integros
2765 2213 3117 2287 signiﬁcant.
3152 2215 3503 2270 Bochartum
3533 2232 3602 2272 ea

1954 2303 2026 2357 de
2057 2318 2141 2368 re,
2175 2302 2224 2358 si
2254 2302 2439 2374 lubet,
2471 2302 2775 2359 consulere
2818 2303 3035 2375 poteris
3070 2304 3366 2374 (Bochart.
3412 2303 3516 2360 lib.
3558 2321 3601 2359 ιι

1952 2389 2018 2445 de
2047 2391 2287 2445 Animal.
2311 2407 2453 2446 δίων.
2486 2391 2690 2463 Script.
2724 2408 2852 2464 cap.
2895 2391 2987 2461 34,
3048 2408 3179 2464 pag,
3239 2393 3386 2463 346).

2028 2481 2240 2536 Eodem
2292 2479 2463 2548 plane
2513 2496 2690 2537 sensu
2743 2485 2946 2536 auctor
3004 2485 3202 2537 noster
3268 2482 3513 2551 adjecit:
3549 2485 3605 2537 et

1956 2590 1986 2621 «
2017 2568 2210 2640 capita
2248 2585 2575 2625 vervecum.
2611 2591 2639 2619 »
2698 2570 2769 2624 At
2823 2584 2996 2625 nemo
3048 2574 3139 2625 est
3196 2569 3602 2641 proculdubio,

1956 2656 2059 2730 qui
2089 2657 2312 2712 nesciat
2339 2673 2634 2712 vervecem
2693 2672 2822 2713 esse
2898 2656 3227 2714 masculum
3282 2674 3447 2713 ovem
3508 2675 3603 2713 ca-

1957 2751 2227 2802 stratum.
2261 2745 2378 2801 Nos
2393 2750 2592 2801 autem
2611 2744 2750 2801 alibi
2782 2746 3196 2802 annotavimus
3240 2746 3470 2803 Samios
3521 2762 3607 2802 re-

1960 2850 2091 2890 vera
2120 2833 2345 2890 cultum
2375 2833 2711 2890 exhibuisse
2742 2834 2856 2901 ovi,
2887 2840 2946 2890 et
2992 2851 3170 2905 quam
3232 2837 3304 2890 ob
3362 2851 3602 2890 causam

1958 2922 2148 2996 (Tom.
2180 2939 2199 2978 ι
2229 2924 2488 2994 Apparat.
2517 2922 2620 2979 lib.
2652 2939 2739 2990 ιιι,
2772 2922 3007 2978 dissert.
3042 2927 3085 2978 l.
3118 2940 3247 2995 cap.
3298 2923 3353 2989 9,
3404 2928 3513 2978 art.
3544 2923 3601 2989 3,

1957 3027 2091 3085 pag.
2122 3011 2271 3084 768).
2305 3010 2488 3067 Sedid
2520 3028 2633 3067 non
2665 3010 2968 3083 prohibuit
2993 3011 3310 3083 quominus
3358 3012 3603 3067 Laribus

1960 3101 2033 3157 ab
2064 3099 2215 3169 aliis,
2264 3106 2410 3157 teste
2458 3099 2750 3166 Cicerone,
2815 3100 3282 3157 sacriﬁcaretur:
3321 3122 3349 3151 «
3398 3100 3601 3173 Neque

1880 3183 1924 3252 C
1964 3206 2200 3247 necesse
2219 3193 2328 3258 est,
2364 3211 2391 3240 υ
2423 3189 2617 3261 inquit
2645 3187 2764 3256 ille,
2803 3212 2824 3238 ι
2850 3189 3092 3246 edisseri
3126 3207 3159 3244 a
3196 3190 3386 3246 nobis.
3451 3233 3464 3246 .
3520 3234 3533 3246 .
3590 3230 3604 3244 .

1958 3280 2113 3352 quod
2146 3295 2335 3351 genus
2381 3277 2647 3335 sacriﬁcii
2690 3278 2822 3333 Lari
2867 3277 3205 3334 vervecibus
3261 3280 3361 3334 ﬁat
3389 3304 3409 3329 ι
3462 3279 3602 3352 (Cic.

1960 3369 2061 3424 lib.
2095 3386 2136 3424 ιι
2157 3369 2227 3425 de
2250 3368 2440 3439 Legib.
2474 3385 2604 3440 pag.
2653 3368 2804 3434 340).
2855 3367 3016 3431 Quod
3071 3368 3311 3439 quidem
3366 3368 3601 3424 Lambi-

1960 3475 2073 3515 nus
2103 3457 2228 3514 suis
2254 3457 2314 3513 in
2343 3458 2500 3513 hunc
2528 3456 2821 3513 Ciceronis
2849 3456 3042 3511 locum
3098 3457 3604 3513 observationibus

1960 3546 2269 3604 conﬁrmat
2318 3546 2426 3601 hac
2479 3545 2728 3601 fratrum
2806 3543 3107 3600 Arvalium
3178 3545 3601 3617 inscriptione:

2104 3678 2293 3719 LABIB.
2324 3677 2492 3717 VBRB.
2524 3677 2582 3717 Ν.
2614 3675 2680 3729 ιι,
2710 3675 2909 3716 MATRI.
2942 3676 3069 3716 ιΑιι.
3102 3677 3191 3717 ον.
3252 3678 3310 3717 Ν.
3359 3678 3423 3717 ΙΙ.

2034 3787 2251 3843 Deinde
2295 3803 2430 3842 vero
2480 3787 2678 3841 narrat
2729 3788 2963 3857 prepter
3006 3785 3291 3842 indictum
3369 3787 3602 3844 Octavio

1963 3876 2171 3933 Caesari
2204 3875 2456 3949 Augusti
2486 3890 2720 3942 nomen,
2754 3878 2927 3946 atque
2957 3874 3267 3946 inhujusce
3288 3876 3366 3932 rei
3392 3893 3608 3931 memo-

1965 3967 2173 4034 riam,¢
2202 3980 2496 4021 vervecem
2530 3985 2560 4014 »
2594 3963 2652 4018 in
2685 3962 2901 4034 templo
2930 3962 3089 4019 Jovis
3110 3963 3307 4020 idibus
3333 3964 3608 4019 Januaris

1967 4055 2248 4113 ailamine
2267 4051 2853 4117 immolatum.Quam
2876 4052 2946 4107 ob
2970 4068 3207 4109 causam
3229 4052 3468 4110 Ovidius
3487 4052 3609 4108 haec

1969 4144 2215 4201 cecinit:

2062 4260 2245 4310 Idibus
2272 4259 2327 4308 in
2360 4258 2540 4321 magni
2557 4261 2733 4321 castus
2759 4256 2907 4321 Jovis
2935 4256 3050 4321 aede
3083 4257 3332 4321 sacerdos

2158 4319 2473 4372 Seminaris
2495 4319 2721 4369 ﬂammis
2750 4319 2953 4367 viscera
2997 4320 3126 4368 libat
3153 4320 3287 4369 ovis.

2065 4384 2392 4446 Redditaque
2419 4386 2499 4431 est
2526 4381 2702 4431 omnis
2732 4380 2932 4452 populo
2948 4382 3240 4493 (provincia
3272 4385 3488 4445 nostro,

2190 4447 2253 4493 Et
2279 4450 2405 4493 tuus
2433 4446 2669 4493 Augusto
2700 4456 2917 4493 nomine
2986 4448 3122 4493 lctus
3150 4458 3303 4493 avus.

2190 4447 2253 4496 Et
2279 4444 2405 4495 tuus
2433 4446 2669 4507 Augusto
2700 4444 2917 4493 nomine
2948 4444 3122 4493 dictus
3150 4458 3303 4496 avus.

2189 4508 2384 4572 (Ovid.,
2413 4508 2452 4556 Ι.
2485 4521 2500 4556 ι
2529 4507 2691 4555 Fas!”
2721 4519 2773 4553 v.
2819 4508 2910 4556 346
2953 4509 3006 4555 et
3031 4520 3181 4572 seqq.

2496 4628 2898 4687 ARTIGULUS
2948 4632 3046 4689 III.

1980 4719 2585 4796 Quomodo__Minucius
2613 4718 2825 4796 adhuc
2897 4724 3209 4796 probaverit
3282 4723 3351 4779 ab
3398 4722 3626 4796 gentili-

2050 4793 2146 4848 bus
2173 4789 2286 4847 coli
2315 4800 2367 4847 et
2396 4790 2626 4847 adorari
2643 4790 2768 4848 deos
2818 4789 2987 4865 capro
3044 4802 3096 4850 et
3147 4795 3366 4851 homine
3398 4789 3623 4863 'mistos,

2048 4872 2341 4938 vastasque
2394 4864 2615 4919 leonum
2696 4868 2749 4919 et
2804 4864 3007 4921 canum
3061 4868 3439 4938 praeferentes,
3494 4866 3626 4938 item

2053 4936 2213 5007 Apim
2248 4934 2470 5007 bovem,
2530 4939 2823 5005 serpentes,
2900 4934 3212 5007 crocodilos,
3271 4942 3429 5007 alque
3483 4935 3628 4989 alias

2057 5006 2181 5063 aves
2223 5010 2276 5061 et
2325 5006 2553 5072 belluas,
2612 5021 2678 5061 ac
2730 5022 2856 5079 cepe
2910 5010 3101 5077 etiam,
3150 5006 3205 5065 et
3252 5006 3457 5064 ventris
3511 5019 3630 5061 cre-

2052 5081 2229 5152 pitus.

2059 5192 2445 5265 Prosequitur
2473 5190 2781 5261 Minucius,
2849 5195 2907 5248 et
2960 5198 3026 5248 ut
3079 5191 3341 5249 ethnicos
3396 5188 3633 5246 insulsae

1991 5299 2254 5356 prorsus,
2286 5299 2399 5352 qua
2420 5280 2781 5337 Christianos
2805 5280 3018 5335 asinini
3046 5281 3240 5336 cultus
3262 5279 3410 5336 falso
3434 5296 3638 5353 argue-

1994 5374 2155 5439 bant,
2196 5369 2505 5427 calumnize
2574 5369 2853 5439 puderet;
2891 5389 2918 5421 α
2988 5375 3063 5424 De
3124 5385 3318 5441 capro,
3371 5369 3471 5437 ait,
3506 5393 3534 5419 «
3582 5374 3639 5426 et

1994 5461 2231 5519 homine
2262 5459 2467 5515 mistos
2497 5457 2657 5524 deos,
2682 5462 2738 5512 et
2783 5457 3018 5514 leonum
3072 5465 3129 5515 et
3175 5476 3389 5515 canum
3441 5459 3640 5515 vultus

1995 5551 2133 5608 deos
2182 5545 2489 5606 dedicatis.
2520 5563 2547 5597 ιι
2596 5543 2806 5611 Quales
2852 5545 2953 5602 illo
3001 5548 3223 5619 primos
3288 5547 3452 5617 dicit,
3501 5548 3640 5604 talis

1996 5636 2199 5712 procul
2230 5636 2409 5695 dubio
2436 5636 2564 5693 erat
2599 5632 2736 5708 Pan,
2770 5649 2947 5708 quem
2977 5636 3063 5696 sic
3114 5654 3150 5697 a
3216 5636 3536 5712 pictoribus
3584 5640 3645 5698 et
