3942 6162
370 297 491 355 527

1656 290 1759 349 DE
1802 288 2105 352 MINUCII
2155 289 2498 352 OCTAVIO

3621 313 3725 375 528

380 426 681 483 statuariis
900 427 1381 512 repraesentatum
1401 425 1600 512 narrat
1646 422 2010 512 Herodotus:
2045 422 2098 489 Α
2128 421 2409 512 intortum
2442 422 2645 512 ab_eis
2694 428 2896 481 contra
2954 425 3319 485 Christianos
3370 431 3531 504 idem,
3574 444 3729 512 atque

375 512 645 592 Γράφουσι
702 510 759 568 δὲ
816 511 883 582 δὴ
942 512 1029 567 καὶ
1070 511 1333 590 γλύφοσιν
1394 510 1445 564 οἱ
1479 510 1757 589 ζωγράφοι
1816 510 1907 565 καὶ
1964 511 2018 569 οἱ

372 602 814 677 ἀγαλματοποιοὶ
871 606 966 657 τοῦ
1024 601 1217 672 Πανὸς,
1276 598 1513 676 καθάπερ
1572 597 1862 673 Ἕλληνες,
1918 598 2021 654 τώ-

372 690 564 767 γαλμα
637 690 1057 765 αἰγοπρόσωπον
1124 687 1214 744 καὶ
1303 685 1678 764 τραγοσκελέα.
1740 711 1770 740 ‹‹
1847 689 2021 746 Panis

375 786 573 838 autem
606 780 993 837 simulacrum
1025 784 1083 836 et
1114 778 1363 851 pictores
1396 778 1669 852 pingunt,
1701 782 1761 834 et
1799 782 2023 835 statua-

375 870 447 926 rii
479 869 778 942 sculpunt,
810 869 1311 941 quemadmodum
1342 868 1547 934 Graeci,
1588 867 1827 940 caprina
1857 866 2024 936 facie,

374 958 744 1031 hircinisque
772 958 1047 1015 cruribus
1082 980 1102 1009 ι
1138 957 1379 1029 (Herod.
1418 956 1521 1012 lib.
1551 974 1613 1013 11.
1645 958 1674 1025 §
1701 957 1813 1029 46).
1845 955 2025 1013 Addit

378 1052 575 1104 tamen
606 1064 704 1104 eos
734 1047 1101 1105 existimasse
1132 1047 1343 1103 Panem
1380 1045 1633 1102 similem
1668 1044 1847 1102 fuisse
1893 1043 2025 1101 aliis

377 1137 513 1209 diis,
542 1138 644 1194 sed
674 1154 741 1194 eo
764 1138 935 1193 modo
967 1137 1039 1193 ab
1068 1135 1187 1193 illis
1218 1137 1442 1210 pictum
1474 1135 1759 1208 quasdam
1790 1138 2027 1208 propter

377 1243 608 1298 causas,
640 1242 788 1298 quas
818 1226 1031 1282 referre
1062 1224 1301 1282 minime
1331 1224 1441 1281 sibi
1471 1227 1705 1296 gratum
1743 1240 1871 1281 esse
1918 1224 2023 1280 de-

374 1314 578 1372 clarat.
602 1314 785 1388 Satyri
817 1330 1052 1387 quoque
1079 1314 1454 1386 ﬁngebantur
1481 1312 1739 1370 humano
1761 1312 2023 1385 quidem,

374 1405 477 1461 sed
508 1408 750 1460 cornuto
784 1403 1255 1475 capite,pedibus
1285 1402 1639 1476 caprinis,ac
1668 1401 1875 1458 villoso
1897 1418 2024 1458 cor-

373 1510 533 1565 pore.
568 1493 683 1549 Hos
714 1496 909 1548 autem
936 1492 1232 1548 Lucianus
1253 1490 1427 1547 sicuti
1451 1491 1665 1545 Panem
1688 1494 1745 1547 et
1763 1490 2024 1545 Silenum

375 1582 515 1637 dicit
545 1582 731 1638 forma
752 1584 1086 1637 monstrosa
1117 1596 1245 1636 esse
1277 1578 1665 1651 spectabiles:
1698 1579 1792 1632 Ὧν
1849 1577 1877 1630 ὁ
1930 1576 2022 1649 μὲν

372 1670 570 1745 κέρατα
634 1665 799 1743 ἔχων,
861 1667 952 1722 καὶ
1031 1668 1156 1723 ’ὀσον
1215 1665 1265 1737 ἐξ
1323 1665 1596 1739 ἡμισείας,
1654 1664 1707 1728 ἐς
1760 1664 1823 1719 τὸ
1879 1662 2025 1719 κάτω

374 1757 483 1834 αἰγὶ
542 1756 753 1826 ἐοικὼς,
823 1756 914 1811 καὶ
994 1757 1195 1832 γένειον
1272 1756 1404 1831 βαθὺ
1486 1752 1823 1827 καθειμένος.
1860 1796 1873 1810 .
1910 1794 1924 1809 .
1958 1796 1972 1810 .
2008 1793 2023 1809 .

375 1848 430 1902 οἱ
475 1844 533 1902 δὲ
585 1845 804 1921 σάτυροι
863 1845 1001 1917 ὀξεῖς
1054 1844 1124 1901 τὰ
1181 1845 1313 1914 ὦτα,
1374 1843 1463 1899 καὶ
1520 1843 1674 1898 αὐτοὶ
1732 1840 2025 1920 φαλακροὶ,

374 1934 649 2012 κεράσται.
709 1934 797 1990 οἶα
844 1940 961 1996 τοῖς
1021 1931 1140 2011 ἄρτι
1172 1935 1507 2009 γεννηθεῖσιν
1537 1930 1743 2007 ἐρίφοις
1771 1932 1838 1987 τὰ
1866 1929 2024 2008 κέρα-

369 2046 437 2080 τα
464 2023 780 2101 ὑποφύεται.
815 2048 843 2074 ‹‹
878 2025 1137 2089 Quorum
1168 2023 1263 2080 hic
1294 2023 1531 2095 quidem
1556 2037 1765 2095 gerens
1786 2038 2024 2093 cornua,

372 2114 619 2170 dimidia
649 2117 815 2186 parte
844 2113 1105 2186 corporis
1137 2128 1381 2184 caprum
1424 2113 1702 2179 referens,
1758 2111 2028 2168 barbam-

370 2220 485 2275 que
515 2202 868 2275 profundam
899 2201 1187 2269 nutriens,
1220 2216 1431 2273 parum
1464 2200 1536 2255 ab
1583 2200 1745 2257 hirco
1804 2200 2027 2256 discre-

371 2296 492 2365 pat.
537 2333 550 2347 .
596 2333 609 2347 .
650 2332 665 2349 .
720 2330 735 2346 .
792 2291 980 2363 Satyri
1038 2289 1231 2345 acutis
1288 2288 1550 2359 auribus,
1625 2293 1682 2345 et
1737 2289 1849 2361 ipsi
1908 2288 2026 2345 cal-

372 2381 451 2453 vi,
482 2378 793 2452 cornigeri,
835 2378 1035 2450 qualia
1083 2379 1201 2435 fere
1247 2378 1430 2434 haadis
1489 2394 1677 2450 nuper
1725 2377 1881 2434 natis
1928 2394 2026 2433 ex-

374 2472 647 2526 crescunt
676 2484 895 2525 cornua
924 2489 953 2518 »
988 2467 1250 2537 (Lucian.
1298 2466 1357 2521 in
1403 2468 1559 2521 Deor.
1628 2468 1837 2523 conviv.
1890 2482 2023 2540 pag.

375 2558 555 2630 1096).
589 2557 735 2614 Hinc
764 2555 1125 2628 Propertius,
1158 2554 1262 2611 lib.
1296 2571 1383 2626 111,
1416 2553 1573 2627 Eleg.
1612 2555 1717 2610 l6:

614 2662 935 2727 Capripedes
957 2660 1160 2713 calamo
1188 2663 1357 2713 Panes
1384 2660 1566 2712 hiante
1596 2665 1806 2712 canent.

374 2766 445 2823 Et
474 2768 802 2836 Lucretius,
848 2768 952 2825 lib.
984 2784 1062 2835 1v,
1112 2772 1246 2824 ante
1292 2768 1448 2824 med.
1472 2785 1492 2823 :

469 2874 1809 3003 Ηῗτῗέίίὲῗἃξὲιῖἓξίῗίέῗδιτῗὲξῖἔὲ’.εῗὲῗὲἓιῗιέἓῗὲτ
1837 2877 2025 2924 ‘°“°'°

444 3035 503 3091 Si
533 3035 615 3091 rei
661 3036 809 3092 haud
863 3035 1237 3107 incomperta;
1286 3033 1431 3090 alios
1479 3033 1778 3090 desideras
1820 3037 2021 3101 testes,

372 3124 533 3182 adire
562 3125 780 3196 poteris
811 3124 1151 3191 Eusebium,
1182 3122 1468 3190 Servium,
1504 3122 1796 3192 Vossium,
1845 3119 2020 3176 Nata-

370 3212 509 3284 lem,
542 3215 846 3281 Comitem,
879 3212 1142 3285 aliosque
1181 3227 1294 3267 non
1346 3227 1564 3283 paucos
1622 3210 1853 3282 (Euseb.
1914 3209 2016 3266 lib.

375 3304 724 3375 111Praepar.
786 3306 990 3373 Evang.
1051 3317 1178 3373 cap.
1238 3300 1292 3369 4,
1352 3316 1485 3372 pag.
1538 3299 1681 3368 42/1;
1740 3299 1900 3355 Serv.
1958 3300 2020 3354 in

368 3392 611 3462 Eclog.2
646 3390 841 3463 Virgil.
881 3408 933 3446 v.
991 3391 1100 3457 3t;
1161 3388 1328 3445 Voss.
1384 3388 1489 3444 lib.
1546 3403 1586 3458 1,
1644 3388 1711 3444 de
1759 3386 1909 3459 Orig.
1964 3394 2020 3445 et

372 3482 619 3552 Fragras.
652 3481 939 3537 Idololatr.
971 3495 1097 3551 cap.
1128 3479 1183 3548 8,
1217 3493 1351 3550 pag.
1384 3477 1551 3545 31,et
1579 3477 1682 3533 lib.
1733 3494 1834 3542 v11,
1886 3494 2014 3551 cap.

368 3570 425 3636 3,
456 3586 587 3642 pag.
621 3570 770 3641 359).

442 3657 523 3713 De
553 3657 671 3714 illis
700 3661 898 3713 autem
928 3656 1040 3712 diis
1070 3654 1166 3727 qui
1194 3654 1432 3711 leonum
1463 3670 1795 3727 canumque
1815 3654 2015 3714 vultus

369 3762 485 3819 prae
536 3762 599 3802 se
648 3746 933 3814 ferebant,
982 3748 1153 3816 atque
1196 3742 1329 3800 aliis
1375 3744 1725 3799 monstrosis
1771 3744 2013 3801 deorum

370 3834 761 3908 figuris,haud
780 3834 1118 3907 infrequens
1140 3850 1174 3889 a
1189 3832 1364 3889 variis
1381 3833 1763 3905 scriptoribus
1795 3834 2012 3890 mentio

366 3922 520 3979 facta
549 3928 656 3980 est.
690 3923 882 3979 Primo
921 3921 1135 3978 etenim
1166 3920 1275 3977 hac
1298 3922 1453 3995 apud
1479 3920 1797 3977 Eusebium
1816 3938 1847 3977 a
1872 3922 2009 3977 Por-

361 4011 569 4085 phyrio
598 4012 813 4068 tradita
842 4011 1135 4084 legimus:
1174 4034 1195 4061 ι
1232 4016 1296 4066 In
1322 4010 1669 4084 efﬁngendis
1698 4010 2008 4068 numinum

357 4100 716 4169 simulacris,
748 4102 906 4157 omni
940 4116 1155 4173 genere
1183 4099 1527 4156 animalium
1565 4100 1674 4169 usi,
1710 4101 1861 4156 feras
1901 4101 2008 4157 ali-

355 4192 593 4263 quando
625 4207 759 4246 cnm
787 4188 1125 4245 hominibus
1160 4206 1274 4243 una
1330 4188 1638 4257 miscuere,
1690 4187 2005 4259 aliquando

355 4279 555 4335 avium
586 4279 919 4352 pariterque
949 4276 1254 4333 hominum
1288 4293 1531 4350 corpora
1569 4276 1938 4347 conjunxere.
1971 4301 2000 4329 ‹‹

350 4362 606 4422 Εῗκασται
676 4367 777 4443 γάρ
850 4385 934 4427 τις
1008 4365 1135 4441 παρ’
1207 4363 1395 4419 αὐτοῖσ
1471 4364 1638 4439 μέχρι
1710 4363 1999 4441 τραχήλου

348 4452 781 4533 ἀνθρωποειδὴς,
854 4454 919 4510 τὸ
994 4451 1051 4508 δὲ
1123 4451 1416 4529 πρόσωπον
1496 4452 1704 4528 ὀρνέου,
1780 4455 1814 4522 ἤ
1852 4452 1999 4509 λέον-

2128 509 2438 578 Minucius,
2472 509 2653 567 telum
2686 516 2979 587 retorquet
3033 515 3340 589 (Porphyr,
3370 519 3462 577 lib.
3519 543 3588 595 ιν,
3619 509 3735 588 ante

2130 599 2309 665 med.,
2336 615 2468 672 pag.
2502 600 2655 672 372.)

2200 687 2355 745 518
2386 688 2461 743 At
2487 688 2882 747 Tertullianus
2914 692 3037 763 pari
3078 692 3255 750 etiam
3308 698 3470 755 modo
3492 702 3738 764 adversus

2130 776 2367 832 eosdem
2388 776 2633 849 gentiles
2653 785 3102 851 argumentatus
3121 783 3308 839 eidem
3332 790 3543 844 auctori
3566 798 3741 852 nostro

2132 865 2316 921 facem
2348 865 2506 922 hisce
2529 868 2720 923 verbis
2746 869 3113 941 praetulerat:
3147 893 3177 921 «
3216 873 3326 929 Sed
3361 874 3449 930 illi
3482 878 3743 938 debebant

2134 954 2375 1011 adorare
2418 954 2618 1011 statim
2646 954 2898 1013 biforme
2928 975 3145 1015 numen
3169 978 3182 1029 ;
3218 961 3358 1033 quia
3380 968 3437 1019 et
3465 966 3746 1035 canino,et

2131 1040 2364 1099 leonino
2395 1044 2584 1115 capite
2614 1046 2975 1117 commistos,
3011 1052 3069 1103 et
3098 1049 3169 1105 de
3199 1066 3392 1122 capro,
3423 1057 3477 1109 et
3495 1054 3562 1110 de
3591 1057 3747 1116 ariete

2134 1135 2427 1200 cornutos,
2459 1135 2515 1188 et
2544 1149 2579 1189 a
2620 1132 2837 1190 lumbis
2886 1135 3100 1203 hircos,
3148 1142 3207 1193 et
3258 1156 3293 1194 a
3336 1141 3597 1199 cruribus
3644 1162 3750 1202 ser-

2134 1223 2336 1293 pentes
2364 1224 2420 1276 et
2453 1219 2650 1292 planta
2673 1221 2759 1278 vel
2792 1226 2953 1297 tergo
2984 1223 3151 1281 alites
3194 1226 3336 1283 deos
3370 1237 3697 1302 receperunt
3725 1256 3749 1284 ››

2133 1307 2397 1379 (Tertull.
2432 1309 2657 1381 Apolog.
2690 1327 2816 1383 cap.
2850 1312 2961 1384 46).
2997 1312 3065 1368 Et
3094 1313 3207 1370 alio
3247 1332 3452 1373 rursus
3490 1318 3549 1374 in
3577 1319 3750 1379 libro:

2135 1396 2286 1452 Sunt
2308 1413 2484 1469 penes
2513 1414 2633 1469 vos,
2666 1398 2915 1471 gentiles
2947 1401 3251 1475 nimirum,
3285 1409 3343 1460 et
3386 1408 3618 1478 caprino
3673 1427 3756 1465 ca-

2134 1484 2274 1557 pite,
2307 1489 2363 1540 et
2394 1486 2645 1555 leonino,
2679 1492 2735 1543 et
2764 1490 2836 1545 de
2860 1489 3003 1545 bove
3032 1495 3090 1546 et
3139 1492 3339 1561 ariete,
3388 1498 3447 1550 et
3484 1494 3637 1553 hirco
3676 1514 3757 1553 ca-

2136 1573 2287 1646 prini
2318 1574 2420 1643 dii,
2452 1575 2796 1649 caprigenaa,
2829 1578 2919 1634 vel
2951 1580 3215 1652 anguini,
3248 1585 3307 1638 et
3340 1582 3509 1640 alites
3558 1584 3759 1657 planta,

2136 1662 2325 1718 fronte
2354 1668 2412 1718 et
2446 1668 2601 1733 tergo
2633 1686 2660 1712 »
2691 1665 2896 1736 (Idem,
2929 1666 3031 1722 lib.
3066 1686 3083 1723 1
3114 1669 3185 1724 ad
3212 1670 3437 1726 Ναεὶοη.
3492 1689 3612 1745 cap.
3664 1676 3757 1744 14).

2206 1752 2340 1815 Qua:
2372 1752 2609 1823 quidem
2642 1755 2975 1810 confirmari
3007 1757 3197 1813 adhuc
3218 1764 3473 1831 possunt
3492 1763 3760 1820 cumalio-

2138 1857 2292 1908 rum,
2326 1845 2452 1896 tum
2477 1842 2729 1898 maxime
2751 1842 2844 1899 his
2864 1845 3225 1918 totidemque
3249 1848 3531 1905 Macrobii
3554 1852 3759 1910 verbis:

2140 1949 2168 1981 σ
2198 1930 2393 1986 Eidem
2425 1931 2667 2003 zEgypto
2697 1932 2972 2004 adjacens
3014 1934 3229 2007 civitas,
3261 1955 3395 2010 quas
3422 1940 3763 1998 conditorem

2136 2018 2528 2075 Alexandrum
2546 2020 3767 2102 MacedonemMagnumgloriatur,Serapim

2136 2112 2312 2180 atque
2336 2110 2475 2164 lsim
2488 2109 2647 2165 cultu
2670 2127 2815 2183 pene
2827 2114 3084 2169 attonita:
3105 2117 3505 2174 venerationis
3522 2119 3772 2175 observat

2135 2200 2382 2252 Omnem
2414 2200 2609 2253 tamen
2641 2198 2803 2255 illam
2824 2202 3255 2259 venerationem
3284 2204 3397 2261 soli
3420 2221 3484 2261 se
3506 2207 3614 2262 sub
3632 2206 3774 2263 illius

2136 2285 2371 2341 nomine
2388 2290 2640 2342 testatur
2659 2288 2996 2361 impendere
3013 2309 3026 2359 ;
3041 2291 3130 2348 vel
3154 2294 3300 2348 dum
3315 2294 3629 2351 simulacro
3642 2295 3779 2352 trici-

2134 2373 2275 2445 pitis
2298 2374 2616 2432 animantis
2639 2377 3149 2452 adjungunt,quod
3176 2384 3460 2454 exprimit
3490 2386 3677 2441 medio
3697 2402 3778 2441 eo-

2137 2464 2387 2535 demque
2420 2464 2671 2521 maximo
2686 2467 2875 2539 capite
2898 2466 3082 2525 leonis
3094 2470 3624 2543 efﬁgiem,dextera
3634 2478 3779 2546 parte

2134 2551 2295 2607 canis
2323 2552 2583 2609 exoritur
2612 2560 2919 2612 mansueta
2976 2558 3169 2630 specie
3210 2558 3623 2618 blandientis:
3658 2580 3779 2635 pars

2132 2655 2265 2695 vero
2296 2638 2435 2695 lava
2464 2643 2693 2711 cervici,
2728 2646 2955 2716 rapacis
2984 2645 3105 2717 lupi
3130 2648 3328 2719 capite
3347 2650 3777 2724 ﬁnitur,easque

2134 2727 2352 2784 formas
2365 2730 2709 2787 animalium
2731 2733 2903 2789 draco
2926 2737 3217 2792 connectit
3236 2736 3549 2795 volumine
3564 2756 3777 2806 suo,ca-

2132 2815 2250 2887 pite
2279 2818 2561 2874 redeunte
2590 2820 2662 2876 ad
2712 2820 2813 2877 Dei
2861 2822 3181 2891 dexteram,
3239 2842 3365 2897 qua
3434 2828 3779 2899 conspicitur

2132 2909 2461 2961 monstrum
2496 2928 2525 2957 «
2550 2908 2825 2979 (Macrob.
2857 2908 2959 2967 lib.
2994 2928 3012 2967 1
3042 2911 3333 2970 Salurnal.
3367 2931 3503 2988 cap.
3534 2917 3681 2989 20).»

2200 3011 2309 3067 Sed
2328 3015 2700 3083 auctorem,si
2714 3014 2924 3088 placet,
2943 3026 3589 3090 sequamurnostrum:
3611 3022 3779 3079 «Non-

2134 3114 2267 3166 ne,»
2290 3100 2505 3174 inquit,
2554 3124 2583 3154 «
2637 3107 2694 3159 et
2738 3104 2909 3176 Apim
2970 3106 3175 3163 bovem
3232 3108 3531 3183 Egyptiis
3578 3120 3631 3168 et
3659 3120 3784 3168 ado-

2050 3160 2093 3228 C
2132 3160 2278 3244 ratis
2308 3160 2654 3263 et‘pascitis.
2692 3212 2715 3243 »
2769 3160 2849 3249 Es
2896 3193 3076 3265 hujus
3120 3160 3781 3271 pro—(ﬁgiorsi--num—inis

2131 3282 2301 3349 pastu
2333 3284 2389 3335 et
2414 3279 2599 3349 cultn,
2632 3282 2682 3336 si
2712 3286 2923 3338 testem
2959 3300 3207 3355 quaeras,
3241 3287 3605 3345 Strabonem
3639 3292 3784 3345 inve-

2130 3365 2277 3435 nies,
2311 3367 2411 3439 qui
2452 3374 2652 3425 narrat
2701 3369 3021 3443 Memphim
3072 3389 3202 3430 esse
3252 3378 3667 3450 Egyptiorum
3698 3394 3783 3432 re-

2126 3455 2306 3528 giam,
2339 3456 2440 3512 ubi
2480 3457 2705 3531 Apidis,
2741 3460 2841 3532 qui
2874 3459 3027 3517 idem
3060 3466 3237 3535 atque
3268 3465 3483 3538 Osiris,
3507 3465 3784 3540 templum

2126 3549 2287 3601 erat:
2322 3544 2419 3598 Καὶ
2450 3544 2540 3600 τὸν
2604 3546 2732 3622 βοῦν
2790 3546 2884 3602 τὸν
2940 3554 3154 3623 Μνευῖν,
3202 3550 3256 3605 ἐν
3312 3552 3477 3627 σηκῷ
3524 3576 3627 3610 τινι
3669 3575 3784 3630 τρε-

2125 3630 2379 3709 φόμενον,
2411 3634 2471 3698 ’ὀς
2500 3636 2627 3709 παρ’
2667 3635 2854 3700 αὐτοῖς
2900 3636 3208 3713 νενόμισται
3261 3643 3416 3717 θεὸς,
3472 3642 3656 3721 ὥσπερ
3699 3641 3782 3699 καῖ

2124 3718 2176 3776 ἐν
2208 3720 2419 3801 Μέμφει
2447 3725 2475 3780 ὁ
2503 3726 2686 3789 Ἀπις.
2718 3750 2747 3778 ‹‹
2779 3729 2847 3784 Et
2874 3729 3123 3786 Mnevim
3156 3732 3396 3802 bovem,
3440 3736 3543 3807 qui
3594 3718 3651 3791 in
3698 3753 3783 3791 se-

2122 3816 2220 3887 pto
2250 3815 2506 3886 quodam
2538 3816 2815 3883 nutritur,
2846 3822 2903 3874 et
2932 3818 3005 3874 ab
3032 3819 3124 3887 iis,
3152 3820 3643 3896 Heliopolitanis,
3691 3839 3785 3896 pro

2120 3902 2227 3959 deo
2256 3902 2525 3974 habetur,
2582 3906 3080 3976 quemadmodum
3143 3908 3289 3981 Apis
3323 3928 3361 3968 a
3394 3912 3740 3985 Memphitis
3761 3933 3787 3961 υ

2119 3991 2336 4064 (Strab.
2371 3992 2473 4048 lib.
2514 4010 2630 4049 xvn
2661 3994 2860 4068 Geogr.
2890 4012 2946 4068 p.
2978 3997 3085 4052 803
3125 4000 3184 4053 et
3207 4001 3411 4072 seqq.)
3468 4002 3653 4057 Addit
3697 3999 3787 4056 ille

2119 4080 2469 4152 quibusdam
2503 4082 2687 4155 signis
2713 4085 2975 4140 denotari
3010 4085 3143 4158 quis
3177 4086 3363 4162 alius,
3398 4107 3471 4147 eo
3493 4091 3785 4156 defuncto,

2116 4168 2188 4225 ad
2220 4169 2654 4226 successionem
2695 4171 2773 4227 sit
2810 4177 3006 4245 aptus.
3056 4173 3233 4230 Plura
3264 4176 3476 4233 adhuc
3532 4179 3583 4234 si
3631 4177 3784 4248 velis,

2114 4257 2206 4314 adi
2238 4257 2552 4313 Diodorum
2586 4258 2871 4332 Siculum,
2904 4261 3001 4333 qui
3036 4268 3239 4319 narrat
3267 4266 3465 4323 etiam
3499 4267 3788 4339 quomodo

2111 4345 2216 4401 bos
2247 4346 2343 4401 ille
2373 4346 2515 4418 Apis
2545 4351 2679 4419 post
2699 4354 2949 4405 mortem
2974 4350 3296 4423 sepulturae
3313 4356 3598 4411 mandari
3623 4360 3785 4425 atque

2107 4434 2259 4492 alius
2284 4436 2340 4491 in
2369 4435 2528 4491 illius
2550 4436 2833 4494 substitui
2853 4438 3067 4507 locum,
3091 4458 3126 4497 a
3146 4442 3374 4513 quibus
3402 4445 3598 4517 pasci,
3622 4448 3788 4517 atque

343 4523 548 4619 104,1)
624 4523 800 4600 ἄλλοι)
872 4542 1021 4605 τινὸς
1081 4523 1223 4611 ζώου
1296 4523 1650 4615 κεκτημένος,
1690 4523 1814 4596 νκαὶ
1889 4544 1990 4598 πά.

2148 4523 2203 4579 bi
2237 4523 2554 4580 collocatus
2584 4524 2856 4582 honorari
2889 4529 3119 4584 soleret.
3154 4529 3337 4587 Adire
3361 4537 3658 4603 praaterea
3687 4549 3785 4605 po-

342 4632 429 4691 λιν
515 4632 580 4689 αὖ
659 4632 870 4710 κεφαλὴ
958 4631 1305 4707 ἀιθρώπειος,
1396 4631 1486 4686 καὶ
1570 4630 1756 4687 ἄλλων
1831 4634 1989 4686 τινῶν

343 4723 497 4793 ζώων
566 4724 729 4800 μὲρη,
794 4724 872 4791 πή
944 4720 1039 4795 μὶν
1104 4719 1454 4793 ὑποκείμενα,
1523 4721 1601 4790 πή
1669 4716 1727 4775 δὲ
1786 4719 1988 4776 ἐπικεί-

342 4833 493 4887 μενα.
553 4837 582 4867 ‹‹
641 4813 851 4869 Videas
911 4812 1066 4884 apud
1124 4810 1285 4883 ipsos
1345 4811 1634 4883 imagines
1698 4812 1986 4883 quaedam

337 4903 556 4961 cervice
585 4907 757 4959 tenus
789 4903 1050 4957 humana
1079 4899 1294 4971 specie,
1338 4899 1500 4955 vultu
1556 4904 1751 4956 autem
1811 4902 1985 4958 modo

333 4991 652 5060 volucrem,
683 4992 854 5047 modo
884 4989 1137 5056 leonem,
1194 4992 1295 5044 aut
1340 4987 1496 5045 aliud
1549 4988 1796 5061 quodvis
1852 4989 1982 5046 ani-

330 5081 447 5138 mal
480 5081 830 5148 referentes;
892 5078 1155 5150 aliasque
1200 5094 1437 5134 rursum
1494 5079 1683 5150 capite
1739 5080 1980 5152 quidem

329 5169 638 5227 hominum
670 5166 917 5238 similes,
970 5164 1213 5238 reliquis
1266 5182 1402 5222 vero
1459 5167 1724 5240 partibus
1779 5184 1980 5241 corpo-

329 5257 432 5327 ris,
470 5260 639 5314 modo
695 5256 1093 5313 inferioribus.
1147 5255 1321 5311 modo
1381 5256 1783 5327 superioribus
1832 5256 1975 5314 alio-

325 5364 459 5405 rum
480 5346 866 5403 animantium
894 5346 1141 5401 formam
1160 5345 1534 5401 ostendentes
1556 5368 1576 5395 υ
1603 5346 1968 5418 (Apud.Eus.

2100 4612 2241 4667 teris
2290 4612 2674 4681 Herodotum,
2721 4614 3036 4685 Elianum,
3091 4616 3331 4687 Melam,
3392 4621 3786 4696 Porphyrium

2099 4701 2171 4757 ab
2203 4701 2448 4757 Eusebio
2479 4702 2746 4771 citatum,
2788 4704 3146 4776 Ciceronem,
3194 4723 3262 4763 ac
3316 4709 3374 4765 si
3427 4711 3606 4777 velis,
3662 4727 3784 4782 quae

2096 4788 2153 4844 in
2183 4790 2371 4863 primo
2402 4792 2731 4863 Apparatus
2760 4794 2946 4850 nostri
2976 4798 3136 4852 tomo
3160 4795 3496 4856 retulimus
3519 4799 3783 4873 (Diodor.

2094 4877 2272 4935 Sicul.
2306 4878 2408 4935 lib.
2443 4897 2460 4934 1
2489 4879 2755 4937 Biblioth.
2790 4899 2921 4955 pag.
2952 4883 3026 4939 53
3057 4888 3115 4941 et
3143 4901 3337 4958 seqq.;
3399 4887 3630 4946 Herod.
3681 4889 3780 4943 lib.

2094 4985 2156 5036 11,
2191 4968 2349 5041 §27;
2380 4967 2588 5025 Elian.
2622 4968 2723 5026 lib.
2755 4988 2793 5027 x
2819 4970 2885 5027 de
2927 4973 3195 5039 Animal.,
3240 4989 3383 5046 cap.
3439 4978 3519 5033 28
3548 4994 3563 5047 ;
3614 4975 3778 5045 Mela,

2088 5056 2153 5113 de
2180 5059 2290 5113 situ
2322 5057 2449 5115 Orb.
2483 5075 2610 5130 cap.
2642 5059 2710 5129 9;
2745 5061 2955 5118 Euseb.
2987 5061 3090 5118 lib.
3127 5080 3192 5119 111
3226 5063 3505 5136 Praepar.
3568 5068 3777 5135 Evang.

2088 5163 2215 5219 cap.
2249 5146 2337 5214 13,
2370 5162 2502 5219 pag.
2537 5147 2639 5203 117
2667 5165 2680 5216 ;
2714 5149 2893 5205 Cicer.
2920 5150 3022 5207 lib.
3057 5169 3076 5206 1
3105 5153 3231 5209 Ναι.
3262 5152 3440 5209 Deor.
3474 5170 3621 5229 pag.
3650 5155 3777 5226 207,

2085 5240 2229 5292 tom.
2262 5235 2279 5290 l
2310 5236 2577 5308 Apparet.
2614 5253 2745 5310 pag.
2780 5240 2919 5295 1090
2949 5245 3009 5297 et
3038 5243 3248 5313 seqq.).

2156 5341 2437 5398 Romanis
2467 5358 2637 5414 porro
2670 5343 2963 5402 Minucius
2992 5346 3132 5403 vitio
3162 5346 3542 5423 criminique
3574 5350 3774 5420 vertit,

322 5435 428 5492 lib.
460 5455 521 5492 111
548 5443 792 5509 Praepar.
818 5437 1022 5506 Evang.
1057 5450 1180 5506 eap.
1220 5435 1271 5489 4.
1306 5450 1438 5507 pag.
1486 5434 1600 5506 93).
1664 5435 1971 5491 Mutuatus
2083 5430 2239 5506 quod
2270 5446 2387 5486 non
2418 5430 2611 5487 solum
2641 5449 2776 5489 cum
2798 5436 3084 5507 zEgyptiis
3106 5436 3277 5507 Apim
3309 5436 3539 5496 bovem
3572 5441 3772 5496 adora-

321 5531 520 5583 autem
553 5526 673 5581 haec
706 5527 893 5581 fuerat
922 5540 991 5579 ex
1019 5526 1226 5594 quarto
1260 5522 1561 5595 Porphyrii
1600 5519 1724 5598 περί
1755 5520 1970 5597 ἐποχῆς
2080 5525 2229 5588 rent,
2262 5521 2363 5577 sed
2401 5520 2581 5577 etiam
2630 5539 2746 5579 non
2796 5525 3306 5589 condemnassent,
3371 5543 3509 5596 quas
3559 5529 3646 5583 illi
3700 5529 3772 5584 de

317 5612 582 5694 ἐμψύχων
614 5615 762 5674 libro
793 5617 851 5673 et
878 5612 1015 5673 inde
1044 5612 1326 5671 adversus
1354 5610 1622 5670 ethnicos
1644 5613 1966 5687 pugnando
2077 5608 2312 5679 belluis,
2343 5608 2570 5681 avibus,
2592 5612 2898 5671 crocodilis
2929 5628 2997 5671 ac
3023 5612 3414 5687 serpentibus
3439 5615 3532 5674 ita
3551 5617 3771 5675 consti-
