4088 6150
393 296 510 357 531

959 424 1363 482 ARTICULUS
1390 425 1484 482 IV.

401 536 623 590 Futsum
650 546 765 588 esse
812 549 847 587 a
896 531 1195 587 Chistianis
1243 532 1466 588 adorari
1509 533 1803 589 sacerdotis
1852 535 2046 589 virilia

474 621 538 659 ac
565 604 811 659 ethnicos
840 605 1158 677 turpiorum,
1178 604 1520 673 ﬂagitiorum
1538 607 1809 675 convinci,
1843 609 1893 660 et
1923 621 2046 677 qum

472 677 646 747 fuerit
707 677 1050 746 turpissimae
1098 676 1255 731 illius
1297 678 1661 732 venerationis
1712 676 2047 733 ChristiOno:

475 747 770 803 accusandi
797 748 1026 803 occasio.

478 870 643 927 AliUd
680 870 871 926 adhuc
914 870 1140 926 facinus
1190 871 1397 944 ﬂagitii
1447 888 1587 927 sane
1634 873 2050 945 dedecorisque

404 961 666 1035 plenum,
701 960 780 1015 ita
811 959 1157 1015 Christianis
1188 960 1447 1017 Caecilius
1473 961 1694 1031 objicit,
1726 966 1791 1016 ut
1818 961 1950 1017 illos
1970 966 2051 1017 ta-

407 1068 538 1106 men
572 1051 725 1107 516
757 1049 900 1104 tanti
936 1049 1205 1121 propudii
1256 1054 1412 1105 certo
1462 1065 1737 1105 accusare
1784 1068 1898 1107 non
1944 1068 2047 1106 au-

404 1140 537 1194 deat
569 1157 582 1195 :
619 1160 648 1190 «
675 1138 805 1206 Alii,
843 1161 868 1186 n
898 1138 1109 1209 inquit,
1142 1160 1171 1187 «
1204 1155 1303 1194 eos
1334 1138 1527 1195 ferunt
1550 1138 1737 1211 ipsius
1769 1139 2051 1195 antistitis

400 1236 479 1284 ac
514 1228 835 1283 sacerdotis
895 1226 1084 1282 colere
1142 1227 1442 1299 genitalia,
1501 1232 1559 1283 et
1590 1227 1759 1300 quasi
1794 1228 2054 1301 parentis

408 1316 652 1371 adorare
670 1321 961 1370 naturam.
995 1335 1021 1365 ιι
1058 1314 1211 1370 Nihil
1248 1332 1387 1371 sane
1419 1316 1529 1371 hac
1576 1317 1869 1372 calumnia
1916 1318 2051 1373 futi-

409 1403 525 1459 lius
556 1403 871 1475 minusque
895 1406 1134 1460 veritate
1168 1404 1504 1460 fundatum.
1538 1405 1826 1461 Factitata
1855 1411 2050 1462 autem

409 1509 445 1548 a
475 1492 695 1548 Caecilia
721 1492 1077 1563 dicitur,non
1097 1493 1169 1547 ab
1194 1492 1597 1549 omnibussed
1631 1510 1664 1549 a
1695 1494 2050 1566 quibusdam

407 1584 659 1649 tantum,
694 1582 813 1653 qui,
848 1582 1001 1652 quod
1037 1596 1151 1637 non
1182 1581 1474 1637 audebant
1522 1597 1873 1650 asseverare,
1905 1582 2049 1640 illud

412 1668 559 1727 falso
592 1686 822 1726 rumore
855 1670 1249 1727 venditabant.

480 1759 749 1815 Octavius
780 1760 970 1831 itaque
988 1759 1096 1815 hoc
1128 1759 1299 1831 plane
1328 1760 1598 1817 ﬁctitium
1631 1761 2045 1828 crimen,Chri-
2083 1796 2129 1861 Β

410 1847 625 1904 stianis
666 1848 1036 1921 iniquissime
1105 1849 1387 1918 inustum,
1423 1918 1428 1925 ν
1458 1850 1702 1923 duplici.
1750 1850 1835 1905 uti
1885 1850 2049 1921 solet,

409 1938 789 2009 responsione
819 1937 1201 2008 diluit.Negat
1235 1938 1451 2010 quippe
1482 1939 1671 2011 primo
1700 1939 1757 1993 id
1791 1956 2049 2011 unquam

408 2024 624 2081 abillis
654 2027 872 2081 factum
907 2042 921 2092 ;
955 2026 1055 2080 sed
1088 2025 1397 2081 ridiculam
1422 2027 2054 2100 fabulam,meramque

408 2115 767 2170 calumniam
785 2131 912 2170 esse
944 2118 1321 2171 contestatur.
1334 2115 1548 2171 Deinde
1580 2114 1676 2171 ille
1704 2116 1913 2172 asserit
1932 2116 2054 2173 eth-

408 2203 571 2259 nicos
604 2204 773 2275 longe
805 2202 1341 2275 turpioribus,quas
1374 2220 1478 2259 nec
1510 2205 2055 2273 nominare,necau-

409 2291 531 2347 dire
563 2293 744 2347 castis
777 2292 1021 2348 auribus
1052 2292 1139 2347 fas
1170 2298 1315 2362 erat,
1357 2292 1820 2349 obscenitatibus
1853 2294 2053 2350 fccdari

407 2380 520 2436 Sed
557 2381 677 2437 haec
706 2380 945 2452 quidem
966 2386 1206 2453 praestat
1226 2380 1383 2437 illius
1406 2382 1599 2453 potius
1631 2399 1805 2455 quam
1838 2383 2056 2441 nostris

409 2470 604 2525 verbis
629 2468 921 2524 enuntiari
955 2487 969 2525 :
1010 2489 1037 2521 ι
1068 2470 1175 2536 Qui
1219 2470 1290 2526 de
1337 2472 1614 2542 adoratis,
1649 2471 1749 2542 ait,
1781 2472 2054 2528 sacerdo-

408 2558 487 2614 tis
516 2557 784 2613 virilibus
823 2558 1102 2614 adversus
1154 2575 1262 2614 nos
1296 2558 1610 2630 fabulatur,
1643 2563 1827 2615 tentat
1856 2560 1916 2615 in
1949 2578 2055 2617 nos

409 2647 669 2703 conferre
701 2663 827 2718 quas
858 2664 967 2703 sua
997 2652 1155 2704 sunt.
1210 2652 1329 2703 Ista
1355 2648 1511 2704 enim
1545 2648 1927 2721 Impudicitiae
1960 2666 2055 2705 eo-

408 2753 538 2791 rum
571 2736 812 2791 forsitan
846 2753 1012 2793 sacra
1043 2736 1182 2809 sint,
1212 2739 1364 2809 apud
1412 2754 1560 2810 quos
1609 2754 1782 2794 sexus
1862 2739 2057 2795 omnis

409 2825 692 2882 membris
725 2825 999 2881 omnibus
1032 2827 1439 2897 prostat,apud
1473 2842 1618 2898 quos
1646 2831 1767 2882 tota
1796 2827 2056 2898 impudi-

408 2914 544 2970 citia
572 2919 812 2970 vocatur
844 2914 1152 2970 urbanitas
1188 2932 1201 2970 :
1233 2914 1334 2987 qui
1365 2919 1691 2971 scortorum
1715 2914 2060 2971 lieentiaein-

406 3003 626 3068 vident,
659 3002 761 3074 qui
805 3002 1028 3059 medios
1075 3003 1229 3059 viros
1273 3003 1563 3071 lambunt,
1616 3004 1929 3059 libidinoso
1962 3021 2060 3060 ore

406 3090 751 3165 inguinibus
799 3091 1212 3162 inhazrescunt,
1279 3092 1549 3148 homines
1610 3091 1773 3149 mala:
1822 3092 2057 3165 linguae,

409 3160 638 3237 etiamsi
680 3184 938 3237 tacerent
971 3198 983 3248 ;
1018 3197 1164 3252 quos
1198 3160 1333 3253 pris
1357 3181 1620 3237 tacdescit
1652 3160 2053 3253 impudicitiae,
2088 3160 2132 3227 Ο

410 3279 585 3341 Quam
628 3270 909 3341 pudescit.
961 3273 1069 3324 Pro
1120 3270 1281 3326 nefas
1316 3269 1329 3325 l
1363 3270 1427 3324 Id
1460 3269 1517 3324 in
1550 3287 1611 3326 se
1643 3269 1880 3340 pessimi
1915 3269 2053 3326 faci-

409 3357 570 3414 noris
605 3359 1100 3429 admittunt,quos
1130 3375 1235 3413 nec
1269 3363 1408 3414 tetas
1441 3362 1633 3430 potest
1662 3359 1779 3431 pati
1806 3358 2053 3426 mollior,

411 3461 517 3502 nec
546 3445 671 3518 cogi
703 3446 953 3501 servitus
985 3446 1204 3501 durior.
1244 3448 1369 3502 Haec
1391 3452 1448 3502 et
1476 3445 1815 3517 hujusmodi
1843 3464 2057 3520 propu-

417 3533 513 3588 dia
543 3534 713 3589 nobis
741 3550 856 3589 non
889 3535 1020 3589 licet
1053 3551 1155 3589 nec
1187 3535 1408 3602 audire,
1428 3535 1602 3591 etiam
1634 3535 1903 3607 pluribus
1932 3540 2057 3591 tur-

417 3639 489 3695 pe
519 3623 825 3678 defendere
854 3628 959 3679 est.
994 3645 1022 3673 »
1059 3624 1334 3689 Quamvis
1355 3623 1760 3692 dixerit,nefas
1790 3641 1918 3681 esse
1940 3625 2061 3680 hac

382 3712 762 3783 ‘turpissima
810 3712 1176 3768 ethnicorum
1227 3713 1448 3785 ﬂagitia
1499 3712 1716 3769 clarius
1762 3714 2059 3786 explicari,

418 3815 525 3855 nec
556 3806 656 3854 aut
686 3802 757 3855 ab
790 3799 907 3855 ullo
939 3800 1271 3856 Christiano
1303 3799 1621 3867 audiri,aut
1651 3802 1722 3856 ab
1756 3799 1869 3857 alio
1918 3817 2063 3873 quo-

420 3887 562 3944 libet
612 3887 847 3945 homine
897 3888 1175 3957 defendi;
1210 3906 1327 3944 non
1378 3888 1577 3945 minus
1642 3896 1839 3945 tamen
1907 3906 2062 3957 vera,

419 3975 761 4048 cunctisque
792 3976 1088 4049 explorata
1117 3981 1303 4032 erant.
1327 3977 1472 4034 Nam
1506 3980 1715 4049 praeter
1739 3976 1900 4033 varia
1929 3993 2062 4050 poe-

419 4068 612 4121 tarum
645 4064 1211 4136 aliorumque,atque
1239 4064 1537 4136 imprimis
1584 4063 1867 4122 Martialis
1899 4066 1971 4122 de
1993 4066 2067 4121 iis

417 4154 777 4220 testimonia,
811 4154 1219 4210 sanctissimus
1241 4170 1382 4209 sane
1409 4153 1724 4226 Apostolus
1752 4154 1813 4208 in
1845 4171 1953 4209 sua
1968 4172 2067 4211 so-

421 4243 479 4299 la
508 4244 578 4300 ad
614 4245 907 4300 Romanos
934 4242 1189 4314 Epistola
1208 4248 1372 4299 tanto
1395 4243 1605 4315 potiori
1632 4244 1764 4314 jure
1785 4244 2071 4300 nonnulla

422 4349 605 4405 eaque
651 4333 1021 4404 gravissima,
1072 4331 1393 4405 gentilibus
1438 4333 1825 4405 exprobravit,
1850 4338 2070 4404 quanto

421 4422 646 4478 veriora
674 4440 803 4478 esse
832 4428 988 4477 certo
1011 4423 1225 4478 certius
1256 4427 1494 4478 noverat
1523 4422 1698 4493 (Rom.
1732 4420 1772 4489 l,
1801 4423 1877 4494 6).

1688 294 1790 356 DE
1834 293 2137 358 MINUGII
2182 294 2524 359 OCTAVIO

2075 428 2126 495 Α
2158 443 2233 482 no
2264 427 2633 484 abhorruerit
2661 426 2851 484 virilia
2879 424 3201 484 sacerdotis
3230 442 3263 482 a
3291 424 3612 487 Christianis
3638 434 3752 491 ado-

3645 304 3751 365 532

2156 515 2269 571 rari
2307 533 2321 578 ;
2354 515 2630 571 credibile
2662 520 2857 572 tamen
2884 531 2999 571 non
3015 517 3105 570 est
3126 511 3421 585 publicum
3442 515 3508 570 de
3536 515 3751 575 horren-

2156 604 2229 659 do
2261 603 2359 659 illo
2390 604 2654 671 crimine,
2689 604 2803 659 nisi
2833 605 2971 659 data
3000 604 3205 659 saltem
3248 602 3536 659 occasione
3562 604 3755 678 aliqua,

2156 710 2428 765 sparsum
2464 694 2648 749 fuisse
2678 688 3141 757 rumorem.Qum
3171 690 3347 763 igitur
3373 690 3470 747 illa
3496 692 3657 749 fuerit
3674 712 3759 751 oc-

2157 782 2337 852 casio,
2371 782 2644 854 quisquis
2692 783 2841 838 scire
2883 781 3095 845 avehit,
3150 780 3285 834 huic
3315 782 3760 851 respondebimus

2159 871 2544 938 Christianos,
2578 871 2678 943 qui
2711 870 3005 943 prioribus
3044 868 3312 925 Ecclesia
3342 869 3563 925 saeculis
3594 873 3762 941 publi‘

2158 975 2286 1017 cam
2321 959 2669 1016 delictorum
2714 976 2956 1016 suorum
3007 958 3438 1028 criminumque
3464 959 3764 1031 graviorum

2162 1048 2561 1122 paenitentiam
2603 1050 2999 1121 agebat,extra
3029 1047 3181 1102 fores
3208 1045 3500 1117 limenque
3531 1045 3765 1105 Ecclesiae

2161 1137 2233 1194 ad
2263 1137 2550 1209 omnium,
2574 1136 2895 1210 praesertim
2930 1135 3321 1203 sacerdotum,
3370 1150 3495 1191 esse
3537 1140 3769 1207 prostra-

2160 1227 2313 1285 visse
2343 1228 2542 1299 pedes,
2574 1231 2639 1283 ut
2669 1226 2905 1283 illorum
2931 1224 3162 1281 veniam
3191 1224 3507 1295 impetrare
3536 1231 3768 1298 possent,

2162 1315 2420 1373 Gentiles
2450 1333 2583 1373 vero
2613 1332 2745 1372 cum
2778 1316 2834 1371 id
2876 1329 3024 1387 vaga
3071 1314 3412 1385 incertaque
3455 1313 3606 1369 fama
3631 1329 3772 1371 exce-

2162 1403 2406 1475 pissent,
2438 1403 2574 1459 inde
2607 1400 2867 1459 fabulam
2899 1402 3049 1459 517
3086 1400 3461 1457 confecerunt
3491 1400 3561 1456 ab
3589 1400 3668 1457 eis
3694 1417 3772 1458 sa-

2160 1491 2411 1548 cerdotis
2441 1490 2632 1548 virilia
2661 1490 2911 1547 adorari.
2941 1490 3023 1547 De
3064 1487 3410 1560 hujusmodi
3438 1486 3590 1544 enim
3615 1489 3775 1559 paeni-

2160 1579 2447 1649 tentibus,
2474 1581 2547 1636 de
2572 1579 2784 1651 quibus
2808 1596 2914 1636 nos
2936 1575 3437 1645 alihifusius,hmc
3455 1593 3566 1649 pra:
3582 1578 3776 1634 ceteris

2159 1669 2364 1726 scribit
2392 1668 2807 1738 Tertullianus,
2832 1690 2861 1720 ‹‹
2893 1665 3377 1739 Exhomologesis
3399 1666 3779 1736 prosternendi

2160 1763 2215 1814 et
2237 1757 2661 1814 humilificandi
2694 1756 2948 1814 hominis
2978 1754 3292 1829 disciplina
3320 1758 3525 1811 est.....
3548 1752 3782 1809 Plerum-

2161 1864 2272 1918 que
2295 1846 2541 1918 jejuniis
2570 1863 2769 1919 preces
2782 1844 2956 1910 alere,
2980 1843 3395 1918 ingomiscere,
3416 1841 3783 1915 lacrymari,et

2162 1936 2390 2008 mugire
2421 1935 2546 1991 dies
2584 1950 2877 2007 uocesque
2924 1934 2996 1989 ad
3028 1932 3341 1989 Dominum
3391 1931 3575 1988 Deum
3605 1945 3781 1997 suum,

2162 2025 2513 2098 presbyteris
2544 2023 2791 2096 advolvi,
2818 2028 2877 2080 et
2901 2023 3094 2081 charis
3126 2023 3223 2079 Dei
3248 2019 3662 2096 adgeniculari,
3682 2034 3784 2076 om-

2162 2114 2337 2171 nibus
2368 2114 2648 2170 fratribus
2672 2112 2993 2185 legationes
3022 2110 3454 2183 deprecationis
3473 2126 3588 2166 susa
3616 2107 3786 2180 injun4

2162 2218 2297 2275 gere
2330 2226 2351 2252 -
2389 2202 2751 2275 (Tertullian.
2785 2200 2889 2258 lib.
2918 2201 2983 2257 de
3010 2201 3213 2258 Pwnit.
3247 2215 3378 2272 cap.
3411 2199 3467 2269 6,
3497 2213 3625 2271 pag.
3652 2197 3782 2264 446).

2163 2292 2421 2350 Rursum
2444 2308 2576 2347 vero
2591 2290 2709 2359 ille,
2724 2290 2958 2347 tametsi
2970 2288 3344 2345 Montanista:
3358 2287 3653 2344 erroribus
3664 2288 3786 2341 tunc

2164 2379 2517 2453 implicatus,
2548 2380 2620 2436 ab
2669 2396 2805 2436 vera
2851 2378 3122 2437 Ecclesia
3173 2378 3451 2435 doctrina
3490 2373 3787 2431 defecisset.

2164 2492 2193 2521 ι(
2248 2468 2317 2525 Et
2364 2472 2422 2524 te
2474 2467 2734 2540 quidem,
2791 2490 2822 2521 ››
2870 2466 3081 2541 inquit,
3134 2488 3165 2518 ‹‹
3216 2464 3630 2539 paenitentiam
3675 2478 3794 2518 mm-

2164 2558 2261 2614 chi
2288 2558 2360 2615 ad
2391 2558 2745 2614 exorandam
2794 2557 3215 2614 fraternitatem
3264 2556 3335 2612 in
3384 2551 3796 2612 Ecclesiamin-

2164 2647 2406 2716 ducens,
2439 2646 2812 2703 conciliatum
2843 2650 2902 2704 et
2929 2645 3402 2714 conciueratum,
3426 2660 3562 2701 cum
3580 2642 3800 2699 dedeco-

2165 2752 2227 2793 re
2256 2739 2313 2791 et
2343 2726 2582 2792 horrere
2612 2735 3003 2808 compositum
3052 2734 3389 2808 prosternis
3437 2733 3497 2790 in
3541 2730 3799 2792 medium.

2167 2830 2303 2881 ante
2333 2824 2562 2890 viduas,
2595 2830 2726 2880 ante
2758 2823 3442 2898 presbyteros,omnium
3468 2820 3707 2879 lacinias
3725 2818 3803 2874 in-

2166 2912 2490 2977 vadentem,
2522 2911 2789 2968 omnium
2835 2912 3081 2985 vestigia
3118 2911 3515 2979 lambentem,
3564 2906 3803 2966 omnium

2167 3015 2359 3072 genua
2378 3000 2740 3057 detinentem
2772 3024 2800 3052 «
2834 3001 3016 3074 (Idem
3059 2998 3162 3057 lib.
3193 2999 3274 3057 de
3318 3000 3516 3058 Pudic.
3563 3013 3686 3070 cap.
3728 2993 3809 3063 i3,

2168 3105 2302 3161 pag.
2329 3088 2474 3161 729).

2241 3176 2451 3233 Narrat
2480 3177 2655 3233 etiam
2691 3178 2977 3235 Eusebius
3005 3177 3285 3235 Natalem
3308 3178 3721 3246 confessorem,
3748 3170 3810 3228 ab

2165 3264 2451 3321 haereticis
2471 3265 2879 3340 Asclepiodoto
2905 3272 2963 3325 et
2982 3266 3292 3325 Theodoto
3316 3265 3650 3342 argentario
3663 3261 3814 3336 plane

2166 3354 2739 3428 deceptum,accepto
2772 3354 3006 3423 salario,
3029 3370 3235 3412 eorum
3281 3361 3463 3414 sectas
3493 3355 3814 3428 episcopum

2166 3446 2425 3501 creatum
2458 3446 2772 3501 fuisse.8ed
2802 3444 2949 3502 tanti
2978 3444 3251 3503 criminis
3290 3446 3392 3503 ille
3419 3442 3716 3502 nocturnis
3741 3439 3817 3496 vi-

2168 3532 2435 3589 sionibus
2483 3550 2637 3606 sape
2685 3533 3043 3602 admonitus,
3100 3549 3237 3590 cum
3293 3552 3398 3592 eas
3439 3532 3821 3608 uegligeretnl

2169 3620 2392 3677 sanctis
2422 3621 2646 3694 angelis
2672 3638 2774 3693 per
2794 3626 2978 3678 totam
2998 3626 3227 3680 noctem
3244 3623 3463 3697 ﬂagris
3491 3624 3816 3697 gravissime

2171 3727 2354 3767 casus
2384 3715 2509 3767 est:
2544 3732 2573 3762 ‹‹
2624 3715 2784 3766 "om
2826 3705 2993 3766 ἔωθεν
3031 3708 3362 3784 ἀναστῆναι,
3412 3713 3505 3769 καὶ
3553 3709 3819 3785 Mm:de

2170 3817 2257 3854 νον
2309 3798 2538 3867 σάιικον,
2587 3798 2677 3853 καὶ
2725 3795 2924 3854 σποδὸν
2968 3800 3468 3875 κάταπασσάμενον
3527 3800 3661 3876 μετὰ
3699 3797 3823 3857 πολ·

2174 3884 2280 3957 λῆς
2312 3883 2556 3956 σποῦδῆς
2608 3886 2699 3941 καὶ
2750 3884 2996 3964 δακρύων
3047 3895 3385 3964 προσπεσεῖν
3427 3890 3704 3970 Ζεφυρῖνῳ
3749 3890 3819 3960 τῷ

2174 3972 2476 4048 ἐπισκόπῳ,
2523 3972 2856 4049 ’κυλιόμενον
2910 3976 3013 4032 ὑπὸ
3074 3975 3204 4041 τοὺς
3280 3976 3487 4051 πόδας,
3544 3979 3610 4036 οὐ
3676 3977 3822 4052 μὸνυν

2173 4067 2280 4119 τῶν
2328 4062 2381 4119 ἐν
2428 4068 2508 4136 τῷ
2556 4062 2770 4141 κλήρῳ,
2829 4063 2977 4121 ἀλλὰ
3022 4064 3112 4121 καὶ
3154 4070 3270 4123 τῶν
3326 4065 3564 4139 λαῖκῶν,
3615 4068 3821 4144 συγχέαι

2172 4171 2233 4209 τε
2285 4157 2402 4216 τοῖς
2464 4150 2686 4229 δάκρυσι
2759 4154 2859 4223 τὴν
2922 4152 3308 4233 εὕσπλαγχνον
3392 4156 3682 4215 Ἐκκλσὶαν
3740 4158 3824 4212 τοῦ

2178 4240 2477 4314 ἐλεήμονας
2508 4241 2763 4319 Χριστοῦ.
2800 4267 2829 4297 ‹‹
2885 4246 3040 4303 Adeo
3074 4251 3139 4303 ut
3170 4248 3372 4319 primo
3406 4249 3670 4306 diluculo
3697 4263 3823 4304 conc

2178 4348 2447 4405 surgens,
2470 4349 2709 4390 saccum
2731 4334 3073 4403 induerit,et
3105 4337 3306 4394 cinere
3320 4355 3687 4411 conspersus
3705 4352 3825 4393 conn

2181 4421 2376 4478 festim
2407 4439 2541 4478 cum
2573 4421 2847 4496 lacrymis
2874 4425 2948 4480 ad
2980 4426 3158 4496 pedes
3204 4427 3537 4500 Zephyrini
3588 4421 3827 4500 episcopi

498 4511 669 4565 Recte
697 4510 875 4583 igitur
906 4516 1107 4565 auctor
1136 4516 1335 4566 noster
1363 4511 1730 4567 ethnicorum
1764 4528 2071 4584 argumen-
2102 4532 2149 4598 Ι)
2181 4526 2309 4567 sese
2336 4510 2631 4581 abjecerit,
2665 4529 2780 4568 non
2812 4512 3003 4570 solum
3038 4513 3423 4584 cleri,verum
3454 4516 3635 4574 etiam
3667 4529 3829 4573 sacu-

424 4601 550 4655 tum
585 4598 643 4652 in
677 4616 773 4654 eos
807 4599 1337 4670 retorquet.Nullus
1368 4599 1660 4671 siquidem
1693 4599 1939 4672 probare
1960 4616 2068 4655 un-

429 4703 605 4760 quam
640 4680 827 4759 potuit
858 4687 1219 4743 Christianos
1251 4688 1398 4743 tanti
1430 4686 1685 4752 sceleris,
1722 4688 1791 4743 de
1822 4704 1937 4761 quo
1977 4704 2073 4744 su-

427 4776 826 4848 spicabantur,
863 4776 1041 4833 fuisse
1074 4793 1223 4833 reos.
1258 4776 1405 4841 Quin
1456 4776 1575 4832 imo
1605 4781 1728 4831 tam
1762 4775 2070 4833 ridiculam

426 4864 818 4936 suspicionem
872 4866 1208 4937 piiscimum
1285 4863 1519 4920 illorum
1586 4865 1812 4920 vivendi
1884 4881 2072 4937 genus

427 4955 598 5027 plane
632 4955 981 5027 penitusque
1012 4953 1359 5009 removebat.
1410 4956 1621 5008 Contra
1661 4968 1795 5008 vero
1825 4954 2073 5025 gentiles

427 5044 606 5114 hujus
637 5044 1002 5114 aliorumque
1032 5043 1222 5097 adhuc
1247 5042 1537 5112 majorum
1568 5039 1853 5097 scelerum
1886 5059 1919 5097 a
1948 5042 2073 5098 suis

427 5136 495 5188 ut
526 5134 750 5188 dictum
774 5138 883 5198 est,
916 5128 1276 5197 auctoribus,
1310 5127 1559 5199 aliisque
1606 5128 1881 5197 testibus,
1914 5129 2075 5187 omni

428 5222 541 5277 fide
573 5221 916 5292 majoribus,
949 5224 1102 5275 certe
1133 5216 1646 5274 convincebantur.

499 5313 740 5379 Verum,
773 5308 1027 5376 tametsi,
1061 5306 1286 5379 inquiet
1314 5304 1591 5379 aliquis,a
1618 5305 1857 5363 veritate
1886 5307 2071 5365 omni-

2180 4598 2392 4655 larium
2424 4600 2684 4673 vestigiis
2714 4601 3045 4672 advolutus,
3084 4609 3141 4659 et
3170 4603 3399 4661 Christi
3449 4601 3831 4663 misericordis

2181 4686 2500 4744 Ecclesiam
2530 4704 2764 4761 quoque
2792 4690 3227 4747 misericordem
3254 4691 3512 4751 ﬂetibus
3533 4693 3663 4751 suis
3689 4706 3833 4749 com-

2181 4776 2424 4832 moverit
2454 4781 2631 4847 atque
2661 4779 3042 4835 concusserit.
3079 4801 3107 4828 ››
3136 4779 3292 4837 Vero
3347 4781 3562 4855 itaque
3620 4778 3833 4840 similli-

2181 4881 2345 4921 mum
2375 4881 2503 4921 esse
2532 4866 2662 4936 quis
2691 4868 2927 4939 negabit
2955 4868 3222 4925 ethnicos
3276 4885 3355 4927 ex
3398 4870 3516 4928 hoc
3548 4871 3645 4946 pio
3686 4882 3835 4927 sanc-

2180 4958 2355 5023 toque
2388 4970 2568 5020 more,
2594 4970 2771 5027 quem
2802 4960 2906 5012 aut
2934 4973 3051 5013 non
3077 4957 3220 5013 satis
3257 4958 3709 5027 intellexerant,
3750 4957 3838 5012 aut

2183 5042 2473 5099 malitiose
2503 5042 3055 5117 interpretabantur,
3090 5062 3301 5103 ansam
3327 5042 3837 5123 arripuisse,Chri-

2182 5130 2372 5187 tianos
2403 5131 2592 5202 turpis
2621 5130 2800 5205 illius,
2833 5150 2952 5205 qua
2989 5134 3059 5190 de
3089 5141 3301 5192 auctor
3333 5143 3547 5195 noster
3574 5136 3837 5210 loquitur,

2183 5220 2542 5278 adorationis
2572 5220 2719 5279 falso
2750 5224 3086 5279 accusandi.
