4088 6150
443 200 564 265 535

1731 209 1835 271 DE
1881 206 2188 271 MINUGII
2241 205 2579 269 OCTAVIO

3691 222 3783 285 536

445 334 775 390 cbinentur.
807 336 1195 400 Quamobrem
1231 339 1496 394 nonnulli
1548 357 1651 413 pro
1687 365 1707 390 ι
1744 339 2029 397 fastidiosi
2065 360 2092 388 »
2125 340 2172 406 Α
2206 337 2260 405 3,
2293 337 2432 411 §12,
2466 353 2598 410 pag.
2630 335 2777 407 293).
2811 336 2921 392 Sed
2955 350 3145 407 neque
3200 334 3472 412 Caecilius,
3516 360 3678 417 neque
3702 351 3783 407 0c.

446 423 1147 497 suspicanturlegendum
1171 450 1197 476 «
1224 428 1469 485 factiosi.
1495 452 1521 479 ››
1543 431 1666 486 Non
1687 430 1837 487 male
1851 429 2087 502 quidem

444 511 495 567 si
528 511 647 567 haec
676 515 1007 570 emendatio
1039 517 1610 575 auctoritatecodicis
1628 519 1877 590 alicujus
1893 518 2087 573 firma-

444 608 622 656 retur.
659 601 797 665 Quis
828 604 985 659 enim
1019 604 1129 661 scit
1152 611 1348 661 utrum
1382 608 1929 664 Minuciusverbum
1954 630 1981 658 α
2006 608 2089 662 fa-

444 688 631 756 ctiosi,
666 712 692 739 ››
728 692 798 746 ad
822 691 940 763 illa,
981 712 1001 740 ι
1037 694 1256 750 bonum
1274 697 1559 767 sapimus,
1593 719 1621 747 »
1656 714 1769 753 non
1802 695 2091 752 retulerit?

446 778 594 845 Quid
627 780 676 834 si
714 780 986 837 factionis
1018 782 1227 838 illicitae
1259 785 1725 842 criminationem
1758 787 1849 842 his
1878 784 2092 853 verbis,

445 888 476 917 «
510 868 711 923 eadem
745 886 949 926 omnes
980 873 1310 945 congregati
1343 874 1556 946 quiete,
1588 893 1704 948 qua
1728 875 1941 948 singuli
1969 874 2093 929 »ἀὶ-

447 956 571 1013 luat
592 958 619 1013 ‘I
649 957 864 1014 Verum
897 959 946 1015 si
974 961 1105 1032 quis
1138 962 1214 1016 sit
1243 963 1313 1017 de
1343 980 1478 1019 vera
1509 963 1608 1020 illa
1638 966 1884 1021 lectione
1916 963 2095 1020 dubi-

447 1046 609 1102 tandi
640 1046 825 1117 locus,
859 1054 1062 1105 auctor
1088 1054 1284 1107 tamen
1320 1056 1515 1108 noster
1563 1053 1931 1126 apertissime
1961 1070 2093 1126 pro-

448 1135 700 1204 nuntiat,
735 1138 1059 1209 probatque
1080 1138 1443 1197 Christianos
1462 1158 1575 1198 non
1599 1142 1814 1198 illicitis
1828 1142 2098 1199 factionis

448 1224 563 1280 dici
598 1242 766 1297 posse
798 1227 1084 1285 homines.

517 1332 861 1389 Tertulliani
890 1350 1060 1407 porro
1089 1335 1169 1391 ibi
1199 1336 1295 1392 ille
1323 1339 1537 1410 premit
1562 1339 2100 1412 vestigia,quineu-

450 1422 672 1494 tiquam
706 1424 1192 1496 Christianorum,
1226 1428 1326 1483 sed
1359 1428 1748 1500 ipsorummet
1779 1428 2100 1485 Gentilium

450 1510 714 1568 illicitam
751 1514 1061 1570 factionem
1103 1531 1232 1571 esse
1258 1516 1492 1588 planius
1523 1517 1732 1589 hisque
1778 1517 1969 1574 verbis
2001 1518 2101 1573 de-

452 1608 774 1657 monstrat:
813 1628 837 1651 ‹‹
873 1608 999 1660 Haec
1030 1604 1203 1661 coitio
1223 1606 1692 1664 Christianorum
1729 1608 1935 1664 merito
1962 1622 2102 1665 sane

2196 427 2386 482 tavius
2417 426 2489 481 de
2522 426 2613 481 his
2648 426 2848 481 aliisve
2880 424 3172 480 haereticis
3228 422 3546 501 loquuntur,
3597 438 3682 491 sed
3723 441 3779 496 de

2197 514 2471 571 omnibus
2495 514 2817 587 generatim
2851 513 3219 574 Christianis.
3262 516 3354 586 qui
3387 533 3444 571 se
3469 518 3706 591 invicem,
3731 535 3782 585 ut

2199 604 2282 660 ait
2310 609 2511 659 auctor
2539 609 2754 673 noster,
2787 621 2901 658 non
2935 602 3237 674 alioquam
3267 604 3584 663 innocentiae
3618 616 3667 667 et
3684 632 3781 671 mo-

2199 693 2398 749 destia
2430 693 2598 765 signo
2647 692 3175 764 dignoscebant.De
3231 690 3453 749 illorum
3505 697 3791 762 innocentia

2200 798 2270 838 ex
2299 781 2582 836 hactenus
2614 781 2807 851 dictis,
2835 784 2892 837 et
2921 781 3073 836 infra
3099 779 3288 836 adhuc
3309 781 3553 840 dicendis
3581 795 3789 861 constat,

2202 870 2699 943 quamadmodum
2728 874 2783 925 et
2814 870 2885 925 de
2916 869 3254 925 eorumdem
3288 871 3559 944 praecipue
3586 875 3798 936 inEccle.

2202 959 2288 1015 sia
2319 957 2787 1026 consistentium,
2820 957 2906 1014 vel
2924 959 2993 1013 ad
3018 974 3147 1013 eam
3171 958 3517 1016 venientium
3536 965 3795 1037 modestia,

2204 1064 2274 1104 ex
2303 1048 2373 1103 iis
2395 1064 2522 1119 quae
2545 1047 2605 1103 in
2635 1046 2951 1104 Clementis
2982 1046 3355 1103 Alexandrini
3390 1048 3559 1106 libros
3596 1060 3802 1111 annota-

2202 1136 2396 1192 vimus
2416 1138 2661 1208 (Tom.I
2715 1139 2973 1209 Apparat.
3026 1136 3129 1192 lib.
3186 1154 3269 1205 In,
3330 1137 3559 1195 Dissert.
3606 1142 3652 1208 1,
3700 1159 3803 1217 cap.

2205 1227 2260 1297 6,
2293 1230 2407 1282 art.
2435 1226 2489 1292 4,
2517 1241 2651 1298 pag.
2682 1225 2832 1298 713).

2277 1315 2362 1370 Ad
2387 1322 2745 1386 postremum
2777 1315 3013 1371 tandem
3045 1313 3280 1385 Cacilii,
3322 1315 3394 1371 de
3450 1320 3643 1374 mutua
3679 1320 3811 1376 Chri—

2209 1405 2534 1461 stianorum
2566 1403 3225 1468 dilectione,convicium
3240 1404 3547 1476 respondet
3562 1405 3813 1465 Minucius

2209 1492 2571 1550 Christianos
2604 1497 2808 1548 mutuo
2866 1495 2923 1548 et
2953 1492 3180 1549 sincero
3230 1509 3429 1549 amore
3461 1510 3583 1550 sese
3610 1495 3813 1567 diligere

2208 1586 2335 1637 tum
2367 1582 2505 1654 quia
2531 1581 2679 1637 alios
2710 1581 2904 1638 odisse
2926 1598 3041 1638 non
3071 1587 3503 1650 noverant,tum
3535 1584 3818 1655 etiamquis

449 1689 675 1756 illicita,
708 1692 757 1748 si
789 1692 1006 1749 illicitis
1038 1711 1144 1767 par
1175 1712 1188 1751 :
1254 1697 1459 1753 merito
1516 1698 1870 1765 damannda,
1905 1698 1954 1753 si
1988 1714 2102 1753 non
2136 1713 2181 1777 Β
2213 1672 2388 1777 “Pius
2410 1671 2992 1777 Ρθίξθθίξδεφηνθθξω
3015 1672 3191 1777 etim,“
3213 1670 3706 1777 4“?“‘Te’l‘fmf
3711 1691 3819 1777 “.153

452 1780 757 1836 dissimilis
791 1783 1175 1840 damnandis:
1218 1785 1418 1856 siquis
1449 1787 1520 1842 de
1551 1803 1618 1843 ea
1641 1788 1907 1859 queritur
1932 1803 1997 1843 eo
2029 1787 2100 1841 ti-

455 1870 602 1937 tulo,
635 1873 789 1928 520
824 1889 938 1943 quo
969 1873 1039 1928 de
1071 1874 1423 1931 factionibus
1454 1876 1689 1947 querela
1714 1881 1821 1944 est,
1846 1876 1903 1930 in
1935 1877 2104 1947 cujus

456 1959 771 2032 perniciem
804 1960 1120 2032 aliquando
1147 1964 1526 2019 convenimus
1552 1964 1579 2019 ?
1612 1966 1724 2020 Hoc
1744 1981 1953 2021 sumus
1966 1981 2105 2020 con-

456 2050 701 2121 gregati,
734 2051 887 2121 quod
921 2055 976 2106 et
1005 2050 1253 2122 dispersi
1282 2052 1418 2117 ;hoc
1446 2052 1884 2125 nniversi,quod
1915 2058 1973 2109 et
1990 2052 2107 2109 sin-

456 2138 602 2210 guli,
646 2140 938 2194 neminem
982 2138 1283 2209 laedentes,
1336 2142 1633 2198 neminem
1668 2143 2104 2198 contristantes.

456 2226 601 2282 Cum
627 2228 812 2297 probi,
844 2244 978 2283 cum
1012 2228 1147 2284 boni
1180 2235 1413 2295 coeunt,
1443 2247 1576 2286 cum
1635 2231 1739 2302 pii,
1797 2248 1930 2287 cum
1962 2232 2107 2287 casti

456 2321 906 2389 congregantur,
941 2334 1056 2372 non
1080 2322 1170 2373 est
1202 2319 1373 2375 factio
1405 2319 1788 2387 dicenda,sed
1825 2322 2008 2375 curia.
2038 2322 2110 2375 At

456 2410 516 2460 et
536 2406 823 2461 contrario
856 2404 971 2461 illis
1003 2423 1216 2462 nomen
1248 2408 1518 2465 factionis
1541 2409 2107 2465 accommodandum

457 2494 675 2565 est,qui
703 2494 763 2549 in
795 2494 972 2550 odiun
1007 2494 1288 2552 bonorum
1310 2502 1367 2553 ut
1392 2498 1710 2568 proborum
1741 2499 2106 2570 conspirant,

460 2584 559 2655 qui
592 2584 868 2639 adversus
893 2585 1238 2655 sanguinem
1269 2585 1693 2657 innocentium,
1715 2586 1936 2643 scilicet
1953 2587 2112 2643 Chri-

462 2672 812 2743 stianorum,
845 2672 1215 2730 conclamant
1247 2696 1275 2724 »
1302 2674 1570 2745 (Tertull.
1631 2677 1851 2747 Apolog.
1885 2693 2008 2749 cap.
2042 2676 2112 2732 39

462 2764 520 2816 et
552 2762 637 2829 40,
674 2777 803 2833 pag.
836 2762 1078 2832 36).Sed
1112 2763 1182 2818 de
1213 2762 1305 2819 his
1335 2762 1526 2836 plura,
1579 2764 1677 2820 ubi
1734 2766 1806 2821 de
1837 2765 1945 2821 hoc
1973 2765 2111 2822 Ter-

464 2849 696 2905 tulliani
729 2850 876 2906 libro
913 2851 1374 2922 disputabimus.

536 2939 595 2995 Si
626 2940 1091 2996 Christianorum
1125 2946 1284 2997 secta
1326 2942 1439 2998 dici
1497 2959 1611 2998 non
1670 2942 1859 3013 potuit
1912 2942 2116 2999 illicita

463 3028 656 3092 factio,
694 3028 880 3084 multo
902 3034 1056 3085 certe
1087 3029 1285 3086 minus
1334 3054 1363 3081 ‹‹
1423 3032 1757 3103 desperata;
1786 3054 1814 3083 υ
1876 3034 2112 3104 quando

465 3119 703 3189 quidem
737 3140 765 3168 «
799 3118 1011 3183 securi,
1042 3142 1070 3169 ››
1105 3125 1171 3174 ut
1217 3120 1299 3175 ait
1354 3120 1665 3191 Minucius,
1698 3144 1726 3171 «
1770 3138 1872 3191 spe
1902 3122 2113 3179 futurae

467 3206 905 3274 felicitatis,fide
938 3208 1347 3279 praesentisDei
1362 3210 1687 3281 majestatis
1709 3212 2062 3267 animamur.
2079 3230 2106 3261 ιι

466 3295 639 3352 Nulla
669 3296 848 3368 igitur
877 3297 1299 3369 desperatione,
1331 3300 1431 3354 sed
1469 3300 1801 3355 certissima
1831 3299 2117 3356 aeternita-

466 3386 543 3441 tis
565 3402 668 3457 spe
699 3385 972 3457 quislibet
1002 3390 1298 3444 tormenta
1321 3404 1423 3459 pro
1449 3387 1750 3461 religionis
1763 3406 1880 3445 suae
1896 3389 2115 3460 profes-

469 3474 633 3530 sione
661 3474 1135 3531 constantissime
1166 3477 1550 3547 perferebant,
1583 3478 1702 3533 imo
1762 3478 1928 3545 iis,ut
1974 3478 2119 3533 dixi-

473 3579 627 3629 mus,
660 3562 1079 3634 gloriabantur.
1141 3565 1348 3620 Acrius
1392 3581 1527 3621 vero
1586 3571 1756 3639 urget
1789 3567 2119 3624 Lactantius

473 3668 839 3723 nequaquam
862 3652 1242 3719 Christianos,
1266 3654 1367 3725 qui
1401 3676 1431 3705 «
1452 3656 1677 3727 corpori
1695 3672 1802 3711 suo
1834 3672 1949 3711 non
1981 3672 2120 3727 par-

473 3747 634 3809 cunt,
671 3762 698 3789 »
731 3742 831 3796 sed
855 3742 1133 3812 ipsosmet
1160 3742 1410 3815 gentiles
1461 3743 1735 3799 debuisse
1782 3745 2121 3813 desperatos

472 3830 684 3894 vocari,
717 3846 846 3885 cum
888 3852 907 3881 ι
946 3830 1087 3885 nihil
1120 3830 1487 3903 desperatius
1544 3848 1672 3888 esse
1701 3833 1909 3905 possit,
1943 3851 2121 3905 quam

472 3922 743 3990 torquere
765 3935 829 3974 ac
860 3918 1141 3975 dilaniare
1169 3937 1507 3991 eum,quem
1538 3921 2122 3979 sciasesseinnocen-

471 4013 588 4063 tem
614 4031 641 4057 »
672 4009 956 4077 (Lactant.
988 4009 1092 4064 lib.
1127 4026 1159 4064 v
1187 4011 1367 4066 Instil.
1413 4027 1540 4082 cap.
1573 4011 1628 4077 9,
1680 4027 1811 4084 pag.
1846 4012 1991 4084 485).
2045 4018 2123 4069 De

472 4097 566 4153 his
597 4103 788 4152 autem
817 4097 1038 4169 aliquid
1079 4099 1272 4155 adhuc
1304 4103 1505 4170 postea
1534 4099 1870 4156 dicendum.

545 4206 668 4261 Non
693 4206 828 4277 jure
851 4205 1060 4276 potiori
1112 4205 1329 4261 ethnici
1362 4206 1733 4277 objectabant
1765 4206 2125 4264 Christianos

475 4295 768 4351 nationem
793 4311 921 4350 esse
944 4294 1291 4350 latebrosam
1323 4298 1380 4350 et
1398 4294 1801 4368 lucifugam,in
1825 4296 2125 4369 publicum

477 4382 788 4452 mutam,in
821 4383 1051 4455 angulis
1082 4382 1588 4454 garrulam.Suam
1609 4384 1765 4441 enim
1795 4385 2125 4441 doctrinam

2212 1764 2270 1816 et
2289 1765 2586 1815 consortes
2618 1760 2773 1829 ﬁdei,
2806 1760 3047 1833 speique
3075 1760 3409 1817 coheredes
3458 1766 3637 1817 erant.
3670 1763 3823 1817 Instat

2215 1850 2361 1907 521
2397 1848 2805 1904 veroOctavius
2837 1848 3013 1918 hunc,
3042 1850 3142 1921 qui
3166 1849 3412 1905 maximi
3432 1850 3675 1921 profecto
3695 1850 3826 1905 aesti-

2215 1939 2468 1994 mandus
2496 1942 2604 2004 est,
2638 1943 2909 1994 mutuum
2972 1954 3231 1994 amorem
3267 1939 3342 1994 ab
3382 1938 3627 1995 ethnicis
3654 1955 3829 2012 expro-

2214 2026 2537 2101 brari,quia
2566 2050 2595 2078 «
2630 2027 2687 2082 in
2720 2032 2949 2095 mutua,
2976 2050 3004 2078 ››
3019 2028 3189 2083 sicuti
3220 2044 3325 2084 eos
3346 2026 3687 2100 alloquendo
3700 2043 3832 2083 asse-

2214 2123 2396 2185 verat,
2433 2138 2462 2167 «
2492 2117 2627 2173 odia
2671 2117 2885 2173 saevitis
2908 2134 2923 2186 ;
2943 2134 3048 2173 nec
3078 2118 3293 2173 fratres
3310 2134 3433 2186 vos,
3466 2118 3576 2173 nisi
3608 2116 3759 2190 plane
3776 2116 3832 2172 ad

2218 2205 2597 2279 parricidium
2631 2206 3065 2279 recognoscitis,
3092 2228 3120 2256 »
3148 2205 3258 2273 vel,
3296 2210 3363 2262 ut
3389 2223 3520 2262 mox
3541 2205 3791 2262 laudatus
3809 2223 3836 2261 a

2218 2296 2386 2353 nobis
2413 2295 2810 2351 Tertullianus
2831 2296 2931 2367 ait,
2955 2318 2984 2346 «
3009 2296 3081 2351 ad
3104 2296 3499 2353 occidendum
3529 2295 3835 2352 alterutrum

2217 2385 2630 2457 paratiores....
2663 2385 2817 2457 quod
2850 2384 3004 2456 apud
3030 2384 3189 2456 ipsos
3218 2401 3400 2441 omne
3430 2383 3723 2457 sanguinis
3748 2400 3837 2439 no-

2219 2489 2353 2529 men
2384 2474 2456 2529 de
2486 2473 2789 2530 affectione
2820 2472 3167 2529 simulatum
3202 2496 3231 2523 ››
3254 2472 3723 2546 (Tertullian.loc.
3746 2472 3842 2539 cit.)

2217 2566 2293 2617 At
2314 2562 2490 2618 dehis
2523 2562 2709 2617 fusius
2732 2562 2791 2617 in
2815 2566 3014 2617 nostra
3031 2561 3101 2619 ad
3122 2560 3637 2618 huncTertulliani
3657 2560 3844 2615 librum

2221 2652 2635 2709 dissertatione
2683 2650 3055 2722 (Tertullian.
3114 2651 3423 2723 Apologet.,
3466 2667 3591 2723 cap.
3624 2650 3706 2715 39,
3735 2664 3845 2721 pag.

2219 2744 2331 2811 35).
2365 2741 2598 2797 Interim
2628 2757 2763 2796 vero
2809 2741 2880 2796 de
2940 2740 3042 2796 illa
3097 2741 3365 2797 fraterna
3420 2739 3849 2796 Christianorum

2221 2830 2524 2901 charitate,
2557 2836 2613 2886 et
2643 2830 2892 2885 fratrum
2926 2829 3183 2897 nomine,
3214 2830 3445 2887 videsis
3479 2829 3775 2885 Lucianum
3798 2827 3854 2881 de

2221 2925 2401 2977 Morte
2431 2919 2750 2991 Peregrini,
2784 2935 2914 2992 pag.
2946 2919 3076 2988 996,
3108 2935 3173 2974 ac
3227 2920 3285 2975 si
3318 2918 3540 2985 lubeat,
3584 2934 3650 2973 ea
3695 2932 3805 2988 quae
3830 2930 3858 2969 a

2225 3009 2393 3066 nobis
2426 3014 2569 3064 tom.
2604 3024 2802 3079 super.
2837 3025 2895 3080 p.
2932 3008 3130 3079 473,ac
3152 3025 3210 3082 p.
3242 3008 3379 3077 999,
3404 3009 3705 3065 observata
3723 3007 3856 3061 sunt.

2800 3150 3203 3207 ARTICULUS
3258 3151 3335 3207 II.

2226 3243 2340 3313 Quo
2377 3241 2500 3310 iure
2528 3241 2785 3313 Caecilius
2814 3240 2917 3295 dia:
2931 3242 3046 3313 erit
3074 3240 3285 3310 templa
3342 3244 3613 3309 tanquam
3670 3238 3862 3313 hastae

2298 3306 2624 3388 Christianis
2653 3311 2881 3388 deSpici,
2928 3306 3195 3388 nullaque
3216 3314 3363 3383 ipsis
3382 3306 3496 3388 esse
3524 3308 3737 3381 templa,
3756 3306 3861 3388 ηιμ·

2297 3386 2379 3440 las
2408 3400 2557 3448 aras,
2587 3383 2752 3437 nulla
2781 3393 2909 3437 nota
2936 3384 3268 3454 simulacra,
3304 3388 3359 3439 et
3400 3386 3601 3454 inepte
3631 3383 3865 3436 recentw‘

2297 3472 2423 3511 rum
2443 3455 2905 3511 lcanoclastarum
2945 3455 3333 3511 cavillationes
3367 3455 3713 3526 refelluntur.

2298 3578 2724 3636 Gravissimum
2759 3578 3013 3650 profecto
3046 3578 3277 3635 crimen
3304 3578 3458 3635 illud
3482 3575 3706 3635 Caecilio
3732 3573 3870 3630 vide-

2230 3670 2423 3739 batur,
2453 3668 2607 3740 quod
2639 3666 2953 3723 Christiani
2989 3667 3206 3739 templa
3227 3668 3350 3725 diis
3373 3667 3685 3739 gentilium
3708 3663 3872 3719 dicata

2230 3774 2346 3813 non
2378 3774 2546 3813 secus
2578 3773 2645 3812 ac
2674 3756 2846 3812 busta
2895 3757 3307 3828 despicerent:
3348 3778 3378 3808 «
3410 3755 3678 3829 Templa,
3710 3752 3874 3809 aiebat

2230 3846 2350 3916 ille,
2384 3852 2449 3902 ut
2480 3848 2674 3915 busta,
2709 3867 2737 3896 ››
2770 3845 2951 3916 idest,
2976 3851 3040 3901 ut
3061 3845 3383 3902 hominum
3410 3852 3771 3903 mortuorum
3798 3855 3872 3895 se-

2231 3936 2453 4008 pulcra,
2478 3939 2885 4007 aspernantur.
2918 3935 3196 4001 Quamvis
3227 3936 3397 3992 enim
3430 3952 3544 3992 vox
3580 3955 3602 3983 ι
3630 3933 3875 3990 bustum»

2232 4026 2458 4081 averbo
2488 4041 2586 4079 aro
2616 4023 2927 4092 derivetur,
2961 4041 3027 4080 ac
3060 4024 3280 4091 locum,
3344 4027 3407 4081 in
3474 4039 3594 4095 quo
3650 4023 3877 4077 mortuo-

2233 4131 2364 4170 rum
2396 4129 2640 4185 corpora
2668 4112 2932 4169 comburi
2988 4111 3280 4184 solebant,
3308 4113 3596 4186 primitus
3617 4108 3879 4184 signiﬁca-

2232 4203 2415 4271 verit;
2450 4202 2597 4258 solet
2628 4206 2825 4257 tamen
2859 4218 2893 4258 a
2925 4201 3122 4275 probis
3180 4203 3541 4259 auctoribus
3584 4217 3686 4274 pro
3715 4192 3883 4269 sepulv

2235 4310 2352 4360 cro,
2386 4291 2883 4364 quemadmodum
2916 4290 3010 4346 hic
3061 4291 3134 4346 ab
3198 4296 3452 4348 auctore
3486 4294 3713 4358 nostro,
3743 4298 3887 4343 usur-

2237 4383 2383 4455 pari.
2419 4383 2652 4437 Testem
2688 4381 3003 4452 quemdam
3037 4379 3086 4435 si
3120 4380 3419 4451 postules.
3456 4377 3889 4438 Tertullianum,

478 4451 2125 4545 palampraedicabant,promptumqueethniciseratillos,
2158 4451 2304 4529 Dex
2348 4487 2464 4543 quo
2524 4487 2633 4526 sua
2687 4451 2979 4525 Minucius
3034 4468 3311 4525 hausisse
3372 4470 3638 4539 videtur,
3694 4462 3793 4522 tibi
3842 4460 3891 4515 in

486 4580 513 4612 α
534 4560 736 4615 audire
767 4562 1018 4631 publice,
1053 4584 1081 4610 ››
1101 4561 1210 4617 nisi
1234 4566 1335 4617 aut
1355 4563 1734 4619 erubuissent
1763 4564 2124 4636 impietatem

480 4649 843 4719 criminaque
864 4667 971 4704 sua
992 4651 1273 4721 pateﬁeri,
1300 4655 1401 4707 aut
1420 4668 1616 4707 veram
1641 4651 1981 4724 religionem
2016 4652 2125 4708 sibi

479 4738 869 4793 demonstrari
901 4738 1257 4795 timuissent.

551 4825 860 4897 Objicienti
901 4828 1110 4883 dehinc
1141 4826 1365 4883 Caecilio
1404 4827 1763 4885 Christianos
1793 4828 2035 4885 occultis
2065 4845 2128 4886 se

480 4915 633 4971 notis
666 4920 839 4987 atque
868 4916 1201 4987 insignibus
1235 4933 1567 4987 agnoscere,
1602 4920 1724 4971 tam
1754 4934 1909 4986 vere,
1948 4935 2128 4990 quam

480 5004 823 5077 simpliciter
854 5006 1200 5075 respondet:
1238 5028 1264 5053 ‹‹
1300 5005 1415 5060 Nos
1475 5020 1588 5059 non
1621 5005 1890 5061 notaculo
1921 5022 2127 5077 corpo-

480 5094 581 5163 ris,
618 5099 682 5148 ut
714 5095 954 5165 putatis,
992 5094 1092 5149 sed
1129 5094 1475 5149 innocentia
1534 5110 1600 5148 ac
1630 5093 1930 5149 modestia:
1960 5094 2127 5166 signo

479 5183 645 5237 facile
676 5183 1099 5254 dignoscimus.
1138 5184 1213 5236 »Α
1237 5181 1405 5236 nobis
1428 5186 1621 5239 tamen
1651 5182 2022 5238 observatum
2042 5186 2131 5239 est

478 5271 957 5344 Carpocratianos
986 5272 1041 5324 in
1064 5270 1380 5342 posteriore
1396 5274 1747 5327 sectatorum
1767 5288 2009 5328 suorum
2030 5290 2131 5328 au-

480 5359 675 5415 ricula:
709 5361 949 5414 dexterae
982 5359 1874 5432 parte,quamdamimpressisse
1909 5366 2126 5430 notam,

481 5465 599 5519 qua
628 5464 726 5503 cos
762 5450 914 5504 haud
948 5448 1123 5505 dubie
1152 5466 1186 5505 a
1213 5450 1437 5506 caeteris
1468 5449 1807 5508 hominibus
1837 5453 2127 5509 discerne-

480 5540 607 5594 rent
634 5536 819 5607 (Tom.
854 5537 874 5591 Ι
902 5540 1108 5610 Appar.
1142 5538 1247 5595 lib.
1300 5556 1340 5595 ιι
1401 5539 1729 5611 Dissertat.,
1765 5558 1891 5615 cap.
1925 5542 1980 5611 3,
2013 5546 2124 5598 art.

2239 4560 2499 4616 medium
2527 4557 2682 4613 illico
2705 4557 3087 4624 adducemus,
3118 4558 3217 4630 qui
3243 4558 3528 4614 Ethnicis
3552 4560 3728 4613 antea
3753 4552 3892 4609 dixe-

2239 4654 2365 4705 rat:
2400 4670 2429 4698 «
2462 4647 2578 4704 Nec
2608 4648 2805 4702 minus
2862 4647 3100 4717 templa,
3155 4663 3343 4717 quam
3399 4646 3785 4703 monumenta
3809 4639 3891 4693 de-

2241 4738 2526 4809 spicimus
2575 4757 2602 4785 n
2654 4733 2915 4807 (Tertull.
2964 4734 3068 4791 lib.
3119 4734 3188 4789 de
3245 4735 3576 4807 Spectacul.
3636 4748 3759 4804 cap.
3804 4727 3893 4791 13).

2239 4828 2416 4883 Vides
2447 4841 2588 4881 sano
2622 4849 2643 4874 ι
2680 4824 2989 4880 bustorum
3025 4846 3053 4874 κ
3088 4823 3601 4895 signiﬁcationem
3642 4822 3790 4879 clare
3814 4831 3893 4872 ex-

2242 4915 2442 4991 plicari
2468 4932 2501 4969 a
2530 4911 2913 4981 Tertulliano,
2946 4912 3017 4968 ab
3050 4928 3231 4983 eoque
3289 4913 3651 4971 confirmari
3681 4912 3897 4968 deorum

2242 5003 2459 5077 templa
2489 5020 2521 5059 a
2544 5000 2889 5058 Christianis
2911 5002 3153 5073 despici,
3176 5008 3477 5075 tanquam
3506 5002 3897 5058 defunctorum

2244 5094 2546 5150 hominum
2595 5091 2883 5163 sepulcra.
2926 5091 3136 5154 Quidni
3196 5108 3263 5146 ea
3325 5091 3498 5147 hunc
3560 5092 3624 5147 in
3683 5086 3902 5146 modum

2243 5182 2756 5254 contempsissent,
2779 5179 3186 5236 cumClemens
3203 5179 3433 5237 Alexan
3447 5182 3685 5247 drinus,
3714 5182 3770 5233 et
3790 5171 3895 5235 alii.

2242 5273 2397 5329 sicut
2418 5270 2557 5327 alibi
2589 5268 3271 5335 annotavimus,deorum
3307 5269 3552 5342 templa
3572 5283 3705 5326 esse
3723 5275 3905 5334 reapse

2240 5366 2609 5418 mortuorum
2668 5358 2976 5414 hominum
3036 5356 3314 5430 sepulcra
3361 5347 3903 5415 demonstraverit?

2236 5452 2427 5524 (Tom.
2461 5455 2483 5504 1
2512 5450 2782 5522 Apparat.
2826 5447 2926 5503 lib.
2962 5465 3045 5517 ιιι,
3079 5447 3315 5505 dissert.
3372 5451 3428 5517 1,
3466 5465 3601 5522 cap.
3631 5448 3688 5514 7,
3721 5446 3823 5502 art.
3853 5440 3901 5510 3,
3932 5458 3937 5463 ·

2238 5556 2371 5614 pag.
2402 5540 2508 5597 723
2537 5543 2595 5596 et
2622 5552 2787 5610 seqq.
2820 5536 2839 5610 )
