3942 6162
229 244 321 308 53³1

1595 236 2135 301 DISSEBTATIO.

3436 242 3560 303 538

273 375 429 432 Altera
453 369 641 427 Cacilii
667 369 1034 442 querimonia
1066 369 1515 443 criminatioque
1538 370 1789 439 fuit,non
1819 372 1875 439 Α
1905 387 2061 427 mam
2094 370 2389 428 victimam
2422 370 2609 430 cadit.
2659 372 2789 430 Haec
2838 374 3037 429 nostra
3079 372 3386 443 sacrificia,
3432 374 3554 431 hac

217 465 366 521 solum
392 463 609 515 deorum
642 460 857 532 templa
896 477 929 515 a
958 460 1308 516 Christianis
1339 460 1652 529 contemni,
1687 476 1785 515 vc-

214 570 313 607 rum
341 550 487 605 etiam
515 547 646 617 illis,
679 552 740 603 ut
782 548 1044 603 securius
1087 549 1363 622 mysteria
1392 566 1500 604 sua
1530 547 1784 604 occulta-

215 646 325 709 rent,
353 637 491 693 nulla
516 654 637 692 esse
668 635 1104 708 templa,nullas
1139 637 1576 710 aras,nullaque
1599 639 1782 693 simu-

211 729 342 784 lacra.
382 726 537 791 Audi,
571 742 764 798 quaso
809 727 1100 797 quomodo
1150 726 1249 783 ille
1279 726 1403 799 ipse
1444 728 1514 782 de
1542 727 1616 782 iis
1645 744 1783 783 con-

209 820 456 889 queratur:
491 836 517 863 «
547 814 660 870 Cur
690 813 881 869 nullas
914 832 1046 871 aras
1076 814 1311 883 habent,
1345 814 1567 887 templa
1596 814 1779 883 nulla,

207 905 327 962 nulla
351 908 469 959 nota
498 902 925 959 simulacra.....
957 903 1080 959 Nisi
1111 902 1451 977 illud,quod
1484 903 1778 971 colunt,et

204 992 573 1064 interprimunt,
598 996 699 1047 aut
720 991 1079 1064 puniendum
1103 996 1213 1062 est,
1235 998 1335 1049 aut
1354 992 1698 1066 pudendum
1718 990 1776 1047 Ἰ»

204 1083 358 1141 Nonne
384 1085 567 1137 autem
597 1082 800 1136 eadem
828 1086 917 1137 est
946 1081 1100 1153 apud
1133 1080 1439 1155 Origcncm
1471 1080 1620 1138 Celsi
1649 1081 1780 1137 eth-

201 1171 285 1227 nici
316 1168 543 1241 querela,
594 1168 959 1226 Christianos
1005 1170 1334 1227 incusantis
1353 1188 1611 1237 ararum,
1659 1174 1778 1226 sta-

201 1264 402 1328 tuarum,
444 1258 920 1330 templorumque
967 1259 1387 1332 dedicationes,
1428 1276 1531 1316 seu
1581 1260 1780 1331 potius

198 1347 469 1420 positiones,
520 1354 577 1403 et
618 1346 1028 1403 collocationes
1080 1350 1279 1421 fugere
1309 1347 1337 1404 ?
1386 1345 1632 1423 βωμοὺς,
1690 1346 1779 1402 καὶ

199 1434 444 1510 ἀγάλμπτα.
473 1434 560 1488 καὶ
592 1435 729 1497 νεὼς
758 1432 1002 1509 ἱδρύσθαι
1051 1434 1261 1514 φεύγειν
1306 1438 1487 1510 (Orig.
1520 1437 1622 1493 lib.
1654 1454 1777 1507 VIII,

195 1531 322 1581 contr.
354 1526 478 1583 Cels.
510 1541 646 1597 pag.
681 1525 829 1597 389).
1106 1532 1111 1533 ’

242 1631 357 1695 Quid
387 1648 514 1703 ergo
548 1637 725 1704 putas
770 1632 1090 1688 Minucium
1122 1633 1193 1688 ad
1225 1633 1377 1688 hanc
1408 1634 1782 1704 respondisse

195 1721 557 1812 accusationem
581 1720 611 1775 ?
664 1720 823 1777 Ultro
872 1723 1158 1812 concedit
1181 1722 1374 1777 nullas
1407 1722 1588 1779 fuisse
1616 1723 1779 1812 Chri-
1812 1747 1859 1812 B

194 1808 345 1865 stianis
389 1811 533 1867 522
588 1827 748 1878 aras,
795 1811 959 1866 nulla
988 1810 1323 1883 simulacra,
1375 1812 1493 1868 imo
1524 1828 1630 1867 nec
1660 1810 1781 1868 ulla

192 1900 318 1954 etiam
344 1899 549 1970 templa
579 1916 652 1955 ac
683 1899 945 1955 delubra.
971 1901 1087 1956 Cur
1112 1906 1307 1956 autem
1337 1917 1406 1957 ea
1434 1900 1633 1958 omnia
1663 1918 1780 1957 non

192 1986 457 2057 habuerint,
492 1990 649 2045 hanc
698 1988 796 2044 ille
848 1990 1041 2044 reddit
1086 1990 1371 2045 rationem
1431 2006 1445 2044 :
1495 2013 1523 2041 ‹‹
1557 1990 1781 2046 Putatis

191 2094 263 2131 nos
286 2078 569 2143 occultare,
607 2078 764 2151 quod
798 2078 1123 2149 colimus,si
1155 2079 1399 2135 delubra
1429 2082 1486 2135 et
1507 2096 1637 2135 aras
1662 2097 1780 2135 non

187 2165 430 2222 habemus.
453 2170 622 2233 Quod
649 2168 804 2223 enim
839 2167 1221 2223 simulacrum
1252 2168 1367 2224 Deo
1400 2168 1779 2241 fingam,cum

187 2255 220 2308 si
246 2262 368 2312 recte
391 2257 720 2322 existimas,
754 2257 833 2312 sit
866 2255 962 2313 Dei
990 2257 1167 2313 homo
1199 2257 1325 2329 ipse
1354 2257 1781 2315 simulacrum?

183 2343 426 2415 Templum
455 2346 619 2417 quod
652 2347 704 2400 ei
736 2352 1169 2414 extruam,cum
1201 2350 1360 2402 totus
1393 2345 1487 2402 hic
1520 2348 1780 2403 mundus

182 2433 271 2501 ejus
294 2450 449 2505 opera
475 2434 826 2502 fabricatus,
870 2452 1004 2490 eum
1037 2452 1243 2508 capere
1294 2452 1409 2491 non
1441 2436 1676 2508 possit?
1709 2437 1779 2493 Et

186 2537 279 2575 cum
319 2522 479 2579 homo
531 2523 720 2579 latius
770 2540 1064 2591 maneam,
1110 2524 1265 2581 intra
1311 2523 1614 2582 adiculam
1662 2526 1779 2583 vim

185 2612 316 2664 tanta
338 2610 658 2684 majestatis
682 2611 978 2669 includam
998 2612 1025 2667 ?
1040 2635 1066 2663 ››
1082 2613 1210 2669 Hac
1236 2612 1441 2670 ultima
1461 2614 1530 2670 de
1560 2613 1780 2688 templo

181 2698 309 2753 verba
353 2717 417 2755 ex
464 2700 576 2757 hoc
647 2701 866 2757 auctori
927 2701 1052 2759 loco
1122 2703 1536 2775 transcripsit,
1606 2708 1780 2776 atque

181 2784 274 2842 ideo
320 2790 574 2860 probavit
644 2790 967 2863 Cyprianus
1024 2792 1212 2865 (Cypr.
1289 2791 1355 2849 de
1410 2792 1544 2849 Idol.
1606 2795 1779 2850 vanit.

180 2892 279 2947 pag.
309 2879 405 2949 15).

228 2965 449 3022 ίΕάὶειιΙθ.
479 2971 707 3034 autem,
735 2971 799 3023 ut
837 2968 893 3023 id
925 2968 1113 3024 obiter
1140 2977 1510 3037 annotemus,
1533 2974 1658 3027 erat
1686 2988 1780 3028 sa-

179 3052 339 3108 cellum
366 3055 632 3128 aliquod,
668 3055 788 3112 sive
818 3074 994 3113 sacra
1024 3056 1277 3129 alicujus
1298 3059 1437 3115 adis
1468 3061 1777 3133 appendix,

180 3146 250 3195 aut
270 3140 738 3213 loculamentum,
767 3146 867 3201 ubi
902 3147 999 3202 Dei
1036 3147 1287 3219 alicujus
1317 3113 1703 3206 simulacrum
1723 3154 1780 3206 et
1809 3113 1853 3180 ρ

178 3228 321 3302 imago
361 3232 779 3291 collocabatur.
814 3234 975 3292 Unde
1020 3235 1214 3293 Cicero
1249 3254 1262 3292 :
1296 3260 1323 3289 ‹‹
1360 3238 1530 3310 Quid,
1564 3238 1777 3311 inquit,

177 3331 272 3373 cum
331 3322 540 3379 Licinia
574 3322 740 3397 virgo
774 3323 1114 3381 Vestalis...
1148 3343 1331 3398 aram,
1364 3332 1420 3382 et
1447 3326 1777 3400 adiculam,

173 3410 211 3459 et
250 3409 493 3479 pulvinar
541 3430 694 3469 saxo
738 3430 904 3469 sacro
948 3414 1326 3471 dedicasset?
1381 3437 1409 3465 »
1452 3416 1590 3489 (Cic.
1623 3417 1776 3474 Orat.

173 3494 234 3560 29,
254 3514 339 3568 pro
377 3505 539 3557 Domo
601 3518 727 3568 sua,
759 3519 895 3575 pag.
930 3502 1083 3575 427).
1120 3504 1404 3576 Apuleius
1432 3522 1566 3561 vero
1600 3523 1613 3561 :
1650 3527 1678 3556 α
1712 3507 1777 3562 In

173 3582 262 3655 ipso
284 3590 609 3646 meditullio
639 3590 917 3663 Hippona
950 3592 1067 3647 dea
1097 3592 1480 3649 simulacrum
1514 3593 1775 3651 residens

174 3674 374 3733 adicula
406 3701 433 3729 »
465 3679 707 3753 (Apulei
739 3679 843 3737 lib.
895 3696 958 3736 ιιι
990 3683 1229 3751 Metam,
1263 3683 1375 3738 sub
1423 3683 1569 3750 ﬁn.).
1604 3683 1776 3739 Deni-

172 3778 252 3833 que
298 3771 354 3822 ut
409 3768 672 3825 Plinium
726 3769 1090 3837 amittamus,
1152 3774 1306 3826 certe
1355 3771 1776 3842 Tertullianus,

172 3858 624 3921 quemadmodum
658 3863 860 3913 auctor
891 3862 1109 3929 noster,
1133 3858 1352 3931 templa
1377 3876 1478 3914 seu
1511 3859 1773 3931 delubra,

170 3956 267 3997 aras
285 3950 332 3999 et
358 3946 671 4002 aediculam
711 3946 804 4002 his
838 3948 1027 4003 verbis
1057 3947 1329 4003 dixtinxit
1358 3965 1376 4003 :
1414 3969 1441 4001 α
1472 3948 1587 4006 Nec
1619 3948 1775 4004 enim

170 4028 317 4087 diil‘ert
344 4051 410 4090 an
443 4035 803 4105 extruas,vel
833 4037 1161 4105 exornes,si
1193 4036 1557 4109 tcmplum,si
1588 4054 1773 4107 aram,

169 4116 203 4170 si
228 4121 500 4180 :ediculum
534 4125 675 4196 ejus
706 4125 1054 4182 instruxeris
1084 4148 1111 4177 ››
1149 4125 1539 4198 (Tertullian.,
1572 4125 1674 4182 lib.
1708 4128 1776 4183 de

170 4207 272 4262 ldot.
300 4228 412 4285 cap.
441 4215 495 4286 8,
528 4230 671 4287 pag.
708 4213 1281 4286 107).Verumtamen
1316 4219 1559 4288 uterque
1589 4218 1774 4288 quod-

170 4291 278 4352 libet
301 4302 582 4375 templum
614 4303 886 4376 designat
913 4303 1170 4359 adicula
1202 4305 1459 4374 nomine,
1493 4322 1608 4377 quo
1641 4306 1773 4378 qui-

170 4382 275 4439 dem
297 4388 487 4448 idcirco
522 4392 738 4459 utitur,
784 4397 849 4448 ut
880 4392 1092 4449 melius
1124 4394 1395 4450 ostendat
1426 4399 1646 4466 quanto
1678 4394 1772 4451 in-

171 4471 300 4530 ﬁnita
326 4477 406 4535 Dei
437 4482 757 4554 majestate
788 4482 986 4538 minus
1013 4482 1443 4555 augustiusque
1478 4484 1574 4541 sit.

220 4582 328 4640 Alia
353 4587 548 4660 itaque
582 4587 877 4645 Minucius
907 4605 973 4645 ac
1003 4588 1132 4661 logs
1162 4590 1568 4661 prastantiora
1609 4590 1770 4647 Chri-

168 4670 352 4745 stianis,
391 4693 575 4748 quam
631 4676 883 4733 ethnicis
936 4676 1176 4750 templa,
1227 4678 1491 4748 delubra,
1541 4679 1767 4752 altaria,

168 4774 269 4817 aras
294 4770 346 4820 et
372 4766 664 4834 victimas,
690 4765 919 4838 aliaque
940 4765 1112 4840 longe
1141 4768 1457 4825 secretiora
1486 4769 1772 4827 sacriﬁcia

167 4846 311 4908 fuisse
334 4856 683 4913 testiﬁcatur
722 4873 736 4912 :
775 4877 804 4907 ‹‹
827 4856 1049 4926 Nonne,
1082 4856 1259 4926 Deus,
1308 4858 1521 4930 inquit,
1559 4857 1770 4917 melius

164 4932 207 4991 in
234 4948 411 4999 nostra
443 4945 810 5001 dedicandus
831 4951 922 5002 est
952 4946 1233 5018 mente,in
1256 4951 1455 5003 nostro
1484 4947 1603 5004 imo
1632 4964 1768 5005 con-

164 5032 440 5090 sacrandus
464 5039 557 5091 est
576 5038 809 5107 pectore
831 5039 854 5091 Ρ
876 5034 1109 5092 Hostias
1140 5040 1197 5092 et
1224 5035 1491 5092 victimas
1522 5037 1768 5094 Domino

162 5113 379 5189 eﬂ‘eram,
406 5139 557 5194 quas
589 5123 647 5178 in
685 5141 858 5180 usum
891 5125 1003 5180 mei
1035 5124 1298 5197 protulit,
1332 5130 1396 5181 ut
1427 5126 1685 5197 reiiciam
1717 5127 1770 5182 ei

160 5216 297 5261 suum
328 5211 567 5266 munis?
606 5213 903 5284 Ingratum
927 5217 1176 5278 est,cum
1208 5214 1287 5270 sit
1314 5214 1557 5272 litabilis
1579 5215 1771 5271 hostia

160 5289 314 5353 bonus
340 5301 659 5368 animus,ct
690 5320 836 5374 pura
856 5320 1025 5360 mens
1054 5309 1111 5360 et
1139 5304 1367 5360 sincera
1387 5304 1767 5362 conscientia.

164 5378 312 5450 Igitur
363 5389 462 5459 qui
522 5390 909 5447 innocentiam
953 5392 1109 5464 colit,
1142 5393 1388 5449 Domino
1430 5393 1767 5464 supplicat;

166 5470 238 5539 qui
258 5474 568 5546 justitiam,
598 5478 709 5536 Deo
759 5480 940 5549 libat;
984 5482 1080 5553 qui
1131 5482 1439 5538 fraudibus
1492 5482 1766 5557 abstinet,

167 5562 407 5633 prepitiat
425 5569 745 5643 Deum;qui
769 5570 1066 5629 hominem
1087 5571 1345 5645 periculo
1365 5571 1769 5647 subripit,opi-

1804 4487 1851 4553 D

1895 461 1997 518 Dei
2030 478 2197 518 sacra
2228 466 2386 517 sunt.
2426 482 2455 511 »

1965 550 2473 615 Quemadmodum
2504 556 2700 607 autem
2726 550 2955 607 Caecilio
2979 551 3272 621 Octavius,
3306 552 3390 607 ita
3420 551 3547 608 Ori-

1893 656 2079 712 genes
2111 639 2281 696 Celso
2310 639 2513 695 itidem
2563 640 2819 711 ethnico,
2874 657 2941 696 ac
2988 642 3210 710 eadem,
3262 648 3328 695 ut
3370 641 3543 713 paulo

1892 733 2024 785 ante
2056 729 2416 795 dicebamus,
2439 729 2728 799 objicienti
2762 731 3074 801 respondet
3103 729 3272 784 illum
3306 747 3419 786 non
3448 730 3532 784 vi-

1890 818 2046 885 dere,
2081 815 2163 871 ὅτι
2200 815 2403 889 βωμοὶ,
2434 840 2462 867 ‹‹
2500 818 2652 888 quod
2686 835 2820 887 ara,
2855 840 2883 867 ››
2915 819 3232 889 unicuique
3262 822 3529 875 nostrum

1890 907 1967 962 sit
1996 907 2163 978 ipsa«
2190 923 2355 961 mens
2387 923 2515 972 sua,
2537 922 2605 961 ex
2639 923 2753 979 qua
2786 929 2813 956 »
2841 924 3077 963 sursum
3111 908 3378 963 feruntur
3398 925 3533 965 vere

1891 994 2290 1068 intelligibilcs
2311 1012 2377 1051 ac
2395 1012 2570 1051 suave
2597 995 2817 1051 olentes
2848 997 3105 1061 sufﬁtus,
3131 1013 3448 1069 precesque
3465 1014 3536 1054 ex

1887 1102 2037 1158 pura
2064 1083 2419 1141 conscientia
2463 1101 2477 1139 ς
2530 1083 2840 1160 ’Δγάλματα
2886 1082 2944 1140 δὲ
2995 1083 3085 1139 καὶ
3131 1082 3403 1159 πρέποντα
3424 1083 3540 1159 Θεῷ

1890 1170 1998 1249 οὐχ
2029 1172 2130 1227 ὑπὸ
2202 1171 2479 1247 βαναύσων
2533 1176 2793 1248 τεχνιτῶν
2843 1173 3326 1246 κατεσκευασμένα.
3376 1197 3404 1226 ‹‹
3448 1175 3539 1230 Si-

1890 1262 2153 1319 mulacra
2195 1267 2394 1319 autem
2441 1263 2555 1319 Deo
2608 1263 2859 1319 dicanda
2905 1268 3045 1320 sunt
3091 1281 3205 1319 non
3238 1264 3535 1320 fabrorum

1890 1368 2085 1424 opera,
2120 1352 2218 1407 sed
2252 1369 2285 1406 a
2312 1352 2484 1406 verbo
2515 1351 2608 1407 Dei
2641 1351 2927 1420 dedolata,
2947 1354 3311 1424 formataquc
3340 1352 3400 1409 in
3431 1370 3534 1409 no-

1890 1442 2001 1506 bis,
2034 1440 2303 1496 videlicet
2330 1439 2597 1511 virtutes,
2632 1441 2701 1496 ad
2736 1440 3124 1497 imitationem
3158 1440 3535 1514 primogeniti

1888 1530 2069 1586 totius
2100 1534 2398 1599 creatura,
2432 1530 2489 1584 in
2521 1546 2635 1601 quo
2666 1534 2806 1585 sunt
2828 1531 3091 1600 justitia,
3111 1530 3533 1602 temperantiae,

1892 1616 2273 1683 fortitudinis,
2335 1618 2657 1689 sapientiae,
2727 1624 3182 1691 catcrarumque
3247 1618 3533 1674 virtutum

1890 1706 2175 1779 exempla.
2200 1707 2327 1762 Hac
2360 1711 2501 1763 sunt
2530 1712 2759 1773 statua,
2786 1704 3092 1781 ἀγάλματα,
3128 1713 3239 1763 Deo
3272 1707 3532 1763 dicenda

1889 1794 1948 1851 in
1991 1794 2204 1851 animis
2226 1795 2519 1866 justitiam
2554 1796 2723 1867 juxta
2756 1802 3103 1869 praeceptum
3140 1798 3257 1866 Dei,
3286 1800 3342 1853 et
3372 1796 3538 1851 forti-

1888 1885 2175 1954 tudinem,
2208 1889 2261 1939 et
2294 1886 2589 1957 pietatem,
2650 1885 3017 1958 reliquasque
3074 1888 3228 1944 523
3285 1886 3532 1942 virtutes

1846 1964 2281 2031 ’cxercentium
2318 1996 2344 2024 ››
2376 1974 2630 2048 (Ortgen.
2664 1975 2765 2031 lib.
2819 1993 2942 2044 VIII,
2986 1985 3157 2033 contr.
3212 1976 3362 2033 Cels.
3395 1990 3529 2048 pag.

1887 2064 2035 2135 389).

1960 2152 2091 2208 Pari
2122 2152 2321 2225 itaque
2352 2153 2523 2208 modo
2554 2154 2846 2210 Minucius
2896 2158 3111 2223 noster,
3146 2157 3203 2209 et
3231 2154 3528 2227 Origenes,

1890 2246 2064 2314 atque
2094 2241 2195 2297 alii
2224 2242 2489 2313 ejusdem
2543 2243 2727 2298 atatis
2758 2242 3071 2314 scriptorcs
3101 2242 3305 2308 nostri,
3338 2241 3533 2314 palam

1891 2335 2162 2388 asserunt
2184 2330 2348 2387 nulla
2376 2330 2720 2388 Christianis
2740 2332 2922 2388 fuisse
2944 2331 3160 2404 templa
3181 2336 3237 2387 et
3266 2330 3531 2399 delubra,

1890 2420 2084 2477 nullas
2114 2437 2331 2489 sacras,
2365 2420 2536 2489 ades,
2572 2420 2763 2476 nullas
2794 2438 2947 2487 aras,
2998 2420 3160 2476 nulla
3199 2420 3533 2477 simulacra.

1892 2512 1968 2567 De
2000 2508 2071 2566 iis
2097 2513 2291 2566 autem
2328 2510 2605 2566 omnibus
2636 2528 2749 2566 uno
2781 2511 3102 2584 eodemque
3131 2511 3304 2566 modo
3333 2509 3420 2564 illi
3449 2509 3536 2566 lo-

1888 2603 2187 2672 quuntur:
2218 2598 2337 2654 imo
2358 2616 2489 2655 vero
2509 2600 2557 2655 si
2587 2599 2726 2671 quid
2755 2599 2832 2656 sit
2853 2599 3388 2664 discriminis,illud
3419 2603 3528 2671 est,

1889 2689 2044 2762 quod
2081 2687 2371 2745 Minucius
2420 2689 2489 2744 ad
2535 2689 2773 2744 verbum
2804 2689 3102 2745 simulacra
3136 2689 3348 2759 adjecit
3377 2693 3529 2756 nota,

1888 2777 2054 2848 quasi
2085 2776 2415 2849 signiﬁcare
2442 2776 2709 2845 voluerit,
2729 2777 3070 2834 Christianis
3101 2777 3384 2833 nonnulla
3406 2777 3534 2849 qui-

1888 2868 2023 2922 dem
2056 2866 2238 2922 fuisse
2268 2865 2607 2935 simulacra,
2641 2868 2741 2922 sed
2774 2883 2901 2939 qua
2934 2884 3049 2924 non
3088 2853 3433 2934 erantnota,
3466 2883 3531 2923 ac

1888 2960 2110 3012 secreto
2140 2960 2197 3011 et
2225 2953 2447 3011 occulte
2476 2956 2874 3011 servabantur.

1962 3062 2072 3119 Sed
2105 3061 2713 3134 vide,quaso,ineptas
2744 3061 3216 3118 Calvinianorum
3249 3061 3531 3119 aliorum-

1892 3167 2005 3223 que
2035 3150 2486 3207 Protestantium
2518 3151 2934 3220 cavillationes,
2970 3151 3067 3223 qui
3098 3152 3154 3206 in
3187 3152 3531 3224 antiquissi-

1888 3257 2120 3297 morum
2151 3241 2389 3296 Patrum
2410 3240 3063 3314 scriptis,quodcunque
3087 3241 3199 3297 sibi
3221 3240 3526 3314 placuerit.

1888 3329 2508 3402 admittunt,rejiciunt
2537 3331 2689 3402 quod
2722 3330 3308 3402 displicueril.Palam
3338 3331 3526 3387 cnim-

1887 3436 2018 3475 vero
2050 3436 2183 3475 cum
2216 3418 2428 3475 Dallao
2460 3420 2716 3475 fatentur
2760 3420 2996 3477 Minucii
3030 3421 3211 3476 nostri
3244 3425 3526 3492 tempore,

1887 3513 2062 3580 atque
2100 3526 2136 3563 a
2179 3508 2386 3580 primis
2438 3507 2705 3564 Ecclesia
2749 3509 2978 3566 saeculis
3027 3526 3134 3565 sua
3182 3509 3529 3567 Christianis

1888 3596 2069 3652 fuisse
2100 3597 2336 3669 quidem
2367 3597 2715 3669 templa,ssd
2750 3598 2944 3654 nullas
2974 3615 3126 3669 aras,
3158 3598 3436 3671 nullaque
3459 3599 3533 3655 si-

1887 3685 2172 3742 mulacra.
2205 3690 2281 3742 At
2315 3702 2432 3757 qua
2462 3686 2791 3765 temeritate
2824 3688 3199 3744 distinxerint
3226 3705 3313 3756 ea,
3346 3706 3473 3761 qua
3503 3706 3537 3746 a

1885 3775 2305 3831 vetustissimis
2334 3774 2453 3832 illis
2487 3774 2874 3848 scriptoribus
2908 3793 3022 3832 non
3064 3777 3537 3852 distinguuntur,

1885 3879 2203 3935 parumper
2225 3864 2465 3920 obsecro
2496 3865 2895 3921 attendamus.

1957 3971 2109 4027 Bene
2138 3970 2376 4043 quidem
2407 3977 2515 4041 est,
2568 3974 2722 4043 quod
2774 3972 3022 4029 Dallaus
3068 3973 3283 4046 aliique
3329 3978 3527 4030 Prote-

1884 4064 2107 4117 stantes
2129 4061 2450 4117 concedant
2482 4061 2671 4133 prima
2692 4061 2960 4118 Ecclesia
2982 4066 3148 4119 atate
3168 4062 3530 4121 Christianos

1883 4166 1993 4207 sua
2020 4149 2300 4206 habuisse
2328 4149 2565 4221 templa.
2601 4150 2711 4207 Sed
2746 4168 2861 4222 qua
2893 4152 3080 4207 fronte
3102 4150 3158 4206 id
3192 4154 3526 4225 negassent,

1883 4240 2039 4311 quod
2072 4239 2144 4294 ab
2172 4238 2289 4295 illis
2322 4238 2592 4296 Ecclesia
2633 4239 2905 4296 Patribus
2937 4246 3094 4297 certo
3125 4241 3340 4296 certius
3372 4256 3531 4297 asse-

1884 4327 2077 4384 ritur?
2122 4326 2525 4384 Tertullianus
2558 4328 2869 4400 siquidem,
2925 4329 3007 4384 uti
3057 4329 3198 4385 alibi
3243 4329 3531 4401 videmus,

1883 4417 2097 4473 diserte
2145 4417 2483 4489 pronuntiat
2529 4416 2648 4473 illis
2699 4417 2879 4474 fuisse
2926 4417 3168 4490 templa,
3226 4435 3353 4490 qua
3403 4423 3536 4492 post

1880 4505 2223 4578 Apostolum
2272 4504 2650 4561 ecclesiarum
2699 4506 2956 4577 nomine,
2990 4524 3023 4563 a
3050 4507 3409 4567 Calvinianis
3439 4513 3528 4566 ta-

1883 4610 2017 4651 men
2063 4595 2296 4666 rcjecto,
2327 4593 2657 4665 appellavit.
2710 4594 2888 4652 Visne
2928 4596 3087 4653 aliud
3138 4597 3320 4667 illius,
3353 4599 3529 4657 etiam

1880 4687 2083 4739 contra
2110 4682 2460 4739 catholicam
2508 4682 2829 4740 Ecclesiam
2880 4686 3216 4757 scribentis,
3259 4689 3526 4746 testimo-

1880 4771 2045 4828 nium
2074 4772 2103 4827 ‘t
2136 4793 2165 4826 ιι
2192 4770 3040 4845 Reliquas,inquit,libidinum
3064 4767 3268 4846 furias,
3292 4778 3526 4851 impias,

1881 4865 1939 4918 et
1969 4862 2027 4916 in
2057 4877 2319 4934 corpora,
2356 4867 2414 4917 et
2444 4861 2504 4918 in
2539 4880 2710 4920 sexus
2757 4863 2909 4921 ultra
2950 4867 3087 4937 jura
3120 4871 3363 4935 natura,
3412 4884 3528 4923 non

1880 4951 2052 5007 modo
2101 4948 2322 5020 limine,
2374 4967 2577 5008 verum
2620 4952 2793 5009 etiam
2840 4955 2999 5011 omni
3052 4956 3319 5012 Ecclesia
3378 4959 3527 5012 tecto

1880 5040 2323 5097 submovcmus.
2362 5063 2389 5090 ››
2419 5041 2551 5097 Jam
2593 5058 2728 5098 voro
2759 5045 3169 5101 annotavimus
3198 5062 3265 5100 ea
3297 5061 3528 5117 quoque

1880 5128 2075 5186 Graco
2106 5130 2345 5186 nomine
2374 5126 2689 5201 ἐκκλησίαν,
2725 5149 2758 5186 a
2796 5131 3089 5189 Clemente
3136 5132 3527 5193 Alexandrino

1880 5222 2206 5291 nuncupari
2241 5220 2362 5293 (Ap.
2398 5238 2453 5293 p.
2484 5221 2613 5285 741,
2646 5220 2883 5276 Tertull.
2916 5220 3017 5276 lib.
3048 5222 3116 5277 de
3142 5222 3283 5278 [ἀοι.
3314 5239 3437 5295 cap.
3464 5227 3519 5296 7,

1880 5324 2011 5381 pag.
2048 5309 2185 5375 107;
2220 5314 2277 5364 et
2308 5308 2408 5364 lib.
2450 5310 2516 5364 de
2548 5309 2759 5378 Virgin.
2806 5309 3023 5366 veland.
3073 5327 3198 5382 cap.
3246 5313 3335 5369 13.
3385 5330 3518 5388 pag.

1876 5398 1979 5453 201
2008 5415 2022 5466 ;
2054 5402 2112 5453 et
2139 5397 2242 5453 lib.
2273 5398 2339 5454 de
2378 5400 2572 5453 Pudic.
2634 5413 2759 5468 cap.
2822 5400 2873 5466 4,
2934 5416 3066 5471 pag.
3126 5402 3267 5471 718;
3302 5406 3443 5461 tom.
3476 5408 3520 5464 Ι.

1876 5488 2138 5559 Apparet.
2173 5503 2304 5559 pag.
2339 5487 2446 5540 713
2497 5502 2511 5541 :
2565 5485 2742 5543 Clem.
2774 5486 2935 5546 Alex.
2985 5489 3086 5546 lib.
3142 5508 3205 5548 ιιι
3250 5495 3446 5568 Padag
3479 5513 3518 5565 :,

1883 5592 2010 5648 cap.
2044 5576 2131 5648 11,
2162 5590 2295 5648 pag.
2324 5574 2474 5648 255).
