4088 6150
498 275 617 334 539

1785 268 1889 328 DE
1931 265 2235 329 MINUGII
2277 267 2619 332 OCTAVIO

3734 283 3830 344 540

571 405 687 460 Nec
717 402 914 458 minus
945 400 1177 458 evident
1212 400 1347 457 erid
1380 399 1665 457 evincitur
1694 416 1761 456 ex
1789 399 2148 456 Christiano-
2177 401 2233 468 Α
2263 417 2376 457 non
2409 402 2714 459 oti'erretur
2743 420 2845 475 pro
2875 416 2963 473 eo,
2997 419 3101 458 nec
3132 400 3477 461 sacrificium
3516 420 3609 477 pro
3652 409 3828 469 dormi-

502 510 634 549 rum
666 492 1002 566 synaxibus,
1037 507 1183 563 quas
1215 490 1273 546 in
1305 491 1528 545 aedibus
1560 488 1928 561 templisque,
1952 492 2016 543 ut
2041 504 2145 543 sm-

501 582 634 655 pius
653 582 1107 651 vidimus,agere
1129 579 1420 634 solebant:
1439 596 1502 634 ac
1526 583 1801 650 przrterea
1822 594 1888 633 eo
1911 576 2148 649 publica

502 688 735 727 reorum
766 670 1125 741 poenitentia,
1160 669 1260 740 qui
1294 669 1364 724 ad
1400 669 1551 723 fores
1592 667 1845 723 ecclesiae
1876 666 2142 737 postrati,

501 760 764 816 ﬁdelium
792 775 992 830 preces
1022 775 1087 812 ac
1118 759 1488 813 sacerdotum
1522 756 1892 812 clementiam
1926 754 2143 825 implo-

490 848 983 919 rabant.Denique
1006 847 1114 901 hoc
1137 845 1619 901 manifestissime
1644 846 1924 917 probatur
1940 847 2145 899 aucto-

492 938 663 993 ritate
683 937 921 992 Arnobii
961 940 1136 1007 atque
1169 934 1476 1000 Lactantii,
1509 935 1607 1005 qui
1631 934 1895 989 ethnicos
1927 932 2142 988 idcirco

490 1027 842 1098 vituperant,
901 1024 1053 1095 quod
1104 1023 1571 1079 Christianorum
1641 1020 2042 1078 conventicula
2086 1025 2143 1076 et

488 1114 764 1172 ecclesias
794 1114 1080 1169 diruerint
1111 1117 1213 1168 aut
1243 1112 1696 1168 combusserint.
1742 1111 1915 1166 Plura
1943 1114 2141 1166 autem

495 1206 566 1260 de
598 1203 701 1258 illa
730 1202 1104 1258 ecclesiarum
1143 1202 1438 1257 eversione
1468 1206 1524 1256 et
1553 1200 1976 1257 instauratione
2006 1217 2140 1255 nar-

490 1297 579 1348 rat
637 1291 926 1361 Eusebius
984 1306 1197 1362 easque
1252 1295 1457 1352 vocat.
1514 1287 1957 1365 προσευκτηρίων
2015 1286 2141 1349 τοὺς

491 1377 694 1451 οἴκους,
731 1401 759 1430 ‹‹
789 1397 986 1435 sacras
1016 1380 1187 1450 aedes,
1223 1401 1250 1428 »
1303 1384 1359 1434 et
1400 1377 1717 1450 ἐκκλησίας,
1753 1400 1781 1429 ‹‹
1813 1377 2087 1433 ecclesias
2122 1393 2136 1431 :

491 1470 629 1527 alibi
659 1486 791 1525 vero
819 1466 944 1529 τοὺς
980 1464 1163 1529 οἷ’κους
1197 1466 1248 1522 ἐν
1281 1466 1361 1528 οἶς
1393 1468 1709 1541 συνήγονιο,
1741 1490 1771 1517 ‹‹
1794 1470 1944 1523 aedes
1977 1483 2136 1534 suas,

490 1560 550 1614 in
574 1558 790 1631 quibus
821 1563 1139 1613 conventus
1169 1559 1544 1629 peragebant,
1589 1573 1655 1613 ac
1684 1557 1921 1612 tandem
1956 1550 2139 1616 οἷ’κους

485 1645 814 1717 ἐκκλησιῶν,
875 1648 1025 1702 aedes
1083 1645 1459 1701 ecclesiarum
1522 1670 1544 1698 ι
1607 1647 1846 1715 (Arnob.
1907 1645 2008 1700 lib.
2062 1661 2136 1715 IV,

2254 490 2413 547 tione
2444 492 2574 563 ejus
2604 490 3012 549 celebraretur.
3065 491 3265 563 Neque
3318 491 3465 548 enim
3508 497 3648 566 apud
3686 499 3830 558 altare

2255 577 2355 634 Dei
2388 584 2647 636 meretur
2675 581 2967 636 nominari
2993 580 3050 635 in
3083 581 3445 636 sacerdotum
3469 598 3641 652 prece,
3666 588 3747 656 qui
3775 590 3830 645 ab

2255 666 2423 722 altari
2476 669 2805 725 sacerdotes
2856 674 2914 725 et
2964 668 3268 724 ministros
3315 668 3488 725 voluit
3524 687 3751 729 avocare.
3774 677 3829 732 Et

2254 754 2383 811 ideo
2414 756 2611 813 Victor
2667 774 2797 814 cum
2846 758 3252 830 presbyterum
3300 774 3475 813 ausus
3520 759 3590 813 sit
3622 766 3832 819 tutorem

2252 845 2754 912 constituere,non
2785 853 2874 903 est
2903 848 3058 919 quod
3085 863 3187 918 pro
3211 846 3551 903 dormitione
3570 848 3684 919 ejus
3709 854 3833 922 apud

2251 949 2352 989 vos
2375 934 2477 990 fiat
2498 935 2844 1005 oblatio,aut
2863 934 3189 1008 deprecatio
3214 934 3407 1006 aliqua
3428 936 3647 992 nomine
3666 939 3774 1008 ejus
3792 941 3836 995 in

2250 1021 2507 1079 Ecclesia
2533 1024 2932 1096 frequentatur
2963 1046 2992 1074 »
3025 1023 3314 1097 (Cyprian.
3348 1022 3512 1095 epist.
3542 1025 3590 1090 1,
3619 1026 3683 1079 ad
3706 1028 3839 1083 Pret-

2252 1108 2410 1182 byt.).
2445 1111 2642 1168 Cernis
2674 1116 2826 1168 certe
2855 1113 2929 1169 ab
2970 1129 3036 1169 eo
3086 1111 3268 1167 altare
3316 1114 3371 1167 et
3420 1111 3745 1168 sacriﬁcium
3786 1116 3843 1171 ab

2250 1198 2711 1257 Christianorum
2742 1201 3036 1274 precibus,
3070 1200 3571 1273 deprecationibus
3598 1206 3647 1256 et
3673 1204 3844 1259 cratic-

2252 1288 2427 1345 nibus
2458 1290 2765 1364 distingui.
2802 1292 2865 1347 In
2916 1290 3149 1346 illorum
3194 1305 3331 1361 ergo
3362 1289 3617 1345 ecclesiis
3653 1307 3845 1347 veraac

2250 1378 2482 1449 proprie
2511 1379 2667 1435 dicta
2697 1383 2864 1435 erant
2894 1378 3195 1447 altaria,ac
3222 1378 3574 1435 sacrificium
3606 1395 3698 1451 pro
3720 1396 3844 1436 mor-

2249 1465 2370 1522 tuis
2402 1467 2525 1522 ﬁeri
2559 1472 2685 1523 tum
2719 1468 2963 1525 solebat.

2327 1570 2456 1629 Alia
2484 1578 2679 1631 autem
2710 1576 2779 1631 ad
2803 1574 3137 1631 Cornelium
3169 1590 3383 1647 papam
3408 1573 3657 1647 Epistola
3682 1575 3851 1632 scribit

2250 1668 2531 1740 rejectum
2562 1664 3154 1736 Novatianorum,qui
3185 1680 3323 1719 eum
3347 1663 3493 1719 falso
3524 1665 3853 1733 accusabant,

487 1747 659 1838 ξοηίνς
883 1737 1172 1838 Ρθὲοέξξ·
1209 1735 1601 1838 ξδθξδοίηηξο
1637 1753 1688 1790 νο
1724 1735 2134 1838 Matho”;
2172 1773 2214 1838 Β
2248 1735 2466 1813 librum
2498 1777 2526 1805 «
2560 1752 3002 1809 considentibus
3049 1735 3144 1809 Dei
3175 1752 3604 1823 sacerdotibus,
3634 1757 3686 1808 et
3713 1752 3852 1808 altari

484 1828 695 1882 Euseb.
729 1826 830 1880 lib.
865 1843 986 1882 vm.
1025 1826 1167 1880 Hist.
1202 1825 1352 1880 Eccl.
1389 1842 1516 1897 cap.
1549 1825 1603 1885 2,
1630 1840 1760 1896 pag.
1794 1823 1899 1878 293
1930 1823 2128 1892 et294,

482 1916 631 1972 Ibid.
679 1932 802 1987 cap.
862 1916 946 1985 17,
1014 1931 1145 1987 pag.
1196 1914 1319 1969 316.
1390 1914 1535 1969 Ibid.
1591 1913 1692 1968 lib.
1746 1930 1820 1980 1x,
1891 1928 2017 1984 cap.
2075 1912 2130 1981 9,

488 2022 623 2078 pag.
655 2005 803 2076 362).

562 2112 673 2168 Sed
708 2111 843 2182 quid
876 2126 1019 2182 Opas
1052 2114 1141 2164 est
1171 2109 1439 2181 pluribus
1490 2108 1631 2163 illud
1683 2108 1934 2180 probari,
1977 2108 2132 2180 quod

489 2200 883 2257 certissimum
917 2200 1075 2256 524
1107 2203 1216 2263 est,
1250 2215 1353 2254 nec
1404 2198 1475 2253 ab
1517 2197 1868 2253 adversariis
1916 2196 2132 2253 nostris

488 2288 689 2361 negari
717 2305 980 2359 unquam
1003 2288 1188 2359 potuit
1209 2287 1237 2342 ?
1266 2287 1548 2343 Advertas
1569 2287 1753 2359 igitur
1770 2286 1941 2342 velim
1959 2286 2134 2342 versi-

484 2377 635 2449 pelle
666 2381 1089 2447 versutumque
1121 2374 1352 2431 illorum
1381 2375 1705 2447 ingenium.
1768 2374 2134 2430 Gcnlitentur

481 2467 839 2523 Christianos
870 2483 979 2521 sua
1025 2464 1261 2537 quidem
1310 2463 1588 2521 habuisse
1633 2462 1877 2537 templa,
1914 2479 2029 2519 non
2068 2465 2130 2519 in

488 2559 823 2611 nostrorum
856 2557 1073 2623 tamen,
1107 2553 1208 2610 sed
1259 2569 1500 2608 suorum
1547 2552 1827 2607 duntaxat
1860 2552 2129 2607 formam.

488 2643 667 2700 Nobis
698 2643 748 2700 si
777 2660 892 2698 non
921 2643 1148 2709 credas,
1198 2657 1328 2697 ecce
1376 2641 1617 2697 totidem
1671 2639 1864 2696 Dallzei
1913 2642 2130 2697 verba:

496 2754 524 2787 ι
574 2733 772 2804 Neque
821 2732 976 2787 enim
1021 2732 1105 2787 sic
1154 2730 1488 2803 accipienda
1536 2734 1624 2786 est
1652 2729 1891 2786 Minucii
1924 2730 2131 2798 oratio,

489 2822 659 2895 quasi
690 2820 863 2876 nulla:
888 2825 1011 2875 tum
1047 2819 1262 2875 fuerint
1290 2819 1529 2885 aedes,in
1558 2819 1775 2891 quibus
1798 2818 2131 2874 christianae

488 2910 925 2967 communionis
955 2909 1222 2965 homines
1243 2924 1440 2963 sacros
1462 2912 1778 2963 conventus
1799 2906 2131 2976 habuerint,

490 3017 606 3073 quo
649 3005 706 3055 et
734 3000 806 3054 de
838 2999 1012 3054 rebus
1043 2997 1258 3053 divinis
1284 2996 1532 3063 edoceri,
1584 3000 1641 3053 et
1670 2996 1969 3052 communi
2016 2996 2133 3052 Dec

490 3088 823 3161 supplicare
854 3092 1111 3159 possent,
1143 3087 1342 3157 qualia
1382 3091 1542 3151 sunt,
1575 3102 1701 3158 quae
1730 3085 1904 3141 hodie
1934 3085 2131 3141 Prote-

498 3178 784 3235 stantium
807 3177 1087 3232 dicuntur
1108 3175 1368 3247 templa»
1392 3174 1797 3247 (DallceusJib.
1820 3191 1859 3243 Ι,
1884 3174 2129 3246 delmag.

500 3284 627 3338 cap.
660 3268 713 3334 3,
748 3282 882 3338 pag.
932 3265 1048 3337 52).
1097 3268 1168 3320 At
1217 3280 1355 3335 qua,
1409 3264 1618 3319 amabo
1652 3268 1728 3333 te,
1773 3262 1889 3331 ille,
1924 3262 2140 3333 aliique

499 3356 765 3428 ejusdem
797 3358 965 3411 secta:
997 3353 1285 3421 homines,
1309 3353 1533 3409 ratione
1570 3369 1829 3424 unquam
1860 3352 2138 3425 probave-

501 3450 640 3503 runt
665 3443 885 3516 templa
912 3442 1445 3498 vetustissimorum
1473 3442 1961 3507 Christianorum,
1992 3442 2139 3510 suis,

500 3552 617 3591 non
648 3550 781 3588 vero
812 3533 1048 3599 nostris,
1083 3531 1264 3588 fuisse
1296 3531 1510 3587 similia
1535 3532 1563 3585 ‘I
1610 3531 1692 3587 Ne
1733 3530 1979 3586 minima
2011 3530 2139 3602 qui-

499 3625 655 3680 dem.
678 3623 831 3678 Num
854 3637 989 3693 ergo
1016 3622 1157 3695 quia
1188 3621 1344 3678 sicut
1374 3620 1565 3676 Missa:
1588 3620 2054 3688 sacriﬁcium,ita
2074 3636 2143 3676 ex

496 3712 737 3785 templis
767 3712 891 3767 suis
920 3728 1075 3785 aras,
1101 3715 1156 3768 et
1188 3709 1754 3776 altaria,simulacra,
1780 3713 1837 3765 et
1856 3709 2142 3782 imagines

497 3803 733 3876 penitus
760 3801 1149 3870 abstulerunt,
1178 3801 1315 3856 inde
1344 3798 1760 3871 antiquissima
1784 3798 2142 3855 Christiano-

501 3909 633 3948 rum
662 3890 884 3963 templa
913 3892 1039 3946 suis
1068 3889 1284 3946 similia
1315 3905 1444 3945 esse
1470 3888 1770 3944 venditant
1796 3887 1825 3942 ?

572 4002 791 4055 Verum
825 4016 941 4070 qua
973 3998 1228 4069 profecto
1261 3994 1539 4051 facilitate
1563 3995 1872 4066 probatum
1906 3998 1995 4050 est
2013 3994 2146 4049 aedi-

501 4091 674 4147 ficata
694 4090 765 4144 ab
793 4087 911 4143 illis
935 4086 1379 4158 templa,eadem
1405 4084 1578 4156 plane
1591 4083 1881 4139 evidentia
1904 4084 2144 4139 demon-

500 4180 673 4236 strari
698 4182 889 4250 potest
914 4176 1152 4248 positas)
1174 4175 1354 4231 fuisse
1374 4175 1433 4229 in
1462 4173 1578 4229 illis
1600 4172 1891 4228 veteribus
1912 4171 2147 4244 templis

500 4272 557 4325 et
603 4266 863 4324 ecclesiis
912 4282 1063 4333 aras,
1118 4269 1174 4320 et
1221 4268 1414 4320 erecta
1466 4261 1690 4317 altaria.
1752 4259 2147 4317 Tertullianus

496 4357 655 4413 enim
704 4356 848 4410 illud
900 4354 1060 4410 hisce
1102 4353 1294 4408 verbis
1370 4350 1758 4407 disertissime
1817 4348 2072 4405 declarat
2129 4365 2143 4406 :

502 4468 524 4497 ι
557 4447 762 4502 Nonne
792 4444 1127 4500 solemniter
1159 4443 1269 4497 erit
1307 4440 1480 4497 statio
1512 4444 1636 4507 tua,
1669 4438 1718 4494 si
1751 4439 1820 4495 ad
1853 4455 2013 4494 aram
2044 4438 2147 4493 Dei

2246 1845 2435 1919 posito
2487 1865 2516 1894 »
2565 1843 2765 1915 (Idem,
2824 1842 2997 1914 epist.
3031 1842 3119 1911 45,
3156 1857 3290 1913 pag.
3323 1840 3440 1913 87).
3479 1842 3657 1913 Atque
3684 1840 3855 1896 utalia

2246 1936 2388 1991 bene
2418 1931 2694 2002 multa,in
2717 1932 2846 2003 ejus
2872 1931 3108 2003 scriptis
3130 1930 3347 2002 cuique
3369 1930 3537 1985 obvia
3558 1930 3857 2002 pratermit—

2240 2028 2459 2091 tamus,
2495 2021 2673 2077 Lucio
2706 2037 2890 2093 papas,
2924 2021 2996 2076 de
3024 2018 3184 2074 illius
3213 2021 3288 2075 ab
3322 2018 3526 2075 exsilio
3556 2019 3856 2091 reditu,gra-

2241 2112 2495 2180 tulatur;
2529 2110 3006 2182 quandoquidem
3034 2128 3061 2161 α
3083 2108 3274 2181 magis
3307 2109 3491 2165 crevit
3520 2108 3857 2164 sacerdotalis

2243 2200 2583 2267 auctoritas,
2644 2202 2713 2254 ut
2760 2197 2928 2253 altari
2977 2197 3078 2254 Dei
3128 2197 3379 2253 assistat
3409 2197 3667 2253 antistes.
3716 2218 3739 2245 ν
3766 2197 3855 2252 Sed

2240 2288 2387 2346 illud
2421 2306 2455 2344 a
2507 2286 2679 2343 nobis
2708 2286 2818 2343 hoc
2859 2286 2979 2357 jam
3029 2286 3347 2357 probatum
3398 2289 3510 2351 est,
3541 2285 3687 2357 quod
3714 2285 3861 2340 etiam

2241 2377 2662 2437 celeberrimus
2695 2376 2904 2431 horum
2923 2376 3075 2433 525
3091 2375 3368 2449 Cypriani
3388 2389 3628 2446 operum
3657 2373 3862 2429 editioni

2245 2468 2571 2541 praefectus,
2604 2464 2740 2520 licet
2783 2463 3115 2536 Anglicanas
3146 2463 3427 2521 Ecclesia
3479 2466 3713 2529 sectato,
3742 2461 3864 2517 ultro

2242 2556 2556 2630 palamque
2601 2553 2931 2610 conﬁtetur.
2986 2557 3129 2609 Tam
3176 2553 3371 2621 igitur
3418 2557 3641 2608 certum
3684 2554 3764 2606 est
3816 2550 3862 2604 in

2243 2643 2715 2702 Christianorum
2748 2641 3011 2698 ecclesiis
3043 2641 3162 2698 sive
3207 2641 3459 2715 templis
3507 2641 3693 2714 posita
3720 2639 3866 2695 fuisse

2240 2733 2659 2805 altaria,quam
2691 2730 3006 2787 aedificatus
3038 2731 3111 2787 ab
3141 2731 3226 2787 eis
3262 2730 3571 2798 ecclesias,
3601 2730 3655 2784 in
3684 2728 3863 2800 quibus

2242 2840 2402 2894 suos,
2432 2821 2519 2877 uti
2562 2821 2780 2876 fatetur
2810 2819 3075 2892 Dallaeus,
3126 2823 3684 2877 sacrosconventus
3711 2816 3865 2873 babe-

2240 2912 2401 2969 bant.
2435 2911 2581 2967 Nam
2615 2910 2769 2965 sicut
2820 2909 2919 2965 ille
2950 2910 3051 2976 ait,
3109 2931 3129 2960 ι
3184 2926 3312 2965 non
3362 2910 3538 2966 modo
3569 2924 3635 2963 ex
3663 2904 3863 2963 Eusebii

2240 2998 2517 3069 Historia,
2548 2998 2650 3053 sed
2681 3014 2751 3054 ex
2781 2997 2913 3053 aliis
2963 2997 3187 3069 aliquot
3217 2997 3443 3054 veteris
3474 2994 3735 3052 Ecclesiae
3764 3010 3865 3049 mc-

2244 3088 2542 3146 numentis
2573 3087 2717 3143 satis
2747 3090 2996 3155 constat,
3022 3088 3148 3158 jam
3172 3091 3311 3141 tum
3337 3084 3691 3142 Christianis
3722 3083 3873 3138 fuisse

2247 3193 2446 3236 sacras
2495 3176 2675 3247 hujus
2722 3174 2978 3248 generis,
3030 3175 3252 3246 quibus
3312 3176 3365 3232 si
3428 3174 3660 3247 uspiam
3704 3186 3871 3228 carue-

2247 3270 2406 3338 runt,
2440 3265 2498 3320 id
2554 3266 2773 3320 factum
2825 3279 3188 3336 paganorum
3218 3264 3282 3319 vi
3336 3280 3405 3320 ac
3438 3264 3674 3335 injuria,
3705 3264 3879 3333 praeter

2248 3357 2337 3412 fas
2367 3370 2497 3411 eam
2530 3354 2642 3426 piis
2673 3352 3014 3409 hominibus
3046 3352 3281 3425 copiam
3308 3370 3379 3409 ac
3412 3352 3732 3409 libertatem
3758 3348 3875 3404 invi-

2248 3443 2660 3512 dentium,non
2684 3445 2877 3497 autem
2903 3440 3023 3497 ulla
3042 3441 3528 3498 Christianorum
3552 3443 3797 3514 ipsorum
3817 3452 3882 3491 re-

2249 3533 2467 3606 ligione
2499 3553 2526 3582 »
2576 3528 2796 3604 (Dallaa,
2829 3530 2932 3586 lib.
2986 3547 3025 3601 ι,
3058 3530 3130 3587 de
3173 3531 3359 3601 Imag.
3414 3548 3544 3603 cap.
3592 3531 3647 3598 3,
3680 3544 3794 3601 pag.
3825 3524 3880 3578 52

2249 3626 2309 3679 et
2337 3622 2547 3693 seqq.).

2322 3727 2430 3783 Sed
2475 3726 2589 3794 dic,
2622 3741 2843 3800 quaeso,
2875 3726 2957 3782 mi
3002 3725 3214 3783 Dallzee
3242 3744 3257 3795 ;
3324 3726 3531 3782 faleris
3563 3724 3714 3797 quod
3741 3719 3881 3777 dissi-

2251 3816 2478 3874 mulare
2500 3814 2758 3889 amplius
2784 3832 2899 3871 non
2918 3815 3343 3888 potuisti,suas
3368 3814 3720 3871 Christianis
3740 3809 3885 3866 fuisse

2253 3923 2452 3963 sacras
2497 3906 2670 3973 aedes,
2724 3921 2901 3975 negas
2939 3903 3148 3961 altaria
3176 3920 3369 3977 negas
3422 3901 3758 3967 simulacra,
3804 3894 3882 3951 ubi

2252 3995 2401 4051 ﬁdes
2422 3998 2445 4050 Ρ
2470 3993 2675 4050 Nonne
2704 3994 2908 4049 eodem
2940 3992 3112 4064 plane
3161 3994 3348 4048 modo
3400 3992 3553 4047 dixit
3581 3987 3846 4045 Minucius
3873 3998 3883 4037 :

2253 4087 2367 4139 Cur
2424 4081 2618 4139 nullas
2648 4099 2780 4138 aras
2831 4082 3069 4148 habent,
3112 4081 3343 4154 templa
3376 4080 3569 4149 nulla,
3603 4078 3757 4134 nulla
3782 4077 3888 4129 nota

2256 4170 2622 4232 simulacra?
2654 4193 2682 4222 »
2715 4172 2830 4227 Cur
2859 4187 2993 4243 ergo
3026 4186 3210 4226 unum
3243 4170 3560 4235 concedis,
3582 4184 3756 4241 negas
3782 4163 3893 4220 alte-

2256 4279 2387 4320 rum
2414 4262 2442 4317 ‘i
2486 4259 2766 4333 Nunquid
2799 4283 2828 4311 «
2876 4260 2987 4315 fuit
3016 4275 3311 4331 unquam,
3345 4265 3417 4316 ut
3446 4260 3573 4315 tuis
3621 4257 3758 4330 ipsis
3794 4268 3891 4307 ver-

2255 4351 2348 4407 bis
2379 4353 2639 4421 utamur,
2678 4373 2697 4397 ι
2736 4347 2853 4405 ulla
2880 4348 2968 4404 vis
3002 4350 3190 4420 major
3218 4353 3330 4404 aut
3362 4349 3633 4421 iniquior
3664 4359 3821 4419 quam
3847 4344 3896 4395 ut

2256 4440 2365 4496 tibi
2389 4439 2493 4512 jus
2524 4442 2699 4511 atque
2731 4436 3138 4495 auctoritatem
3168 4438 3579 4509 sumas,ipsas
3604 4435 3893 4493 hominum,

500 4535 737 4592 steteris
768 4556 795 4584 »
829 4532 1090 4606 (Tertull.
1123 4531 1226 4588 lib.
1256 4531 1324 4586 de
1353 4531 1503 4587 Orat.
1538 4546 1665 4601 cap.
1700 4528 1786 4594 14,
1820 4544 1951 4600 pag.
1989 4527 2145 4600 155)?
2173 4512 2221 4578 Ῑ)
2251 4533 2309 4587 et
2338 4528 2577 4602 quidem
2606 4533 2739 4583 ante
2770 4525 2957 4581 multa
2979 4524 3194 4581 saecula.
3216 4531 3613 4584 mortuorum
3637 4518 3896 4597 cogitatio-

503 4623 826 4696 Cyprianus
855 4638 987 4677 vero
1033 4638 1146 4676 non
1178 4620 1369 4677 solum
1399 4619 1470 4675 de
1522 4617 1713 4682 altari,
1746 4618 1849 4672 sed
1879 4621 1937 4672 et
1966 4616 2144 4672 sacri-

506 4712 819 4783 ﬁcio,quod
844 4711 1158 4767 adversarii
1178 4710 1361 4765 nostri
1381 4712 1503 4763 tam
1526 4707 1842 4763 insolenter
1853 4707 2144 4777 rejiciunt,

503 4803 628 4860 haec
658 4801 715 4856 in
747 4800 922 4856 verba
953 4799 1023 4854 ad
1061 4800 1386 4854 Furnenses
1406 4796 1679 4868 scripsit:
1708 4796 1888 4851 «Jam
1921 4795 2146 4866 pridem

502 4893 563 4948 in
596 4889 839 4948 concilio
871 4889 1281 4963 episcoporum
1312 4890 1621 4953 statutum,
1664 4901 1737 4940 ne
1767 4884 1901 4955 quis
1931 4886 2003 4940 de
2030 4883 2147 4940 cle-

499 4981 636 5038 ricis
668 4984 725 5037 et
757 4980 854 5036 Dei
885 4976 1171 5035 ministris
1197 4979 1472 5044 tutorem,
1492 4972 1578 5027 vel
1612 4976 1937 5027 curatorem
1970 4978 2148 5028 testa-

502 5076 700 5129 mento
732 5087 837 5127 suo
868 5068 1206 5136 constituat,
1228 5063 1463 5136 quando
1497 5061 1714 5134 singuli
1745 5059 1942 5117 divino
1966 5078 2151 5117 sacer-

503 5162 661 5219 dotio
691 5159 981 5225 honorati,
1027 5161 1086 5212 et
1127 5156 1187 5209 in
1220 5152 1427 5207 clerico
1459 5150 1784 5206 ministerio
1824 5149 2148 5219 constituti,

509 5269 624 5308 non
657 5249 772 5305 nisi
804 5247 967 5303 altari
1014 5249 1071 5300 et
1113 5240 1418 5299 sacrificiis
1448 5239 1758 5309 deservire,
1791 5243 1846 5295 et
1878 5240 2149 5312 precibus

502 5344 676 5411 atque
708 5335 1073 5393 orationibus
1102 5346 1305 5387 vacare
1360 5329 1628 5384 debeant.
1679 5349 1708 5379 »ι
1754 5329 1903 5384 Tum
1942 5329 2151 5386 deinde

505 5427 688 5495 ait,ab
719 5422 1191 5481 antecessoribus
1213 5420 1335 5475 suis
1366 5416 1657 5490 episcopis
1677 5419 1974 5475 decretum
1997 5435 2048 5474 :«
2069 5419 2151 5475 Ne

501 5517 635 5592 quis
669 5518 871 5570 fratres
900 5513 1182 5570 excedens
1212 5527 1279 5566 ex
1326 5509 1435 5564 hac
1481 5508 1619 5575 vita,
1671 5508 1743 5563 ad
1786 5507 2032 5563 tutelam
2062 5508 2150 5564 vel

500 5620 703 5669 curam
726 5601 1000 5662 clericum
1028 5601 1361 5664 nominaret
1386 5613 1483 5655 :ac
1506 5598 1563 5660 si
1596 5596 1729 5669 quis
1754 5596 1864 5656 hoc
1894 5595 2147 5671 fecisset,

2257 4633 2362 4674 nes
2392 4634 2497 4690 pro
2520 4615 2761 4672 arbitrio
2783 4615 3136 4671 immutandi
3163 4639 3186 4669 ι
3216 4616 3532 4687 (Dallaeus,
3554 4616 3621 4672 de
3640 4608 3899 4684 Imaginib-

2257 4706 2360 4764 lib.
2396 4723 2434 4774 ι,
2468 4720 2601 4777 pag.
2632 4704 2747 4777 52).
2769 4704 2963 4760 Minus
2995 4704 3153 4761 enim
3186 4705 3502 4763 Minucius
3535 4719 3745 4777 negare
3770 4698 3898 4756 vide-

2256 4799 2356 4853 tur
2384 4794 2735 4851 Christianis
2767 4794 2953 4850 fuisse
2980 4793 3203 4866 templa
3230 4798 3295 4851 et
3340 4795 3584 4862 altaria,
3629 4806 3794 4864 quam
3832 4786 3897 4842 si-

2259 4884 2543 4942 mulacra.
2566 4881 2692 4938 Non
2724 4883 2881 4939 enim
2913 4883 3359 4940 inconsiderate
3394 4883 3633 4940 addidit
3652 4877 3901 4943 Caecilius,

2258 4995 2291 5024 «
2317 4978 2455 5029 nota
2483 4970 2823 5040 simulacra,
2874 4993 2903 5023 ι)
2964 4971 3022 5027 id
3055 4976 3165 5039 est,
3210 4976 3280 5027 ut
3333 4973 3631 5040 diximus,
3675 4987 3793 5044 quae
3819 4982 3904 5039 pu-

2258 5062 2432 5132 blica,
2467 5060 2718 5133 aliisque
2749 5060 2980 5135 cognita
3008 5065 3225 5117 essent.
3260 5061 3432 5118 Satis
3463 5067 3666 5118 autem
3698 5077 3730 5117 a
3765 5053 3905 5114 nobis

2260 5153 2735 5209 demonstratum
2768 5155 2879 5218 est,
2927 5167 2959 5206 a
2990 5150 3351 5207 Christianis
3385 5155 3731 5208 constructa
3758 5146 3909 5203 fuisse

2258 5240 2485 5313 templa
2506 5244 2561 5297 et
2583 5239 2876 5309 altaria,in
2901 5239 3506 5312 quibussacriﬁcium
3528 5255 3730 5296 verum
3753 5236 3910 5291 facere

2259 5333 2706 5387 consueverant.
2767 5328 2893 5394 Qua
2922 5332 3118 5385 autem
3174 5328 3343 5384 idem
3407 5330 3671 5386 Dallaaus
3716 5325 3909 5383 ratione

2258 5419 2392 5476 illos
2424 5418 2587 5475 nulla
2615 5417 2935 5475 simulacra
2961 5422 3020 5473 et
3049 5416 3347 5489 imagines
3384 5418 3676 5474 habuisse
3700 5419 3906 5473 conten-

2260 5510 2379 5578 dat,
2405 5509 2533 5580 jam
2561 5508 2889 5565 videamus.

2329 5598 2667 5673 Respondet
2689 5596 2789 5658 ille
2818 5619 2848 5652 ι(
2878 5596 3006 5658 ﬁeri
3034 5611 3225 5671 posse,
3261 5617 3296 5649 »
3330 5600 3403 5655 ut
3431 5596 3904 5671 Cacilius,quem-
