4088 6150
223 267 321 327 ω

1634 258 2182 325 DISSERTATIO.

3494 262 3618 323 542

224 396 514 456 admodum
545 396 699 452 alius
729 394 977 469 quilibet
997 395 1256 469 gentilis,
1282 393 1594 467 ambiguus
1613 393 1848 451 haeserit
1877 394 1929 460 Α
1963 392 2170 449 abnuit
2189 392 2218 450 τ
2243 393 2448 451 Nonne
2478 396 2655 452 etiam
2688 393 2826 451 alibi
2849 394 3081 451 ethnico
3099 392 3365 465 Scapulae
3384 394 3619 466 respon'

226 494 396 544 utrum
427 485 772 556 Christiani,
811 508 833 535 ι
868 485 1061 558 turpis
1087 490 1146 540 et
1174 484 1494 540 inhonesta:
1526 484 1723 539 forma
1747 499 1855 538 nu-

223 594 329 633 men
369 576 426 630 in
487 591 701 629 arcano
752 573 1085 629 colerent.»
1128 573 1275 628 Nam
1319 572 1537 627 ibidem
1589 570 1852 626 Caecilius

219 667 322 737 ipse
369 664 559 719 dixit:
612 685 642 714 ‹‹
673 663 1045 718 Abscondere
1097 661 1383 733 quidquid
1430 659 1578 715 illud
1629 659 1851 726 colunt,

221 768 551 826 magnopere
585 752 877 815 nituntur,
908 772 936 802 »
975 752 1133 807 Itane
1163 766 1296 806 vero
1329 748 1466 820 quia
1509 754 1678 820 putas
1706 748 1852 803 illud

221 866 241 892 α
268 842 375 897 ﬁeri
410 858 611 912 posse,
645 862 673 890 »
697 841 799 911 jus
830 838 936 895 tibi
966 839 1154 895 sumis
1185 838 1319 894 inde
1342 836 1726 894 concludendi
1749 853 1854 892 nec

221 930 351 985 hunc
382 929 689 1001 gentilem,
721 945 826 983 nec
863 928 1182 983 Municium
1231 927 1617 983 christianum
1673 942 1851 999 nega-

215 1019 339 1073 visse
368 1017 615 1090 quidem
650 1034 757 1073 sua
784 1015 1144 1072 Christianos
1175 1015 1454 1071 habuisse
1504 1013 1745 1086 templa,
1795 1017 1853 1070 et

212 1124 341 1173 aras,
370 1108 477 1163 sed
510 1110 742 1161 tantum
774 1103 1115 1172 simulacra,
1148 1104 1219 1163 de
1248 1103 1463 1175 quibus
1486 1119 1601 1157 uno
1618 1103 1850 1158 eodem-

212 1213 307 1268 que
331 1196 508 1251 modo
539 1194 911 1265 loquuntur?
939 1193 1106 1249 Unde
1133 1209 1266 1249 vero
1298 1192 1572 1263 accepisti
1600 1191 1851 1247 ethnicis

210 1285 385 1341 minus
416 1288 560 1339 nota
590 1282 773 1338 fuisse
802 1281 1265 1337 Christianorum
1299 1279 1636 1346 simulacra,
1670 1296 1847 1351 quam

208 1390 384 1429 sacras
415 1372 596 1441 aedes,
630 1388 778 1443 quas
802 1370 1029 1427 occulte
1057 1375 1289 1426 tantum
1322 1370 1483 1425 adire
1532 1384 1852 1425 consueve-

211 1463 369 1519 rant?

266 1551 434 1621 Urget
465 1555 663 1606 tamen
695 1548 947 1605 Dallaaus
976 1548 1144 1604 facile
1175 1551 1636 1620 promptumque
1668 1546 1849 1603 fuisse

206 1640 419 1695 Octavio
454 1639 831 1711 respondere,
865 1638 1133 1710 quadam
1164 1635 1513 1693 Christianis
1546 1637 1728 1692 fuisse
1773 1635 1849 1691 si-

207 1728 454 1784 mulacra
488 1732 544 1782 et
587 1727 816 1795 altaria,
869 1727 971 1783 sed
1017 1725 1189 1798 longe
1238 1726 1310 1781 ab
1359 1725 1727 1781 ethnicorum
1775 1724 1850 1780 si-

208 1817 475 1873 mulacris
506 1822 563 1872 et
587 1815 870 1872 altaribus
895 1816 1142 1872 diversa.
1162 1816 1417 1871 Tantum
1442 1818 1637 1870 autem
1662 1814 1848 1883 abest,

210 1912 265 1962 ut
289 1907 366 1962 ita
396 1905 787 1978 responderit,
822 1904 964 1976 quin
994 1904 1112 1959 imo
1143 1905 1296 1960 dicat
1326 1902 1556 1959 nullum
1587 1906 1852 1959 extruen-

212 1996 333 2050 dum
364 1995 488 2049 Deo
516 1992 824 2065 templum,
850 2010 1022 2064 quem
1046 2009 1159 2048 non
1183 1996 1339 2049 totus
1359 1993 1642 2058 mundus,
1665 1990 1851 2048 multo

210 2084 546 2153 minnsruna
575 2082 821 2137 aedicula
852 2082 1150 2137 includere
1199 2086 1429 2154 potest:
1477 2082 1578 2138 sed
1629 2081 1850 2138 bonum

203 2174 485 2242 animum,
518 2188 729 2244 puram
772 2176 1052 2235 mentem,
1098 2170 1386 2227 sinceram
1431 2169 1850 2227 conscientiam

200 2264 448 2332 optimas
479 2277 611 2317 esse
640 2265 698 2316 et
726 2260 977 2316 litabiles
1010 2260 1127 2316 Deo
1176 2259 1404 2315 hostias
1450 2275 1518 2316 ac
1561 2258 1849 2324 victimas,

201 2352 451 2421 denique
484 2350 785 2405 hominem
819 2366 947 2405 esse
971 2349 1073 2405 Dei
1105 2348 1508 2405 simulacrum.

264 2457 483 2514 Verum
518 2457 667 2513 nihil
704 2456 873 2529 plane
904 2457 1011 2513 hoc
1042 2473 1321 2529 responso
1369 2455 1553 2512 levius
1602 2472 1668 2511 ac
1715 2454 1853 2511 futi-

201 2546 329 2603 lius.
361 2547 513 2602 Nam
552 2546 737 2602 Judaei
770 2551 828 2602 et
855 2544 1133 2616 Gentiles,
1166 2545 1320 2617 apud
1372 2561 1518 2617 quos
1566 2548 1652 2601 tot
1696 2561 1850 2615 aras,

201 2636 461 2691 victimas
483 2640 542 2691 et
569 2634 851 2713 sacrificia
862 2634 1017 2690 facta
1030 2634 1211 2690 fuisse
1232 2650 1403 2689 nemo
1422 2634 1626 2701 nescit,
1648 2634 1851 2689 eodem

196 2742 262 2780 ac
283 2724 744 2781 Miuucius526
760 2722 1037 2795 loquendi
1051 2723 1224 2779 modo
1239 2723 1571 2779 utuntur.lu
1591 2722 1853 2779 Philonis

199 2814 491 2886 siquidem
521 2814 711 2870 Judaai
743 2834 771 2863 ‹‹
800 2814 870 2869 de
898 2812 1178 2877 victimis,
1200 2833 1228 2862 ››
1258 2812 1408 2868 libro
1425 2812 1545 2868 haec
1567 2812 1849 2885 legimus:

201 2907 300 2956 Τοῦ
349 2905 480 2957 Θεοῦ
528 2899 906 2975 θυσιαστήριόν
959 2898 1098 2955 ἐστιν
1149 2901 1184 2969 ἡ
1233 2898 1553 2975 ἑυχάριστος
1602 2903 1701 2955 τοῦ
1758 2920 1855 2955 σο-

200 2995 300 3065 φοῦ
351 2991 505 3066 ψυχὴ
543 3034 559 3061 ,
606 2993 835 3065 παγεῖσα
887 2988 947 3043 ἐκ
1010 2987 1234 3043 τελείων
1290 2985 1534 3064 ἅριθμῶν
1592 2988 1852 3061 ἀτμήτων

198 3079 282 3133 καὶ
315 3077 656 3154 ἀδιαιρέτων.
706 3102 738 3130 ‹‹
772 3079 869 3135 Dei
916 3078 1100 3135 altare
1144 3078 1493 3151 intelligitur
1540 3084 1705 3151 grata
1751 3096 1849 3136 sa-

199 3129 280 3133 --ψ
319 3129 655 3154 “MT---”
772 3129 869 3135 η-
920 3129 1096 3135 ψη--
1148 3129 1481 3151 -_---_-o--__
1540 3129 1705 3151 0---“
1751 3129 1819 3136 η

199 3168 413 3240 pientis
445 3169 665 3237 anima,
698 3172 1003 3240 compacta
1032 3183 1101 3222 ex
1132 3167 1396 3223 numeris
1427 3166 1630 3223 solidis
1660 3173 1718 3224 et
1760 3168 1851 3225 in-
1881 3129 1925 3199 α

197 3258 476 3314 dividuis.
503 3280 533 3308 ››
563 3259 634 3313 At
661 3256 835 3329 longe
866 3256 1036 3328 plura
1064 3273 1193 3312 eam
1226 3256 1285 3311 in
1327 3272 1449 3312 rem
1497 3255 1671 3329 paulo
1719 3261 1854 3314 ante

196 3346 516 3419 scripserat
546 3346 819 3417 (Philem,
851 3345 951 3401 lib.
982 3345 1048 3401 dc
1082 3346 1315 3415 Victim,
1350 3361 1481 3417 pag.
1513 3346 1665 3415 851).

262 3453 521 3510 Gentilis
545 3468 678 3509 vero
707 3457 947 3517 Seneca,
982 3468 1016 3507 a
1046 3451 1347 3507 Lactantio
1379 3450 1623 3509 citatus:
1667 3474 1696 3503 «
1726 3451 1854 3509 Non

187 3547 277 3598 est
310 3541 668 3599 beneﬁcium
697 3542 915 3614 ipsum,
947 3540 1155 3613 inquit,
1188 3542 1343 3612 quod
1369 3545 1731 3611 numeratur,
1755 3548 1857 3599 aut

184 3632 468 3687 traditur.
502 3631 668 3687 Sicut
695 3646 801 3686 nec
830 3630 889 3685 in
913 3628 1168 3685 victimis
1192 3630 1452 3701 quidem,
1482 3628 1619 3686 licet
1646 3631 1853 3703 opimae

178 3722 328 3787 sint,
366 3736 639 3792 auroque
668 3719 1070 3793 prmfulgeant,
1105 3720 1345 3775 deorum
1374 3722 1469 3774 est
1494 3719 1702 3787 honos,
1753 3721 1853 3777 sed

176 3811 280 3882 pia
310 3827 384 3866 ac
433 3813 595 3865 recta
642 3812 836 3864 mente
885 3808 1336 3864 venerantium»
1386 3808 1631 3875 (Seuec.,
1678 3808 1779 3865 lib.
1811 3824 1853 3879 ι,

172 3899 243 3955 de
272 3902 508 3969 Beneﬁ,
551 3914 677 3970 cap.
708 3898 783 3965 6;
820 3898 1108 3963 Lactant.,
1142 3896 1248 3952 lib.
1278 3913 1358 3961 vr,
1409 3898 1673 3965 Institut.,
1724 3914 1850 3971 cap.

170 3988 270 4054 25,
301 4005 451 4061 pag.
483 3987 635 4057 938).
685 3986 835 4052 Quin
876 3986 1050 4042 etiam
1080 3986 1244 4057 prius
1289 3986 1521 4041 Cicero:
1565 4007 1594 4036 «
1626 3986 1867 4059 Cultus,

171 4078 410 4144 aiebat,
442 4077 691 4132 deorum
723 4079 813 4131 est
840 4074 1119 4147 optimus,
1150 4074 1424 4146 idemque
1463 4076 1853 4147 castissimus,

166 4165 702 4238 plenissimusque
733 4163 1003 4235 pietatis;
1038 4168 1103 4218 ut
1133 4179 1231 4220 eos
1264 4180 1498 4236 semper
1545 4180 1712 4236 pura,
1764 4166 1853 4220 in-

166 4260 387 4326 tegra,
421 4257 479 4307 et
504 4254 859 4324 incorrupta,
891 4257 948 4308 et
976 4256 1169 4309 mente
1199 4257 1256 4309 et
1284 4269 1422 4309 voce
1458 4269 1804 4310 veneremur
1825 4277 1854 4304 μ

171 4342 375 4413 (Cic.,
408 4341 507 4396 lib.
535 4358 593 4407 ιι,
625 4341 691 4397 de
720 4341 837 4397 Nat.
890 4342 1073 4413 Deor.,
1126 4357 1258 4415 pag.
1307 4343 1433 4407 224,
1487 4341 1589 4397 lin.
1639 4343 1753 4412 42).
1794 4344 1852 4399 Si

179 4430 385 4503 plura
407 4430 553 4497 velis,
576 4431 671 4485 adi
696 4430 1084 4504 Porphyrium
1107 4430 1369 4504 aliosque
1390 4430 1587 4503 plures
1608 4448 1641 4487 a
1658 4432 1857 4488 Lesca-

1962 482 2060 539 det
2086 499 2099 537 :
2137 503 2167 533 «
2185 484 2594 541 Sacrificamus
2620 502 2723 556 pro
2749 485 2939 541 salute
2960 483 3351 555 imperatoris,
3376 482 3478 538 sed
3501 482 3616 538 Deo

1963 575 2162 627 nostro
2193 577 2248 627 et
2278 573 2483 645 ipsius,
2519 575 2617 630 sed
2654 573 2946 645 quomodo
2976 572 3251 645 praecepit
3274 577 3447 639 Deus,
3471 588 3617 642 pura

1962 662 2181 732 prece?
2208 682 2236 710 »
2267 662 2474 733 (Idem,
2507 663 2606 717 lib.
2640 664 2713 717 ad
2750 662 3000 731 Scapul.,
3032 677 3159 730 cap.
3214 662 3269 727 2,
3321 676 3455 732 pag.
3501 659 3617 732 86.)

1962 748 2239 820 Nunquid
2273 750 2489 806 idcirco
2521 750 2749 821 negavit
2786 750 3150 806 Christianos
3180 749 3455 804 omnibus
3490 765 3616 804 om-

1962 837 2102 893 nino
2133 838 2393 893 caruisse
2423 838 2679 910 templis,
2733 839 2850 894 aris
2908 843 2967 893 et
3016 836 3345 893 altaribus?
3383 836 3623 892 Minime

1962 927 2225 997 quidem,
2250 927 2426 982 sicuti
2458 927 2589 983 aliis
2621 926 2793 998 paulo
2826 932 2959 981 ante
2988 926 3182 981 citatis
3200 926 3508 996 probatum
3532 929 3621 982 est

1962 1013 2126 1070 illius
2151 1015 2365 1084 verbis,
2403 1020 2461 1070 et
2492 1016 2564 1071 ab
2588 1016 2715 1087 ipso
2745 1014 2957 1070 Dallaso
2988 1031 3357 1070 concessum.

2034 1119 2283 1177 Necesse
2314 1126 2405 1178 est
2428 1122 2627 1194 igitur,
2661 1127 2725 1177 ut
2755 1122 3021 1178 dicamus
3052 1137 3086 1175 a
3118 1120 3373 1176 Minucio
3395 1124 3614 1192 nostro,

1959 1208 2318 1266 Tertulliano
2344 1210 2592 1282 aliisque
2614 1212 2816 1266 eodem
2853 1210 3024 1265 modo
3043 1208 3443 1281 loquentibus,
3466 1208 3613 1264 illud

1960 1315 2077 1354 uno
2107 1299 2345 1355 concedi
2377 1316 2576 1366 sensu,
2610 1302 2669 1355 et
2699 1300 2811 1355 alio
2842 1298 3064 1371 negari.
3090 1300 3161 1353 At
3181 1298 3460 1369 quoniam
3482 1314 3619 1353 con-

1956 1388 2046 1441 tra
2077 1387 2339 1444 ethnicos
2370 1387 2766 1459 disputabant,
2798 1386 3013 1443 idcirco
3045 1390 3405 1459 negaverunt
3452 1385 3616 1440 Chri-

1957 1475 2181 1532 stianos
2206 1476 2513 1548 gentilium
2548 1494 2704 1532 more
2730 1476 3009 1531 habuisse
3039 1475 3275 1547 templa,
3308 1475 3368 1529 in
3400 1474 3618 1546 quibus

1957 1565 2193 1621 ﬁctitios
2226 1566 2364 1621 deos
2395 1566 2682 1636 colebant,
2715 1570 2772 1621 et
2801 1582 2899 1621 eos
2940 1560 3203 1620 habitare
3246 1564 3613 1619 arbitraban-

1954 1657 2071 1719 tur,
2106 1652 2193 1709 vel
2224 1671 2355 1710 aras
2385 1660 2443 1711 et
2472 1654 2699 1720 altaria,
2731 1654 2802 1710 ad
2834 1654 3140 1711 caedendas
3172 1652 3620 1723 oﬂerendasque

1959 1742 2045 1798 eis
2073 1741 2361 1807 victimas,
2395 1743 2493 1798 sed
2527 1743 2802 1798 habuisse
2833 1759 3031 1798 sacras
3086 1742 3236 1797 mdes
3283 1746 3339 1797 et
3385 1740 3614 1809 altaria,

1958 1830 2018 1887 in
2050 1831 2264 1904 quibus
2295 1830 2623 1886 Christiano
2647 1832 2761 1886 ritu
2786 1848 2988 1886 verum
3010 1831 3194 1887 Deum
3213 1828 3501 1895 colebant,
3524 1830 3615 1884 in-

1960 1924 2384 1991 cruentumque
2411 1919 2698 1975 faciebant
2722 1919 3093 1975 sacriﬁcium.
3120 1918 3275 1974 Nihil
3294 1934 3432 1990 ergo
3449 1918 3612 1973 dictu

1961 2009 2297 2077 absurdius,
2331 2025 2508 2080 quam
2535 2009 2729 2064 citatis
2764 2009 3006 2065 Minucii
3037 2009 3251 2079 verbis,
3285 2007 3370 2063 uti
3400 2007 3614 2079 garrie-

1963 2099 2063 2155 bat
2098 2098 2366 2165 Dallasus,
2399 2097 2623 2154 excludi
2654 2121 2680 2145 α
2714 2098 3133 2163 Romanorum,
3158 2118 3186 2147 »
3214 2097 3294 2151 ita
3331 2095 3617 2152 invidiose

1961 2186 2295 2245 Catholicos
2325 2187 2631 2243 haereticus
2662 2187 2835 2242 homo
2874 2185 3150 2259 appellat,
3186 2208 3213 2235 «
3254 2185 3561 2241 hominum
3586 2205 3616 2235 »

1961 2277 2191 2343 altaria,
2242 2276 2382 2347 quia
2427 2276 2542 2348 ipsi
2589 2277 2837 2347 ejusque
2888 2275 3191 2331 sodalibus
3259 2273 3615 2330 sacrificium

1960 2365 2430 2422 Eucharisticum
2463 2365 2810 2421 auctoritate
2842 2364 3074 2436 propria
3103 2363 3343 2434 rejicere
3371 2361 3611 2435 placuit.

1958 2453 2093 2511 Jam
2114 2453 2270 2511 enim
2302 2454 2629 2510 certissimo
2671 2458 2931 2509 veterum
2984 2453 3224 2509 Patrum
3274 2451 3610 2509 testimonio

1962 2542 2329 2599 ostendimus
2360 2542 2593 2598 Minucii
2620 2546 2882 2614 tempore
2903 2542 2962 2597 in
2980 2540 3447 2597 Christianorum
3469 2544 3613 2597 tem—

1962 2631 2076 2706 plis
2108 2632 2228 2688 sive
2256 2631 2518 2688 ecclesiis
2568 2631 2759 2703 posita
2790 2630 2970 2687 fuisse
2999 2630 3224 2698 altaria,
3276 2630 3613 2701 factumque

1962 2738 2140 2779 sacrae
2173 2720 2554 2777 Eucharistiaa
2585 2721 2735 2778 527
2771 2719 3148 2775 sacrificium.
3183 2720 3344 2784 Quod
3375 2718 3615 2790 quidem

1962 2815 2167 2884 postea
2194 2810 2555 2880 Augustinus
2586 2808 2973 2865 disertissime
3004 2812 3297 2863 asseverat
3345 2809 3615 2879 (August.

1962 2899 2064 2956 lib.
2091 2916 2213 2971 VIII,
2260 2898 2327 2954 de
2369 2899 2566 2965 Civit.,
2614 2914 2742 2968 cap.
2791 2897 2884 2964 27,
2934 2913 3068 2969 pag.
3116 2897 3260 2965 2|7;
3321 2900 3380 2952 et
3422 2895 3524 2952 lib.
3557 2912 3614 2964 x,

1962 3005 2091 3061 cap.
2122 2989 2214 3055 20,
2249 3003 2383 3060 pag.
2416 2988 2567 3059 255).

2036 3077 2249 3134 Eadem
2282 3093 2451 3149 porro
2482 3092 2616 3132 cum
2647 3075 2769 3131 sint
2798 3074 3037 3131 Minucii
3067 3079 3125 3130 et
3153 3071 3498 3130 Tertulliani
3546 3072 3619 3128 de

1962 3165 2224 3239 templis.
2254 3172 2312 3222 et
2340 3164 2642 3235 altaribus,
2690 3170 2867 3237 atque
2917 3164 2989 3221 de
3040 3163 3372 3220 simulacris
3420 3162 3617 3219 verba.

1963 3257 2167 3313 eodem
2198 3272 2338 3312 sane
2370 3256 2542 3311 modo
2582 3253 2925 3327 explicanda
2953 3261 3112 3309 sunt.
3155 3252 3381 3325 Negant
3427 3252 3620 3323 itaque

1964 3344 2084 3402 ulla
2112 3346 2266 3417 apud
2307 3344 2673 3401 Christianos
2707 3343 2887 3399 fuisse
2916 3342 3252 3410 simulacra,
3289 3339 3487 3414 qualia
3532 3340 3617 3395 vi-

1963 3434 2173 3490 delicet
2200 3433 2417 3490 ethnici
2449 3434 2695 3490 deorum
2736 3448 2978 3489 suorum
3029 3433 3493 3486 construxerant.
3544 3433 3618 3484 At

1962 3522 2116 3580 hanc
2140 3522 2321 3579 fuisse
2342 3522 2585 3578 Minucii
2610 3526 2862 3578 mentem
2892 3537 3007 3576 non
3033 3519 3222 3576 solum
3245 3537 3314 3575 ex
3333 3519 3619 3575 hactenus

1964 3611 2157 3682 dictis,
2191 3611 2292 3668 sed
2323 3615 2444 3667 tota
2474 3610 2649 3667 etiam
2682 3611 2836 3666 inter
2866 3611 3059 3682 ipsum
3093 3625 3159 3665 ac
3189 3607 3483 3664 Caecilium
3506 3607 3624 3663 dis-

1963 3700 2268 3773 putatione
2316 3698 2632 3771 colligitur.
2684 3697 2946 3754 Caacilius
3022 3698 3238 3770 quippe
3313 3695 3623 3767 objiciebat

1964 3790 2128 3847 nulla
2156 3789 2522 3845 Christianis.
2557 3789 3057 3860 quemadmodum
3080 3787 3399 3865 gentilibus
3436 3787 3619 3842 fuisse

1965 3878 2245 3935 falsorum
2280 3879 2546 3943 deorum,
2581 3877 2735 3932 sicut
2761 3876 3003 3947 templa,
3034 3876 3115 3931 ita
3144 3891 3248 3931 nec
3277 3873 3612 3930 simulacra.

1965 3969 2205 4025 Fatetur
2232 3972 2428 4022 autem
2453 3966 2746 4022 Minucius
2770 3981 2892 4021 rem
2917 3965 3174 4037 profecto
3192 3964 3274 4019 sic
3299 3979 3361 4019 se
3383 3962 3616 4018 habere.

1963 4061 2041 4113 At
2069 4056 2361 4127 quomodo
2393 4072 2507 4111 non
2540 4058 2715 4127 negat
2742 4053 2814 4109 iis
2841 4054 3023 4109 fuisse
3052 4052 3164 4109 alia
3187 4068 3363 4124 quam
3389 4050 3623 4106 ﬁctitio-

1964 4140 2094 4202 rum
2128 4146 2369 4202 deorum
2400 4143 2643 4216 templa,
2677 4144 2757 4198 ita
2787 4143 2962 4198 etiam
2986 4158 3091 4197 nec
3124 4141 3240 4197 alia
3260 4157 3436 4213 quam
3461 4140 3617 4213 ipso-

1964 4252 2097 4291 rum
2130 4235 2204 4290 ab
2235 4233 2351 4290 illis
2384 4233 2536 4289 facta
2564 4232 2883 4288 simulacra
2912 4230 3215 4287 inﬁtiatur.

2034 4342 2232 4413 Neque
2254 4356 2463 4413 urgeas
2484 4338 2684 4395 omnia
2709 4356 2742 4394 a
2769 4337 3022 4393 Minucio
3040 4336 3277 4392 omnino
3299 4334 3621 4392 simulacra

1965 4436 2025 4486 et
2076 4429 2365 4501 imagines
2418 4426 2670 4494 excludi,
2755 4425 3228 4498 quandoquidem
3307 4423 3620 4496 respondet

181 4519 447 4592 loperio,
478 4521 535 4574 in
565 4518 727 4575 hunc
756 4500 1050 4575 Ciceronis
1078 4500 1290 4575 locum‘
1319 4500 1550 4575 citatos.
1601 4524 1675 4574 At
1722 4521 1859 4592 quis
1891 4500 1936 4566 Ι)
1967 4541 1997 4571 ‹‹
2020 4519 2181 4584 Quod
2207 4500 2590 4574 simulacrum
2613 4516 2728 4572 Deo
2748 4516 2990 4587 ﬁngam,
3017 4532 3151 4571 cum
3170 4516 3219 4571 si
3243 4520 3395 4571 recte
3418 4513 3617 4570 existi-

180 4624 468 4680 unquam
500 4608 711 4663 dixerit
754 4608 1009 4675 Judaaos,
1058 4612 1161 4663 aut
1207 4607 1477 4681 gentiles,
1523 4607 1617 4664 his
1662 4609 1857 4666 verbis

181 4698 510 4771 negavisse
537 4698 693 4769 apud
719 4713 860 4753 suos
888 4712 1024 4754 vera
1052 4697 1232 4754 fuisse
1261 4696 1489 4769 altaria,
1514 4714 1666 4765 aras,
1692 4697 1857 4754 victi-

181 4804 352 4853 mas,
380 4785 692 4842 sacriﬁcia.
721 4786 1049 4859 (Porphyr.,
1083 4785 1185 4843 lib.
1220 4803 1263 4842 ιι
1293 4785 1358 4841 de
1379 4786 1593 4842 Abstin.
1614 4788 1855 4844 animal.

182 4875 311 4932 sub
344 4876 473 4942 ﬁn.;
506 4873 827 4947 Lescalop.,
855 4874 916 4931 in
965 4874 1067 4931 lib.
1121 4891 1163 4930 ιι
1209 4874 1275 4931 de
1321 4875 1441 4931 Nat.
1494 4875 1675 4945 Dama,
1709 4878 1855 4945 §72.

181 4979 333 5037 pag.
359 4963 514 5035 347.)

271 5051 425 5116 Quid
454 5068 588 5108 vero
620 5051 797 5108 facies
841 5050 1222 5119 Tertulliano,
1270 5068 1444 5125 quem
1485 5056 1605 5109 tam
1655 5067 1857 5126 presso

190 5141 449 5213 vestigio
480 5140 772 5198 Minucius
794 5141 1166 5214 prosequitur
1184 5142 1213 5198 ?
1242 5142 1443 5198 Nonne
1472 5142 1599 5215 ipse
1627 5158 1857 5216 quoque

212 5230 478 5302 scripsit:
512 5251 543 5281 «
572 5230 690 5286 Nec
721 5230 920 5286 minus
966 5230 1208 5304 templa,
1255 5247 1433 5303 quam
1478 5237 1860 5289 monumenta

213 5318 589 5391 despicimus,
620 5323 890 5375 neutram
921 5336 1083 5376 aram
1116 5320 1409 5389 novimus,
1443 5325 1709 5377 neutram
1732 5322 1857 5377 effl-

212 5408 365 5480 giem
389 5408 752 5464 adoramus?
774 5429 803 5458 ››
834 5408 1101 5479 TertulL,
1132 5409 1235 5465 lib.
1266 5410 1331 5467 de
1360 5410 1623 5482 Spactac.,
1657 5426 1707 5464 ο.
1768 5411 1854 5476 15,

208 5513 339 5571 pag.
373 5497 490 5570 96.)
513 5495 715 5553 Nonne
730 5496 811 5552 ibi
831 5500 953 5553 tam
976 5502 1198 5569 aperte,
1221 5514 1400 5571 quam
1422 5498 1715 5554 Minucius
1734 5496 1860 5554 ulla

206 5602 453 5658 prorsus
478 5584 827 5644 Christianis
857 5585 1098 5658 templa,
1116 5603 1246 5649 aras
1268 5591 1327 5645 et
1344 5584 1657 5646 simulacra
1677 5586 1858 5644 fuisse

1965 4623 2112 4673 mes,
2137 4607 2217 4661 sit
2239 4605 2338 4660 Dei
2365 4604 2540 4659 homo
2562 4604 2690 4676 ipse
2714 4602 3144 4659 simulacrum?
3166 4624 3194 4652 »
3218 4608 3360 4658 Nam
3374 4603 3444 4658 de
3465 4606 3615 4658 tem-

1968 4695 2078 4768 plis
2101 4693 2389 4761 similiter,
2417 4692 2499 4747 uti
2523 4691 2953 4763 annotavimus,
2979 4692 3236 4749 dixerat:
3261 4714 3288 4742 «
3311 4690 3617 4763 Templum

1968 4784 2121 4858 quod
2153 4782 2205 4838 ei
2248 4786 2574 4850 exstruam,
2622 4798 2757 4837 cum
2810 4786 2968 4838 totus
3015 4782 3111 4837 hic
3163 4781 3442 4850 mundus,
3489 4782 3620 4851 ejus

1967 4888 2138 4945 opere
2169 4871 2505 4938 fabricatus,
2541 4887 2673 4927 eum
2707 4886 2912 4943 capere
2949 4888 3064 4927 non
3115 4870 3343 4943 possit?
3366 4892 3395 4919 ››
3440 4866 3617 4939 Atqui

1973 4961 2239 5033 Dallssus,
2272 4960 2488 5032 aliique
2517 4960 2782 5033 ejusdem
2816 4964 2983 5017 sectae
3016 4960 3303 5027 homines,
3354 4954 3618 5012 conﬁteri

1968 5056 2277 5125 coguntur,
2311 5049 2404 5106 his
2435 5049 2857 5122 posterioribus
2883 5050 3075 5105 verbis
3103 5065 3239 5104 vera
3259 5044 3620 5104 Christiano-

1968 5159 2099 5199 rum
2129 5140 2349 5213 templa
2377 5156 2493 5195 non
2529 5139 2776 5195 excludi.
2818 5139 2966 5211 Ergo
3017 5137 3289 5193 similiter
3326 5136 3621 5190 fateantur

1968 5247 2207 5289 necesse
2236 5235 2345 5295 est,
2378 5228 2675 5301 prioribus
2703 5228 2964 5300 ejusdem
2997 5226 3234 5281 Minucii
3265 5222 3455 5281 verbis
3500 5240 3615 5279 non

1965 5320 2083 5377 alia
2097 5319 2347 5386 excludi,
2372 5334 2548 5390 quam
2567 5317 2846 5373 falsorum
2870 5317 3111 5372 deorum
3136 5314 3472 5380 simulacra,
3497 5317 3617 5369 sta-

1965 5414 2100 5466 tuas
2128 5415 2185 5466 et
2213 5407 2521 5479 imagines,
2546 5423 2675 5476 qua:
2705 5422 2739 5461 a
2768 5404 3114 5461 Christianis
3139 5408 3265 5461 sine
3282 5402 3617 5460 idololatria

1968 5499 2104 5556 ferri
2155 5515 2271 5554 non
2313 5501 2596 5568 poterant.
2644 5494 2726 5549 De
2773 5494 2868 5550 his
2915 5510 3086 5567 porro
3145 5494 3614 5550 Christianorum

1967 5587 2327 5662 imaginibus
2351 5589 2409 5642 et
2438 5581 2793 5653 simulacris,
2820 5600 3142 5657 eorumque
3181 5601 3291 5642 usu
3340 5583 3400 5639 in
3444 5598 3619 5656 supe-
