  <div class='ocr_page' id='page_1' title='image "/cluster/home/n/w/nwhite01/storage/ocr_20150623/3/hvd.32044073549586/325.png"; bbox 0 0 4088 6150; ppageno 0'>
   <div class='ocr_carea' id='block_1_1' title="bbox 525 238 644 298">
    <p class='ocr_par' dir='ltr' id='par_1_1' title="bbox 525 238 644 298">
     <span class='ocr_line' id='line_1_1' title="bbox 525 238 644 298; baseline -0.017 -1"><span class='ocrx_word' id='word_1_1' title='bbox 525 238 644 298; x_wconf 79' lang='grc'>543</span> 
     </span>
    </p>
   </div>
   <div class='ocr_carea' id='block_1_2' title="bbox 1811 236 3843 316">
    <p class='ocr_par' dir='ltr' id='par_1_2' title="bbox 1811 236 3843 316">
     <span class='ocr_line' id='line_1_2' title="bbox 1811 236 3843 316; baseline 0.008 -18"><span class='ocrx_word' id='word_1_2' title='bbox 1811 237 1915 299; x_wconf 88' lang='lat' dir='ltr'>DE</span> <span class='ocrx_word' id='word_1_3' title='bbox 1957 236 2266 303; x_wconf 85' lang='lat' dir='ltr'>MINUCII</span> <span class='ocrx_word' id='word_1_4' title='bbox 2309 238 2656 302; x_wconf 81' lang='lat' dir='ltr'>OCTAVIO</span> <span class='ocrx_word' id='word_1_5' title='bbox 3754 254 3843 316; x_wconf 69' lang='lat' dir='ltr'>Ml</span> 
     </span>
    </p>
   </div>
   <div class='ocr_carea' id='block_1_3' title="bbox 528 365 3845 456">
    <p class='ocr_par' dir='ltr' id='par_1_3' title="bbox 528 365 3845 456">
     <span class='ocr_line' id='line_1_3' title="bbox 528 365 3845 456; baseline 0.005 -33"><span class='ocrx_word' id='word_1_6' title='bbox 528 366 783 423; x_wconf 87' lang='lat' dir='ltr'>rioribus</span> <span class='ocrx_word' id='word_1_7' title='bbox 814 366 1030 422; x_wconf 83' lang='lat' dir='ltr'>nostris</span> <span class='ocrx_word' id='word_1_8' title='bbox 1060 365 1573 456; x_wconf 86' lang='lat' dir='ltr'>dissertationibus</span> <span class='ocrx_word' id='word_1_9' title='bbox 1603 368 1853 442; x_wconf 83' lang='lat' dir='ltr'>egimus,</span> <span class='ocrx_word' id='word_1_10' title='bbox 1876 386 1941 426; x_wconf 91' lang='lat' dir='ltr'>ac</span> <span class='ocrx_word' id='word_1_11' title='bbox 1962 370 2180 442; x_wconf 87' lang='lat' dir='ltr'>pluraa</span> <span class='ocrx_word' id='word_1_12' title='bbox 2207 372 2264 440; x_wconf 78' lang='grc' dir='ltr'><strong>Α</strong></span> <span class='ocrx_word' id='word_1_13' title='bbox 2292 374 2521 428; x_wconf 90' lang='lat' dir='ltr'>mortuo</span> <span class='ocrx_word' id='word_1_14' title='bbox 2551 371 2697 427; x_wconf 86' lang='lat' dir='ltr'>nihil</span> <span class='ocrx_word' id='word_1_15' title='bbox 2730 370 2985 443; x_wconf 83' lang='lat' dir='ltr'>amplius</span> <span class='ocrx_word' id='word_1_16' title='bbox 3014 370 3387 443; x_wconf 88' lang='lat' dir='ltr'>sperandum,</span> <span class='ocrx_word' id='word_1_17' title='bbox 3417 374 3510 429; x_wconf 90' lang='lat' dir='ltr'>sed</span> <span class='ocrx_word' id='word_1_18' title='bbox 3539 373 3845 456; x_wconf 88' lang='lat' dir='ltr'>sicutDeum,</span> 
     </span>
    </p>
   </div>
   <div class='ocr_carea' id='block_1_4' title="bbox 528 454 2178 530">
    <p class='ocr_par' dir='ltr' id='par_1_4' title="bbox 528 454 2178 530">
     <span class='ocr_line' id='line_1_4' title="bbox 528 454 2178 530; baseline 0.003 -20"><span class='ocrx_word' id='word_1_19' title='bbox 528 454 784 521; x_wconf 90' lang='lat' dir='ltr'>Petavio,</span> <span class='ocrx_word' id='word_1_20' title='bbox 812 454 1200 511; x_wconf 90' lang='lat' dir='ltr'>Thomassino</span> <span class='ocrx_word' id='word_1_21' title='bbox 1227 460 1285 511; x_wconf 88' lang='lat' dir='ltr'>et</span> <span class='ocrx_word' id='word_1_22' title='bbox 1330 456 1461 511; x_wconf 89' lang='lat' dir='ltr'>aliis</span> <span class='ocrx_word' id='word_1_23' title='bbox 1510 457 1782 530; x_wconf 82' lang='lat' dir='ltr'>pluribus</span> <span class='ocrx_word' id='word_1_24' title='bbox 1834 459 2049 515; x_wconf 90' lang='lat' dir='ltr'>tradita</span> <span class='ocrx_word' id='word_1_25' title='bbox 2096 458 2178 515; x_wconf 93' lang='lat' dir='ltr'>le-</span> 
     </span>
    </p>
   </div>
   <div class='ocr_carea' id='block_1_5' title="bbox 529 544 2177 623">
    <p class='ocr_par' dir='ltr' id='par_1_5' title="bbox 529 544 2177 623">
     <span class='ocr_line' id='line_1_5' title="bbox 529 544 2177 623; baseline 0.002 -23"><span class='ocrx_word' id='word_1_26' title='bbox 529 561 663 617; x_wconf 89' lang='lat' dir='ltr'>gere</span> <span class='ocrx_word' id='word_1_27' title='bbox 693 544 909 616; x_wconf 86' lang='lat' dir='ltr'>poteris</span> <span class='ocrx_word' id='word_1_28' title='bbox 941 548 1106 616; x_wconf 90' lang='lat' dir='ltr'>(tom.</span> <span class='ocrx_word' id='word_1_29' title='bbox 1143 549 1165 598; x_wconf 94' lang='grc' dir='ltr'>Ι</span> <span class='ocrx_word' id='word_1_30' title='bbox 1196 545 1480 616; x_wconf 62' lang='lat' dir='ltr'>Apparet,</span> <span class='ocrx_word' id='word_1_31' title='bbox 1506 620 1507 623; x_wconf 14' lang='grc' dir='ltr'><strong>η</strong></span> <span class='ocrx_word' id='word_1_32' title='bbox 1532 563 1663 619; x_wconf 91' lang='lat' dir='ltr'>pag.</span> <span class='ocrx_word' id='word_1_33' title='bbox 1712 549 1819 602; x_wconf 82' lang='grc'>747</span> <span class='ocrx_word' id='word_1_34' title='bbox 1869 552 1926 603; x_wconf 93' lang='lat' dir='ltr'>et</span> <span class='ocrx_word' id='word_1_35' title='bbox 1970 564 2133 620; x_wconf 86' lang='lat' dir='ltr'>seqq.</span> <span class='ocrx_word' id='word_1_36' title='bbox 2162 564 2177 616; x_wconf 85' lang='lat'><strong>;</strong></span> 
     </span>
    </p>
   </div>
   <div class='ocr_carea' id='block_1_6' title="bbox 523 633 2176 708">
    <p class='ocr_par' dir='ltr' id='par_1_6' title="bbox 523 633 2176 708">
     <span class='ocr_line' id='line_1_6' title="bbox 523 633 2176 708; baseline 0.001 -18"><span class='ocrx_word' id='word_1_37' title='bbox 523 634 740 701; x_wconf 87' lang='lat' dir='ltr'>Petav.,</span> <span class='ocrx_word' id='word_1_38' title='bbox 772 639 915 689; x_wconf 91' lang='lat' dir='ltr'>tom.</span> <span class='ocrx_word' id='word_1_39' title='bbox 954 637 1019 698; x_wconf 88' lang='lat' dir='ltr'>V,</span> <span class='ocrx_word' id='word_1_40' title='bbox 1054 633 1296 704; x_wconf 84' lang='lat' dir='ltr'>Theolog.</span> <span class='ocrx_word' id='word_1_41' title='bbox 1324 634 1585 704; x_wconf 80' lang='lat' dir='ltr'>dogmat.,</span> <span class='ocrx_word' id='word_1_42' title='bbox 1626 636 1726 692; x_wconf 87' lang='lat' dir='ltr'>lib.</span> <span class='ocrx_word' id='word_1_43' title='bbox 1759 654 1855 703; x_wconf 85' lang='lat' dir='ltr'>xv,</span> <span class='ocrx_word' id='word_1_44' title='bbox 1906 654 2036 708; x_wconf 88' lang='lat' dir='ltr'>cap.</span> <span class='ocrx_word' id='word_1_45' title='bbox 2091 638 2176 705; x_wconf 80' lang='grc'>11,</span> 
     </span>
    </p>
   </div>
   <div class='ocr_carea' id='block_1_7' title="bbox 524 721 2180 801">
    <p class='ocr_par' dir='ltr' id='par_1_7' title="bbox 524 721 2180 801">
     <span class='ocr_line' id='line_1_7' title="bbox 524 721 2180 801; baseline 0.001 -24"><span class='ocrx_word' id='word_1_46' title='bbox 524 726 581 777; x_wconf 91' lang='lat' dir='ltr'>et</span> <span class='ocrx_word' id='word_1_47' title='bbox 610 721 943 788; x_wconf 90' lang='lat' dir='ltr'>Thomass.,</span> <span class='ocrx_word' id='word_1_48' title='bbox 977 721 1077 776; x_wconf 88' lang='lat' dir='ltr'>lib.</span> <span class='ocrx_word' id='word_1_49' title='bbox 1113 738 1233 789; x_wconf 80' lang='lat' dir='ltr'>xu;</span> <span class='ocrx_word' id='word_1_50' title='bbox 1269 722 1445 777; x_wconf 78' lang='lat' dir='ltr'>Theoi.</span> <span class='ocrx_word' id='word_1_51' title='bbox 1478 722 1716 794; x_wconf 79' lang='lat' dir='ltr'>dogmat.</span> <span class='ocrx_word' id='word_1_52' title='bbox 1749 723 1817 801; x_wconf 75' lang='lat' dir='ltr'>de</span> <span class='ocrx_word' id='word_1_53' title='bbox 1871 727 2180 790; x_wconf 74' lang='lat' dir='ltr'>Incarnat.,</span> 
     </span>
    </p>
   </div>
   <div class='ocr_carea' id='block_1_8' title="bbox 527 810 2182 881">
    <p class='ocr_par' dir='ltr' id='par_1_8' title="bbox 527 810 2182 881">
     <span class='ocr_line' id='line_1_8' title="bbox 527 810 2182 881; baseline 0.001 -16"><span class='ocrx_word' id='word_1_54' title='bbox 527 827 653 881; x_wconf 89' lang='lat' dir='ltr'>cap.</span> <span class='ocrx_word' id='word_1_55' title='bbox 686 811 720 862; x_wconf 90' lang='lat'><strong>7</strong></span> <span class='ocrx_word' id='word_1_56' title='bbox 752 816 807 865; x_wconf 89' lang='lat' dir='ltr'>et</span> <span class='ocrx_word' id='word_1_57' title='bbox 839 810 1046 881; x_wconf 88' lang='lat' dir='ltr'>seqq.).</span> <span class='ocrx_word' id='word_1_58' title='bbox 1078 810 1227 876; x_wconf 88' lang='lat' dir='ltr'>Quid</span> <span class='ocrx_word' id='word_1_59' title='bbox 1259 816 1451 866; x_wconf 89' lang='lat' dir='ltr'>autem</span> <span class='ocrx_word' id='word_1_60' title='bbox 1480 817 1685 867; x_wconf 89' lang='lat' dir='ltr'>auctor</span> <span class='ocrx_word' id='word_1_61' title='bbox 1708 817 1903 868; x_wconf 89' lang='lat' dir='ltr'>noster</span> <span class='ocrx_word' id='word_1_62' title='bbox 1924 813 1993 868; x_wconf 92' lang='lat' dir='ltr'>de</span> <span class='ocrx_word' id='word_1_63' title='bbox 2017 812 2182 867; x_wconf 84' lang='lat' dir='ltr'>exhi-</span> 
     </span>
    </p>
   </div>
   <div class='ocr_carea' id='block_1_9' title="bbox 529 898 2185 958">
    <p class='ocr_par' dir='ltr' id='par_1_9' title="bbox 529 898 2185 958">
     <span class='ocr_line' id='line_1_9' title="bbox 529 898 2185 958; baseline 0.002 -4"><span class='ocrx_word' id='word_1_64' title='bbox 529 899 649 954; x_wconf 90' lang='lat' dir='ltr'>bito</span> <span class='ocrx_word' id='word_1_65' title='bbox 699 916 732 955; x_wconf 90' lang='lat' dir='ltr'>a</span> <span class='ocrx_word' id='word_1_66' title='bbox 780 898 1128 954; x_wconf 82' lang='lat' dir='ltr'>Christianis</span> <span class='ocrx_word' id='word_1_67' title='bbox 1177 899 1335 955; x_wconf 83' lang='lat' dir='ltr'>cruci</span> <span class='ocrx_word' id='word_1_68' title='bbox 1386 899 1597 955; x_wconf 91' lang='lat' dir='ltr'>Christi</span> <span class='ocrx_word' id='word_1_69' title='bbox 1651 900 1812 956; x_wconf 89' lang='lat' dir='ltr'>cultu</span> <span class='ocrx_word' id='word_1_70' title='bbox 1855 906 1912 957; x_wconf 93' lang='lat' dir='ltr'>et</span> <span class='ocrx_word' id='word_1_71' title='bbox 1966 901 2185 958; x_wconf 88' lang='lat' dir='ltr'>honore</span> 
     </span>
    </p>
   </div>
   <div class='ocr_carea' id='block_1_10' title="bbox 530 986 2183 1063">
    <p class='ocr_par' dir='ltr' id='par_1_10' title="bbox 530 986 2183 1063">
     <span class='ocr_line' id='line_1_10' title="bbox 530 986 2183 1063; baseline 0.002 -20"><span class='ocrx_word' id='word_1_72' title='bbox 530 986 820 1056; x_wconf 90' lang='lat' dir='ltr'>statuerit,</span> <span class='ocrx_word' id='word_1_73' title='bbox 854 987 909 1041; x_wconf 89' lang='lat' dir='ltr'>in</span> <span class='ocrx_word' id='word_1_74' title='bbox 936 991 1141 1059; x_wconf 88' lang='lat' dir='ltr'>quarto</span> <span class='ocrx_word' id='word_1_75' title='bbox 1164 987 1543 1060; x_wconf 89' lang='lat' dir='ltr'>subsequenti</span> <span class='ocrx_word' id='word_1_76' title='bbox 1565 988 1808 1045; x_wconf 90' lang='lat' dir='ltr'>articulo</span> <span class='ocrx_word' id='word_1_77' title='bbox 1832 990 2183 1063; x_wconf 88' lang='lat' dir='ltr'>investigan-</span> 
     </span>
    </p>
   </div>
   <div class='ocr_carea' id='block_1_11' title="bbox 534 1077 816 1132">
    <p class='ocr_par' dir='ltr' id='par_1_11' title="bbox 534 1077 816 1132">
     <span class='ocr_line' id='line_1_11' title="bbox 534 1077 816 1132; baseline -0.007 0"><span class='ocrx_word' id='word_1_78' title='bbox 534 1077 675 1132; x_wconf 90' lang='lat' dir='ltr'>dum</span> <span class='ocrx_word' id='word_1_79' title='bbox 709 1080 816 1131; x_wconf 90' lang='lat' dir='ltr'>est.</span> 
     </span>
    </p>
   </div>
   <div class='ocr_carea' id='block_1_12' title="bbox 1091 1191 1625 1249">
    <p class='ocr_par' dir='ltr' id='par_1_12' title="bbox 1091 1191 1625 1249">
     <span class='ocr_line' id='line_1_12' title="bbox 1091 1191 1625 1249; baseline 0.004 -2"><span class='ocrx_word' id='word_1_80' title='bbox 1091 1191 1491 1249; x_wconf 84' lang='lat' dir='ltr'>ARTICULUS</span> <span class='ocrx_word' id='word_1_81' title='bbox 1528 1192 1625 1249; x_wconf 93' lang='lat' dir='ltr'>III.</span> 
     </span>
    </p>
   </div>
   <div class='ocr_carea' id='block_1_13' title="bbox 529 1299 2187 1372">
    <p class='ocr_par' dir='ltr' id='par_1_13' title="bbox 529 1299 2187 1372">
     <span class='ocr_line' id='line_1_13' title="bbox 529 1299 2187 1372; baseline 0.002 -19"><span class='ocrx_word' id='word_1_82' title='bbox 529 1299 806 1372; x_wconf 78' lang='lat' dir='ltr'>Quomodo</span> <span class='ocrx_word' id='word_1_83' title='bbox 865 1300 1115 1372; x_wconf 75' lang='lat' dir='ltr'>Octavius</span> <span class='ocrx_word' id='word_1_84' title='bbox 1176 1300 1390 1368; x_wconf 80' lang='lat' dir='ltr'>refellat</span> <span class='ocrx_word' id='word_1_85' title='bbox 1445 1300 1734 1356; x_wconf 76' lang='lat' dir='ltr'>Caecilium</span> <span class='ocrx_word' id='word_1_86' title='bbox 1784 1300 2125 1372; x_wconf 79' lang='lat' dir='ltr'>objicientem</span> <span class='ocrx_word' id='word_1_87' title='bbox 2153 1318 2187 1357; x_wconf 93' lang='lat' dir='ltr'>a</span> 
     </span>
    </p>
   </div>
   <div class='ocr_carea' id='block_1_14' title="bbox 603 1370 2186 1445">
    <p class='ocr_par' dir='ltr' id='par_1_14' title="bbox 603 1370 2186 1445">
     <span class='ocr_line' id='line_1_14' title="bbox 603 1370 2186 1445; baseline 0.001 -20"><span class='ocrx_word' id='word_1_88' title='bbox 603 1370 938 1445; x_wconf 70' lang='lat' dir='ltr'>Christianis</span> <span class='ocrx_word' id='word_1_89' title='bbox 963 1373 1069 1445; x_wconf 82' lang='lat' dir='ltr'>coli</span> <span class='ocrx_word' id='word_1_90' title='bbox 1096 1370 1371 1425; x_wconf 80' lang='lat' dir='ltr'>hominem</span> <span class='ocrx_word' id='word_1_91' title='bbox 1396 1374 1585 1445; x_wconf 27' lang='lat' dir='ltr'>Acruci</span> <span class='ocrx_word' id='word_1_92' title='bbox 1615 1386 1713 1445; x_wconf 74' lang='lat' dir='ltr'>pro</span> <span class='ocrx_word' id='word_1_93' title='bbox 1740 1370 2013 1445; x_wconf 81' lang='lat' dir='ltr'>facinore</span> <span class='ocrx_word' id='word_1_94' title='bbox 2058 1373 2186 1444; x_wconf 77' lang='lat' dir='ltr'>afﬁ-</span> 
     </span>
    </p>
   </div>
   <div class='ocr_carea' id='block_1_15' title="bbox 598 1442 2187 1516">
    <p class='ocr_par' dir='ltr' id='par_1_15' title="bbox 598 1442 2187 1516">
     <span class='ocr_line' id='line_1_15' title="bbox 598 1442 2187 1516; baseline 0.001 -19"><span class='ocrx_word' id='word_1_95' title='bbox 598 1460 755 1509; x_wconf 71' lang='lat' dir='ltr'>xum,</span> <span class='ocrx_word' id='word_1_96' title='bbox 818 1444 916 1498; x_wconf 82' lang='lat' dir='ltr'>ubi</span> <span class='ocrx_word' id='word_1_97' title='bbox 951 1444 1027 1516; x_wconf 15' lang='lat' dir='ltr'>Ade</span> <span class='ocrx_word' id='word_1_98' title='bbox 1073 1458 1329 1516; x_wconf 70' lang='lat' dir='ltr'>suprema</span> <span class='ocrx_word' id='word_1_99' title='bbox 1378 1442 1587 1497; x_wconf 81' lang='lat' dir='ltr'>Christi</span> <span class='ocrx_word' id='word_1_100' title='bbox 1632 1442 1956 1516; x_wconf 65' lang='lat' dir='ltr'>divinitate:</span> <span class='ocrx_word' id='word_1_101' title='bbox 2023 1442 2187 1516; x_wconf 85' lang='lat' dir='ltr'>quam</span> 
     </span>
    </p>
   </div>
   <div class='ocr_carea' id='block_1_16' title="bbox 600 1512 2188 1587">
    <p class='ocr_par' dir='ltr' id='par_1_16' title="bbox 600 1512 2188 1587">
     <span class='ocr_line' id='line_1_16' title="bbox 600 1512 2188 1587; baseline 0.002 -19"><span class='ocrx_word' id='word_1_102' title='bbox 600 1516 884 1585; x_wconf 79' lang='lat' dir='ltr'>perspicue</span> <span class='ocrx_word' id='word_1_103' title='bbox 932 1514 1085 1587; x_wconf 74' lang='lat' dir='ltr'>idem</span> <span class='ocrx_word' id='word_1_104' title='bbox 1136 1512 1389 1569; x_wconf 82' lang='lat' dir='ltr'>Octavius</span> <span class='ocrx_word' id='word_1_105' title='bbox 1461 1514 1703 1569; x_wconf 78' lang='lat' dir='ltr'>ostendat</span> <span class='ocrx_word' id='word_1_106' title='bbox 1777 1515 1845 1568; x_wconf 83' lang='lat' dir='ltr'>ab</span> <span class='ocrx_word' id='word_1_107' title='bbox 1920 1512 2188 1587; x_wconf 58' lang='lat' dir='ltr'>{Egyptiis</span> 
     </span>
    </p>
   </div>
   <div class='ocr_carea' id='block_1_17' title="bbox 608 1586 2187 1659">
    <p class='ocr_par' dir='ltr' id='par_1_17' title="bbox 608 1586 2187 1659">
     <span class='ocr_line' id='line_1_17' title="bbox 608 1586 2187 1659; baseline 0.002 -19"><span class='ocrx_word' id='word_1_108' title='bbox 608 1586 893 1659; x_wconf 78' lang='lat' dir='ltr'>scelestum</span> <span class='ocrx_word' id='word_1_109' title='bbox 923 1586 1228 1659; x_wconf 81' lang='lat' dir='ltr'>hominem,</span> <span class='ocrx_word' id='word_1_110' title='bbox 1270 1589 1320 1640; x_wconf 83' lang='lat' dir='ltr'>et</span> <span class='ocrx_word' id='word_1_111' title='bbox 1349 1602 1383 1640; x_wconf 93' lang='lat' dir='ltr'>a</span> <span class='ocrx_word' id='word_1_112' title='bbox 1412 1587 1669 1641; x_wconf 82' lang='lat' dir='ltr'>Romanis</span> <span class='ocrx_word' id='word_1_113' title='bbox 1715 1601 1875 1655; x_wconf 86' lang='lat' dir='ltr'>reges</span> <span class='ocrx_word' id='word_1_114' title='bbox 1924 1591 1977 1641; x_wconf 89' lang='lat' dir='ltr'>et</span> <span class='ocrx_word' id='word_1_115' title='bbox 2014 1586 2187 1659; x_wconf 82' lang='lat' dir='ltr'>impe-</span> 
     </span>
    </p>
   </div>
   <div class='ocr_carea' id='block_1_18' title="bbox 608 1657 2187 1729">
    <p class='ocr_par' dir='ltr' id='par_1_18' title="bbox 608 1657 2187 1729">
     <span class='ocr_line' id='line_1_18' title="bbox 608 1657 2187 1729; baseline 0.002 -18"><span class='ocrx_word' id='word_1_116' title='bbox 608 1665 813 1712; x_wconf 75' lang='lat' dir='ltr'>ratores</span> <span class='ocrx_word' id='word_1_117' title='bbox 833 1657 1018 1712; x_wconf 83' lang='lat' dir='ltr'>divino</span> <span class='ocrx_word' id='word_1_118' title='bbox 1039 1658 1189 1710; x_wconf 82' lang='lat' dir='ltr'>cultu</span> <span class='ocrx_word' id='word_1_119' title='bbox 1217 1660 1524 1723; x_wconf 82' lang='lat' dir='ltr'>honoratos,</span> <span class='ocrx_word' id='word_1_120' title='bbox 1555 1674 1622 1713; x_wconf 86' lang='lat' dir='ltr'>ac</span> <span class='ocrx_word' id='word_1_121' title='bbox 1665 1672 1764 1727; x_wconf 83' lang='lat' dir='ltr'>per</span> <span class='ocrx_word' id='word_1_122' title='bbox 1814 1659 2041 1713; x_wconf 83' lang='lat' dir='ltr'>illorum</span> <span class='ocrx_word' id='word_1_123' title='bbox 2089 1657 2187 1729; x_wconf 62' lang='lat' dir='ltr'>ge-</span> 
     </span>
    </p>
   </div>
   <div class='ocr_carea' id='block_1_19' title="bbox 612 1729 2267 1810">
    <p class='ocr_par' dir='ltr' id='par_1_19' title="bbox 612 1729 2267 1810">
     <span class='ocr_line' id='line_1_19' title="bbox 612 1729 2267 1810; baseline 0.002 -28"><span class='ocrx_word' id='word_1_124' title='bbox 612 1730 1003 1810; x_wconf 32' lang='lat' dir='ltr'>nios‘juratum</span> <span class='ocrx_word' id='word_1_125' title='bbox 1024 1744 1046 1791; x_wconf 87' lang='lat'><em>;</em></span> <span class='ocrx_word' id='word_1_126' title='bbox 1077 1737 1264 1810; x_wconf 53' lang='lat' dir='ltr'>utrm}:</span> <span class='ocrx_word' id='word_1_127' title='bbox 1297 1744 1423 1810; x_wconf 76' lang='lat' dir='ltr'>vero</span> <span class='ocrx_word' id='word_1_128' title='bbox 1474 1729 1805 1785; x_wconf 80' lang='lat' dir='ltr'>Christianis</span> <span class='ocrx_word' id='word_1_129' title='bbox 1852 1744 1951 1795; x_wconf 83' lang='lat' dir='ltr'>per</span> <span class='ocrx_word' id='word_1_130' title='bbox 1997 1746 2191 1787; x_wconf 82' lang='lat' dir='ltr'>eorum</span> <span class='ocrx_word' id='word_1_131' title='bbox 2220 1744 2267 1810; x_wconf 77' lang='grc' dir='ltr'><strong>Β</strong></span> 
     </span>
    </p>
   </div>
   <div class='ocr_carea' id='block_1_20' title="bbox 613 1801 1401 1871">
    <p class='ocr_par' dir='ltr' id='par_1_20' title="bbox 613 1801 1401 1871">
     <span class='ocr_line' id='line_1_20' title="bbox 613 1801 1401 1871; baseline 0.001 -17"><span class='ocrx_word' id='word_1_132' title='bbox 613 1801 846 1855; x_wconf 82' lang='lat' dir='ltr'>salutem</span> <span class='ocrx_word' id='word_1_133' title='bbox 865 1803 1062 1871; x_wconf 83' lang='lat' dir='ltr'>jurure</span> <span class='ocrx_word' id='word_1_134' title='bbox 1090 1804 1183 1871; x_wconf 80' lang='lat' dir='ltr'>[as</span> <span class='ocrx_word' id='word_1_135' title='bbox 1210 1802 1401 1871; x_wconf 78' lang='lat' dir='ltr'>fuerit.</span> 
     </span>
    </p>
   </div>
   <div class='ocr_carea' id='block_1_21' title="bbox 615 1916 2190 1988">
    <p class='ocr_par' dir='ltr' id='par_1_21' title="bbox 615 1916 2190 1988">
     <span class='ocr_line' id='line_1_21' title="bbox 615 1916 2190 1988; baseline 0.001 -17"><span class='ocrx_word' id='word_1_136' title='bbox 615 1917 973 1972; x_wconf 89' lang='lat' dir='ltr'>Christianos</span> <span class='ocrx_word' id='word_1_137' title='bbox 1006 1916 1257 1988; x_wconf 89' lang='lat' dir='ltr'>duplicis</span> <span class='ocrx_word' id='word_1_138' title='bbox 1287 1917 1479 1975; x_wconf 89' lang='lat' dir='ltr'>adhuc</span> <span class='ocrx_word' id='word_1_139' title='bbox 1510 1918 1746 1974; x_wconf 88' lang='lat' dir='ltr'>sceleris</span> <span class='ocrx_word' id='word_1_140' title='bbox 1786 1919 2049 1975; x_wconf 75' lang='lat' dir='ltr'>Caecilius</span> <span class='ocrx_word' id='word_1_141' title='bbox 2098 1935 2190 1974; x_wconf 88' lang='lat' dir='ltr'>ar-</span> 
     </span>
    </p>
   </div>
   <div class='ocr_carea' id='block_1_22' title="bbox 543 2005 2192 2081">
    <p class='ocr_par' dir='ltr' id='par_1_22' title="bbox 543 2005 2192 2081">
     <span class='ocr_line' id='line_1_22' title="bbox 543 2005 2192 2081; baseline 0.002 -21"><span class='ocrx_word' id='word_1_142' title='bbox 543 2006 709 2078; x_wconf 90' lang='lat' dir='ltr'>guit:</span> <span class='ocrx_word' id='word_1_143' title='bbox 742 2005 850 2068; x_wconf 91' lang='lat' dir='ltr'>Qui</span> <span class='ocrx_word' id='word_1_144' title='bbox 882 2005 1201 2071; x_wconf 90' lang='lat' dir='ltr'>hominem,</span> <span class='ocrx_word' id='word_1_145' title='bbox 1234 2005 1446 2077; x_wconf 83' lang='lat' dir='ltr'>inquit,</span> <span class='ocrx_word' id='word_1_146' title='bbox 1479 2024 1713 2064; x_wconf 89' lang='lat' dir='ltr'>summo</span> <span class='ocrx_word' id='word_1_147' title='bbox 1754 2008 2040 2081; x_wconf 89' lang='lat' dir='ltr'>supplicio</span> <span class='ocrx_word' id='word_1_148' title='bbox 2088 2023 2192 2080; x_wconf 91' lang='lat' dir='ltr'>pro</span> 
     </span>
    </p>
   </div>
   <div class='ocr_carea' id='block_1_23' title="bbox 545 2094 2192 2169">
    <p class='ocr_par' dir='ltr' id='par_1_23' title="bbox 545 2094 2192 2169">
     <span class='ocr_line' id='line_1_23' title="bbox 545 2094 2192 2169; baseline 0.002 -20"><span class='ocrx_word' id='word_1_149' title='bbox 545 2095 802 2150; x_wconf 81' lang='lat' dir='ltr'>facinore</span> <span class='ocrx_word' id='word_1_150' title='bbox 863 2094 1156 2165; x_wconf 88' lang='lat' dir='ltr'>punitum,</span> <span class='ocrx_word' id='word_1_151' title='bbox 1203 2099 1261 2149; x_wconf 92' lang='lat' dir='ltr'>et</span> <span class='ocrx_word' id='word_1_152' title='bbox 1298 2095 1486 2151; x_wconf 90' lang='lat' dir='ltr'>crucis</span> <span class='ocrx_word' id='word_1_153' title='bbox 1533 2096 1693 2169; x_wconf 89' lang='lat' dir='ltr'>ligna</span> <span class='ocrx_word' id='word_1_154' title='bbox 1740 2095 1941 2153; x_wconf 83' lang='lat' dir='ltr'>feralia</span> <span class='ocrx_word' id='word_1_155' title='bbox 1991 2114 2192 2154; x_wconf 89' lang='lat' dir='ltr'>eorum</span> 
     </span>
    </p>
   </div>
   <div class='ocr_carea' id='block_1_24' title="bbox 543 2183 2195 2257">
    <p class='ocr_par' dir='ltr' id='par_1_24' title="bbox 543 2183 2195 2257">
     <span class='ocr_line' id='line_1_24' title="bbox 543 2183 2195 2257; baseline 0.002 -19"><span class='ocrx_word' id='word_1_156' title='bbox 543 2183 909 2239; x_wconf 83' lang='lat' dir='ltr'>caerimonias</span> <span class='ocrx_word' id='word_1_157' title='bbox 942 2183 1297 2249; x_wconf 84' lang='lat' dir='ltr'>fabulantur,</span> <span class='ocrx_word' id='word_1_158' title='bbox 1328 2184 1417 2240; x_wconf 89' lang='lat' dir='ltr'>vel</span> <span class='ocrx_word' id='word_1_159' title='bbox 1459 2186 1671 2257; x_wconf 87' lang='lat' dir='ltr'>potius,</span> <span class='ocrx_word' id='word_1_160' title='bbox 1708 2186 2019 2253; x_wconf 83' lang='lat' dir='ltr'>fabulatur,</span> <span class='ocrx_word' id='word_1_161' title='bbox 2048 2202 2195 2243; x_wconf 90' lang='lat' dir='ltr'>con-</span> 
     </span>
    </p>
   </div>
   <div class='ocr_carea' id='block_1_25' title="bbox 544 2272 2192 2346">
    <p class='ocr_par' dir='ltr' id='par_1_25' title="bbox 544 2272 2192 2346">
     <span class='ocr_line' id='line_1_25' title="bbox 544 2272 2192 2346; baseline 0.002 -19"><span class='ocrx_word' id='word_1_162' title='bbox 544 2273 814 2344; x_wconf 89' lang='lat' dir='ltr'>gruentia</span> <span class='ocrx_word' id='word_1_163' title='bbox 844 2272 1084 2344; x_wconf 85' lang='lat' dir='ltr'>perditis</span> <span class='ocrx_word' id='word_1_164' title='bbox 1114 2272 1528 2346; x_wconf 86' lang='lat' dir='ltr'>sceleratisque</span> <span class='ocrx_word' id='word_1_165' title='bbox 1549 2275 1755 2331; x_wconf 89' lang='lat' dir='ltr'>tribuit</span> <span class='ocrx_word' id='word_1_166' title='bbox 1776 2275 1982 2331; x_wconf 90' lang='lat' dir='ltr'>altaria</span> <span class='ocrx_word' id='word_1_167' title='bbox 2008 2293 2021 2343; x_wconf 90' lang='lat'><strong>;</strong></span> <span class='ocrx_word' id='word_1_168' title='bbox 2048 2280 2113 2330; x_wconf 90' lang='lat' dir='ltr'>ut</span> <span class='ocrx_word' id='word_1_169' title='bbox 2134 2276 2192 2331; x_wconf 91' lang='lat' dir='ltr'>id</span> 
     </span>
    </p>
   </div>
   <div class='ocr_carea' id='block_1_26' title="bbox 544 2360 2192 2436">
    <p class='ocr_par' dir='ltr' id='par_1_26' title="bbox 544 2360 2192 2436">
     <span class='ocr_line' id='line_1_26' title="bbox 544 2360 2192 2436; baseline 0.002 -20"><span class='ocrx_word' id='word_1_170' title='bbox 544 2360 757 2431; x_wconf 87' lang='lat' dir='ltr'>colant,</span> <span class='ocrx_word' id='word_1_171' title='bbox 784 2362 939 2431; x_wconf 91' lang='lat' dir='ltr'>quod</span> <span class='ocrx_word' id='word_1_172' title='bbox 971 2367 1287 2417; x_wconf 90' lang='lat' dir='ltr'>merentur.</span> <span class='ocrx_word' id='word_1_173' title='bbox 1311 2381 1337 2414; x_wconf 76' lang='grc' dir='ltr'>ιι</span> <span class='ocrx_word' id='word_1_174' title='bbox 1375 2362 1559 2419; x_wconf 91' lang='lat' dir='ltr'>Audis</span> <span class='ocrx_word' id='word_1_175' title='bbox 1581 2377 1721 2419; x_wconf 89' lang='lat' dir='ltr'>sane</span> <span class='ocrx_word' id='word_1_176' title='bbox 1743 2365 2034 2436; x_wconf 92' lang='lat' dir='ltr'>quomodo</span> <span class='ocrx_word' id='word_1_177' title='bbox 2051 2380 2192 2436; x_wconf 88' lang='lat' dir='ltr'>gen-</span> 
     </span>
    </p>
   </div>
   <div class='ocr_carea' id='block_1_27' title="bbox 543 2446 2192 2522">
    <p class='ocr_par' dir='ltr' id='par_1_27' title="bbox 543 2446 2192 2522">
     <span class='ocr_line' id='line_1_27' title="bbox 543 2446 2192 2522; baseline 0.003 -20"><span class='ocrx_word' id='word_1_178' title='bbox 543 2446 676 2502; x_wconf 90' lang='lat' dir='ltr'>tiles</span> <span class='ocrx_word' id='word_1_179' title='bbox 715 2447 969 2518; x_wconf 90' lang='lat' dir='ltr'>duplicis</span> <span class='ocrx_word' id='word_1_180' title='bbox 1017 2448 1208 2503; x_wconf 89' lang='lat' dir='ltr'>adhuc</span> <span class='ocrx_word' id='word_1_181' title='bbox 1247 2449 1475 2521; x_wconf 81' lang='lat' dir='ltr'>nefarii,</span> <span class='ocrx_word' id='word_1_182' title='bbox 1516 2451 1600 2505; x_wconf 89' lang='lat' dir='ltr'>uti</span> <span class='ocrx_word' id='word_1_183' title='bbox 1648 2452 1950 2522; x_wconf 80' lang='lat' dir='ltr'>putabant,</span> <span class='ocrx_word' id='word_1_184' title='bbox 1996 2450 2192 2507; x_wconf 90' lang='lat' dir='ltr'>cultus</span> 
     </span>
    </p>
   </div>
   <div class='ocr_carea' id='block_1_28' title="bbox 544 2535 2192 2612">
    <p class='ocr_par' dir='ltr' id='par_1_28' title="bbox 544 2535 2192 2612">
     <span class='ocr_line' id='line_1_28' title="bbox 544 2535 2192 2612; baseline 0.003 -20"><span class='ocrx_word' id='word_1_185' title='bbox 544 2535 909 2592; x_wconf 90' lang='lat' dir='ltr'>Christianos</span> <span class='ocrx_word' id='word_1_186' title='bbox 931 2537 1446 2594; x_wconf 91' lang='lat' dir='ltr'>condemnaverint</span> <span class='ocrx_word' id='word_1_187' title='bbox 1468 2556 1482 2606; x_wconf 88' lang='lat'><strong>;</strong></span> <span class='ocrx_word' id='word_1_188' title='bbox 1509 2540 1696 2612; x_wconf 90' lang='lat' dir='ltr'>primo</span> <span class='ocrx_word' id='word_1_189' title='bbox 1719 2542 1873 2612; x_wconf 91' lang='lat' dir='ltr'>quod</span> <span class='ocrx_word' id='word_1_190' title='bbox 1894 2540 2192 2597; x_wconf 87' lang='lat' dir='ltr'>hominem</span> 
     </span>
    </p>
   </div>
   <div class='ocr_carea' id='block_1_29' title="bbox 543 2624 2195 2700">
    <p class='ocr_par' dir='ltr' id='par_1_29' title="bbox 543 2624 2195 2700">
     <span class='ocr_line' id='line_1_29' title="bbox 543 2624 2195 2700; baseline 0.004 -20"><span class='ocrx_word' id='word_1_191' title='bbox 543 2624 736 2680; x_wconf 90' lang='lat' dir='ltr'>crucis</span> <span class='ocrx_word' id='word_1_192' title='bbox 768 2624 1053 2697; x_wconf 87' lang='lat' dir='ltr'>supplicio</span> <span class='ocrx_word' id='word_1_193' title='bbox 1085 2644 1192 2682; x_wconf 91' lang='lat' dir='ltr'>sua</span> <span class='ocrx_word' id='word_1_194' title='bbox 1223 2632 1459 2700; x_wconf 83' lang='lat' dir='ltr'>prOpter</span> <span class='ocrx_word' id='word_1_195' title='bbox 1493 2628 1711 2685; x_wconf 91' lang='lat' dir='ltr'>scelera</span> <span class='ocrx_word' id='word_1_196' title='bbox 1739 2630 2008 2685; x_wconf 84' lang='lat' dir='ltr'>affectum</span> <span class='ocrx_word' id='word_1_197' title='bbox 2035 2647 2048 2697; x_wconf 89' lang='lat'><strong>;</strong></span> <span class='ocrx_word' id='word_1_198' title='bbox 2104 2645 2195 2686; x_wconf 87' lang='lat' dir='ltr'>se-</span> 
     </span>
    </p>
   </div>
   <div class='ocr_carea' id='block_1_30' title="bbox 544 2714 2194 2790">
    <p class='ocr_par' dir='ltr' id='par_1_30' title="bbox 544 2714 2194 2790">
     <span class='ocr_line' id='line_1_30' title="bbox 544 2714 2194 2790; baseline 0.002 -20"><span class='ocrx_word' id='word_1_199' title='bbox 544 2714 735 2770; x_wconf 90' lang='lat' dir='ltr'>cundo</span> <span class='ocrx_word' id='word_1_200' title='bbox 767 2714 920 2785; x_wconf 93' lang='lat' dir='ltr'>quod</span> <span class='ocrx_word' id='word_1_201' title='bbox 952 2714 1105 2771; x_wconf 76' lang='lat'><strong>528</strong></span> <span class='ocrx_word' id='word_1_202' title='bbox 1138 2731 1390 2782; x_wconf 89' lang='lat' dir='ltr'>crucem,</span> <span class='ocrx_word' id='word_1_203' title='bbox 1425 2716 1601 2772; x_wconf 85' lang='lat' dir='ltr'>ferale</span> <span class='ocrx_word' id='word_1_204' title='bbox 1621 2717 1890 2790; x_wconf 75' lang='lat' dir='ltr'>supplicii</span> <span class='ocrx_word' id='word_1_205' title='bbox 1922 2716 2079 2774; x_wconf 89' lang='lat' dir='ltr'>illius</span> <span class='ocrx_word' id='word_1_206' title='bbox 2106 2717 2194 2773; x_wconf 89' lang='lat' dir='ltr'>in-</span> 
     </span>
    </p>
   </div>
   <div class='ocr_carea' id='block_1_31' title="bbox 543 2804 1802 2867">
    <p class='ocr_par' dir='ltr' id='par_1_31' title="bbox 543 2804 1802 2867">
     <span class='ocr_line' id='line_1_31' title="bbox 543 2804 1802 2867; baseline 0.003 -9"><span class='ocrx_word' id='word_1_207' title='bbox 543 2806 967 2867; x_wconf 86' lang='lat' dir='ltr'>strumentum,</span> <span class='ocrx_word' id='word_1_208' title='bbox 999 2804 1254 2859; x_wconf 90' lang='lat' dir='ltr'>colerent</span> <span class='ocrx_word' id='word_1_209' title='bbox 1275 2822 1341 2861; x_wconf 88' lang='lat' dir='ltr'>ac</span> <span class='ocrx_word' id='word_1_210' title='bbox 1371 2810 1802 2863; x_wconf 89' lang='lat' dir='ltr'>venerarentur.</span> 
     </span>
    </p>
   </div>
   <div class='ocr_carea' id='block_1_32' title="bbox 613 2891 2195 2965">
    <p class='ocr_par' dir='ltr' id='par_1_32' title="bbox 613 2891 2195 2965">
     <span class='ocr_line' id='line_1_32' title="bbox 613 2891 2195 2965; baseline 0.003 -18"><span class='ocrx_word' id='word_1_211' title='bbox 613 2894 685 2947; x_wconf 89' lang='lat' dir='ltr'>At</span> <span class='ocrx_word' id='word_1_212' title='bbox 714 2891 1000 2948; x_wconf 85' lang='lat' dir='ltr'>Minucius</span> <span class='ocrx_word' id='word_1_213' title='bbox 1030 2896 1337 2965; x_wconf 89' lang='lat' dir='ltr'>utramque</span> <span class='ocrx_word' id='word_1_214' title='bbox 1368 2893 1527 2951; x_wconf 89' lang='lat' dir='ltr'>illam</span> <span class='ocrx_word' id='word_1_215' title='bbox 1567 2894 2034 2951; x_wconf 83' lang='lat' dir='ltr'>criminationem</span> <span class='ocrx_word' id='word_1_216' title='bbox 2089 2894 2195 2951; x_wconf 88' lang='lat' dir='ltr'>fal-</span> 
     </span>
    </p>
   </div>
   <div class='ocr_carea' id='block_1_33' title="bbox 2287 458 3850 534">
    <p class='ocr_par' dir='ltr' id='par_1_33' title="bbox 2287 458 3850 534">
     <span class='ocr_line' id='line_1_33' title="bbox 2287 458 3850 534; baseline 0 -19"><span class='ocrx_word' id='word_1_217' title='bbox 2287 460 2346 515; x_wconf 92' lang='lat' dir='ltr'>in</span> <span class='ocrx_word' id='word_1_218' title='bbox 2379 477 2517 533; x_wconf 90' lang='lat' dir='ltr'>quo,</span> <span class='ocrx_word' id='word_1_219' title='bbox 2550 465 2752 533; x_wconf 87' lang='lat' dir='ltr'>utpote</span> <span class='ocrx_word' id='word_1_220' title='bbox 2778 476 2912 517; x_wconf 90' lang='lat' dir='ltr'>vero</span> <span class='ocrx_word' id='word_1_221' title='bbox 2943 464 3001 516; x_wconf 90' lang='lat' dir='ltr'>et</span> <span class='ocrx_word' id='word_1_222' title='bbox 3029 458 3347 515; x_wconf 88' lang='lat' dir='ltr'>immortali</span> <span class='ocrx_word' id='word_1_223' title='bbox 3378 459 3485 517; x_wconf 88' lang='lat' dir='ltr'>Deo</span> <span class='ocrx_word' id='word_1_224' title='bbox 3523 479 3668 534; x_wconf 87' lang='lat' dir='ltr'>spem</span> <span class='ocrx_word' id='word_1_225' title='bbox 3708 473 3850 527; x_wconf 79' lang='lat' dir='ltr'>maxi.</span> 
     </span>
    </p>
   </div>
   <div class='ocr_carea' id='block_1_34' title="bbox 2287 548 3851 623">
    <p class='ocr_par' dir='ltr' id='par_1_34' title="bbox 2287 548 3851 623">
     <span class='ocr_line' id='line_1_34' title="bbox 2287 548 3851 623; baseline 0.007 -19"><span class='ocrx_word' id='word_1_226' title='bbox 2287 566 2447 605; x_wconf 89' lang='lat' dir='ltr'>mam</span> <span class='ocrx_word' id='word_1_227' title='bbox 2477 566 2709 623; x_wconf 88' lang='lat' dir='ltr'>semper</span> <span class='ocrx_word' id='word_1_228' title='bbox 2736 549 3032 606; x_wconf 89' lang='lat' dir='ltr'>habebant</span> <span class='ocrx_word' id='word_1_229' title='bbox 3051 548 3079 603; x_wconf 88' lang='lat'><strong>?</strong></span> <span class='ocrx_word' id='word_1_230' title='bbox 3109 552 3311 604; x_wconf 88' lang='lat' dir='ltr'>Nonne</span> <span class='ocrx_word' id='word_1_231' title='bbox 3338 554 3518 605; x_wconf 87' lang='lat' dir='ltr'>autem</span> <span class='ocrx_word' id='word_1_232' title='bbox 3548 550 3684 622; x_wconf 86' lang='lat' dir='ltr'>inde,</span> <span class='ocrx_word' id='word_1_233' title='bbox 3722 561 3774 612; x_wconf 89' lang='lat' dir='ltr'>ut</span> <span class='ocrx_word' id='word_1_234' title='bbox 3808 560 3851 615; x_wconf 89' lang='lat' dir='ltr'>id</span> 
     </span>
    </p>
   </div>
   <div class='ocr_carea' id='block_1_35' title="bbox 2289 636 3853 712">
    <p class='ocr_par' dir='ltr' id='par_1_35' title="bbox 2289 636 3853 712">
     <span class='ocr_line' id='line_1_35' title="bbox 2289 636 3853 712; baseline 0.005 -17"><span class='ocrx_word' id='word_1_235' title='bbox 2289 640 2478 695; x_wconf 87' lang='lat' dir='ltr'>obiter</span> <span class='ocrx_word' id='word_1_236' title='bbox 2506 640 2903 707; x_wconf 87' lang='lat' dir='ltr'>observemus,</span> <span class='ocrx_word' id='word_1_237' title='bbox 2936 643 3089 694; x_wconf 90' lang='lat' dir='ltr'>recte</span> <span class='ocrx_word' id='word_1_238' title='bbox 3119 636 3312 709; x_wconf 83' lang='lat' dir='ltr'>colligi</span> <span class='ocrx_word' id='word_1_239' title='bbox 3343 641 3523 710; x_wconf 84' lang='lat' dir='ltr'>potest</span> <span class='ocrx_word' id='word_1_240' title='bbox 3568 658 3853 712; x_wconf 83' lang='lat' dir='ltr'>persuasum</span> 
     </span>
    </p>
   </div>
   <div class='ocr_carea' id='block_1_36' title="bbox 2289 726 3856 799">
    <p class='ocr_par' dir='ltr' id='par_1_36' title="bbox 2289 726 3856 799">
     <span class='ocr_line' id='line_1_36' title="bbox 2289 726 3856 799; baseline 0.003 -14"><span class='ocrx_word' id='word_1_241' title='bbox 2289 727 2543 785; x_wconf 87' lang='lat' dir='ltr'>Minucio</span> <span class='ocrx_word' id='word_1_242' title='bbox 2575 745 2816 799; x_wconf 87' lang='lat' dir='ltr'>prorsus</span> <span class='ocrx_word' id='word_1_243' title='bbox 2848 728 3030 784; x_wconf 84' lang='lat' dir='ltr'>fuisse</span> <span class='ocrx_word' id='word_1_244' title='bbox 3058 726 3355 782; x_wconf 87' lang='lat' dir='ltr'>Christum</span> <span class='ocrx_word' id='word_1_245' title='bbox 3381 743 3505 783; x_wconf 79' lang='lat' dir='ltr'>esse</span> <span class='ocrx_word' id='word_1_246' title='bbox 3525 745 3703 785; x_wconf 89' lang='lat' dir='ltr'>verum</span> <span class='ocrx_word' id='word_1_247' title='bbox 3736 750 3856 791; x_wconf 90' lang='lat' dir='ltr'>sum-</span> 
     </span>
    </p>
   </div>
   <div class='ocr_carea' id='block_1_37' title="bbox 2291 815 3859 888">
    <p class='ocr_par' dir='ltr' id='par_1_37' title="bbox 2291 815 3859 888">
     <span class='ocr_line' id='line_1_37' title="bbox 2291 815 3859 888; baseline 0.004 -16"><span class='ocrx_word' id='word_1_248' title='bbox 2291 833 2574 887; x_wconf 90' lang='lat' dir='ltr'>mumque</span> <span class='ocrx_word' id='word_1_249' title='bbox 2603 816 2807 886; x_wconf 90' lang='lat' dir='ltr'>Deum,</span> <span class='ocrx_word' id='word_1_250' title='bbox 2839 820 3015 888; x_wconf 91' lang='lat' dir='ltr'>atque</span> <span class='ocrx_word' id='word_1_251' title='bbox 3044 815 3306 887; x_wconf 87' lang='lat' dir='ltr'>ejusdem</span> <span class='ocrx_word' id='word_1_252' title='bbox 3346 831 3475 870; x_wconf 91' lang='lat' dir='ltr'>cum</span> <span class='ocrx_word' id='word_1_253' title='bbox 3504 820 3693 874; x_wconf 66' lang='lat' dir='ltr'>aeterno</span> <span class='ocrx_word' id='word_1_254' title='bbox 3734 821 3859 879; x_wconf 84' lang='lat' dir='ltr'>Patre</span> 
     </span>
    </p>
   </div>
   <div class='ocr_carea' id='block_1_38' title="bbox 2291 903 3862 976">
    <p class='ocr_par' dir='ltr' id='par_1_38' title="bbox 2291 903 3862 976">
     <span class='ocr_line' id='line_1_38' title="bbox 2291 903 3862 976; baseline 0.003 -14"><span class='ocrx_word' id='word_1_255' title='bbox 2291 922 2400 963; x_wconf 86' lang='lat' dir='ltr'>suo</span> <span class='ocrx_word' id='word_1_256' title='bbox 2418 905 2799 962; x_wconf 72' lang='lat' dir='ltr'>substantiis?</span> <span class='ocrx_word' id='word_1_257' title='bbox 2811 905 2955 961; x_wconf 91' lang='lat' dir='ltr'>Nam</span> <span class='ocrx_word' id='word_1_258' title='bbox 2978 903 3096 975; x_wconf 92' lang='lat' dir='ltr'>ille,</span> <span class='ocrx_word' id='word_1_259' title='bbox 3114 904 3199 959; x_wconf 91' lang='lat' dir='ltr'>uti</span> <span class='ocrx_word' id='word_1_260' title='bbox 3212 920 3387 976; x_wconf 89' lang='lat' dir='ltr'>supra</span> <span class='ocrx_word' id='word_1_261' title='bbox 3402 906 3744 975; x_wconf 85' lang='lat' dir='ltr'>ostendimus,</span> <span class='ocrx_word' id='word_1_262' title='bbox 3763 927 3862 966; x_wconf 86' lang='lat' dir='ltr'>con-</span> 
     </span>
    </p>
   </div>
   <div class='ocr_carea' id='block_1_39' title="bbox 2293 993 3864 1063">
    <p class='ocr_par' dir='ltr' id='par_1_39' title="bbox 2293 993 3864 1063">
     <span class='ocr_line' id='line_1_39' title="bbox 2293 993 3864 1063; baseline 0.002 -12"><span class='ocrx_word' id='word_1_263' title='bbox 2293 994 2658 1051; x_wconf 88' lang='lat' dir='ltr'>stantissime</span> <span class='ocrx_word' id='word_1_264' title='bbox 2687 995 2904 1063; x_wconf 89' lang='lat' dir='ltr'>docuit,</span> <span class='ocrx_word' id='word_1_265' title='bbox 2939 1010 3125 1049; x_wconf 91' lang='lat' dir='ltr'>unum</span> <span class='ocrx_word' id='word_1_266' title='bbox 3157 993 3433 1048; x_wconf 86' lang='lat' dir='ltr'>duntaxat</span> <span class='ocrx_word' id='word_1_267' title='bbox 3449 1010 3571 1049; x_wconf 90' lang='lat' dir='ltr'>esse</span> <span class='ocrx_word' id='word_1_268' title='bbox 3589 993 3864 1055; x_wconf 88' lang='lat' dir='ltr'>Deum.Ubi</span> 
     </span>
    </p>
   </div>
   <div class='ocr_carea' id='block_1_40' title="bbox 2294 1081 3865 1156">
    <p class='ocr_par' dir='ltr' id='par_1_40' title="bbox 2294 1081 3865 1156">
     <span class='ocr_line' id='line_1_40' title="bbox 2294 1081 3865 1156; baseline 0.001 -15"><span class='ocrx_word' id='word_1_269' title='bbox 2294 1100 2430 1156; x_wconf 90' lang='lat' dir='ltr'>ergo</span> <span class='ocrx_word' id='word_1_270' title='bbox 2460 1084 2758 1141; x_wconf 88' lang='lat' dir='ltr'>Christum</span> <span class='ocrx_word' id='word_1_271' title='bbox 2793 1088 2974 1140; x_wconf 90' lang='lat' dir='ltr'>Deum</span> <span class='ocrx_word' id='word_1_272' title='bbox 3008 1081 3261 1156; x_wconf 83' lang='lat' dir='ltr'>agnovit,</span> <span class='ocrx_word' id='word_1_273' title='bbox 3319 1081 3397 1137; x_wconf 90' lang='lat' dir='ltr'>ibi</span> <span class='ocrx_word' id='word_1_274' title='bbox 3441 1081 3622 1154; x_wconf 91' lang='lat' dir='ltr'>ipsum</span> <span class='ocrx_word' id='word_1_275' title='bbox 3666 1086 3865 1156; x_wconf 84' lang='lat' dir='ltr'>profecto</span> 
     </span>
    </p>
   </div>
   <div class='ocr_carea' id='block_1_41' title="bbox 2295 1170 3867 1246">
    <p class='ocr_par' dir='ltr' id='par_1_41' title="bbox 2295 1170 3867 1246">
     <span class='ocr_line' id='line_1_41' title="bbox 2295 1170 3867 1246; baseline 0.001 -17"><span class='ocrx_word' id='word_1_276' title='bbox 2295 1190 2483 1229; x_wconf 89' lang='lat' dir='ltr'>unum</span> <span class='ocrx_word' id='word_1_277' title='bbox 2512 1174 2899 1246; x_wconf 90' lang='lat' dir='ltr'>eumdemque</span> <span class='ocrx_word' id='word_1_278' title='bbox 2929 1188 3065 1229; x_wconf 90' lang='lat' dir='ltr'>cum</span> <span class='ocrx_word' id='word_1_279' title='bbox 3093 1172 3263 1228; x_wconf 91' lang='lat' dir='ltr'>Patre</span> <span class='ocrx_word' id='word_1_280' title='bbox 3292 1187 3398 1226; x_wconf 90' lang='lat' dir='ltr'>suo</span> <span class='ocrx_word' id='word_1_281' title='bbox 3426 1170 3599 1227; x_wconf 90' lang='lat' dir='ltr'>Deum</span> <span class='ocrx_word' id='word_1_282' title='bbox 3626 1174 3867 1231; x_wconf 82' lang='lat' dir='ltr'>confessus</span> 
     </span>
    </p>
   </div>
   <div class='ocr_carea' id='block_1_42' title="bbox 2296 1266 2406 1319">
    <p class='ocr_par' dir='ltr' id='par_1_42' title="bbox 2296 1266 2406 1319">
     <span class='ocr_line' id='line_1_42' title="bbox 2296 1266 2406 1319; baseline -0.009 0"><span class='ocrx_word' id='word_1_283' title='bbox 2296 1266 2406 1319; x_wconf 92' lang='lat' dir='ltr'>est.</span> 
     </span>
    </p>
   </div>
   <div class='ocr_carea' id='block_1_43' title="bbox 2367 1348 3870 1424">
    <p class='ocr_par' dir='ltr' id='par_1_43' title="bbox 2367 1348 3870 1424">
     <span class='ocr_line' id='line_1_43' title="bbox 2367 1348 3870 1424; baseline 0.001 -19"><span class='ocrx_word' id='word_1_284' title='bbox 2367 1350 2636 1407; x_wconf 85' lang='lat' dir='ltr'>Petavius</span> <span class='ocrx_word' id='word_1_285' title='bbox 2666 1367 2803 1424; x_wconf 91' lang='lat' dir='ltr'>ergo</span> <span class='ocrx_word' id='word_1_286' title='bbox 2833 1368 2902 1407; x_wconf 84' lang='lat' dir='ltr'>ex</span> <span class='ocrx_word' id='word_1_287' title='bbox 2929 1351 3138 1407; x_wconf 89' lang='lat' dir='ltr'>iisdem</span> <span class='ocrx_word' id='word_1_288' title='bbox 3174 1348 3408 1406; x_wconf 80' lang='lat' dir='ltr'>Minucii</span> <span class='ocrx_word' id='word_1_289' title='bbox 3436 1349 3636 1415; x_wconf 91' lang='lat' dir='ltr'>verbis,</span> <span class='ocrx_word' id='word_1_290' title='bbox 3661 1350 3747 1406; x_wconf 88' lang='lat' dir='ltr'>sed</span> <span class='ocrx_word' id='word_1_291' title='bbox 3787 1350 3870 1408; x_wconf 77' lang='lat' dir='ltr'>alia</span> 
     </span>
    </p>
   </div>
   <div class='ocr_carea' id='block_1_44' title="bbox 2297 1436 3871 1512">
    <p class='ocr_par' dir='ltr' id='par_1_44' title="bbox 2297 1436 3871 1512">
     <span class='ocr_line' id='line_1_44' title="bbox 2297 1436 3871 1512; baseline 0 -17"><span class='ocrx_word' id='word_1_292' title='bbox 2297 1440 2521 1496; x_wconf 87' lang='lat' dir='ltr'>ratione</span> <span class='ocrx_word' id='word_1_293' title='bbox 2552 1440 2795 1512; x_wconf 90' lang='lat' dir='ltr'>probare</span> <span class='ocrx_word' id='word_1_294' title='bbox 2823 1444 3090 1507; x_wconf 90' lang='lat' dir='ltr'>conatur,</span> <span class='ocrx_word' id='word_1_295' title='bbox 3120 1438 3381 1511; x_wconf 90' lang='lat' dir='ltr'>agnitam</span> <span class='ocrx_word' id='word_1_296' title='bbox 3412 1437 3482 1493; x_wconf 90' lang='lat' dir='ltr'>ab</span> <span class='ocrx_word' id='word_1_297' title='bbox 3510 1436 3603 1493; x_wconf 92' lang='lat' dir='ltr'>illo</span> <span class='ocrx_word' id='word_1_298' title='bbox 3630 1437 3782 1495; x_wconf 84' lang='lat' dir='ltr'>fuisse</span> <span class='ocrx_word' id='word_1_299' title='bbox 3802 1456 3871 1495; x_wconf 84' lang='lat' dir='ltr'>su-</span> 
     </span>
    </p>
   </div>
   <div class='ocr_carea' id='block_1_45' title="bbox 2296 1527 3873 1602">
    <p class='ocr_par' dir='ltr' id='par_1_45' title="bbox 2296 1527 3873 1602">
     <span class='ocr_line' id='line_1_45' title="bbox 2296 1527 3873 1602; baseline -0.001 -18"><span class='ocrx_word' id='word_1_300' title='bbox 2296 1545 2559 1602; x_wconf 89' lang='lat' dir='ltr'>premam</span> <span class='ocrx_word' id='word_1_301' title='bbox 2591 1528 2806 1584; x_wconf 90' lang='lat' dir='ltr'>Christi</span> <span class='ocrx_word' id='word_1_302' title='bbox 2839 1528 3205 1584; x_wconf 85' lang='lat' dir='ltr'>divinitatem</span> <span class='ocrx_word' id='word_1_303' title='bbox 3240 1527 3477 1598; x_wconf 89' lang='lat' dir='ltr'>(Petav.,</span> <span class='ocrx_word' id='word_1_304' title='bbox 3508 1530 3639 1582; x_wconf 90' lang='lat' dir='ltr'>tom.</span> <span class='ocrx_word' id='word_1_305' title='bbox 3664 1527 3725 1594; x_wconf 88' lang='lat' dir='ltr'>Il,</span> <span class='ocrx_word' id='word_1_306' title='bbox 3754 1528 3873 1583; x_wconf 73' lang='grc' dir='ltr'>Πιερ-</span> 
     </span>
    </p>
   </div>
   <div class='ocr_carea' id='block_1_46' title="bbox 2298 1614 3875 1690">
    <p class='ocr_par' dir='ltr' id='par_1_46' title="bbox 2298 1614 3875 1690">
     <span class='ocr_line' id='line_1_46' title="bbox 2298 1614 3875 1690; baseline -0.002 -16"><span class='ocrx_word' id='word_1_307' title='bbox 2298 1619 2401 1690; x_wconf 84' lang='lat' dir='ltr'>log.</span> <span class='ocrx_word' id='word_1_308' title='bbox 2434 1618 2696 1687; x_wconf 85' lang='lat' dir='ltr'>dogmat.,</span> <span class='ocrx_word' id='word_1_309' title='bbox 2731 1617 2929 1690; x_wconf 83' lang='lat' dir='ltr'>praef.,</span> <span class='ocrx_word' id='word_1_310' title='bbox 2976 1633 3107 1689; x_wconf 88' lang='lat' dir='ltr'>cap.</span> <span class='ocrx_word' id='word_1_311' title='bbox 3137 1617 3192 1687; x_wconf 90' lang='lat'>5,</span> <span class='ocrx_word' id='word_1_312' title='bbox 3224 1617 3252 1685; x_wconf 88' lang='lat'>§</span> <span class='ocrx_word' id='word_1_313' title='bbox 3283 1615 3360 1687; x_wconf 89' lang='lat'>3).</span> <span class='ocrx_word' id='word_1_314' title='bbox 3410 1614 3608 1671; x_wconf 88' lang='lat' dir='ltr'>Censet</span> <span class='ocrx_word' id='word_1_315' title='bbox 3645 1615 3777 1671; x_wconf 91' lang='lat' dir='ltr'>enim</span> <span class='ocrx_word' id='word_1_316' title='bbox 3813 1616 3875 1671; x_wconf 79' lang='lat' dir='ltr'>vir</span> 
     </span>
    </p>
   </div>
   <div class='ocr_carea' id='block_1_47' title="bbox 2296 1703 3871 1771">
    <p class='ocr_par' dir='ltr' id='par_1_47' title="bbox 2296 1703 3871 1771">
     <span class='ocr_line' id='line_1_47' title="bbox 2296 1703 3871 1771; baseline -0.002 -9"><span class='ocrx_word' id='word_1_317' title='bbox 2296 1707 2504 1762; x_wconf 89' lang='lat' dir='ltr'>doctus</span> <span class='ocrx_word' id='word_1_318' title='bbox 2533 1705 2703 1761; x_wconf 90' lang='lat' dir='ltr'>illum</span> <span class='ocrx_word' id='word_1_319' title='bbox 2745 1706 2910 1762; x_wconf 89' lang='lat' dir='ltr'>fateri</span> <span class='ocrx_word' id='word_1_320' title='bbox 2964 1721 3168 1761; x_wconf 89' lang='lat' dir='ltr'>verum</span> <span class='ocrx_word' id='word_1_321' title='bbox 3225 1705 3413 1760; x_wconf 89' lang='lat' dir='ltr'>Deum</span> <span class='ocrx_word' id='word_1_322' title='bbox 3453 1720 3576 1760; x_wconf 90' lang='lat' dir='ltr'>esse</span> <span class='ocrx_word' id='word_1_323' title='bbox 3621 1703 3871 1771; x_wconf 80' lang='lat' dir='ltr'>Christum,</span> 
     </span>
    </p>
   </div>
   <div class='ocr_carea' id='block_1_48' title="bbox 2298 1792 3874 1866">
    <p class='ocr_par' dir='ltr' id='par_1_48' title="bbox 2298 1792 3874 1866">
     <span class='ocr_line' id='line_1_48' title="bbox 2298 1792 3874 1866; baseline -0.002 -16"><span class='ocrx_word' id='word_1_324' title='bbox 2298 1811 2477 1866; x_wconf 86' lang='lat' dir='ltr'>eoque</span> <span class='ocrx_word' id='word_1_325' title='bbox 2508 1794 2744 1851; x_wconf 91' lang='lat' dir='ltr'>nomine</span> <span class='ocrx_word' id='word_1_326' title='bbox 2792 1794 2903 1850; x_wconf 94' lang='lat' dir='ltr'>coli</span> <span class='ocrx_word' id='word_1_327' title='bbox 2953 1811 2987 1850; x_wconf 92' lang='lat' dir='ltr'>a</span> <span class='ocrx_word' id='word_1_328' title='bbox 3035 1792 3411 1860; x_wconf 88' lang='lat' dir='ltr'>Christianis,</span> <span class='ocrx_word' id='word_1_329' title='bbox 3458 1792 3874 1864; x_wconf 87' lang='lat' dir='ltr'>quemadmodum</span> 
     </span>
    </p>
   </div>
   <div class='ocr_carea' id='block_1_49' title="bbox 2299 1880 3875 1942">
    <p class='ocr_par' dir='ltr' id='par_1_49' title="bbox 2299 1880 3875 1942">
     <span class='ocr_line' id='line_1_49' title="bbox 2299 1880 3875 1942; baseline -0.004 0"><span class='ocrx_word' id='word_1_330' title='bbox 2299 1883 2518 1942; x_wconf 88' lang='lat' dir='ltr'>ethnici</span> <span class='ocrx_word' id='word_1_331' title='bbox 2540 1885 2679 1940; x_wconf 90' lang='lat' dir='ltr'>deos</span> <span class='ocrx_word' id='word_1_332' title='bbox 2702 1900 2840 1940; x_wconf 88' lang='lat' dir='ltr'>suos</span> <span class='ocrx_word' id='word_1_333' title='bbox 2866 1883 3320 1939; x_wconf 89' lang='lat' dir='ltr'>venerabantur.</span> <span class='ocrx_word' id='word_1_334' title='bbox 3353 1881 3464 1938; x_wconf 92' lang='lat' dir='ltr'>Sed</span> <span class='ocrx_word' id='word_1_335' title='bbox 3493 1880 3779 1936; x_wconf 90' lang='lat' dir='ltr'>doctissimi</span> <span class='ocrx_word' id='word_1_336' title='bbox 3801 1880 3875 1935; x_wconf 84' lang='lat' dir='ltr'>viri</span> 
     </span>
    </p>
   </div>
   <div class='ocr_carea' id='block_1_50' title="bbox 2302 1968 3867 2047">
    <p class='ocr_par' dir='ltr' id='par_1_50' title="bbox 2302 1968 3867 2047">
     <span class='ocr_line' id='line_1_50' title="bbox 2302 1968 3867 2047; baseline -0.004 -18"><span class='ocrx_word' id='word_1_337' title='bbox 2302 1990 2443 2047; x_wconf 90' lang='lat' dir='ltr'>pace</span> <span class='ocrx_word' id='word_1_338' title='bbox 2470 1973 2640 2029; x_wconf 91' lang='lat' dir='ltr'>nobis</span> <span class='ocrx_word' id='word_1_339' title='bbox 2672 1974 2864 2030; x_wconf 89' lang='lat' dir='ltr'>dicere</span> <span class='ocrx_word' id='word_1_340' title='bbox 2895 1972 3081 2043; x_wconf 88' lang='lat' dir='ltr'>liceat,</span> <span class='ocrx_word' id='word_1_341' title='bbox 3115 1972 3295 2044; x_wconf 89' lang='lat' dir='ltr'>paulo</span> <span class='ocrx_word' id='word_1_342' title='bbox 3325 1970 3618 2027; x_wconf 89' lang='lat' dir='ltr'>enodatius</span> <span class='ocrx_word' id='word_1_343' title='bbox 3635 1968 3867 2041; x_wconf 78' lang='lat' dir='ltr'>explicau-</span> 
     </span>
    </p>
   </div>
   <div class='ocr_carea' id='block_1_51' title="bbox 2302 2057 3878 2134">
    <p class='ocr_par' dir='ltr' id='par_1_51' title="bbox 2302 2057 3878 2134">
     <span class='ocr_line' id='line_1_51' title="bbox 2302 2057 3878 2134; baseline -0.004 -16"><span class='ocrx_word' id='word_1_344' title='bbox 2302 2063 2445 2118; x_wconf 88' lang='lat' dir='ltr'>dum</span> <span class='ocrx_word' id='word_1_345' title='bbox 2477 2063 2770 2134; x_wconf 91' lang='lat' dir='ltr'>quomodo</span> <span class='ocrx_word' id='word_1_346' title='bbox 2798 2061 2946 2118; x_wconf 91' lang='lat' dir='ltr'>illud</span> <span class='ocrx_word' id='word_1_347' title='bbox 2978 2078 3047 2117; x_wconf 82' lang='lat' dir='ltr'>ex</span> <span class='ocrx_word' id='word_1_348' title='bbox 3074 2060 3303 2133; x_wconf 86' lang='lat' dir='ltr'>paucis,</span> <span class='ocrx_word' id='word_1_349' title='bbox 3336 2076 3462 2131; x_wconf 61' lang='lat' dir='ltr'>quas</span> <span class='ocrx_word' id='word_1_350' title='bbox 3493 2060 3698 2131; x_wconf 86' lang='lat' dir='ltr'>integra</span> <span class='ocrx_word' id='word_1_351' title='bbox 3722 2057 3878 2113; x_wconf 87' lang='lat' dir='ltr'>retuli-</span> 
     </span>
    </p>
   </div>
   <div class='ocr_carea' id='block_1_52' title="bbox 2303 2146 3881 2220">
    <p class='ocr_par' dir='ltr' id='par_1_52' title="bbox 2303 2146 3881 2220">
     <span class='ocr_line' id='line_1_52' title="bbox 2303 2146 3881 2220; baseline -0.004 -14"><span class='ocrx_word' id='word_1_352' title='bbox 2303 2168 2458 2220; x_wconf 90' lang='lat' dir='ltr'>mus,</span> <span class='ocrx_word' id='word_1_353' title='bbox 2490 2150 2728 2207; x_wconf 89' lang='lat' dir='ltr'>Minucii</span> <span class='ocrx_word' id='word_1_354' title='bbox 2758 2149 2951 2206; x_wconf 90' lang='lat' dir='ltr'>verbis</span> <span class='ocrx_word' id='word_1_355' title='bbox 2983 2148 3179 2220; x_wconf 85' lang='lat' dir='ltr'>colligi</span> <span class='ocrx_word' id='word_1_356' title='bbox 3208 2148 3418 2220; x_wconf 87' lang='lat' dir='ltr'>possit.</span> <span class='ocrx_word' id='word_1_357' title='bbox 3451 2152 3523 2203; x_wconf 84' lang='lat' dir='ltr'>At</span> <span class='ocrx_word' id='word_1_358' title='bbox 3560 2147 3668 2202; x_wconf 73' lang='lat' dir='ltr'>htec</span> <span class='ocrx_word' id='word_1_359' title='bbox 3706 2146 3881 2201; x_wconf 88' lang='lat' dir='ltr'>videtur</span> 
     </span>
    </p>
   </div>
   <div class='ocr_carea' id='block_1_53' title="bbox 2302 2233 3883 2310">
    <p class='ocr_par' dir='ltr' id='par_1_53' title="bbox 2302 2233 3883 2310">
     <span class='ocr_line' id='line_1_53' title="bbox 2302 2233 3883 2310; baseline -0.006 -14"><span class='ocrx_word' id='word_1_360' title='bbox 2302 2256 2431 2296; x_wconf 89' lang='lat' dir='ltr'>esse</span> <span class='ocrx_word' id='word_1_361' title='bbox 2450 2238 2612 2295; x_wconf 90' lang='lat' dir='ltr'>illius</span> <span class='ocrx_word' id='word_1_362' title='bbox 2624 2237 3073 2310; x_wconf 87' lang='lat' dir='ltr'>argumentatio.</span> <span class='ocrx_word' id='word_1_363' title='bbox 3094 2236 3338 2307; x_wconf 87' lang='lat' dir='ltr'>Erratis,</span> <span class='ocrx_word' id='word_1_364' title='bbox 3362 2235 3595 2302; x_wconf 87' lang='lat' dir='ltr'>ethnici,</span> <span class='ocrx_word' id='word_1_365' title='bbox 3610 2234 3699 2305; x_wconf 88' lang='lat' dir='ltr'>qui</span> <span class='ocrx_word' id='word_1_366' title='bbox 3719 2233 3883 2306; x_wconf 79' lang='lat' dir='ltr'>putatis</span> 
     </span>
    </p>
   </div>
   <div class='ocr_carea' id='block_1_54' title="bbox 2303 2322 3885 2393">
    <p class='ocr_par' dir='ltr' id='par_1_54' title="bbox 2303 2322 3885 2393">
     <span class='ocr_line' id='line_1_54' title="bbox 2303 2322 3885 2393; baseline -0.006 -9"><span class='ocrx_word' id='word_1_367' title='bbox 2303 2322 2625 2393; x_wconf 81' lang='lat' dir='ltr'>hominem,</span> <span class='ocrx_word' id='word_1_368' title='bbox 2657 2344 2813 2383; x_wconf 90' lang='lat' dir='ltr'>mere</span> <span class='ocrx_word' id='word_1_369' title='bbox 2842 2332 3141 2383; x_wconf 90' lang='lat' dir='ltr'>terrenum</span> <span class='ocrx_word' id='word_1_370' title='bbox 3164 2342 3229 2381; x_wconf 83' lang='lat' dir='ltr'>ac</span> <span class='ocrx_word' id='word_1_371' title='bbox 3255 2324 3495 2381; x_wconf 89' lang='lat' dir='ltr'>noxium</span> <span class='ocrx_word' id='word_1_372' title='bbox 3524 2341 3556 2378; x_wconf 94' lang='lat' dir='ltr'>a</span> <span class='ocrx_word' id='word_1_373' title='bbox 3584 2322 3732 2378; x_wconf 88' lang='lat' dir='ltr'>nobis</span> <span class='ocrx_word' id='word_1_374' title='bbox 3750 2327 3885 2377; x_wconf 88' lang='lat' dir='ltr'>Deum</span> 
     </span>
    </p>
   </div>
   <div class='ocr_carea' id='block_1_55' title="bbox 2303 2409 3885 2474">
    <p class='ocr_par' dir='ltr' id='par_1_55' title="bbox 2303 2409 3885 2474">
     <span class='ocr_line' id='line_1_55' title="bbox 2303 2409 3885 2474; baseline -0.006 -1"><span class='ocrx_word' id='word_1_375' title='bbox 2303 2417 2479 2474; x_wconf 90' lang='lat' dir='ltr'>credi.</span> <span class='ocrx_word' id='word_1_376' title='bbox 2508 2417 2656 2472; x_wconf 90' lang='lat' dir='ltr'>Nam</span> <span class='ocrx_word' id='word_1_377' title='bbox 2677 2416 2976 2473; x_wconf 89' lang='lat' dir='ltr'>credimus</span> <span class='ocrx_word' id='word_1_378' title='bbox 2995 2415 3299 2472; x_wconf 88' lang='lat' dir='ltr'>Christum</span> <span class='ocrx_word' id='word_1_379' title='bbox 3327 2431 3441 2470; x_wconf 91' lang='lat' dir='ltr'>non</span> <span class='ocrx_word' id='word_1_380' title='bbox 3467 2413 3629 2469; x_wconf 92' lang='lat' dir='ltr'>modo</span> <span class='ocrx_word' id='word_1_381' title='bbox 3650 2409 3885 2467; x_wconf 77' lang='lat' dir='ltr'>innoxium</span> 
     </span>
    </p>
   </div>
   <div class='ocr_carea' id='block_1_56' title="bbox 2300 2499 3882 2576">
    <p class='ocr_par' dir='ltr' id='par_1_56' title="bbox 2300 2499 3882 2576">
     <span class='ocr_line' id='line_1_56' title="bbox 2300 2499 3882 2576; baseline -0.008 -13"><span class='ocrx_word' id='word_1_382' title='bbox 2300 2506 2625 2576; x_wconf 91' lang='lat' dir='ltr'>hominem,</span> <span class='ocrx_word' id='word_1_383' title='bbox 2658 2506 2760 2562; x_wconf 93' lang='lat' dir='ltr'>sed</span> <span class='ocrx_word' id='word_1_384' title='bbox 2790 2521 2995 2561; x_wconf 90' lang='lat' dir='ltr'>verum</span> <span class='ocrx_word' id='word_1_385' title='bbox 3024 2505 3200 2560; x_wconf 89' lang='lat' dir='ltr'>etiam</span> <span class='ocrx_word' id='word_1_386' title='bbox 3233 2503 3421 2559; x_wconf 88' lang='lat' dir='ltr'>fuisse</span> <span class='ocrx_word' id='word_1_387' title='bbox 3475 2502 3671 2569; x_wconf 88' lang='lat' dir='ltr'>Deum,</span> <span class='ocrx_word' id='word_1_388' title='bbox 3715 2499 3763 2554; x_wconf 91' lang='lat' dir='ltr'>in</span> <span class='ocrx_word' id='word_1_389' title='bbox 3801 2513 3882 2569; x_wconf 88' lang='lat' dir='ltr'>quo</span> 
     </span>
    </p>
   </div>
   <div class='ocr_carea' id='block_1_57' title="bbox 2303 2592 3365 2669">
    <p class='ocr_par' dir='ltr' id='par_1_57' title="bbox 2303 2592 3365 2669">
     <span class='ocr_line' id='line_1_57' title="bbox 2303 2592 3365 2669; baseline -0.005 -17"><span class='ocrx_word' id='word_1_390' title='bbox 2303 2612 2439 2669; x_wconf 89' lang='lat' dir='ltr'>spes</span> <span class='ocrx_word' id='word_1_391' title='bbox 2471 2599 2671 2651; x_wconf 90' lang='lat' dir='ltr'>nostra</span> <span class='ocrx_word' id='word_1_392' title='bbox 2704 2593 3047 2651; x_wconf 81' lang='lat' dir='ltr'>firmissime</span> <span class='ocrx_word' id='word_1_393' title='bbox 3068 2592 3365 2648; x_wconf 89' lang='lat' dir='ltr'>innititur.</span> 
     </span>
    </p>
   </div>
   <div class='ocr_carea' id='block_1_58' title="bbox 2375 2694 3886 2773">
    <p class='ocr_par' dir='ltr' id='par_1_58' title="bbox 2375 2694 3886 2773">
     <span class='ocr_line' id='line_1_58' title="bbox 2375 2694 3886 2773; baseline -0.007 -16"><span class='ocrx_word' id='word_1_394' title='bbox 2375 2700 2688 2758; x_wconf 89' lang='lat' dir='ltr'>Christiani</span> <span class='ocrx_word' id='word_1_395' title='bbox 2703 2701 2997 2773; x_wconf 86' lang='lat' dir='ltr'>siquidem</span> <span class='ocrx_word' id='word_1_396' title='bbox 3020 2700 3093 2756; x_wconf 89' lang='lat' dir='ltr'>ab</span> <span class='ocrx_word' id='word_1_397' title='bbox 3108 2698 3367 2756; x_wconf 89' lang='lat' dir='ltr'>ethnicis</span> <span class='ocrx_word' id='word_1_398' title='bbox 3401 2694 3886 2769; x_wconf 87' lang='lat' dir='ltr'>judicibusinterro-</span> 
     </span>
    </p>
   </div>
   <div class='ocr_carea' id='block_1_59' title="bbox 2304 2780 3884 2865">
    <p class='ocr_par' dir='ltr' id='par_1_59' title="bbox 2304 2780 3884 2865">
     <span class='ocr_line' id='line_1_59' title="bbox 2304 2780 3884 2865; baseline -0.009 -17"><span class='ocrx_word' id='word_1_399' title='bbox 2304 2793 2561 2865; x_wconf 90' lang='lat' dir='ltr'>gati,nec</span> <span class='ocrx_word' id='word_1_400' title='bbox 2582 2790 3021 2846; x_wconf 88' lang='lat' dir='ltr'>imminentium</span> <span class='ocrx_word' id='word_1_401' title='bbox 3045 2787 3477 2861; x_wconf 77' lang='lat' dir='ltr'>suppliciorum</span> <span class='ocrx_word' id='word_1_402' title='bbox 3501 2790 3649 2842; x_wconf 89' lang='lat' dir='ltr'>metu</span> <span class='ocrx_word' id='word_1_403' title='bbox 3667 2780 3884 2848; x_wconf 84' lang='lat' dir='ltr'>deterriti,</span> 
     </span>
    </p>
   </div>
   <div class='ocr_carea' id='block_1_60' title="bbox 2305 2871 3888 2947">
    <p class='ocr_par' dir='ltr' id='par_1_60' title="bbox 2305 2871 3888 2947">
     <span class='ocr_line' id='line_1_60' title="bbox 2305 2871 3888 2947; baseline -0.01 -9"><span class='ocrx_word' id='word_1_404' title='bbox 2305 2880 2461 2938; x_wconf 74' lang='lat'>529</span> <span class='ocrx_word' id='word_1_405' title='bbox 2491 2882 2847 2947; x_wconf 88' lang='lat' dir='ltr'>constanter,</span> <span class='ocrx_word' id='word_1_406' title='bbox 2881 2878 3036 2934; x_wconf 90' lang='lat' dir='ltr'>sicut</span> <span class='ocrx_word' id='word_1_407' title='bbox 3062 2876 3299 2933; x_wconf 89' lang='lat' dir='ltr'>Plinius</span> <span class='ocrx_word' id='word_1_408' title='bbox 3331 2877 3403 2933; x_wconf 89' lang='lat' dir='ltr'>ad</span> <span class='ocrx_word' id='word_1_409' title='bbox 3433 2876 3724 2946; x_wconf 84' lang='lat' dir='ltr'>Trajanum</span> <span class='ocrx_word' id='word_1_410' title='bbox 3750 2871 3888 2941; x_wconf 84' lang='lat' dir='ltr'>impe-</span> 
     </span>
    </p>
   </div>
   <div class='ocr_carea' id='block_1_61' title="bbox 544 2956 2197 3056">
    <p class='ocr_par' dir='ltr' id='par_1_61' title="bbox 544 2980 2196 3056">
     <span class='ocr_line' id='line_1_61' title="bbox 544 2980 2196 3056; baseline 0.001 -19"><span class='ocrx_word' id='word_1_411' title='bbox 544 2996 671 3037; x_wconf 88' lang='lat' dir='ltr'>sam</span> <span class='ocrx_word' id='word_1_412' title='bbox 712 2997 841 3037; x_wconf 90' lang='lat' dir='ltr'>esse</span> <span class='ocrx_word' id='word_1_413' title='bbox 892 2980 1230 3052; x_wconf 90' lang='lat' dir='ltr'>singulatim</span> <span class='ocrx_word' id='word_1_414' title='bbox 1272 2983 1545 3038; x_wconf 86' lang='lat' dir='ltr'>ostendit.</span> <span class='ocrx_word' id='word_1_415' title='bbox 1598 2984 1685 3038; x_wconf 81' lang='lat' dir='ltr'>Ad</span> <span class='ocrx_word' id='word_1_416' title='bbox 1737 2984 1990 3056; x_wconf 91' lang='lat' dir='ltr'>priorem</span> <span class='ocrx_word' id='word_1_417' title='bbox 2039 2984 2196 3041; x_wconf 89' lang='lat' dir='ltr'>enim</span> 
     </span>
    </p>
   </div>
   <div class='ocr_carea' id='block_1_62' title="bbox 2304 2956 3887 3056">
    <p class='ocr_par' dir='ltr' id='par_1_62' title="bbox 2306 2956 3887 3056">
     <span class='ocr_line' id='line_1_62' title="bbox 2306 2956 3887 3056; baseline -0.008 -31"><span class='ocrx_word' id='word_1_418' title='bbox 2306 2973 2558 3025; x_wconf 88' lang='lat' dir='ltr'>ratorem</span> <span class='ocrx_word' id='word_1_419' title='bbox 2590 2967 2848 3039; x_wconf 88' lang='lat' dir='ltr'>scripsit,</span> <span class='ocrx_word' id='word_1_420' title='bbox 2883 2966 3359 3039; x_wconf 86' lang='lat' dir='ltr'>respondebant:</span> <span class='ocrx_word' id='word_1_421' title='bbox 3391 2987 3420 3015; x_wconf 84' lang='lat'><strong>«</strong></span> <span class='ocrx_word' id='word_1_422' title='bbox 3443 2965 3672 3021; x_wconf 87' lang='lat' dir='ltr'>Carmen</span> <span class='ocrx_word' id='word_1_423' title='bbox 3695 2956 3887 3056; x_wconf 75' lang='lat' dir='ltr'>Christo,</span> 
     </span>
    </p>
   </div>
   <div class='ocr_carea' id='block_1_63' title="bbox 545 3048 2197 3144">
    <p class='ocr_par' dir='ltr' id='par_1_63' title="bbox 545 3048 2195 3144">
     <span class='ocr_line' id='line_1_63' title="bbox 545 3048 2195 3144; baseline 0.002 -19"><span class='ocrx_word' id='word_1_424' title='bbox 545 3070 701 3142; x_wconf 91' lang='lat' dir='ltr'>quod</span> <span class='ocrx_word' id='word_1_425' title='bbox 736 3048 1216 3142; x_wconf 32' lang='lat' dir='ltr'>spectatfpalam</span> <span class='ocrx_word' id='word_1_426' title='bbox 1266 3071 1362 3126; x_wconf 92' lang='lat' dir='ltr'>ille</span> <span class='ocrx_word' id='word_1_427' title='bbox 1413 3048 1863 3144; x_wconf 66' lang='lat' dir='ltr'>constanterque</span> <span class='ocrx_word' id='word_1_428' title='bbox 1902 3076 2195 3129; x_wconf 86' lang='lat' dir='ltr'>asseverat</span> 
     </span>
    </p>
   </div>
   <div class='ocr_carea' id='block_1_64' title="bbox 2304 3048 3891 3144">
    <p class='ocr_par' dir='ltr' id='par_1_64' title="bbox 2308 3048 3891 3142">
     <span class='ocr_line' id='line_1_64' title="bbox 2308 3048 3891 3142; baseline -0.01 -28"><span class='ocrx_word' id='word_1_429' title='bbox 2308 3058 2477 3131; x_wconf 91' lang='lat' dir='ltr'>quasi</span> <span class='ocrx_word' id='word_1_430' title='bbox 2510 3062 2645 3125; x_wconf 89' lang='lat' dir='ltr'>Deo,</span> <span class='ocrx_word' id='word_1_431' title='bbox 2680 3056 2871 3112; x_wconf 91' lang='lat' dir='ltr'>dicere</span> <span class='ocrx_word' id='word_1_432' title='bbox 2896 3071 3095 3112; x_wconf 89' lang='lat' dir='ltr'>secum</span> <span class='ocrx_word' id='word_1_433' title='bbox 3127 3054 3408 3125; x_wconf 89' lang='lat' dir='ltr'>invicem,</span> <span class='ocrx_word' id='word_1_434' title='bbox 3431 3072 3459 3106; x_wconf 74' lang='grc' dir='ltr'>ι</span> <span class='ocrx_word' id='word_1_435' title='bbox 3497 3053 3552 3108; x_wconf 90' lang='lat' dir='ltr'>id</span> <span class='ocrx_word' id='word_1_436' title='bbox 3588 3054 3685 3122; x_wconf 90' lang='lat' dir='ltr'>est,</span> <span class='ocrx_word' id='word_1_437' title='bbox 3705 3048 3891 3142; x_wconf 70' lang='lat' dir='ltr'>Christo,</span> 
     </span>
    </p>
   </div>
   <div class='ocr_carea' id='block_1_65' title="bbox 546 3135 3891 3233">
    <p class='ocr_par' dir='ltr' id='par_1_65' title="bbox 546 3135 3891 3233">
     <span class='ocr_line' id='line_1_65' title="bbox 546 3135 3891 3233; baseline -0.001 -19"><span class='ocrx_word' id='word_1_438' title='bbox 546 3135 797 3231; x_wconf 77' lang='lat' dir='ltr'>gentiles</span> <span class='ocrx_word' id='word_1_439' title='bbox 827 3158 946 3213; x_wconf 89' lang='lat' dir='ltr'>falli</span> <span class='ocrx_word' id='word_1_440' title='bbox 978 3135 1238 3225; x_wconf 79' lang='lat' dir='ltr'>omnino,</span> <span class='ocrx_word' id='word_1_441' title='bbox 1287 3164 1525 3231; x_wconf 89' lang='lat' dir='ltr'>totaque</span> <span class='ocrx_word' id='word_1_442' title='bbox 1574 3135 1783 3217; x_wconf 44' lang='lat' dir='ltr'>errare.</span> <span class='ocrx_word' id='word_1_443' title='bbox 1814 3160 1925 3227; x_wconf 90' lang='lat' dir='ltr'>via,</span> <span class='ocrx_word' id='word_1_444' title='bbox 1977 3162 2080 3233; x_wconf 89' lang='lat' dir='ltr'>qui</span> <span class='ocrx_word' id='word_1_445' title='bbox 2136 3162 2195 3218; x_wconf 91' lang='lat' dir='ltr'>in</span> <span class='ocrx_word' id='word_1_446' title='bbox 2226 3135 2270 3178; x_wconf 62' lang='grc' dir='ltr'>υ</span> <span class='ocrx_word' id='word_1_447' title='bbox 2309 3162 2487 3219; x_wconf 72' lang='lat' dir='ltr'>quem</span> <span class='ocrx_word' id='word_1_448' title='bbox 2517 3162 2720 3202; x_wconf 63' lang='lat' dir='ltr'>verum</span> <span class='ocrx_word' id='word_1_449' title='bbox 2750 3145 2933 3202; x_wconf 72' lang='lat' dir='ltr'>Deum</span> <span class='ocrx_word' id='word_1_450' title='bbox 2964 3160 3093 3200; x_wconf 74' lang='grc'><strong>68⁸6</strong></span> <span class='ocrx_word' id='word_1_451' title='bbox 3123 3145 3490 3210; x_wconf 62' lang='lat' dir='ltr'>asserebant.</span> <span class='ocrx_word' id='word_1_452' title='bbox 3521 3135 3891 3233; x_wconf 27' lang='lat' dir='ltr'>etAl‘luaiesr‘m</span> 
     </span>
    </p>
   </div>
   <div class='ocr_carea' id='block_1_66' title="bbox 548 3226 3888 3320">
    <p class='ocr_par' dir='ltr' id='par_1_66' title="bbox 548 3226 3888 3320">
     <span class='ocr_line' id='line_1_66' title="bbox 548 3226 3888 3320; baseline -0.002 -31"><span class='ocrx_word' id='word_1_453' title='bbox 548 3226 725 3304; x_wconf 58' lang='lat' dir='ltr'>gnum</span> <span class='ocrx_word' id='word_1_454' title='bbox 756 3247 1065 3303; x_wconf 67' lang='lat' dir='ltr'>induxerat</span> <span class='ocrx_word' id='word_1_455' title='bbox 1095 3249 1381 3315; x_wconf 66' lang='lat' dir='ltr'>animum,</span> <span class='ocrx_word' id='word_1_456' title='bbox 1424 3226 1719 3305; x_wconf 47' lang='lat' dir='ltr'>hominem</span> <span class='ocrx_word' id='word_1_457' title='bbox 1769 3226 2088 3320; x_wconf 52' lang='grc' dir='ltr'>ιθνιιόηιὶω,</span> <span class='ocrx_word' id='word_1_458' title='bbox 2131 3267 2198 3307; x_wconf 74' lang='lat' dir='ltr'>ac</span> <span class='ocrx_word' id='word_1_459' title='bbox 2303 3236 2499 3291; x_wconf 85' lang='lat' dir='ltr'>visum</span> <span class='ocrx_word' id='word_1_460' title='bbox 2529 3234 2784 3301; x_wconf 76' lang='lat' dir='ltr'>Patavio,</span> <span class='ocrx_word' id='word_1_461' title='bbox 2807 3233 3028 3290; x_wconf 86' lang='lat' dir='ltr'>ethnici</span> <span class='ocrx_word' id='word_1_462' title='bbox 3049 3248 3180 3290; x_wconf 76' lang='grc'>6888</span> <span class='ocrx_word' id='word_1_463' title='bbox 3198 3233 3348 3290; x_wconf 84' lang='lat' dir='ltr'>deos</span> <span class='ocrx_word' id='word_1_464' title='bbox 3371 3248 3509 3289; x_wconf 80' lang='lat' dir='ltr'>suos</span> <span class='ocrx_word' id='word_1_465' title='bbox 3530 3226 3888 3287; x_wconf 63' lang='lat' dir='ltr'>arbitrabantur</span> 
     </span>
    </p>
   </div>
   <div class='ocr_carea' id='block_1_67' title="bbox 547 3337 2202 3410">
    <p class='ocr_par' dir='ltr' id='par_1_67' title="bbox 547 3337 2202 3410">
     <span class='ocr_line' id='line_1_67' title="bbox 547 3337 2202 3410; baseline 0.002 -17"><span class='ocrx_word' id='word_1_466' title='bbox 547 3337 703 3393; x_wconf 92' lang='lat' dir='ltr'>cruci</span> <span class='ocrx_word' id='word_1_467' title='bbox 735 3353 845 3392; x_wconf 90' lang='lat' dir='ltr'>sua</span> <span class='ocrx_word' id='word_1_468' title='bbox 873 3341 1107 3409; x_wconf 88' lang='lat' dir='ltr'>pr0pter</span> <span class='ocrx_word' id='word_1_469' title='bbox 1135 3338 1384 3394; x_wconf 90' lang='lat' dir='ltr'>crimina</span> <span class='ocrx_word' id='word_1_470' title='bbox 1413 3338 1713 3410; x_wconf 80' lang='lat' dir='ltr'>sufﬁxum,</span> <span class='ocrx_word' id='word_1_471' title='bbox 1766 3340 2052 3396; x_wconf 90' lang='lat' dir='ltr'>meruisse</span> <span class='ocrx_word' id='word_1_472' title='bbox 2099 3346 2202 3397; x_wconf 91' lang='lat' dir='ltr'>aut</span> 
     </span>
    </p>
   </div>
   <div class='ocr_carea' id='block_1_68' title="bbox 547 3426 2198 3501">
    <p class='ocr_par' dir='ltr' id='par_1_68' title="bbox 547 3426 2198 3501">
     <span class='ocr_line' id='line_1_68' title="bbox 547 3426 2198 3501; baseline 0.002 -19"><span class='ocrx_word' id='word_1_473' title='bbox 547 3426 810 3500; x_wconf 89' lang='lat' dir='ltr'>potuisse</span> <span class='ocrx_word' id='word_1_474' title='bbox 838 3444 872 3482; x_wconf 89' lang='lat' dir='ltr'>a</span> <span class='ocrx_word' id='word_1_475' title='bbox 900 3426 1246 3483; x_wconf 88' lang='lat' dir='ltr'>Christianis</span> <span class='ocrx_word' id='word_1_476' title='bbox 1268 3427 1451 3484; x_wconf 87' lang='lat' dir='ltr'>Deum</span> <span class='ocrx_word' id='word_1_477' title='bbox 1483 3428 1661 3497; x_wconf 92' lang='lat' dir='ltr'>credi,</span> <span class='ocrx_word' id='word_1_478' title='bbox 1698 3433 1870 3501; x_wconf 91' lang='lat' dir='ltr'>atque</span> <span class='ocrx_word' id='word_1_479' title='bbox 1912 3447 1978 3486; x_wconf 91' lang='lat' dir='ltr'>eo</span> <span class='ocrx_word' id='word_1_480' title='bbox 2026 3429 2198 3486; x_wconf 89' lang='lat' dir='ltr'>titulo</span> 
     </span>
    </p>
   </div>
   <div class='ocr_carea' id='block_1_69' title="bbox 548 3514 2199 3587">
    <p class='ocr_par' dir='ltr' id='par_1_69' title="bbox 548 3514 2199 3587">
     <span class='ocr_line' id='line_1_69' title="bbox 548 3514 2199 3587; baseline 0.002 -16"><span class='ocrx_word' id='word_1_481' title='bbox 548 3516 812 3571; x_wconf 90' lang='lat' dir='ltr'>divinum</span> <span class='ocrx_word' id='word_1_482' title='bbox 844 3514 957 3587; x_wconf 90' lang='lat' dir='ltr'>ipsi</span> <span class='ocrx_word' id='word_1_483' title='bbox 988 3516 1059 3570; x_wconf 91' lang='lat' dir='ltr'>ab</span> <span class='ocrx_word' id='word_1_484' title='bbox 1090 3516 1208 3571; x_wconf 90' lang='lat' dir='ltr'>illis</span> <span class='ocrx_word' id='word_1_485' title='bbox 1236 3516 1416 3572; x_wconf 89' lang='lat' dir='ltr'>tribui</span> <span class='ocrx_word' id='word_1_486' title='bbox 1457 3518 1759 3575; x_wconf 88' lang='lat' dir='ltr'>honorem.</span> <span class='ocrx_word' id='word_1_487' title='bbox 1812 3519 2199 3575; x_wconf 90' lang='lat' dir='ltr'>Persuasissi-</span> 
     </span>
    </p>
   </div>
   <div class='ocr_carea' id='block_1_70' title="bbox 551 3603 2200 3679">
    <p class='ocr_par' dir='ltr' id='par_1_70' title="bbox 551 3603 2200 3679">
     <span class='ocr_line' id='line_1_70' title="bbox 551 3603 2200 3679; baseline 0.003 -20"><span class='ocrx_word' id='word_1_488' title='bbox 551 3620 714 3659; x_wconf 92' lang='lat' dir='ltr'>mum</span> <span class='ocrx_word' id='word_1_489' title='bbox 748 3604 964 3676; x_wconf 89' lang='lat' dir='ltr'>quippe</span> <span class='ocrx_word' id='word_1_490' title='bbox 984 3603 1160 3661; x_wconf 91' lang='lat' dir='ltr'>iidem</span> <span class='ocrx_word' id='word_1_491' title='bbox 1184 3605 1499 3661; x_wconf 87' lang='lat' dir='ltr'>Christiani</span> <span class='ocrx_word' id='word_1_492' title='bbox 1524 3606 1819 3662; x_wconf 87' lang='lat' dir='ltr'>habebant</span> <span class='ocrx_word' id='word_1_493' title='bbox 1838 3624 1937 3663; x_wconf 88' lang='lat' dir='ltr'>eos</span> <span class='ocrx_word' id='word_1_494' title='bbox 1958 3624 2200 3679; x_wconf 89' lang='lat' dir='ltr'>prorsus</span> 
     </span>
    </p>
   </div>
   <div class='ocr_carea' id='block_1_71' title="bbox 549 3692 2198 3768">
    <p class='ocr_par' dir='ltr' id='par_1_71' title="bbox 549 3692 2198 3768">
     <span class='ocr_line' id='line_1_71' title="bbox 549 3692 2198 3768; baseline 0.002 -19"><span class='ocrx_word' id='word_1_495' title='bbox 549 3709 679 3749; x_wconf 91' lang='lat' dir='ltr'>esse</span> <span class='ocrx_word' id='word_1_496' title='bbox 710 3692 1089 3762; x_wconf 88' lang='lat' dir='ltr'>miserabiles,</span> <span class='ocrx_word' id='word_1_497' title='bbox 1131 3695 1232 3766; x_wconf 90' lang='lat' dir='ltr'>qui</span> <span class='ocrx_word' id='word_1_498' title='bbox 1263 3712 1427 3767; x_wconf 90' lang='lat' dir='ltr'>spem</span> <span class='ocrx_word' id='word_1_499' title='bbox 1457 3695 1517 3750; x_wconf 91' lang='lat' dir='ltr'>in</span> <span class='ocrx_word' id='word_1_500' title='bbox 1565 3696 1797 3751; x_wconf 89' lang='lat' dir='ltr'>mortali</span> <span class='ocrx_word' id='word_1_501' title='bbox 1831 3699 2058 3768; x_wconf 89' lang='lat' dir='ltr'>ponunt</span> <span class='ocrx_word' id='word_1_502' title='bbox 2094 3696 2198 3752; x_wconf 92' lang='lat' dir='ltr'>ho-</span> 
     </span>
    </p>
   </div>
   <div class='ocr_carea' id='block_1_72' title="bbox 553 3780 2199 3858">
    <p class='ocr_par' dir='ltr' id='par_1_72' title="bbox 553 3780 2199 3858">
     <span class='ocr_line' id='line_1_72' title="bbox 553 3780 2199 3858; baseline 0.002 -21"><span class='ocrx_word' id='word_1_503' title='bbox 553 3780 732 3850; x_wconf 90' lang='lat' dir='ltr'>mine,</span> <span class='ocrx_word' id='word_1_504' title='bbox 757 3798 871 3854; x_wconf 92' lang='lat' dir='ltr'>quo</span> <span class='ocrx_word' id='word_1_505' title='bbox 903 3788 1155 3853; x_wconf 84' lang='lat' dir='ltr'>mortuo,</span> <span class='ocrx_word' id='word_1_506' title='bbox 1197 3784 1353 3855; x_wconf 91' lang='lat' dir='ltr'>quod</span> <span class='ocrx_word' id='word_1_507' title='bbox 1393 3784 1463 3839; x_wconf 89' lang='lat' dir='ltr'>ab</span> <span class='ocrx_word' id='word_1_508' title='bbox 1514 3782 1614 3840; x_wconf 94' lang='lat' dir='ltr'>illo</span> <span class='ocrx_word' id='word_1_509' title='bbox 1662 3788 1995 3855; x_wconf 88' lang='lat' dir='ltr'>exspectare</span> <span class='ocrx_word' id='word_1_510' title='bbox 2040 3790 2199 3858; x_wconf 88' lang='lat' dir='ltr'>pote-</span> 
     </span>
    </p>
   </div>
   <div class='ocr_carea' id='block_1_73' title="bbox 553 3870 1470 3939">
    <p class='ocr_par' dir='ltr' id='par_1_73' title="bbox 553 3870 1470 3939">
     <span class='ocr_line' id='line_1_73' title="bbox 553 3870 1470 3939; baseline 0.001 -13"><span class='ocrx_word' id='word_1_511' title='bbox 553 3875 707 3939; x_wconf 90' lang='lat' dir='ltr'>rant,</span> <span class='ocrx_word' id='word_1_512' title='bbox 736 3870 1017 3927; x_wconf 83' lang='lat' dir='ltr'>auxilium</span> <span class='ocrx_word' id='word_1_513' title='bbox 1048 3888 1219 3927; x_wconf 91' lang='lat' dir='ltr'>omne</span> <span class='ocrx_word' id='word_1_514' title='bbox 1247 3872 1470 3927; x_wconf 86' lang='lat' dir='ltr'>ﬁnitur.</span> 
     </span>
    </p>
   </div>
   <div class='ocr_carea' id='block_1_74' title="bbox 624 3960 2202 4032">
    <p class='ocr_par' dir='ltr' id='par_1_74' title="bbox 624 3960 2202 4032">
     <span class='ocr_line' id='line_1_74' title="bbox 624 3960 2202 4032; baseline 0.002 -16"><span class='ocrx_word' id='word_1_515' title='bbox 624 3961 734 4016; x_wconf 90' lang='lat' dir='ltr'>Sed</span> <span class='ocrx_word' id='word_1_516' title='bbox 768 3960 1014 4032; x_wconf 90' lang='lat' dir='ltr'>ipsemet</span> <span class='ocrx_word' id='word_1_517' title='bbox 1046 3961 1335 4016; x_wconf 89' lang='lat' dir='ltr'>Minucius</span> <span class='ocrx_word' id='word_1_518' title='bbox 1356 3961 1685 4017; x_wconf 90' lang='lat' dir='ltr'>audiendus</span> <span class='ocrx_word' id='word_1_519' title='bbox 1707 3966 1833 4017; x_wconf 89' lang='lat' dir='ltr'>est:</span> <span class='ocrx_word' id='word_1_520' title='bbox 1869 3984 1897 4013; x_wconf 85' lang='lat'><strong>«</strong></span> <span class='ocrx_word' id='word_1_521' title='bbox 1922 3963 2084 4028; x_wconf 88' lang='lat' dir='ltr'>Quod</span> <span class='ocrx_word' id='word_1_522' title='bbox 2113 3979 2202 4019; x_wconf 90' lang='lat' dir='ltr'>re-</span> 
     </span>
    </p>
   </div>
   <div class='ocr_carea' id='block_1_75' title="bbox 552 4048 2203 4124">
    <p class='ocr_par' dir='ltr' id='par_1_75' title="bbox 552 4048 2203 4124">
     <span class='ocr_line' id='line_1_75' title="bbox 552 4048 2203 4124; baseline 0.002 -19"><span class='ocrx_word' id='word_1_523' title='bbox 552 4048 756 4122; x_wconf 89' lang='lat' dir='ltr'>ligioni</span> <span class='ocrx_word' id='word_1_524' title='bbox 792 4054 1002 4105; x_wconf 64' lang='lat' dir='ltr'>nostrae</span> <span class='ocrx_word' id='word_1_525' title='bbox 1046 4049 1345 4106; x_wconf 90' lang='lat' dir='ltr'>hominem</span> <span class='ocrx_word' id='word_1_526' title='bbox 1378 4052 1637 4122; x_wconf 85' lang='lat' dir='ltr'>noxium,</span> <span class='ocrx_word' id='word_1_527' title='bbox 1690 4056 1747 4107; x_wconf 87' lang='lat' dir='ltr'>et</span> <span class='ocrx_word' id='word_1_528' title='bbox 1794 4068 2023 4107; x_wconf 89' lang='lat' dir='ltr'>crucem</span> <span class='ocrx_word' id='word_1_529' title='bbox 2074 4053 2203 4124; x_wconf 86' lang='lat' dir='ltr'>ejus</span> 
     </span>
    </p>
   </div>
   <div class='ocr_carea' id='block_1_76' title="bbox 556 4138 2203 4213">
    <p class='ocr_par' dir='ltr' id='par_1_76' title="bbox 556 4138 2203 4213">
     <span class='ocr_line' id='line_1_76' title="bbox 556 4138 2203 4213; baseline 0.001 -17"><span class='ocrx_word' id='word_1_530' title='bbox 556 4138 869 4205; x_wconf 88' lang='lat' dir='ltr'>ascribitis,</span> <span class='ocrx_word' id='word_1_531' title='bbox 895 4138 1065 4211; x_wconf 90' lang='lat' dir='ltr'>longe</span> <span class='ocrx_word' id='word_1_532' title='bbox 1092 4140 1163 4194; x_wconf 90' lang='lat' dir='ltr'>de</span> <span class='ocrx_word' id='word_1_533' title='bbox 1182 4139 1394 4195; x_wconf 90' lang='lat' dir='ltr'>vicinia</span> <span class='ocrx_word' id='word_1_534' title='bbox 1410 4140 1639 4209; x_wconf 83' lang='lat' dir='ltr'>erratis,</span> <span class='ocrx_word' id='word_1_535' title='bbox 1663 4141 1764 4212; x_wconf 89' lang='lat' dir='ltr'>qui</span> <span class='ocrx_word' id='word_1_536' title='bbox 1788 4142 2007 4213; x_wconf 87' lang='lat' dir='ltr'>putatis</span> <span class='ocrx_word' id='word_1_537' title='bbox 2019 4141 2203 4197; x_wconf 90' lang='lat' dir='ltr'>Deum</span> 
     </span>
    </p>
   </div>
   <div class='ocr_carea' id='block_1_77' title="bbox 557 4228 2202 4302">
    <p class='ocr_par' dir='ltr' id='par_1_77' title="bbox 557 4228 2202 4302">
     <span class='ocr_line' id='line_1_77' title="bbox 557 4228 2202 4302; baseline 0.001 -17"><span class='ocrx_word' id='word_1_538' title='bbox 557 4228 739 4294; x_wconf 90' lang='lat' dir='ltr'>credi,</span> <span class='ocrx_word' id='word_1_539' title='bbox 762 4231 863 4284; x_wconf 89' lang='lat' dir='ltr'>aut</span> <span class='ocrx_word' id='word_1_540' title='bbox 884 4228 1170 4284; x_wconf 88' lang='lat' dir='ltr'>meruisse</span> <span class='ocrx_word' id='word_1_541' title='bbox 1200 4230 1460 4301; x_wconf 82' lang='lat' dir='ltr'>noxium,</span> <span class='ocrx_word' id='word_1_542' title='bbox 1484 4234 1585 4285; x_wconf 89' lang='lat' dir='ltr'>aut</span> <span class='ocrx_word' id='word_1_543' title='bbox 1601 4230 1865 4302; x_wconf 87' lang='lat' dir='ltr'>potuisse</span> <span class='ocrx_word' id='word_1_544' title='bbox 1884 4234 2202 4286; x_wconf 85' lang='lat' dir='ltr'>terrenum.</span> 
     </span>
    </p>
   </div>
   <div class='ocr_carea' id='block_1_78' title="bbox 558 4316 2207 4392">
    <p class='ocr_par' dir='ltr' id='par_1_78' title="bbox 558 4316 2207 4392">
     <span class='ocr_line' id='line_1_78' title="bbox 558 4316 2207 4392; baseline 0.001 -18"><span class='ocrx_word' id='word_1_545' title='bbox 558 4318 655 4374; x_wconf 84' lang='lat' dir='ltr'>Nae</span> <span class='ocrx_word' id='word_1_546' title='bbox 685 4317 798 4373; x_wconf 70' lang='lat' dir='ltr'>illas</span> <span class='ocrx_word' id='word_1_547' title='bbox 827 4316 1200 4388; x_wconf 89' lang='lat' dir='ltr'>miserabilis,</span> <span class='ocrx_word' id='word_1_548' title='bbox 1234 4319 1405 4390; x_wconf 88' lang='lat' dir='ltr'>cujus</span> <span class='ocrx_word' id='word_1_549' title='bbox 1436 4318 1494 4374; x_wconf 93' lang='lat' dir='ltr'>in</span> <span class='ocrx_word' id='word_1_550' title='bbox 1523 4318 1760 4375; x_wconf 91' lang='lat' dir='ltr'>homine</span> <span class='ocrx_word' id='word_1_551' title='bbox 1791 4318 2022 4375; x_wconf 87' lang='lat' dir='ltr'>mortali</span> <span class='ocrx_word' id='word_1_552' title='bbox 2072 4336 2207 4392; x_wconf 90' lang='lat' dir='ltr'>spes</span> 
     </span>
    </p>
   </div>
   <div class='ocr_carea' id='block_1_79' title="bbox 2306 3323 2886 3397">
    <p class='ocr_par' dir='ltr' id='par_1_79' title="bbox 2306 3323 2886 3397">
     <span class='ocr_line' id='line_1_79' title="bbox 2306 3323 2886 3397; baseline -0.007 -16"><span class='ocrx_word' id='word_1_553' title='bbox 2306 3324 2501 3397; x_wconf 89' lang='lat' dir='ltr'>(Plin.,</span> <span class='ocrx_word' id='word_1_554' title='bbox 2535 3324 2705 3396; x_wconf 85' lang='lat' dir='ltr'>epist.</span> <span class='ocrx_word' id='word_1_555' title='bbox 2740 3323 2886 3395; x_wconf 89' lang='grc'>101).</span> 
     </span>
    </p>
   </div>
   <div class='ocr_carea' id='block_1_80' title="bbox 2380 3422 3890 3496">
    <p class='ocr_par' dir='ltr' id='par_1_80' title="bbox 2380 3422 3890 3496">
     <span class='ocr_line' id='line_1_80' title="bbox 2380 3422 3890 3496; baseline -0.011 -10"><span class='ocrx_word' id='word_1_556' title='bbox 2380 3431 2531 3487; x_wconf 90' lang='lat' dir='ltr'>Tum</span> <span class='ocrx_word' id='word_1_557' title='bbox 2563 3428 2775 3485; x_wconf 91' lang='lat' dir='ltr'>deinde</span> <span class='ocrx_word' id='word_1_558' title='bbox 2805 3427 3096 3485; x_wconf 90' lang='lat' dir='ltr'>Minucius</span> <span class='ocrx_word' id='word_1_559' title='bbox 3141 3426 3513 3484; x_wconf 90' lang='lat' dir='ltr'>ethnicorum</span> <span class='ocrx_word' id='word_1_560' title='bbox 3558 3422 3890 3496; x_wconf 86' lang='lat' dir='ltr'>argumentum</span> 
     </span>
    </p>
   </div>
   <div class='ocr_carea' id='block_1_81' title="bbox 2308 3506 3893 3591">
    <p class='ocr_par' dir='ltr' id='par_1_81' title="bbox 2308 3506 3893 3591">
     <span class='ocr_line' id='line_1_81' title="bbox 2308 3506 3893 3591; baseline -0.01 -15"><span class='ocrx_word' id='word_1_561' title='bbox 2308 3519 2369 3576; x_wconf 92' lang='lat' dir='ltr'>in</span> <span class='ocrx_word' id='word_1_562' title='bbox 2402 3518 2563 3591; x_wconf 90' lang='lat' dir='ltr'>ipsos</span> <span class='ocrx_word' id='word_1_563' title='bbox 2594 3520 2892 3589; x_wconf 89' lang='lat' dir='ltr'>retorquet</span> <span class='ocrx_word' id='word_1_564' title='bbox 2917 3533 2983 3573; x_wconf 90' lang='lat' dir='ltr'>ac</span> <span class='ocrx_word' id='word_1_565' title='bbox 3014 3517 3390 3573; x_wconf 80' lang='lat' dir='ltr'>demonstrat</span> <span class='ocrx_word' id='word_1_566' title='bbox 3419 3514 3490 3571; x_wconf 92' lang='lat' dir='ltr'>ab</span> <span class='ocrx_word' id='word_1_567' title='bbox 3520 3512 3630 3568; x_wconf 87' lang='lat' dir='ltr'>illis</span> <span class='ocrx_word' id='word_1_568' title='bbox 3675 3511 3803 3566; x_wconf 89' lang='lat' dir='ltr'>hunc</span> <span class='ocrx_word' id='word_1_569' title='bbox 3837 3506 3893 3576; x_wconf 68' lang='lat' dir='ltr'>ip«</span> 
     </span>
    </p>
   </div>
   <div class='ocr_carea' id='block_1_82' title="bbox 2309 3593 3895 3679">
    <p class='ocr_par' dir='ltr' id='par_1_82' title="bbox 2309 3593 3895 3679">
     <span class='ocr_line' id='line_1_82' title="bbox 2309 3593 3895 3679; baseline -0.01 -15"><span class='ocrx_word' id='word_1_570' title='bbox 2309 3624 2467 3675; x_wconf 90' lang='lat' dir='ltr'>sum,</span> <span class='ocrx_word' id='word_1_571' title='bbox 2505 3622 2679 3679; x_wconf 90' lang='lat' dir='ltr'>quem</span> <span class='ocrx_word' id='word_1_572' title='bbox 2711 3605 3060 3662; x_wconf 90' lang='lat' dir='ltr'>Christianis</span> <span class='ocrx_word' id='word_1_573' title='bbox 3092 3603 3243 3661; x_wconf 87' lang='lat' dir='ltr'>falso</span> <span class='ocrx_word' id='word_1_574' title='bbox 3269 3603 3701 3678; x_wconf 85' lang='lat' dir='ltr'>exprobrabant,</span> <span class='ocrx_word' id='word_1_575' title='bbox 3726 3593 3895 3667; x_wconf 85' lang='lat' dir='ltr'>religio-</span> 
     </span>
    </p>
   </div>
   <div class='ocr_carea' id='block_1_83' title="bbox 2308 3686 3894 3754">
    <p class='ocr_par' dir='ltr' id='par_1_83' title="bbox 2308 3686 3894 3754">
     <span class='ocr_line' id='line_1_83' title="bbox 2308 3686 3894 3754; baseline -0.009 0"><span class='ocrx_word' id='word_1_576' title='bbox 2308 3713 2445 3754; x_wconf 85' lang='lat' dir='ltr'>sum</span> <span class='ocrx_word' id='word_1_577' title='bbox 2492 3694 2718 3751; x_wconf 91' lang='lat' dir='ltr'>cultum</span> <span class='ocrx_word' id='word_1_578' title='bbox 2770 3710 2932 3750; x_wconf 90' lang='lat' dir='ltr'>mero</span> <span class='ocrx_word' id='word_1_579' title='bbox 2979 3694 3206 3750; x_wconf 89' lang='lat' dir='ltr'>homini</span> <span class='ocrx_word' id='word_1_580' title='bbox 3260 3710 3460 3751; x_wconf 87' lang='lat' dir='ltr'>revera</span> <span class='ocrx_word' id='word_1_581' title='bbox 3505 3686 3757 3747; x_wconf 82' lang='lat' dir='ltr'>exhiberi.</span> <span class='ocrx_word' id='word_1_582' title='bbox 3782 3687 3894 3739; x_wconf 86' lang='lat' dir='ltr'>Nam</span> 
     </span>
    </p>
   </div>
   <div class='ocr_carea' id='block_1_84' title="bbox 2309 3770 3895 3859">
    <p class='ocr_par' dir='ltr' id='par_1_84' title="bbox 2309 3770 3895 3859">
     <span class='ocr_line' id='line_1_84' title="bbox 2309 3770 3895 3859; baseline -0.013 -15"><span class='ocrx_word' id='word_1_583' title='bbox 2309 3784 2583 3859; x_wconf 72' lang='lat' dir='ltr'>Egyptii,</span> <span class='ocrx_word' id='word_1_584' title='bbox 2616 3783 2814 3856; x_wconf 90' lang='lat' dir='ltr'>inquit</span> <span class='ocrx_word' id='word_1_585' title='bbox 2859 3782 2979 3853; x_wconf 91' lang='lat' dir='ltr'>ille,</span> <span class='ocrx_word' id='word_1_586' title='bbox 3013 3800 3199 3840; x_wconf 90' lang='lat' dir='ltr'>unum</span> <span class='ocrx_word' id='word_1_587' title='bbox 3231 3783 3536 3839; x_wconf 89' lang='lat' dir='ltr'>hominem</span> <span class='ocrx_word' id='word_1_588' title='bbox 3578 3778 3816 3836; x_wconf 89' lang='lat' dir='ltr'>selectum</span> <span class='ocrx_word' id='word_1_589' title='bbox 3847 3770 3895 3824; x_wconf 85' lang='lat' dir='ltr'>de</span> 
     </span>
    </p>
   </div>
   <div class='ocr_carea' id='block_1_85' title="bbox 2310 3866 3895 3944">
    <p class='ocr_par' dir='ltr' id='par_1_85' title="bbox 2310 3866 3895 3944">
     <span class='ocr_line' id='line_1_85' title="bbox 2310 3866 3895 3944; baseline -0.009 -13"><span class='ocrx_word' id='word_1_590' title='bbox 2310 3874 2588 3931; x_wconf 91' lang='lat' dir='ltr'>omnibus</span> <span class='ocrx_word' id='word_1_591' title='bbox 2619 3871 3023 3940; x_wconf 88' lang='lat' dir='ltr'>consulebant,</span> <span class='ocrx_word' id='word_1_592' title='bbox 3047 3894 3077 3923; x_wconf 86' lang='grc'>‹‹</span> <span class='ocrx_word' id='word_1_593' title='bbox 3110 3870 3283 3927; x_wconf 86' lang='lat' dir='ltr'>illum</span> <span class='ocrx_word' id='word_1_594' title='bbox 3309 3869 3709 3944; x_wconf 88' lang='lat' dir='ltr'>propitiabant,</span> <span class='ocrx_word' id='word_1_595' title='bbox 3728 3885 3752 3914; x_wconf 84' lang='lat'><strong>»</strong></span> <span class='ocrx_word' id='word_1_596' title='bbox 3772 3866 3895 3930; x_wconf 81' lang='lat' dir='ltr'>atque</span> 
     </span>
    </p>
   </div>
   <div class='ocr_carea' id='block_1_86' title="bbox 2310 3945 3957 4036">
    <p class='ocr_par' dir='ltr' id='par_1_86' title="bbox 2310 3945 3957 4036">
     <span class='ocr_line' id='line_1_86' title="bbox 2310 3945 3957 4036; baseline -0.016 -11"><span class='ocrx_word' id='word_1_597' title='bbox 2310 3963 2447 4036; x_wconf 85' lang='lat' dir='ltr'>ipsi,</span> <span class='ocrx_word' id='word_1_598' title='bbox 2481 3978 2655 4034; x_wconf 91' lang='lat' dir='ltr'>quem</span> <span class='ocrx_word' id='word_1_599' title='bbox 2708 3961 2980 4018; x_wconf 89' lang='lat' dir='ltr'>dicebant</span> <span class='ocrx_word' id='word_1_600' title='bbox 3026 3976 3155 4017; x_wconf 90' lang='lat' dir='ltr'>esse</span> <span class='ocrx_word' id='word_1_601' title='bbox 3206 3964 3424 4028; x_wconf 91' lang='lat' dir='ltr'>Deum,</span> <span class='ocrx_word' id='word_1_602' title='bbox 3468 3956 3743 4015; x_wconf 64' lang='lat' dir='ltr'>caedebant</span> <span class='ocrx_word' id='word_1_603' title='bbox 3781 3945 3897 4005; x_wconf 85' lang='lat' dir='ltr'>victi-</span> <span class='ocrx_word' id='word_1_604' title='bbox 3956 3958 3957 3961; x_wconf 72' lang='lat'>‘</span> 
     </span>
    </p>
   </div>
   <div class='ocr_carea' id='block_1_87' title="bbox 2313 4037 3896 4119">
    <p class='ocr_par' dir='ltr' id='par_1_87' title="bbox 2313 4037 3896 4119">
     <span class='ocr_line' id='line_1_87' title="bbox 2313 4037 3896 4119; baseline -0.013 -9"><span class='ocrx_word' id='word_1_605' title='bbox 2313 4069 2461 4109; x_wconf 90' lang='lat' dir='ltr'>mas.</span> <span class='ocrx_word' id='word_1_606' title='bbox 2496 4054 2681 4119; x_wconf 90' lang='lat' dir='ltr'>Quam</span> <span class='ocrx_word' id='word_1_607' title='bbox 2712 4054 2908 4108; x_wconf 90' lang='lat' dir='ltr'>autem</span> <span class='ocrx_word' id='word_1_608' title='bbox 2969 4067 3170 4106; x_wconf 89' lang='lat' dir='ltr'>verum</span> <span class='ocrx_word' id='word_1_609' title='bbox 3217 4050 3284 4106; x_wconf 88' lang='lat' dir='ltr'>id</span> <span class='ocrx_word' id='word_1_610' title='bbox 3321 4049 3420 4118; x_wconf 90' lang='lat' dir='ltr'>sit,</span> <span class='ocrx_word' id='word_1_611' title='bbox 3471 4044 3687 4104; x_wconf 87' lang='lat' dir='ltr'>docebit</span> <span class='ocrx_word' id='word_1_612' title='bbox 3724 4046 3771 4096; x_wconf 90' lang='lat' dir='ltr'>te</span> <span class='ocrx_word' id='word_1_613' title='bbox 3804 4037 3896 4091; x_wconf 86' lang='lat' dir='ltr'>Por-</span> 
     </span>
    </p>
   </div>
   <div class='ocr_carea' id='block_1_88' title="bbox 2314 4125 3898 4215">
    <p class='ocr_par' dir='ltr' id='par_1_88' title="bbox 2314 4125 3898 4215">
     <span class='ocr_line' id='line_1_88' title="bbox 2314 4125 3898 4215; baseline -0.015 -16"><span class='ocrx_word' id='word_1_614' title='bbox 2314 4140 2577 4215; x_wconf 85' lang='lat' dir='ltr'>phyrius,</span> <span class='ocrx_word' id='word_1_615' title='bbox 2626 4140 2727 4213; x_wconf 88' lang='lat' dir='ltr'>qui</span> <span class='ocrx_word' id='word_1_616' title='bbox 2776 4140 2847 4196; x_wconf 90' lang='lat' dir='ltr'>ad</span> <span class='ocrx_word' id='word_1_617' title='bbox 2898 4139 3240 4196; x_wconf 81' lang='lat' dir='ltr'>Anebonem</span> <span class='ocrx_word' id='word_1_618' title='bbox 3287 4138 3433 4206; x_wconf 69' lang='lat' dir='ltr'>haec,</span> <span class='ocrx_word' id='word_1_619' title='bbox 3484 4136 3630 4192; x_wconf 88' lang='lat' dir='ltr'>sicut</span> <span class='ocrx_word' id='word_1_620' title='bbox 3683 4125 3898 4215; x_wconf 83' lang='lat' dir='ltr'>Eusebius</span> 
     </span>
    </p>
   </div>
   <div class='ocr_carea' id='block_1_89' title="bbox 2314 4214 3899 4309">
    <p class='ocr_par' dir='ltr' id='par_1_89' title="bbox 2314 4214 3899 4309">
     <span class='ocr_line' id='line_1_89' title="bbox 2314 4214 3899 4309; baseline -0.003 -22"><span class='ocrx_word' id='word_1_621' title='bbox 2314 4214 2509 4298; x_wconf 80' lang='lat' dir='ltr'>refert,</span> <span class='ocrx_word' id='word_1_622' title='bbox 2538 4228 2775 4301; x_wconf 86' lang='lat' dir='ltr'>scripsit</span> <span class='ocrx_word' id='word_1_623' title='bbox 2822 4228 2884 4284; x_wconf 91' lang='lat' dir='ltr'>in</span> <span class='ocrx_word' id='word_1_624' title='bbox 2930 4228 3145 4284; x_wconf 89' lang='lat' dir='ltr'>verba:</span> <span class='ocrx_word' id='word_1_625' title='bbox 3200 4250 3232 4278; x_wconf 87' lang='grc'>‹‹</span> <span class='ocrx_word' id='word_1_626' title='bbox 3266 4226 3502 4284; x_wconf 86' lang='lat' dir='ltr'>Homini</span> <span class='ocrx_word' id='word_1_627' title='bbox 3544 4235 3755 4297; x_wconf 81' lang='lat' dir='ltr'>quoque</span> <span class='ocrx_word' id='word_1_628' title='bbox 3794 4214 3899 4309; x_wconf 52' lang='grc' dir='ltr'>οίῗοξ</span> 
     </span>
    </p>
   </div>
   <div class='ocr_carea' id='block_1_90' title="bbox 2316 4306 3901 4393">
    <p class='ocr_par' dir='ltr' id='par_1_90' title="bbox 2316 4306 3901 4393">
     <span class='ocr_line' id='line_1_90' title="bbox 2316 4306 3901 4393; baseline -0.021 0"><span class='ocrx_word' id='word_1_629' title='bbox 2316 4335 2556 4393; x_wconf 64' lang='lat' dir='ltr'>meum,</span> <span class='ocrx_word' id='word_1_630' title='bbox 2586 4334 2762 4390; x_wconf 91' lang='lat' dir='ltr'>quem</span> <span class='ocrx_word' id='word_1_631' title='bbox 2791 4317 3021 4374; x_wconf 87' lang='lat' dir='ltr'>Anabin</span> <span class='ocrx_word' id='word_1_632' title='bbox 3049 4320 3280 4383; x_wconf 88' lang='lat' dir='ltr'>vocant,</span> <span class='ocrx_word' id='word_1_633' title='bbox 3316 4316 3546 4372; x_wconf 86' lang='lat' dir='ltr'>divinos</span> <span class='ocrx_word' id='word_1_634' title='bbox 3574 4312 3792 4368; x_wconf 88' lang='lat' dir='ltr'>honores</span> 
     </span>
    </p>
   </div>
   <div class='ocr_carea' id='block_1_91' title="bbox 558 4389 3899 4493">
    <p class='ocr_par' dir='ltr' id='par_1_91' title="bbox 558 4389 3899 4493">
     <span class='ocr_line' id='line_1_91' title="bbox 558 4389 3899 4493; baseline -0.005 -30"><span class='ocrx_word' id='word_1_635' title='bbox 558 4407 752 4463; x_wconf 89' lang='lat' dir='ltr'>omnis</span> <span class='ocrx_word' id='word_1_636' title='bbox 782 4407 1093 4475; x_wconf 90' lang='lat' dir='ltr'>innititur;</span> <span class='ocrx_word' id='word_1_637' title='bbox 1141 4389 1326 4464; x_wconf 88' lang='lat' dir='ltr'>totum</span> <span class='ocrx_word' id='word_1_638' title='bbox 1375 4408 1531 4465; x_wconf 91' lang='lat' dir='ltr'>enim</span> <span class='ocrx_word' id='word_1_639' title='bbox 1572 4410 1701 4480; x_wconf 88' lang='lat' dir='ltr'>ejus</span> <span class='ocrx_word' id='word_1_640' title='bbox 1749 4407 2032 4465; x_wconf 84' lang='lat' dir='ltr'>auxilium</span> <span class='ocrx_word' id='word_1_641' title='bbox 2076 4389 2207 4464; x_wconf 76' lang='lat' dir='ltr'>cum</span> <span class='ocrx_word' id='word_1_642' title='bbox 2239 4478 2280 4493; x_wconf 52' lang='lat' dir='ltr'><strong>n</strong></span> <span class='ocrx_word' id='word_1_643' title='bbox 2316 4389 2725 4479; x_wconf 74' lang='lat' dir='ltr'>buunt,eique</span> <span class='ocrx_word' id='word_1_644' title='bbox 2755 4404 3109 4463; x_wconf 80' lang='lat' dir='ltr'>sacriﬁcium</span> <span class='ocrx_word' id='word_1_645' title='bbox 3139 4406 3419 4475; x_wconf 77' lang='lat' dir='ltr'>offerunt,</span> <span class='ocrx_word' id='word_1_646' title='bbox 3438 4408 3496 4460; x_wconf 90' lang='lat' dir='ltr'>et</span> <span class='ocrx_word' id='word_1_647' title='bbox 3516 4398 3789 4493; x_wconf 77' lang='lat' dir='ltr'>impositas</span> <span class='ocrx_word' id='word_1_648' title='bbox 3804 4389 3899 4493; x_wconf 56' lang='lat' dir='ltr'>alta:</span> 
     </span>
    </p>
   </div>
   <div class='ocr_carea' id='block_1_92' title="bbox 560 4478 2197 4572">
    <p class='ocr_par' dir='ltr' id='par_1_92' title="bbox 560 4478 2197 4572">
     <span class='ocr_line' id='line_1_92' title="bbox 560 4478 2197 4572; baseline 0.004 -23"><span class='ocrx_word' id='word_1_649' title='bbox 560 4496 814 4551; x_wconf 84' lang='lat' dir='ltr'>extincto</span> <span class='ocrx_word' id='word_1_650' title='bbox 846 4495 1082 4550; x_wconf 90' lang='lat' dir='ltr'>homine</span> <span class='ocrx_word' id='word_1_651' title='bbox 1111 4496 1331 4552; x_wconf 85' lang='lat' dir='ltr'>finitur.</span> <span class='ocrx_word' id='word_1_652' title='bbox 1361 4519 1390 4548; x_wconf 82' lang='lat'>»</span> <span class='ocrx_word' id='word_1_653' title='bbox 1420 4478 1725 4554; x_wconf 73' lang='lat' dir='ltr'>Praefracte</span> <span class='ocrx_word' id='word_1_654' title='bbox 1754 4498 1935 4571; x_wconf 87' lang='lat' dir='ltr'>igitur</span> <span class='ocrx_word' id='word_1_655' title='bbox 1964 4502 2139 4572; x_wconf 91' lang='lat' dir='ltr'>negat</span> <span class='ocrx_word' id='word_1_656' title='bbox 2174 4515 2197 4555; x_wconf 77' lang='grc' dir='ltr'><em>ε</em></span> 
     </span>
    </p>
   </div>
   <div class='ocr_carea' id='block_1_93' title="bbox 2304 4478 3887 4572">
    <p class='ocr_par' dir='ltr' id='par_1_93' title="bbox 2315 4478 3887 4572">
     <span class='ocr_line' id='line_1_93' title="bbox 2315 4478 3887 4572; baseline -0.011 -18"><span class='ocrx_word' id='word_1_657' title='bbox 2315 4498 2480 4554; x_wconf 81' lang='lat' dir='ltr'>ribus</span> <span class='ocrx_word' id='word_1_658' title='bbox 2532 4478 2761 4554; x_wconf 70' lang='lat' dir='ltr'>hostias</span> <span class='ocrx_word' id='word_1_659' title='bbox 2818 4495 3100 4552; x_wconf 89' lang='lat' dir='ltr'>adolent.</span> <span class='ocrx_word' id='word_1_660' title='bbox 3160 4493 3488 4570; x_wconf 72' lang='grc' dir='ltr'>’Ἄνθρωπον</span> <span class='ocrx_word' id='word_1_661' title='bbox 3546 4483 3742 4572; x_wconf 62' lang='grc' dir='ltr'>σέϐουω</span> <span class='ocrx_word' id='word_1_662' title='bbox 3770 4526 3789 4572; x_wconf 10' lang='grc' dir='ltr'>,ἒ</span> 
     </span>
    </p>
   </div>
   <div class='ocr_carea' id='block_1_94' title="bbox 560 4583 2209 4653">
    <p class='ocr_par' dir='ltr' id='par_1_94' title="bbox 560 4583 2209 4653">
     <span class='ocr_line' id='line_1_94' title="bbox 560 4583 2209 4653; baseline 0.002 -15"><span class='ocrx_word' id='word_1_663' title='bbox 560 4583 906 4639; x_wconf 87' lang='lat' dir='ltr'>Christianis</span> <span class='ocrx_word' id='word_1_664' title='bbox 935 4584 1070 4653; x_wconf 87' lang='lat' dir='ltr'>coli,</span> <span class='ocrx_word' id='word_1_665' title='bbox 1102 4586 1336 4641; x_wconf 84' lang='lat' dir='ltr'>noxium</span> <span class='ocrx_word' id='word_1_666' title='bbox 1367 4586 1665 4644; x_wconf 89' lang='lat' dir='ltr'>hominem</span> <span class='ocrx_word' id='word_1_667' title='bbox 1696 4604 1761 4643; x_wconf 91' lang='lat' dir='ltr'>ac</span> <span class='ocrx_word' id='word_1_668' title='bbox 1786 4592 1970 4644; x_wconf 87' lang='lat' dir='ltr'>morte</span> <span class='ocrx_word' id='word_1_669' title='bbox 1999 4587 2209 4644; x_wconf 89' lang='lat' dir='ltr'>merito</span> 
     </span>
    </p>
   </div>
   <div class='ocr_carea' id='block_1_95' title="bbox 564 4672 895 4729">
    <p class='ocr_par' dir='ltr' id='par_1_95' title="bbox 564 4672 895 4729">
     <span class='ocr_line' id='line_1_95' title="bbox 564 4672 895 4729; baseline -0.006 0"><span class='ocrx_word' id='word_1_670' title='bbox 564 4672 895 4729; x_wconf 91' lang='lat' dir='ltr'>multatum.</span> 
     </span>
    </p>
   </div>
   <div class='ocr_carea' id='block_1_96' title="bbox 636 4762 2212 4836">
    <p class='ocr_par' dir='ltr' id='par_1_96' title="bbox 636 4762 2212 4836">
     <span class='ocr_line' id='line_1_96' title="bbox 636 4762 2212 4836; baseline 0.001 -18"><span class='ocrx_word' id='word_1_671' title='bbox 636 4762 784 4830; x_wconf 90' lang='lat' dir='ltr'>Quid</span> <span class='ocrx_word' id='word_1_672' title='bbox 816 4762 995 4835; x_wconf 86' lang='lat' dir='ltr'>ergo?</span> <span class='ocrx_word' id='word_1_673' title='bbox 1026 4764 1303 4836; x_wconf 89' lang='lat' dir='ltr'>Nunquid</span> <span class='ocrx_word' id='word_1_674' title='bbox 1357 4764 1649 4821; x_wconf 88' lang='lat' dir='ltr'>Minucius</span> <span class='ocrx_word' id='word_1_675' title='bbox 1676 4768 1800 4820; x_wconf 90' lang='lat' dir='ltr'>tam</span> <span class='ocrx_word' id='word_1_676' title='bbox 1859 4768 2017 4822; x_wconf 91' lang='lat' dir='ltr'>certo</span> <span class='ocrx_word' id='word_1_677' title='bbox 2056 4764 2212 4821; x_wconf 83' lang='lat' dir='ltr'>affir-</span> 
     </span>
    </p>
   </div>
   <div class='ocr_carea' id='block_1_97' title="bbox 563 4852 2209 4926">
    <p class='ocr_par' dir='ltr' id='par_1_97' title="bbox 563 4852 2209 4926">
     <span class='ocr_line' id='line_1_97' title="bbox 563 4852 2209 4926; baseline 0.001 -18"><span class='ocrx_word' id='word_1_678' title='bbox 563 4869 725 4909; x_wconf 89' lang='lat' dir='ltr'>mare</span> <span class='ocrx_word' id='word_1_679' title='bbox 757 4852 942 4925; x_wconf 91' lang='lat' dir='ltr'>potuit</span> <span class='ocrx_word' id='word_1_680' title='bbox 970 4870 1205 4909; x_wconf 90' lang='lat' dir='ltr'>omnem</span> <span class='ocrx_word' id='word_1_681' title='bbox 1236 4870 1476 4926; x_wconf 89' lang='lat' dir='ltr'>prorsus</span> <span class='ocrx_word' id='word_1_682' title='bbox 1508 4852 1755 4917; x_wconf 90' lang='lat' dir='ltr'>cultum,</span> <span class='ocrx_word' id='word_1_683' title='bbox 1788 4870 1855 4910; x_wconf 87' lang='lat' dir='ltr'>ac</span> <span class='ocrx_word' id='word_1_684' title='bbox 1886 4853 2209 4911; x_wconf 88' lang='lat' dir='ltr'>veneratio-</span> 
     </span>
    </p>
   </div>
   <div class='ocr_carea' id='block_1_98' title="bbox 563 4940 2209 5016">
    <p class='ocr_par' dir='ltr' id='par_1_98' title="bbox 563 4940 2209 5016">
     <span class='ocr_line' id='line_1_98' title="bbox 563 4940 2209 5016; baseline 0.001 -18"><span class='ocrx_word' id='word_1_685' title='bbox 563 4960 698 4999; x_wconf 90' lang='lat' dir='ltr'>nem</span> <span class='ocrx_word' id='word_1_686' title='bbox 747 4943 975 5000; x_wconf 89' lang='lat' dir='ltr'>Christo</span> <span class='ocrx_word' id='word_1_687' title='bbox 1021 4943 1307 4999; x_wconf 91' lang='lat' dir='ltr'>Servatori</span> <span class='ocrx_word' id='word_1_688' title='bbox 1353 4960 1387 4997; x_wconf 92' lang='lat' dir='ltr'>a</span> <span class='ocrx_word' id='word_1_689' title='bbox 1431 4940 1775 4997; x_wconf 89' lang='lat' dir='ltr'>Christianis</span> <span class='ocrx_word' id='word_1_690' title='bbox 1836 4943 2209 5016; x_wconf 85' lang='lat' dir='ltr'>denegatum,</span> 
     </span>
    </p>
   </div>
   <div class='ocr_carea' id='block_1_99' title="bbox 560 5029 2210 5105">
    <p class='ocr_par' dir='ltr' id='par_1_99' title="bbox 560 5029 2210 5105">
     <span class='ocr_line' id='line_1_99' title="bbox 560 5029 2210 5105; baseline 0.002 -19"><span class='ocrx_word' id='word_1_691' title='bbox 560 5032 904 5105; x_wconf 91' lang='lat' dir='ltr'>nullamque</span> <span class='ocrx_word' id='word_1_692' title='bbox 936 5049 1177 5105; x_wconf 90' lang='lat' dir='ltr'>prorsus</span> <span class='ocrx_word' id='word_1_693' title='bbox 1209 5032 1267 5086; x_wconf 91' lang='lat' dir='ltr'>in</span> <span class='ocrx_word' id='word_1_694' title='bbox 1301 5031 1400 5086; x_wconf 92' lang='lat' dir='ltr'>illo</span> <span class='ocrx_word' id='word_1_695' title='bbox 1448 5047 1611 5102; x_wconf 91' lang='lat' dir='ltr'>spem</span> <span class='ocrx_word' id='word_1_696' title='bbox 1661 5029 1939 5086; x_wconf 89' lang='lat' dir='ltr'>habuisse</span> <span class='ocrx_word' id='word_1_697' title='bbox 1960 5030 1989 5085; x_wconf 84' lang='lat'><strong><em>?</em></strong></span> <span class='ocrx_word' id='word_1_698' title='bbox 2031 5031 2210 5089; x_wconf 89' lang='lat' dir='ltr'>Nemo</span> 
     </span>
    </p>
   </div>
   <div class='ocr_carea' id='block_1_100' title="bbox 561 5118 2209 5191">
    <p class='ocr_par' dir='ltr' id='par_1_100' title="bbox 561 5118 2209 5191">
     <span class='ocr_line' id='line_1_100' title="bbox 561 5118 2209 5191; baseline -0.001 -14"><span class='ocrx_word' id='word_1_699' title='bbox 561 5138 703 5178; x_wconf 90' lang='lat' dir='ltr'>sane</span> <span class='ocrx_word' id='word_1_700' title='bbox 732 5122 906 5178; x_wconf 90' lang='lat' dir='ltr'>homo</span> <span class='ocrx_word' id='word_1_701' title='bbox 936 5122 993 5177; x_wconf 93' lang='lat' dir='ltr'>id</span> <span class='ocrx_word' id='word_1_702' title='bbox 1020 5136 1283 5191; x_wconf 87' lang='lat' dir='ltr'>unquam</span> <span class='ocrx_word' id='word_1_703' title='bbox 1316 5118 1644 5175; x_wconf 89' lang='lat' dir='ltr'>crediderit.</span> <span class='ocrx_word' id='word_1_704' title='bbox 1674 5123 1815 5174; x_wconf 89' lang='lat' dir='ltr'>Cum</span> <span class='ocrx_word' id='word_1_705' title='bbox 1848 5123 2071 5175; x_wconf 90' lang='lat' dir='ltr'>certum</span> <span class='ocrx_word' id='word_1_706' title='bbox 2102 5119 2209 5176; x_wconf 86' lang='lat' dir='ltr'>ita-</span> 
     </span>
    </p>
   </div>
   <div class='ocr_carea' id='block_1_101' title="bbox 563 5207 2211 5283">
    <p class='ocr_par' dir='ltr' id='par_1_101' title="bbox 563 5207 2211 5283">
     <span class='ocr_line' id='line_1_101' title="bbox 563 5207 2211 5283; baseline -0.001 -17"><span class='ocrx_word' id='word_1_707' title='bbox 563 5228 675 5283; x_wconf 91' lang='lat' dir='ltr'>que</span> <span class='ocrx_word' id='word_1_708' title='bbox 705 5216 761 5268; x_wconf 90' lang='lat' dir='ltr'>et</span> <span class='ocrx_word' id='word_1_709' title='bbox 790 5212 1154 5282; x_wconf 84' lang='lat' dir='ltr'>exploratum</span> <span class='ocrx_word' id='word_1_710' title='bbox 1182 5208 1260 5265; x_wconf 89' lang='lat' dir='ltr'>sit</span> <span class='ocrx_word' id='word_1_711' title='bbox 1289 5209 1649 5265; x_wconf 90' lang='lat' dir='ltr'>Christianos</span> <span class='ocrx_word' id='word_1_712' title='bbox 1674 5212 1731 5265; x_wconf 92' lang='lat' dir='ltr'>et</span> <span class='ocrx_word' id='word_1_713' title='bbox 1769 5207 2018 5265; x_wconf 89' lang='lat' dir='ltr'>coluisse</span> <span class='ocrx_word' id='word_1_714' title='bbox 2046 5208 2211 5266; x_wconf 84' lang='lat' dir='ltr'>Chri-</span> 
     </span>
    </p>
   </div>
   <div class='ocr_carea' id='block_1_102' title="bbox 562 5297 2208 5371">
    <p class='ocr_par' dir='ltr' id='par_1_102' title="bbox 562 5297 2208 5371">
     <span class='ocr_line' id='line_1_102' title="bbox 562 5297 2208 5371; baseline 0 -15"><span class='ocrx_word' id='word_1_715' title='bbox 562 5305 742 5371; x_wconf 88' lang='lat' dir='ltr'>stum,</span> <span class='ocrx_word' id='word_1_716' title='bbox 775 5304 831 5355; x_wconf 91' lang='lat' dir='ltr'>et</span> <span class='ocrx_word' id='word_1_717' title='bbox 860 5300 919 5355; x_wconf 91' lang='lat' dir='ltr'>in</span> <span class='ocrx_word' id='word_1_718' title='bbox 950 5316 1038 5369; x_wconf 88' lang='lat' dir='ltr'>eo,</span> <span class='ocrx_word' id='word_1_719' title='bbox 1070 5299 1169 5369; x_wconf 91' lang='lat' dir='ltr'>qui</span> <span class='ocrx_word' id='word_1_720' title='bbox 1202 5315 1306 5370; x_wconf 86' lang='lat' dir='ltr'>pro</span> <span class='ocrx_word' id='word_1_721' title='bbox 1332 5297 1477 5370; x_wconf 85' lang='lat' dir='ltr'>ipsis</span> <span class='ocrx_word' id='word_1_722' title='bbox 1508 5302 1775 5354; x_wconf 86' lang='lat' dir='ltr'>mortuus</span> <span class='ocrx_word' id='word_1_723' title='bbox 1804 5297 2012 5365; x_wconf 83' lang='lat' dir='ltr'>fuerat,</span> <span class='ocrx_word' id='word_1_724' title='bbox 2044 5315 2208 5371; x_wconf 90' lang='lat' dir='ltr'>spem</span> 
     </span>
    </p>
   </div>
   <div class='ocr_carea' id='block_1_103' title="bbox 564 5387 2209 5461">
    <p class='ocr_par' dir='ltr' id='par_1_103' title="bbox 564 5387 2209 5461">
     <span class='ocr_line' id='line_1_103' title="bbox 564 5387 2209 5461; baseline 0 -15"><span class='ocrx_word' id='word_1_725' title='bbox 564 5390 899 5456; x_wconf 90' lang='lat' dir='ltr'>collocasse,</span> <span class='ocrx_word' id='word_1_726' title='bbox 932 5390 1073 5460; x_wconf 90' lang='lat' dir='ltr'>quid</span> <span class='ocrx_word' id='word_1_727' title='bbox 1105 5388 1240 5444; x_wconf 90' lang='lat' dir='ltr'>inde</span> <span class='ocrx_word' id='word_1_728' title='bbox 1269 5388 1531 5461; x_wconf 89' lang='lat' dir='ltr'>colligas,</span> <span class='ocrx_word' id='word_1_729' title='bbox 1564 5387 1678 5443; x_wconf 90' lang='lat' dir='ltr'>nisi</span> <span class='ocrx_word' id='word_1_730' title='bbox 1709 5404 1811 5459; x_wconf 88' lang='lat' dir='ltr'>pro</span> <span class='ocrx_word' id='word_1_731' title='bbox 1836 5392 1959 5445; x_wconf 90' lang='lat' dir='ltr'>rato</span> <span class='ocrx_word' id='word_1_732' title='bbox 1982 5389 2209 5460; x_wconf 84' lang='lat' dir='ltr'>ﬁxoque</span> 
     </span>
    </p>
   </div>
   <div class='ocr_carea' id='block_1_104' title="bbox 564 5476 2211 5551">
    <p class='ocr_par' dir='ltr' id='par_1_104' title="bbox 564 5476 2211 5551">
     <span class='ocr_line' id='line_1_104' title="bbox 564 5476 2211 5551; baseline -0.001 -14"><span class='ocrx_word' id='word_1_733' title='bbox 564 5478 887 5537; x_wconf 89' lang='lat' dir='ltr'>Minucium</span> <span class='ocrx_word' id='word_1_734' title='bbox 924 5478 1211 5551; x_wconf 89' lang='lat' dir='ltr'>posuisse,</span> <span class='ocrx_word' id='word_1_735' title='bbox 1244 5476 1540 5534; x_wconf 90' lang='lat' dir='ltr'>Christum</span> <span class='ocrx_word' id='word_1_736' title='bbox 1576 5493 1611 5535; x_wconf 87' lang='lat' dir='ltr'>a</span> <span class='ocrx_word' id='word_1_737' title='bbox 1653 5477 2037 5533; x_wconf 90' lang='lat' dir='ltr'>sectatoribus</span> <span class='ocrx_word' id='word_1_738' title='bbox 2085 5478 2211 5535; x_wconf 91' lang='lat' dir='ltr'>suis</span> 
     </span>
    </p>
   </div>
   <div class='ocr_carea' id='block_1_105' title="bbox 559 5564 2209 5641">
    <p class='ocr_par' dir='ltr' id='par_1_105' title="bbox 559 5564 2209 5641">
     <span class='ocr_line' id='line_1_105' title="bbox 559 5564 2209 5641; baseline -0.001 -14"><span class='ocrx_word' id='word_1_739' title='bbox 559 5583 761 5627; x_wconf 88' lang='lat' dir='ltr'>revera</span> <span class='ocrx_word' id='word_1_740' title='bbox 816 5568 946 5641; x_wconf 89' lang='lat' dir='ltr'>coli,</span> <span class='ocrx_word' id='word_1_741' title='bbox 1006 5585 1118 5626; x_wconf 90' lang='lat' dir='ltr'>non</span> <span class='ocrx_word' id='word_1_742' title='bbox 1171 5567 1408 5639; x_wconf 91' lang='lat' dir='ltr'>quidem</span> <span class='ocrx_word' id='word_1_743' title='bbox 1455 5567 1617 5629; x_wconf 88' lang='lat' dir='ltr'>sicut</span> <span class='ocrx_word' id='word_1_744' title='bbox 1660 5564 1982 5638; x_wconf 85' lang='lat' dir='ltr'>hominem,</span> <span class='ocrx_word' id='word_1_745' title='bbox 2013 5583 2047 5624; x_wconf 90' lang='lat' dir='ltr'>a</span> <span class='ocrx_word' id='word_1_746' title='bbox 2096 5582 2209 5641; x_wconf 88' lang='lat' dir='ltr'>quo</span> 
     </span>
    </p>
   </div>
   <div class='ocr_carea' id='block_1_106' title="bbox 2314 4568 3899 4658">
    <p class='ocr_par' dir='ltr' id='par_1_106' title="bbox 2314 4568 3899 4658">
     <span class='ocr_line' id='line_1_106' title="bbox 2314 4568 3899 4658; baseline -0.013 -17"><span class='ocrx_word' id='word_1_747' title='bbox 2314 4580 2534 4643; x_wconf 77' lang='lat' dir='ltr'>&quot;Ava6w</span> <span class='ocrx_word' id='word_1_748' title='bbox 2581 4584 2800 4658; x_wconf 84' lang='grc' dir='ltr'>κώμην,</span> <span class='ocrx_word' id='word_1_749' title='bbox 2846 4582 2898 4638; x_wconf 81' lang='grc' dir='ltr'><strong>ἐν</strong></span> <span class='ocrx_word' id='word_1_750' title='bbox 2942 4583 2983 4655; x_wconf 77' lang='grc' dir='ltr'><strong><em>ᾗ</em></strong></span> <span class='ocrx_word' id='word_1_751' title='bbox 3017 4582 3107 4638; x_wconf 84' lang='grc' dir='ltr'>καὶ</span> <span class='ocrx_word' id='word_1_752' title='bbox 3144 4568 3328 4655; x_wconf 68' lang='grc' dir='ltr'>τούτῷ</span> <span class='ocrx_word' id='word_1_753' title='bbox 3372 4580 3571 4652; x_wconf 78' lang='grc' dir='ltr'>θύεται,</span> <span class='ocrx_word' id='word_1_754' title='bbox 3602 4576 3685 4633; x_wconf 79' lang='grc' dir='ltr'>καὶ</span> <span class='ocrx_word' id='word_1_755' title='bbox 3724 4568 3899 4628; x_wconf 77' lang='grc' dir='ltr'><strong>ἐπὶτῶν</strong></span> 
     </span>
    </p>
   </div>
   <div class='ocr_carea' id='block_1_107' title="bbox 2319 4666 3898 4754">
    <p class='ocr_par' dir='ltr' id='par_1_107' title="bbox 2319 4666 3898 4754">
     <span class='ocr_line' id='line_1_107' title="bbox 2319 4666 3898 4754; baseline -0.012 -23"><span class='ocrx_word' id='word_1_756' title='bbox 2319 4675 2524 4752; x_wconf 83' lang='grc' dir='ltr'>βωμῶν</span> <span class='ocrx_word' id='word_1_757' title='bbox 2553 4674 2623 4729; x_wconf 78' lang='grc' dir='ltr'>τὰ</span> <span class='ocrx_word' id='word_1_758' title='bbox 2650 4673 2770 4746; x_wconf 75' lang='grc' dir='ltr'>ἱερὰ</span> <span class='ocrx_word' id='word_1_759' title='bbox 2797 4670 3088 4729; x_wconf 79' lang='grc' dir='ltr'>ἐκκαίεται.</span> <span class='ocrx_word' id='word_1_760' title='bbox 3127 4693 3155 4723; x_wconf 80' lang='grc' dir='ltr'>α</span> <span class='ocrx_word' id='word_1_761' title='bbox 3186 4671 3289 4729; x_wconf 85' lang='lat' dir='ltr'>Ille</span> <span class='ocrx_word' id='word_1_762' title='bbox 3317 4688 3455 4729; x_wconf 89' lang='lat' dir='ltr'>vero</span> <span class='ocrx_word' id='word_1_763' title='bbox 3496 4673 3687 4742; x_wconf 87' lang='lat' dir='ltr'>postea</span> <span class='ocrx_word' id='word_1_764' title='bbox 3726 4666 3898 4754; x_wconf 63' lang='lat' dir='ltr'>tantum</span> 
     </span>
    </p>
   </div>
   <div class='ocr_carea' id='block_1_108' title="bbox 2317 4758 3899 4835">
    <p class='ocr_par' dir='ltr' id='par_1_108' title="bbox 2317 4758 3899 4835">
     <span class='ocr_line' id='line_1_108' title="bbox 2317 4758 3899 4835; baseline -0.009 -14"><span class='ocrx_word' id='word_1_765' title='bbox 2317 4762 2594 4833; x_wconf 84' lang='lat' dir='ltr'>comedit,</span> <span class='ocrx_word' id='word_1_766' title='bbox 2623 4779 2750 4835; x_wconf 60' lang='lat' dir='ltr'>quas</span> <span class='ocrx_word' id='word_1_767' title='bbox 2776 4761 2891 4818; x_wconf 89' lang='lat' dir='ltr'>sibi</span> <span class='ocrx_word' id='word_1_768' title='bbox 2920 4778 2989 4818; x_wconf 85' lang='lat' dir='ltr'>ex</span> <span class='ocrx_word' id='word_1_769' title='bbox 3030 4760 3253 4833; x_wconf 90' lang='lat' dir='ltr'>privato</span> <span class='ocrx_word' id='word_1_770' title='bbox 3304 4777 3487 4833; x_wconf 91' lang='lat' dir='ltr'>penu,</span> <span class='ocrx_word' id='word_1_771' title='bbox 3531 4762 3783 4827; x_wconf 85' lang='lat' dir='ltr'>tanquam</span> <span class='ocrx_word' id='word_1_772' title='bbox 3816 4758 3899 4835; x_wconf 60' lang='lat' dir='ltr'>pf!-</span> 
     </span>
    </p>
   </div>
   <div class='ocr_carea' id='block_1_109' title="bbox 2315 4831 3896 4924">
    <p class='ocr_par' dir='ltr' id='par_1_109' title="bbox 2315 4831 3896 4924">
     <span class='ocr_line' id='line_1_109' title="bbox 2315 4831 3896 4924; baseline -0.009 -15"><span class='ocrx_word' id='word_1_773' title='bbox 2315 4857 2448 4909; x_wconf 90' lang='lat' dir='ltr'>vatc</span> <span class='ocrx_word' id='word_1_774' title='bbox 2476 4831 2702 4909; x_wconf 80' lang='lat' dir='ltr'>homini</span> <span class='ocrx_word' id='word_1_775' title='bbox 2732 4854 2935 4924; x_wconf 90' lang='lat' dir='ltr'>parata</span> <span class='ocrx_word' id='word_1_776' title='bbox 2972 4831 3049 4907; x_wconf 61' lang='lat' dir='ltr'>et</span> <span class='ocrx_word' id='word_1_777' title='bbox 3077 4831 3353 4923; x_wconf 67' lang='lat' dir='ltr'>apposita</span> <span class='ocrx_word' id='word_1_778' title='bbox 3401 4846 3657 4905; x_wconf 86' lang='lat' dir='ltr'>fuerint»</span> <span class='ocrx_word' id='word_1_779' title='bbox 3701 4831 3896 4924; x_wconf 51' lang='lat' dir='ltr'>(Euasit.</span> 
     </span>
    </p>
   </div>
   <div class='ocr_carea' id='block_1_110' title="bbox 2318 4923 3898 5013">
    <p class='ocr_par' dir='ltr' id='par_1_110' title="bbox 2318 4923 3898 5013">
     <span class='ocr_line' id='line_1_110' title="bbox 2318 4923 3898 5013; baseline -0.004 -16"><span class='ocrx_word' id='word_1_780' title='bbox 2318 4941 2422 4997; x_wconf 91' lang='lat' dir='ltr'>lib.</span> <span class='ocrx_word' id='word_1_781' title='bbox 2456 4958 2521 4997; x_wconf 82' lang='grc' dir='ltr'>ιιι</span> <span class='ocrx_word' id='word_1_782' title='bbox 2550 4923 2799 5013; x_wconf 79' lang='lat' dir='ltr'>Praepar.</span> <span class='ocrx_word' id='word_1_783' title='bbox 2851 4940 3035 5012; x_wconf 79' lang='lat' dir='ltr'>Evang</span> <span class='ocrx_word' id='word_1_784' title='bbox 3065 4980 3080 5008; x_wconf 95' lang='lat'>,</span> <span class='ocrx_word' id='word_1_785' title='bbox 3129 4955 3257 5011; x_wconf 89' lang='lat' dir='ltr'>cap.</span> <span class='ocrx_word' id='word_1_786' title='bbox 3311 4937 3367 5010; x_wconf 86' lang='lat'>3,</span> <span class='ocrx_word' id='word_1_787' title='bbox 3418 4953 3547 5009; x_wconf 86' lang='lat' dir='ltr'>pag.</span> <span class='ocrx_word' id='word_1_788' title='bbox 3593 4932 3695 5004; x_wconf 79' lang='grc'>94).</span> <span class='ocrx_word' id='word_1_789' title='bbox 3739 4923 3898 5013; x_wconf 57' lang='grc' dir='ltr'>Εββθω</span> 
     </span>
    </p>
   </div>
   <div class='ocr_carea' id='block_1_111' title="bbox 2315 5010 3901 5100">
    <p class='ocr_par' dir='ltr' id='par_1_111' title="bbox 2315 5010 3901 5100">
     <span class='ocr_line' id='line_1_111' title="bbox 2315 5010 3901 5100; baseline -0.013 -12"><span class='ocrx_word' id='word_1_790' title='bbox 2315 5031 2434 5100; x_wconf 91' lang='lat' dir='ltr'>ille,</span> <span class='ocrx_word' id='word_1_791' title='bbox 2466 5029 2628 5087; x_wconf 92' lang='lat' dir='ltr'>nullo</span> <span class='ocrx_word' id='word_1_792' title='bbox 2657 5010 2894 5087; x_wconf 78' lang='lat' dir='ltr'>auctore</span> <span class='ocrx_word' id='word_1_793' title='bbox 2915 5010 3111 5093; x_wconf 85' lang='lat' dir='ltr'>citato,</span> <span class='ocrx_word' id='word_1_794' title='bbox 3143 5026 3380 5099; x_wconf 90' lang='lat' dir='ltr'>repetit,</span> <span class='ocrx_word' id='word_1_795' title='bbox 3401 5026 3554 5082; x_wconf 90' lang='lat' dir='ltr'>sicut</span> <span class='ocrx_word' id='word_1_796' title='bbox 3572 5022 3752 5095; x_wconf 81' lang='lat' dir='ltr'>postea</span> <span class='ocrx_word' id='word_1_797' title='bbox 3765 5010 3901 5068; x_wconf 66' lang='lat' dir='ltr'>Theo&#39;</span> 
     </span>
    </p>
   </div>
   <div class='ocr_carea' id='block_1_112' title="bbox 2315 5100 3901 5192">
    <p class='ocr_par' dir='ltr' id='par_1_112' title="bbox 2315 5100 3901 5192">
     <span class='ocr_line' id='line_1_112' title="bbox 2315 5100 3901 5192; baseline -0.008 -16"><span class='ocrx_word' id='word_1_798' title='bbox 2315 5120 2576 5190; x_wconf 85' lang='lat' dir='ltr'>doretus,</span> <span class='ocrx_word' id='word_1_799' title='bbox 2619 5117 2719 5192; x_wconf 90' lang='lat' dir='ltr'>qui</span> <span class='ocrx_word' id='word_1_800' title='bbox 2778 5115 3076 5190; x_wconf 83' lang='lat' dir='ltr'>Porphyrii</span> <span class='ocrx_word' id='word_1_801' title='bbox 3137 5114 3382 5187; x_wconf 90' lang='lat' dir='ltr'>quidem</span> <span class='ocrx_word' id='word_1_802' title='bbox 3437 5113 3578 5169; x_wconf 87' lang='lat' dir='ltr'>citat</span> <span class='ocrx_word' id='word_1_803' title='bbox 3627 5100 3901 5192; x_wconf 57' lang='lat' dir='ltr'>Epistolatn,</span> 
     </span>
    </p>
   </div>
   <div class='ocr_carea' id='block_1_113' title="bbox 2314 5188 3900 5281">
    <p class='ocr_par' dir='ltr' id='par_1_113' title="bbox 2314 5188 3900 5281">
     <span class='ocr_line' id='line_1_113' title="bbox 2314 5188 3900 5281; baseline -0.009 -17"><span class='ocrx_word' id='word_1_804' title='bbox 2314 5188 2591 5281; x_wconf 85' lang='lat' dir='ltr'>illiusque</span> <span class='ocrx_word' id='word_1_805' title='bbox 2610 5188 2984 5275; x_wconf 75' lang='lat' dir='ltr'>sensum,sed</span> <span class='ocrx_word' id='word_1_806' title='bbox 3000 5221 3116 5261; x_wconf 92' lang='lat' dir='ltr'>non</span> <span class='ocrx_word' id='word_1_807' title='bbox 3130 5204 3313 5261; x_wconf 87' lang='lat' dir='ltr'>verba</span> <span class='ocrx_word' id='word_1_808' title='bbox 3326 5188 3900 5281; x_wconf 15' lang='lat' dir='ltr'>exhibet(Theodogr§f:v</span> 
     </span>
    </p>
   </div>
   <div class='ocr_carea' id='block_1_114' title="bbox 2314 5272 3900 5367">
    <p class='ocr_par' dir='ltr' id='par_1_114' title="bbox 2314 5272 3900 5367">
     <span class='ocr_line' id='line_1_114' title="bbox 2314 5272 3900 5367; baseline -0.008 -12"><span class='ocrx_word' id='word_1_809' title='bbox 2314 5302 2460 5355; x_wconf 88' lang='lat' dir='ltr'>tom.</span> <span class='ocrx_word' id='word_1_810' title='bbox 2490 5272 2582 5367; x_wconf 73' lang='grc' dir='ltr'>ἰν,</span> <span class='ocrx_word' id='word_1_811' title='bbox 2615 5312 2792 5354; x_wconf 87' lang='lat' dir='ltr'>serm.</span> <span class='ocrx_word' id='word_1_812' title='bbox 2822 5272 2877 5364; x_wconf 80' lang='lat'>3,</span> <span class='ocrx_word' id='word_1_813' title='bbox 2914 5299 2994 5352; x_wconf 88' lang='lat' dir='ltr'>De</span> <span class='ocrx_word' id='word_1_814' title='bbox 3022 5294 3204 5364; x_wconf 80' lang='lat' dir='ltr'>anget.</span> <span class='ocrx_word' id='word_1_815' title='bbox 3230 5297 3287 5349; x_wconf 82' lang='lat' dir='ltr'>et</span> <span class='ocrx_word' id='word_1_816' title='bbox 3328 5292 3587 5355; x_wconf 70' lang='grc' dir='ltr'>ἀέεηιοη..</span> <span class='ocrx_word' id='word_1_817' title='bbox 3632 5299 3750 5358; x_wconf 65' lang='lat' dir='ltr'>pag.</span> <span class='ocrx_word' id='word_1_818' title='bbox 3787 5272 3900 5343; x_wconf 76' lang='grc'>516)-</span> 
     </span>
    </p>
   </div>
   <div class='ocr_carea' id='block_1_115' title="bbox 2386 5376 3901 5458">
    <p class='ocr_par' dir='ltr' id='par_1_115' title="bbox 2386 5376 3901 5458">
     <span class='ocr_line' id='line_1_115' title="bbox 2386 5376 3901 5458; baseline -0.013 -14"><span class='ocrx_word' id='word_1_819' title='bbox 2386 5386 2513 5443; x_wconf 83' lang='grc' dir='ltr'>ΑΙίο</span> <span class='ocrx_word' id='word_1_820' title='bbox 2545 5386 2735 5443; x_wconf 88' lang='lat' dir='ltr'>adhuc</span> <span class='ocrx_word' id='word_1_821' title='bbox 2756 5387 3103 5458; x_wconf 90' lang='lat' dir='ltr'>argumento</span> <span class='ocrx_word' id='word_1_822' title='bbox 3136 5381 3432 5438; x_wconf 89' lang='lat' dir='ltr'>Minucius</span> <span class='ocrx_word' id='word_1_823' title='bbox 3462 5376 3709 5435; x_wconf 80' lang='lat' dir='ltr'>ethnicos</span> <span class='ocrx_word' id='word_1_824' title='bbox 3735 5377 3901 5458; x_wconf 47' lang='grc' dir='ltr'>κιο-ρο·</span> 
     </span>
    </p>
   </div>
   <div class='ocr_carea' id='block_1_116' title="bbox 2314 5452 3900 5547">
    <p class='ocr_par' dir='ltr' id='par_1_116' title="bbox 2314 5452 3900 5547">
     <span class='ocr_line' id='line_1_116' title="bbox 2314 5452 3900 5547; baseline -0.01 -13"><span class='ocrx_word' id='word_1_825' title='bbox 2314 5475 2615 5534; x_wconf 85' lang='lat' dir='ltr'>tissimum</span> <span class='ocrx_word' id='word_1_826' title='bbox 2637 5452 2932 5532; x_wconf 71' lang='lat' dir='ltr'>Romanos</span> <span class='ocrx_word' id='word_1_827' title='bbox 2942 5472 3204 5547; x_wconf 88' lang='lat' dir='ltr'>ejusdem</span> <span class='ocrx_word' id='word_1_828' title='bbox 3221 5468 3543 5544; x_wconf 83' lang='lat' dir='ltr'>impietatis</span> <span class='ocrx_word' id='word_1_829' title='bbox 3553 5452 3900 5534; x_wconf 61' lang='lat' dir='ltr'>coarguitNon</span> 
     </span>
    </p>
   </div>
   <div class='ocr_carea' id='block_1_117' title="bbox 2318 5551 3900 5637">
    <p class='ocr_par' dir='ltr' id='par_1_117' title="bbox 2318 5551 3900 5637">
     <span class='ocr_line' id='line_1_117' title="bbox 2318 5551 3900 5637; baseline -0.015 -9"><span class='ocrx_word' id='word_1_830' title='bbox 2318 5566 2445 5628; x_wconf 83' lang='lat' dir='ltr'>suis</span> <span class='ocrx_word' id='word_1_831' title='bbox 2474 5565 2630 5624; x_wconf 91' lang='lat' dir='ltr'>enim</span> <span class='ocrx_word' id='word_1_832' title='bbox 2660 5568 2894 5623; x_wconf 86' lang='lat' dir='ltr'>tantum</span> <span class='ocrx_word' id='word_1_833' title='bbox 2923 5561 3288 5637; x_wconf 76' lang='lat' dir='ltr'>principibus</span> <span class='ocrx_word' id='word_1_834' title='bbox 3317 5563 3379 5617; x_wconf 81' lang='lat' dir='ltr'>et</span> <span class='ocrx_word' id='word_1_835' title='bbox 3406 5556 3651 5632; x_wconf 86' lang='lat' dir='ltr'>regibus,</span> <span class='ocrx_word' id='word_1_836' title='bbox 3672 5551 3900 5618; x_wconf 62' lang='lat' dir='ltr'>tanqunm</span> 
     </span>
    </p>
   </div>
  </div>
