4088 6150
191 261 294 321 546

1618 256 2168 318 DISSERTATIO.

3440 269 3558 328 546

193 392 299 461 diis,
328 389 563 463 turpiter
613 389 1047 447 adulabantur:
1102 389 1205 445 sed
1246 403 1447 445 eorum
1478 388 1655 444 etiam
1686 405 1793 443 nu-
1820 390 1875 457 Α
1904 386 2143 460 perinde
2173 387 2608 459 aestimandum,
2643 407 2818 462 quam
2869 392 2918 448 si
2948 394 3148 450 Jovem
3184 396 3485 455 fefellisset
3520 422 3548 449 ››

196 497 300 536 men
324 480 677 545 invocabant,
712 480 784 535 ad
814 495 1016 536 eorum
1044 478 1331 551 imagines
1362 476 1791 549 supplicabant,

197 567 547 640 implorabant
576 568 840 639 ipsorum
870 568 1289 636 dasmonem,ac
1316 568 1503 622 tutius
1526 565 1643 623 illis
1664 569 1807 635 erat,

196 674 276 731 per
297 655 459 719 Jovis,
493 672 672 728 quam
703 654 857 728 regis
888 655 983 711 sui
1021 655 1263 729 genium
1291 656 1519 726 jurare.

259 747 323 801 De
349 743 625 800 scelerata
655 743 757 800 illa
787 744 1150 815 adulatione,
1182 760 1301 816 qua
1330 749 1595 800 mortuos
1624 743 1810 816 impe-

202 838 383 891 ratores
412 850 553 889 suos
583 833 828 889 Romani
860 834 1103 890 deorum
1137 850 1381 889 numero
1416 832 1809 902 ascribebant,

200 924 294 978 hac
319 922 463 994 apud
493 922 799 977 Justinum
856 926 1169 995 martyrem
1190 922 1464 994 legimus.
1496 919 1595 975 Καὶ
1624 918 1677 975 τί
1707 920 1811 995 γὰρ

202 1010 597 1079 ἀποθνήσκοντας
665 1010 793 1084 παρ’
861 1008 989 1083 ὑμῖν
1057 1007 1456 1083 αὐτοκράτορας
1511 1008 1756 1073 ἀπαθανα
1787 1040 1810 1051 -

199 1099 398 1168 τίζεσθαι
469 1098 739 1168 ἀξιοῦντες
792 1142 808 1169 ,
865 1097 956 1151 καὶ
1036 1096 1273 1170 ὀμνύντα
1347 1098 1469 1152 τινὰ
1550 1098 1814 1173 προάγετε

197 1187 455 1264 ἑωρακέναι
486 1185 546 1241 ἐκ
591 1192 692 1250 τῆς
734 1191 908 1262 πυρᾶς
947 1184 1315 1262 ἀνερχόμενον
1375 1185 1450 1249 εἷς
1496 1186 1590 1242 τὸν
1649 1185 1812 1262 οὐρα-

194 1277 265 1331 νὸν
288 1276 372 1331 τὸν
416 1276 747 1331 κατακαέντα
798 1273 1057 1349 Καίσαρα.
1110 1297 1139 1328 ‹‹
1170 1276 1484 1333 Morientes
1525 1276 1679 1349 apud
1711 1292 1813 1333 vos

195 1367 550 1440 imperatores
579 1382 813 1438 semper
844 1364 1270 1422 immortalitati
1316 1381 1655 1421 consecrare
1684 1365 1812 1437 dig-

197 1456 415 1522 nemini,
450 1456 837 1528 producentes
887 1455 1248 1527 quempiam,
1294 1454 1393 1526 qui
1426 1454 1815 1526 jurejurando

194 1545 473 1601 conﬁrmet
494 1543 709 1600 vidisse
730 1560 790 1600 se
813 1560 842 1599 e
862 1561 1000 1615 rogo
1030 1544 1089 1599 in
1126 1543 1335 1599 coelum
1374 1545 1688 1599 ascendere
1719 1560 1815 1599 ar-

194 1635 401 1690 dentem
453 1634 759 1702 Caesarem,
794 1655 823 1683 »
864 1633 1069 1689 Postea
1117 1649 1287 1689 vero:
1342 1656 1370 1683 «
1404 1635 1471 1688 Et
1524 1634 1621 1704 qui
1660 1632 1813 1704 apud

191 1740 276 1779 vos
306 1722 654 1791 moriuntur,
702 1723 1119 1795 imperatorum
1165 1721 1455 1794 imagines
1489 1722 1674 1777 forma
1704 1723 1816 1777 ista

191 1811 543 1881 consecratis,
591 1817 646 1867 et
694 1812 834 1868 deos
882 1811 1365 1883 inscriptionibus
1416 1811 1737 1866 nominatis
1786 1832 1816 1860 »

189 1902 410 1975 (Justin,
456 1903 722 1973 martyr.,
770 1898 997 1972 Apolog.
1054 1917 1093 1967 ι,
1147 1916 1277 1972 pag.
1308 1900 1523 1969 67-90).
1556 1900 1668 1955 Sed
1700 1899 1821 1955 haec

190 1989 353 2062 impia
371 1989 797 2060 imperatorum
820 1988 1220 2044 Romanorum
1243 1987 1578 2060 apotheosis
1600 1986 1822 2044 nemini

192 2077 365 2151 plane,
398 2077 500 2151 qui
533 2076 621 2133 vel
653 2076 1008 2149 primoribus
1054 2076 1237 2133 labris
1281 2076 1543 2149 aliquam
1582 2076 1822 2131 illorum

190 2168 480 2224 historiam
511 2166 791 2239 attigerit,
842 2166 1139 2239 incognita
1183 2182 1311 2222 esse
1340 2169 1552 2237 potest.
1583 2166 1710 2221 Non
1740 2164 1823 2219 ibi

197 2262 373 2313 tamen
402 2256 567 2313 stetit
586 2272 829 2328 prorsus
852 2255 1197 2311 detestanda
1235 2254 1601 2311 ethnicorum
1624 2252 1826 2309 adula-

193 2346 281 2412 tio,
308 2346 409 2402 sed
448 2345 637 2401 isdem
680 2344 804 2400 suis
828 2343 1304 2416 imperatoribus,
1333 2343 1525 2400 adhuc
1548 2342 1713 2413 vivis,
1737 2341 1824 2399 uti

190 2434 323 2491 lulio
344 2434 583 2504 Caesari,
602 2433 914 2490 Octaviano
936 2435 1218 2505 Augusto,
1239 2431 1513 2504 aliisque,
1532 2435 1827 2489 exstruxe-

192 2528 313 2579 runt
349 2523 593 2596 templa,
636 2528 693 2579 et
723 2540 887 2592 aras,
918 2526 1094 2595 atque
1127 2522 1460 2579 sacerdotes
1488 2525 1828 2578 creaverunt

192 2613 465 2684 (Sueton.,
495 2614 559 2667 in
614 2613 737 2669 Vita
782 2612 925 2668 Julii
979 2611 1138 2682 6.28.,
1189 2611 1220 2684 §
1247 2612 1355 2681 76;
1383 2615 1440 2667 et
1467 2612 1528 2666 in
1562 2613 1689 2667 Vita
1713 2611 1824 2665 Au-

186 2702 537 2771 gusti,§52;
597 2699 822 2758 Cornel.
881 2700 1090 2769 Tucit.,
1144 2699 1250 2757 lib.
1301 2716 1387 2768 ιιι,
1431 2700 1654 2769 Annal.,
1687 2698 1825 2756 circ.

188 2789 381 2859 med.).

246 2878 395 2934 Suos
455 2882 653 2935 autem
709 2877 1090 2951 imperatores
1148 2876 1342 2933 adhuc
1398 2877 1677 2945 viventes,
1724 2881 1829 2935 aut

179 2970 307 3036 post
336 2971 614 3036 mortem,
665 2967 805 3023 deos
853 2985 887 3023 a
936 2983 1000 3023 se
1028 2965 1415 3036 renuntiatae,
1448 2966 1638 3040 magis
1668 2982 1827 3023 vere-

178 3054 414 3127 bantur,
450 3073 630 3128 quam
660 3056 1037 3127 antiquiores,
1059 3054 1489 3128 longoquejam
1510 3074 1546 3113 a
1565 3060 1829 3128 tempore

1918 476 2147 549 (Tacit.,
2177 476 2278 532 lib.
2314 496 2349 549 ι,
2386 479 2584 534 Annal.
2620 486 2756 535 ante
2784 482 2932 554 ﬁn.).

1989 565 2189 637 Neque
2219 582 2389 637 porro
2449 584 2551 639 per
2608 568 2789 624 solius
2844 571 3115 642 Augusti,
3178 574 3279 629 sed
3311 576 3559 632 aliorum

1920 654 2094 710 etiam
2125 654 2545 727 imperatorum
2576 656 2814 729 genium
2837 658 3083 730 gentiles
3099 662 3299 730 jurare
3322 680 3563 721 consue-

1917 747 2139 798 verant.
2172 744 2602 801 Perversissimi
2650 745 2939 817 siquidem
2982 748 3162 820 hujus
3195 752 3374 809 moris
3404 752 3568 810 locu-

1921 831 2283 905 pletissimus
2340 833 2505 889 testis
2553 834 2723 890 nobis
2772 840 2860 891 est
2898 838 3193 908 Apuleius.
3226 840 3370 897 Cum
3403 843 3561 897 enim

1921 921 2307 993 magistratus
2339 922 2716 979 hortulanum
2750 927 3061 996 quemdam
3097 936 3441 999 quaererent,
3474 936 3563 986 at-

1922 1024 2036 1081 que
2061 1009 2159 1065 ubi
2180 1014 2333 1065 esset
2350 1010 2822 1067 sciscitarentur:
2855 1036 2875 1061 α
2902 1014 3217 1083 Militones,
3247 1018 3456 1090 inquit,
3484 1019 3566 1076 ibi

1922 1113 2028 1153 nec
2058 1098 2290 1170 uspiam
2322 1099 2661 1156 delitescere
2693 1102 3048 1173 adiurantes,
3078 1106 3315 1175 genium
3349 1108 3566 1179 princi-

1922 1186 2013 1259 pis
2070 1188 2567 1243 contendebant»
2626 1189 2856 1261 (Apulei
2914 1191 3012 1248 lib.
3078 1211 3151 1260 ιχ,
3212 1196 3564 1267 Metamorph.

1923 1275 2033 1331 sub
2064 1275 2189 1347 fin.)
2240 1275 2506 1349 Caligula
2553 1276 2796 1350 insuper
2826 1280 3061 1347 multos,
3096 1282 3369 1340 Suetonio
3400 1290 3566 1353 teste,

1922 1363 2198 1435 gravibus
2229 1366 2417 1436 pcenis
2465 1365 2693 1423 affecit:
2746 1389 2775 1416 «
2803 1369 2957 1439 quod
3008 1387 3311 1442 nunquam
3354 1390 3456 1445 per
3481 1391 3575 1446 ge-

1924 1452 2089 1508 nium
2147 1471 2321 1509 suum
2380 1455 2798 1525 dejerassent»
2856 1459 3034 1525 Suet.,
3095 1459 3195 1514 lib.
3259 1480 3333 1529 1v,
3396 1464 3568 1536 §27).

1925 1542 2203 1614 Denique,
2238 1546 2301 1597 ut
2332 1542 2501 1614 plura
2526 1544 2886 1612 omittamus,
2924 1553 3121 1603 narrat
3144 1549 3565 1620 Tertullianus,

1924 1630 2272 1703 perduelles,
2307 1631 2408 1703 qui
2442 1650 2475 1687 a
2503 1633 2683 1688 Cassii
2717 1640 2770 1688 et
2802 1635 2993 1689 Albini
3030 1638 3288 1707 partibus
3313 1642 3567 1713 stabant,

1927 1735 2030 1791 per
2084 1719 2284 1791 genios
2341 1722 2635 1792 pejerasse
2706 1722 3119 1793 imperatorum
3181 1728 3571 1799 (Tertullian.,

1930 1808 2238 1879 Apologet.,
2298 1825 2427 1881 cap.
2485 1811 2577 1878 35,
2635 1814 2691 1866 et
2741 1810 2842 1865 lib.
2919 1815 2993 1868 ad
3049 1814 3293 1887 Scapul.,
3354 1834 3460 1890 cap
3518 1821 3573 1887 2,

1930 1913 2062 1969 pag.
2095 1898 2208 1969 85).

2001 1987 2110 2042 Sed
2141 1986 2390 2059 impium
2423 1987 2567 2043 illud
2604 1989 3031 2059 jusjurandum
3072 1992 3388 2049 Christiani
3418 1996 3576 2052 dete-

1932 2076 2260 2131 stabantur.
2279 2075 2667 2139 Quamobrem
2689 2077 3059 2150 Polycarpus,
3076 2084 3576 2151 quemadmodum

1932 2164 2125 2220 aiebat
2164 2164 2470 2234 Eusebius,
2506 2183 2809 2237 nunquam
2831 2185 2862 2221 a
2884 2172 3127 2239 tyranno
3150 2172 3273 2242 cogi
3299 2173 3489 2243 potuit
3514 2178 3577 2230 ut

1932 2268 2037 2324 per
2064 2252 2307 2309 Caesaris
2336 2252 2574 2324 genium
2617 2254 2847 2324 juraret
2890 2256 3151 2327 (Euseb.,
3184 2258 3284 2313 lib.
3318 2277 3394 2328 IV,
3427 2264 3572 2318 Hist.

1930 2342 2098 2409 Eccl.,
2133 2358 2261 2413 cap.
2297 2343 2383 2411 15,
2417 2359 2548 2414 pag.
2604 2344 2698 2398 131
2752 2347 2808 2398 et
2856 2345 3065 2416 seqq.).
3106 2346 3216 2401 Alii
3251 2364 3383 2404 vero
3414 2350 3578 2407 Chri-

1934 2429 2132 2499 stiani,
2156 2430 2240 2486 sic
2261 2431 2345 2486 uti
2368 2431 2522 2487 idem
2542 2431 2937 2488 Tertullianus
2956 2438 3225 2501 testatur,
3246 2436 3578 2510 irreligiosi,

1935 2535 2000 2574 ac
2030 2518 2230 2592 populi
2272 2519 2470 2577 hostes
2511 2526 2815 2592 propterea
2852 2522 3194 2592 proclamati
3230 2532 3388 2595 sunt,
3423 2529 3579 2600 quod

1934 2608 2226 2664 Cassarum
2278 2608 2565 2679 imagines
2609 2611 2997 2681 repropitiari,
3029 2628 3349 2684 eorumque
3379 2618 3582 2687 genios

1936 2698 2197 2768 dejerare
2226 2697 2691 2753 detrectaverint.
2740 2698 2847 2755 Sed
2898 2701 2967 2754 de
3000 2701 3357 2759 Tertulliano
3388 2705 3580 2761 adhuc

1937 2784 2161 2857 aliquid
2188 2802 2294 2841 suo
2324 2784 2450 2841 loco
2492 2785 2801 2842 dicendum
2854 2788 3241 2861 (Tertullian.,
3270 2792 3575 2865 Apologet.,

1934 2889 2061 2947 cap.
2115 2874 2201 2945 f2,
2262 2890 2318 2946 p.
2382 2874 2471 2940 31,
2531 2878 2589 2930 et
2633 2873 2735 2931 lib.
2797 2892 2836 2942 ι,
2896 2875 2966 2931 ad
3025 2877 3268 2947 Nation.,
3325 2896 3452 2953 cap.
3490 2882 3578 2953 17,

1939 2981 2066 3037 pag.
2095 2964 2208 3032 61).

2012 3051 2288 3110 Nonnulli
2332 3069 2503 3125 porro
2554 3069 2587 3108 a
2636 3052 2804 3109 nobis
2836 3054 3100 3110 fortassis
3151 3054 3451 3127 inquirant
3482 3076 3588 3117 cur

176 3159 208 3198 a
234 3144 362 3200 suis
397 3125 565 3201 5:80
613 3125 982 3200 consecratos
1013 3125 1297 3215 patribus.
1330 3125 1445 3200 Cur
1472 3160 1605 3215 ergo
1626 3144 1655 3199 ‘I
1683 3125 1830 3211 Quia
1858 3125 1901 3193 Ο
1942 3140 2236 3198 Minucius
2291 3146 2418 3196 tum
2477 3142 2837 3198 confidenter
2903 3125 3250 3215 pronuntiet
3296 3147 3582 3220 ethnicos,

181 3234 457 3298 «tutius,
494 3255 514 3281 ι
570 3234 759 3302 inquit
806 3232 1098 3300 Octavius,
1150 3233 1235 3289 eis
1282 3238 1427 3301 erat,
1478 3255 1508 3283 «
1544 3249 1649 3305 per
1676 3233 1835 3289 Jovis

172 3321 421 3393 genium
480 3322 760 3393 pejerare,
819 3338 998 3394 quam
1057 3322 1231 3393 regis.
1265 3344 1295 3372 »
1353 3322 1437 3377 Ibi
1494 3326 1691 3378 autem
1741 3320 1838 3378 ille

173 3415 545 3480 praeuatem
571 3410 772 3482 procul
816 3410 992 3466 dubio
1016 3414 1253 3466 secutus
1275 3414 1364 3466 est
1384 3409 1835 3482 Tertullianum,

171 3500 347 3571 cujus
373 3500 505 3556 haec
530 3499 659 3571 ipsa
679 3501 853 3555 verba
879 3498 1092 3571 legisse
1113 3499 1342 3555 videtur
1365 3516 1379 3555 :
1419 3518 1442 3548 α
1477 3499 1661 3555 Citius
1683 3501 1837 3572 apud

164 3604 293 3659 vos,
328 3589 613 3661 gentiles,
648 3604 751 3662 per
778 3604 984 3644 omnes
1015 3588 1156 3643 deos
1186 3604 1364 3660 quam
1394 3604 1497 3659 per
1525 3605 1708 3643 unum
1740 3604 1838 3660 ge-

166 3676 339 3733 nium
415 3678 666 3735 Caesaris
721 3677 1014 3749 pejeratur
1058 3699 1088 3726 »
1149 3676 1535 3747 (Tertullian.,
1593 3677 1840 3750 Apolog.,

162 3781 300 3838 cap.
336 3767 465 3837 28).

232 3855 427 3911 Certo
451 3853 692 3927 quidem
716 3853 931 3911 certius
954 3857 1043 3910 est
1054 3854 1179 3925 jam
1222 3854 1295 3910 ab
1320 3854 1565 3927 Augusti
1589 3854 1842 3928 impera-

158 3944 317 3999 toris
355 3950 635 4016 tempore
673 3958 896 4000 morem
945 3942 1287 4010 invaluisse,
1318 3948 1384 3999 ut
1425 3943 1465 3999 ii
1496 3960 1599 4015 per
1628 3961 1843 4000 nomen

158 4032 293 4086 sive
316 4033 576 4103 genium
600 4030 973 4104 imperatoris
996 4032 1288 4103 jurarent.
1315 4032 1538 4088 Etenim
1570 4032 1844 4089 Horatius

158 4122 469 4177 eumdem
501 4123 836 4193 Augustum
869 4120 1242 4191 alloquendo,
1274 4121 1357 4178 sic
1388 4120 1633 4178 canebat
1659 4140 1672 4179 :

386 4299 636 4348 Praesenti
665 4299 759 4348 tibi
790 4302 1029 4348 maturos
1058 4298 1313 4359 largimur
1344 4298 1595 4359 honores,

386 4361 937 4427 Jurandasque__tuum
967 4375 1063 4427 per
1093 4374 1290 4427 nomen
1318 4362 1569 4425 ponimus
1598 4376 1731 4421 aras,

728 4425 948 4487 (Horat.,
978 4425 1016 4473 l.
1046 4436 1098 4483 ιι,
1128 4424 1290 4487 Epist.
1321 4424 1356 4484 ι,
1388 4438 1434 4473 υ.
1474 4427 1528 4474 15
1566 4428 1621 4474 et
1649 4425 1748 4488 16.)

234 4600 449 4658 Audis
479 4608 631 4658 certe
676 4605 734 4658 et
775 4600 1016 4673 positas,
1070 4599 1224 4656 sicut
1270 4599 1533 4672 proxime
1558 4600 1837 4671 diximus,

157 4687 456 4762 Augusto
488 4690 681 4746 adhuc
710 4688 925 4747 viventi
956 4706 1110 4760 aras,
1142 4705 1207 4744 ac
1238 4704 1342 4761 per
1370 4705 1604 4759 nomen,
1638 4688 1695 4744 id
1728 4693 1840 4757 est,

162 4778 433 4847 genium
464 4782 592 4850 ejus
640 4779 906 4836 ethnicos
952 4779 1205 4849 jurasse.
1243 4777 1554 4850 Postquam
1583 4794 1715 4834 vero
1741 4777 1841 4835 ille

164 4864 295 4921 fato
334 4869 581 4925 functus
611 4869 839 4937 fuisset,
888 4867 1167 4924 Claudius
1198 4865 1409 4933 Caesar,
1448 4870 1596 4923 teste
1632 4868 1835 4924 Sueto-

169 4952 302 5021 nio,
338 4978 373 5007 ς(
397 4956 825 5028 Jusjurandum
850 4972 1039 5028 neque
1061 4955 1324 5012 sanctius
1348 4956 1483 5024 sibi,
1507 4962 1698 5027 neque
1718 4971 1840 5013 cre-

162 5040 351 5100 brius
383 5046 669 5115 instituit,
702 5063 877 5119 quam
919 5061 1026 5118 per
1051 5046 1370 5116 Augustam
1402 5085 1419 5101 ..
1460 5045 1746 5117 (Sueton.,
1777 5046 1840 5101 in

167 5130 304 5187 Vita
337 5133 569 5204 Claud.,
598 5138 626 5205 §
656 5136 766 5207 11),
806 5134 865 5190 id
914 5136 1024 5200 est,
1076 5149 1179 5205 per
1209 5132 1340 5204 ejus
1371 5133 1610 5205 genium
1641 5136 1698 5189 et
1727 5150 1836 5191 no-

166 5234 344 5278 men.
388 5225 568 5290 Quam
600 5241 834 5281 sacrum
858 5227 1052 5280 autem
1074 5239 1141 5279 ac
1163 5221 1504 5294 religiosum
1526 5222 1702 5278 fuerit
1725 5222 1836 5279 hoc

153 5308 605 5379 jusjurandum
654 5313 704 5369 si
754 5313 860 5369 tibi
905 5312 1097 5368 adhuc
1144 5311 1378 5384 probari
1421 5328 1610 5382 aveas,
1644 5311 1835 5369 disces

175 5398 397 5470 utique
426 5417 497 5456 ex
543 5401 634 5458 his
684 5401 869 5458 Taciti
899 5400 1090 5458 verbis
1116 5416 1129 5455 :
1162 5422 1191 5450 ‹‹
1222 5400 1437 5455 Aubrio
1468 5399 1699 5457 crimini
1730 5401 1831 5457 da-

192 5479 363 5543 batur
392 5488 673 5547 violatum
703 5490 960 5563 perjurio
1007 5504 1221 5545 nomen
1259 5488 1529 5562 Augusti.
1564 5490 1697 5555 Quae
1731 5488 1833 5545 ubi

188 5570 413 5636 Tiberio
432 5583 704 5651 notuere,
725 5579 959 5653 scripsit
979 5576 1337 5637 consulibus.
1350 5618 1388 5637 ..
1402 5578 1831 5651 jusjurandum

1945 3254 1973 3283 «
2008 3230 2212 3299 tutius,
2247 3252 2276 3281 ››
2307 3229 2417 3298 vel,
2448 3230 2602 3287 sicut
2624 3230 2706 3286 ait
2724 3230 3139 3299 Tertullianus,
3166 3256 3187 3282 ι
3214 3234 3407 3303 citius,
3433 3259 3462 3287 »
3485 3255 3590 3309 per

1942 3320 2125 3389 Jovis,
2159 3336 2337 3391 quam
2395 3319 2768 3392 imperatoris
2813 3322 3050 3392 genium
3097 3323 3335 3393 jurasse
3387 3326 3585 3399 (idem,

1944 3410 2246 3481 Apologet.,
2281 3425 2409 3479 cap.
2440 3409 2555 3480 28).
2590 3407 2891 3480 Duplicem
2925 3410 3123 3482 itaque
3155 3412 3437 3469 rationem
3470 3415 3590 3473 illis

1947 3497 2243 3554 dabimus.
2267 3499 2416 3555 531
2445 3497 2640 3553 Prima
2666 3502 2775 3565 est,
2800 3515 2979 3569 quam
3002 3501 3401 3558 Tertullianus
3423 3504 3592 3561 nobis

1948 3590 2227 3659 suggerit,
2252 3586 2501 3660 gentiles
2532 3586 2728 3643 minus
2757 3587 2899 3643 deos
2926 3605 3066 3643 suos
3097 3590 3386 3661 timuisse,
3412 3609 3591 3664 quam

1949 3678 2294 3747 prementem
2314 3673 2733 3745 imperatorum
2757 3678 3123 3747 potestatem.
3151 3677 3419 3734 Secunda
3434 3696 3593 3749 vero,

1950 3763 2427 3836 quiajuramenti
2453 3764 2584 3829 Deo,
2609 3764 2875 3835 praestiti,
2914 3764 3103 3835 inquit
3137 3766 3425 3835 Zozimus,
3455 3785 3596 3825 con-

1951 3852 2188 3908 donatio
2211 3851 2418 3907 divinaa
2450 3852 2803 3924 benignitati
2853 3853 3140 3924 permissa
3184 3860 3309 3911 erat
3358 3857 3592 3928 (Zorim,

1951 3939 2054 3997 lib.
2082 3958 2137 4007 v,
2170 3942 2369 3997 Hister.
2421 3940 2477 3995 in
2532 3942 2658 4013 fin.)
2706 3943 2812 4005 Qui
2858 3958 2991 3998 vero
3036 3960 3135 4014 per
3160 3945 3398 4015 genium
3430 3948 3593 4018 prin-

1952 4028 2119 4100 cipis,
2150 4029 2237 4083 vel
2267 4028 2326 4083 in
2362 4046 2421 4085 re
2450 4029 2650 4101 aliqua
2680 4030 2924 4084 minoris
2958 4032 3259 4097 momenti,
3284 4032 3439 4088 verbi
3462 4051 3595 4106 gra-

1951 4117 2053 4183 tia,
2072 4116 2426 4187 pecuniaria,
2443 4119 2759 4190 peierabnt,
2775 4119 2843 4182 is,
2866 4116 3037 4173 sicuti
3059 4117 3332 4190 Ulpianus
3351 4128 3595 4179 annota-

1953 4205 2055 4272 vit,
2088 4206 2344 4261 fustibus
2395 4207 2667 4277 castigari
2712 4207 3030 4277 jubebatur
3078 4206 3351 4279 (Ulpian.,
3396 4209 3498 4267 lib.
3531 4228 3595 4284 ιι,

1952 4295 2106 4350 titul.
2140 4296 2195 4359 2,
2229 4298 2339 4366 leg.
2376 4295 2459 4365 13,
2489 4297 2517 4363 §
2546 4296 2606 4350 Si
2633 4296 2797 4365 quis).
2852 4294 3023 4349 Plura
3064 4295 3165 4366 qui
3197 4295 3466 4367 voluerit,
3501 4298 3599 4355 ille

1955 4384 2124 4440 adeat
2171 4382 2559 4450 Brissonium,
2600 4383 2959 4438 Hansenium
2991 4382 3332 4454 Trelierum,
3366 4390 3423 4442 et
3452 4386 3598 4445 alios

1877 4490 1921 4556 Β
1956 4471 2055 4543 qui
2087 4472 2159 4527 de
2189 4471 2820 4541 veterumjuramento,
2846 4472 3207 4527 etTafﬁnum
3231 4474 3330 4545 qui
3353 4475 3423 4531 de
3444 4476 3600 4546 genii

1952 4559 2134 4625 cultu,
2171 4577 2238 4615 ac
2269 4577 2371 4632 per
2400 4575 2535 4615 eum
2561 4559 2796 4629 jurandi
2830 4577 2989 4616 more
3018 4561 3385 4633 scripserunt
3413 4565 3596 4637 (Bris-

1949 4666 2100 4715 son.,
2134 4648 2232 4703 lib.
2268 4665 2389 4712 vm,
2443 4648 2507 4703 de
2554 4649 2819 4717 Formul.,
2874 4667 3005 4720 pag.
3049 4652 3191 4719 809;
3225 4655 3505 4727 Hansen.,
3537 4655 3603 4713 de

1947 4739 2256 4795 Jurament.
2284 4740 2477 4806 neten,
2509 4754 2638 4810 cap.
2672 4738 2740 4793 46
2768 4763 2781 4806 ;
2829 4738 3065 4795 Tafﬁn..
3107 4741 3176 4797 de
3204 4742 3356 4800 Anno
3384 4746 3600 4817 δέδεσαι,

1948 4832 2082 4895 etc.,
2114 4843 2243 4899 cap.
2282 4826 2391 4898 13).

2499 4988 2897 5046 ARTICULUS
2952 4990 3043 5045 IV.

1948 5094 2064 5165 Qua
2093 5096 2306 5152 ratione
2353 5092 2625 5151 Minucius
2677 5096 2895 5151 dixerit
2937 5110 3133 5152 cruces
3180 5113 3213 5152 a
3265 5094 3601 5153 Christiani:

2461 5183 2559 5223 nec
2587 5168 2711 5235 coli,
2745 5183 2843 5223 nec
2870 5170 3068 5237 optari.

2015 5308 2288 5364 Octavius
2319 5308 2390 5364 ad
2444 5310 2766 5363 secundam
2823 5306 3034 5363 Caecilii
3090 5307 3160 5362 de
3192 5306 3383 5362 crucis
3424 5307 3587 5365 cultu

1944 5397 2413 5469 objurgationem
2463 5397 2691 5452 duobus
2741 5412 2974 5467 quoque
3025 5396 3214 5451 modis
3255 5398 3587 5467 respondet.

1944 5486 2114 5543 Prius
2145 5489 2339 5542 autem
2373 5483 2532 5540 illius
2565 5501 2913 5557 responsum
2944 5484 3032 5540 his
3056 5501 3159 5540 nec
3183 5483 3450 5555 pluribus
3470 5502 3595 5541 ver-

1943 5576 2036 5635 bis
2081 5572 2633 5648 comprehenditur:
2684 5596 2713 5626 «
2744 5574 2961 5633 Cruces
3012 5590 3119 5631 nec
3167 5572 3439 5644 colimus,
3488 5592 3596 5633 nec
