3942 6162
498 250 614 309 517

1778 235 1882 295 DE
1926 232 2229 295 MINUCII
2274 234 2609 297 OCTAVIO
3732 250 3826 309 548

495 383 789 452 optamus.
830 399 851 426 ι
881 375 990 429 Sed
1023 374 1079 428 id
1112 389 1227 444 quo
1260 370 1516 437 brevius,
1548 386 1615 425 eo
1648 366 1959 424 obscurius
1989 364 2140 421 mul-
2170 366 2225 433 Α
2325 368 2687 441 QuaprOpter
2715 370 2797 426 ibi
2845 370 2929 426 vel
2987 370 3054 426 de
3087 370 3262 442 hujus
3294 389 3463 427 sacra:
3491 376 3666 431 crucis
3692 380 3829 451 signo

493 469 570 525 tis
595 466 922 523 videbitur:
976 466 1135 518 Itane
1188 478 1316 516 γυνθ
1366 459 1705 523 Christiani,
1752 455 2004 528 inquies,
2039 471 2142 510 nec

495 557 687 629 ipsam
716 554 954 626 quidem
1008 550 1218 606 Christi
1265 564 1518 617 crucem,
1555 564 1658 603 nec
1687 545 1866 601 ullam
1904 560 2145 617 prorsus

497 647 625 717 ejus
658 643 975 714 imaginem
1008 638 1319 695 colebant?
1349 638 1550 692 Nonne
1581 652 1721 690 crux
1750 632 1962 689 Christi
1983 649 2018 687 a
2039 631 2141 703 Cy-

392 714 395 721 ,
498 714 629 789 rillo
679 727 1201 802 Hierosolymitano
1254 729 1509 791 vocatur,
1544 747 1571 774 κ
1603 723 1673 777 Τὸ
1726 722 1995 796 σωτήριον
2048 720 2143 773 τοῦ

496 823 731 894 σταυροῦ
760 816 941 889 ξύλον,
977 816 1230 873 salutare
1262 814 1454 870 crucis
1485 813 1710 885 lignum
1738 830 1752 879 ;
1789 818 1840 869 et
1876 808 2142 878 Eusebio,

496 910 773 987 φωτήριον
821 909 1048 979 σημεῖον
1106 904 1363 960 salutare
1420 902 1678 974 signum,
1739 899 2008 973 σωτήριον
2053 894 2143 950 καὶ

498 996 789 1068 ζωοποιόν,
849 997 1106 1052 salutare
1164 1010 1229 1049 ac
1286 991 1639 1058 vivificium;
1699 994 1875 1060 atque
1940 987 2142 1052 etiam,

496 1088 770 1163 σωτήριον
811 1088 1096 1159 τροπαῖον,
1149 1082 1403 1137 salutare
1449 1084 1755 1151 tropaeum,
1788 1099 1815 1128 n
1869 1082 2141 1132 Romanis

495 1176 685 1243 urbis,
717 1174 970 1247 imperii,
1015 1188 1081 1227 ac
1134 1171 1318 1226 totius
1368 1168 1527 1225 orbis
1576 1167 1939 1239 praesidium,
1970 1165 2143 1235 cujus

497 1265 755 1322 divinam
812 1261 1133 1329 potentiam
1191 1257 1449 1314 Licinius
1508 1257 1825 1329 imperator
1872 1253 2141 1309 ethnicus

497 1353 778 1427 agnovit?
808 1350 1007 1424 Cyrill.
1040 1347 1345 1417 Hierosol.,
1378 1346 1561 1418 Epist.
1613 1345 1688 1401 ad
1717 1345 1999 1401 Constant.
2029 1343 2140 1396 im-

495 1452 695 1516 perat.,
730 1457 861 1514 pag.
910 1439 1061 1499 247.)
1110 1436 1249 1501 Quis
1291 1441 1487 1491 autem
1538 1434 1767 1489 dubitat
1807 1432 1918 1487 tale
1949 1431 2141 1487 crucis

497 1532 729 1602 signum
758 1547 791 1584 a
820 1527 1169 1583 Christianis
1203 1526 1429 1580 sincero
1470 1522 1627 1578 cultu
1654 1523 2005 1577 honoratum
2026 1520 2053 1574 ?
2081 1519 2136 1573 Si

497 1620 629 1692 quis
679 1624 875 1675 tamen
925 1616 1260 1683 reluctatur,
1312 1614 1361 1669 is
1410 1613 1612 1668 audiat
1661 1610 1997 1677 Eusebium,
2041 1607 2139 1680 qui

494 1706 941 1765 Constantinum
976 1705 1253 1776 Magnum
1288 1702 1541 1757 summis
1583 1700 1858 1755 laudibus
1889 1699 2014 1753 ideo
2041 1715 2137 1753 ex-

493 1796 667 1864 tollit,
715 1796 856 1867 quia
882 1792 1257 1865 triumphale,
1290 1791 1377 1845 uti
1407 1791 1507 1860 ait,
1532 1789 1678 1845 illud
1702 1789 1939 1860 signum
1964 1785 2142 1842 coluit

491 1885 554 1939 τὸ
579 1884 859 1939 νικοποιὸν
911 1881 1068 1953 ἐτίμα
1114 1884 1365 1951 σημεῖον,
1418 1880 1476 1934 in
1526 1896 1638 1949 quo
1669 1879 1787 1933 vim
1820 1875 2139 1931 divinitatis

494 1980 552 2031 et
572 1977 926 2030 memoratos
954 1971 1036 2025 ibi
1070 1971 1141 2025 ab
1172 1969 1376 2024 eodem
1409 1966 1656 2022 Eusebio
1684 1964 1983 2021 mirabiles
2004 1964 2139 2019 effe-

410 2080 415 2083 ‘
495 2068 649 2127 ctus,
681 2061 897 2133 saepius
929 2062 1199 2131 expertus
1230 2057 1419 2111 fuerat
1448 2056 1702 2124 (Euseh.,
1729 2053 1831 2108 lib.
1858 2070 1897 2120 ι,
1919 2052 1984 2107 de
2010 2053 2142 2107 Vita

498 2152 808 2219 ConstanL,
857 2164 983 2219 cap.
1038 2146 1129 2210 3|,
1181 2161 1312 2217 pag.
1366 2144 1509 2211 423;
1545 2142 1647 2197 lib.
1704 2160 1765 2212 ιι,
1796 2158 1927 2213 cap.
1960 2142 2046 2211 16,
2081 2157 2138 2212 p.

494 2240 589 2294 451
623 2257 637 2307 ;
670 2238 771 2292 lib.
807 2254 881 2303 ιν,
914 2253 1040 2308 cap.
1090 2234 1181 2306 2|,
1228 2250 1355 2306 pag.
1417 2233 1561 2299 535;
1604 2236 1661 2287 et
1712 2230 1869 2287 Orat.
1904 2234 1975 2286 de
2006 2230 2142 2284 Lau-

494 2328 605 2383 dib.
641 2326 941 2389 Constant,
991 2339 1121 2396 pag.
1175 2323 1280 2376 627
1329 2326 1387 2376 et
1433 2320 1583 2391 6‘28).
1635 2319 1981 2374 Ambrosius
2006 2334 2140 2374 vero

496 2416 652 2471 haud
685 2415 1019 2470 dubitanter
1050 2411 1389 2484 pronuntiat
1419 2410 1637 2466 Christi
1668 2425 1901 2463 crucem
1936 2407 2007 2463 ab
2042 2408 2144 2462 He-

495 2504 647 2571 lena,
681 2503 944 2574 ejusdem
978 2499 1339 2557 Constantini
1371 2504 1577 2562 matre,
1625 2498 1682 2552 in
1716 2497 1904 2568 capite
1935 2512 2139 2568 regum

493 2592 765 2661 locatam,
799 2612 828 2642 ι(
864 2596 925 2645 ut
955 2591 1014 2645 in
1037 2589 1273 2661 regibus
1295 2588 1568 2643 adoretur
1591 2609 1618 2636 »
1643 2588 1966 2659 (Ambros.,
1991 2591 2138 2640 orat.

493 2682 558 2738 de
588 2682 728 2738 Obit.
786 2680 1059 2748 Theodos.,
1118 2680 1147 2746 §
1199 2678 1289 2743 46,
1338 2693 1469 2748 pag.
1525 2676 1706 2747 12H).
1749 2676 2141 2746 Hieronymus

491 2786 624 2826 vero
659 2768 740 2825 ait
769 2767 1008 2824 Paulam
1056 2790 1081 2817 «
1118 2770 1470 2837 prostratam
1515 2769 1651 2820 ante
1680 2780 1936 2831 crucem,
1973 2761 2142 2834 quasi

492 2859 842 2932 pendentem
867 2856 1176 2929 Dominum
1199 2859 1475 2924 cerneret,
1500 2854 1798 2920 adorasse,
1818 2874 1845 2901 »
1862 2851 2140 2925 (Hieron.,

490 2949 674 3020 Epist.
705 2949 796 3015 86,
830 2963 933 3002 seu
970 2943 1224 3016 Epitaph.
1262 2943 1483 3008 Paula,
1512 2958 1645 3014 pag.
1671 2942 1821 3013 675).

565 3054 711 3121 Quid
732 3052 937 3124 plura?
953 3050 1224 3107 Julianus
1242 3051 1519 3121 Apostata
1534 3047 1917 3114 Christianos,
1942 3062 2141 3118 quem-

493 3106 811 3199 admodtim
842 3139 1127 3206 Cmeilius,
1179 3106 1527 3210 objurgabat
1576 3137 1729 3208 quod
1771 3106 2000 3191 crnli'tus
2039 3137 2136 3191 de-
2167 3106 2212 3173 (ἶ

490 3232 722 3304 lapsum
752 3231 913 3287 Jovis
944 3247 1009 3285 ac
1036 3228 1240 3283 Martis
1270 3226 1537 3300 clypeum
1570 3226 1880 3281 irridentes
1912 3241 1979 3280 ac
2000 3241 2136 3280 con-

490 3324 841 3386 temnentes,
872 3318 1064 3373 crucis
1091 3317 1327 3389 signum
1358 3317 1804 3371 venerabantur.
1839 3317 1912 3370 At
1943 3313 2025 3368 illi
2052 3329 2138 3369 re-

490 3411 741 3483 spondet
768 3407 1014 3481 Cyrillus
1045 3404 1492 3469 Alexandrinus,
1527 3404 1588 3458 τὸ
1636 3404 1905 3478 σωτήριον
1955 3399 2136 3472 ξύλον,

494 3522 524 3551 ‹‹
555 3498 810 3555 salutare
851 3497 1101 3568 lignum,
1146 3498 1243 3548 τοῦ
1284 3492 1471 3565 τιμίου
1498 3497 1754 3568 σταυροῦ,
1782 3493 2136 3549 honorande

492 3586 704 3653 crucis,
738 3608 766 3636 »
820 3585 1091 3641 refricare
1141 3584 1554 3640 beneﬁciorum
1609 3582 1869 3639 omnium
1928 3582 1987 3636 in
2030 3598 2136 3637 nos

491 3674 704 3730 Christi
734 3679 920 3729 morte
950 3672 1295 3730 collatorum
1344 3673 1497 3729 532
1542 3675 1887 3727 memoriam
1918 3669 2133 3743 (Cyrill.

489 3762 829 3828 Alexandr.,
887 3762 989 3817 lib.
1050 3778 1125 3830 vx,
1187 3764 1361 3815 contr.
1420 3761 1657 3831 Iuliam,
1732 3777 1862 3832 pag.
1925 3760 2024 3814 194
2081 3763 2138 3815 et

491 3851 677 3923 seqq.)
706 3851 843 3914 Quis
873 3855 1063 3906 autem
1093 3849 1317 3905 dubitet
1342 3848 1512 3922 longe
1544 3850 1770 3921 aequius
1794 3848 2135 3920 justiusque

491 3958 619 3998 esse
648 3940 827 4011 hujus
858 3938 1136 3995 salutaris
1185 3938 1361 4010 signi,
1404 3955 1581 4011 quam
1614 3938 2037 3994 horrendorum
2069 3952 2135 3992 ac

489 4029 968 4101 turpissimorum
1001 4026 1353 4098 ﬂagitiorum
1399 4045 1433 4082 a
1464 4027 1578 4082 diis
1610 4026 2003 4082 admissorum
2035 4028 2133 4081 de-

488 4120 674 4190 pictas
703 4118 763 4173 in
794 4117 1118 4190 parietibus
1150 4115 1337 4171 colere
1362 4115 1647 4187 imagines
1667 4114 1695 4169 ?

562 4226 675 4282 Sed
706 4224 757 4281 si
786 4240 879 4280 res
908 4223 990 4279 ita
1019 4238 1081 4280 se
1110 4221 1404 4291 habuerit,
1448 4238 1564 4293 qua
1595 4220 1879 4276 Minutius
1911 4221 2134 4276 ratione

490 4315 680 4371 dicere
710 4314 936 4387 potuit:
1001 4313 1271 4368 «Cruces
1330 4327 1435 4366 nec
1490 4309 1759 4377 colimus,
1820 4325 1924 4365 nec
1972 4315 2133 4382 opta-

490 4419 645 4458 mus.
684 4425 705 4453 ι
758 4403 1005 4468 Quidam
1056 4406 1253 4457 autem
1305 4400 1457 4455 male
1510 4398 1590 4454 ibi
1637 4397 1903 4471 legerunt
1948 4420 1976 4448 «
2006 4415 2134 4453 ora-

2252 458 2309 509 et
2333 454 2609 529 imagine,
2642 460 2729 514 vel
2760 460 2831 514 de
2862 459 3107 514 aliorum
3143 460 3538 517 sceleratorum
3570 464 3829 526 hominum

2252 544 2523 601 crucibus
2554 546 2753 618 procul
2785 547 2961 603 dubio
2990 546 3264 618 loquitur.
3300 552 3469 621 Atqui
3497 551 3600 606 hoc
3622 559 3834 613 secundo

2252 632 2585 705 significatu
2617 637 2793 692 verba
2839 636 2969 707 ejus
3023 653 3193 708 posse
3226 638 3405 708 accipi
3436 639 3561 695 inde
3590 640 3730 697 haud
3755 646 3834 701 ab-

2253 723 2431 777 surde
2458 723 2588 794 quis
2636 724 2889 796 colliget,
2938 726 3092 796 quod
3145 726 3297 781 sicut
3350 749 3371 775 ι
3399 726 3628 796 ethnici,
3662 753 3687 779 ››
3721 737 3835 789 teste

2252 810 2523 883 Origene,
2577 832 2606 862 «
2648 811 2907 886 legentes
2958 835 2985 863 »
3037 814 3246 870 Christi
3297 815 3613 884 historiam,
3657 821 3838 890 opinati

2252 904 2391 955 sunt
2419 900 2780 957 Christianos
2812 903 3089 959 omnibus
3119 903 3179 958 in
3211 920 3439 959 crucem
3464 906 3601 961 actis
3623 906 3837 979 aliquam

2250 988 2523 1046 exhibere
2544 991 2977 1048 venerationem
2998 1017 3013 1059 ;
3032 993 3114 1048 ita
3136 994 3311 1049 etiam
3333 992 3474 1049 falso
3496 996 3838 1068 crediderunt,

2250 1076 2384 1134 illos
2440 1079 2731 1150 quaslibet
2785 1096 2989 1137 cruces
3047 1082 3290 1137 revereri
3349 1082 3618 1155 (Origen.,
3667 1084 3755 1141 lib.
3790 1103 3838 1155 ιι,

2248 1176 2421 1224 contr.
2460 1169 2631 1239 ϐαιὴ,
2684 1185 2818 1242 pag.
2868 1170 2982 1239 87).
3014 1169 3387 1235 Huicautem
3412 1171 3750 1242 explicationi
3774 1176 3841 1231 fa-

2248 1270 2382 1312 vere
2410 1256 2639 1314 videtur
2690 1262 2746 1313 et
2798 1257 3005 1314 Caecilii
3057 1258 3413 1331 redargutio,
3446 1264 3502 1315 et
3528 1259 3743 1317 Minucii
3768 1280 3840 1319 re-

2251 1361 2558 1416 sponsum.
2596 1347 2845 1419 Uterque
2865 1346 3025 1403 enim
3053 1364 3170 1403 non
3200 1348 3273 1403 de
3294 1364 3464 1403 cruce
3484 1347 3671 1420 aliqua
3685 1351 3841 1423 singu-

2246 1431 2465 1500 lariter,
2490 1433 2591 1489 sed
2613 1434 2935 1507 generatim
2961 1436 3033 1492 de
3071 1435 3344 1492 crucibus
3388 1452 3699 1493 sermonem
3720 1438 3839 1495 fecit.

2248 1522 2451 1577 Posuit
2479 1527 2675 1578 autem
2708 1523 3001 1580 Minucius
3033 1529 3187 1581 recte
3234 1525 3475 1582 omnino
3513 1526 3689 1582 dicere
3713 1527 3841 1582 Chri-

2249 1611 2471 1667 stianos
2504 1611 2833 1680 hominum,
2880 1614 2951 1669 ob
2983 1613 3200 1670 scelera
3243 1620 3432 1672 morte
3462 1615 3836 1688 damnatorum,

2248 1716 2449 1755 cruces
2481 1716 2585 1756 nec
2617 1700 2824 1769 colere,
2862 1719 2965 1758 nec
2996 1708 3216 1775 optare.

2322 1807 2380 1862 Si
2413 1806 2546 1878 quis
2595 1823 2730 1863 vero
2784 1807 2904 1863 haec
2951 1808 3139 1880 ipsius
3186 1810 3365 1865 verba
3410 1809 3483 1866 de
3510 1826 3648 1866 veras
3674 1809 3843 1865 Christi

2253 1895 2445 1950 crucis
2472 1895 2831 1967 imaginibus
2858 1899 3201 1969 exponenda
3229 1913 3364 1953 esse
3388 1900 3704 1968 arbitretur,
3725 1900 3841 1955 hanc

2251 1984 2656 2056 proculdubio
2677 1985 3038 2041 existimabit
3065 2001 3194 2042 esse
3225 1987 3358 2057 ejus
3390 1992 3635 2043 mentem
3663 2004 3719 2043 ac
3743 2004 3843 2043 sen-

2251 2089 2405 2127 sum.
2432 2075 2645 2129 Cruces
2665 2074 3032 2145 autligneas,
3058 2079 3161 2130 aut
3183 2076 3450 2146 cujusvis
3495 2076 3735 2132 materiei
3753 2092 3840 2132 non

2250 2160 2538 2230 colimus;
2591 2162 2729 2233 quia
2780 2162 2976 2233 ipsum
3022 2163 3275 2236 lignum,
3308 2170 3409 2220 aut
3439 2163 3610 2219 aliam
3641 2164 3843 2219 similem

2252 2250 2562 2306 materiam
2614 2266 2731 2306 non
2781 2251 3161 2319 honoramus,
3212 2254 3317 2308 sed
3372 2269 3593 2309 crucem
3622 2253 3839 2321 videndo,

2250 2354 2483 2394 omnem
2516 2344 2783 2395 nostrum
2816 2338 3039 2395 cultum
3064 2340 3132 2395 ad
3157 2340 3504 2412 ipsummet,
3526 2341 3619 2412 qui
3642 2342 3693 2395 in
3713 2356 3843 2396 cruce

2250 2428 2549 2499 pependit,
2582 2428 2879 2484 Christum
2932 2430 3267 2486 referimus.
3320 2431 3434 2487 Nec
3464 2431 3739 2503 explicatio
3763 2430 3839 2485 illa

2251 2515 2609 2587 quibusdam
2641 2517 2822 2573 nimis
2862 2517 3115 2574 violenta
3166 2520 3523 2575 censebitur.
3556 2520 3840 2575 Ambrosius

2249 2605 2567 2673 enimvero,
2600 2607 2702 2677 qui
2733 2623 2929 2663 veram
2979 2624 3211 2663 crucem
3246 2608 3481 2677 Christi,
3514 2610 3590 2665 uti
3622 2610 3839 2665 observa-

2248 2693 2460 2762 vimus,
2493 2695 2553 2750 in
2582 2696 2817 2768 regibus
2848 2696 2996 2751 dixit
3022 2697 3253 2752 adorari
3288 2716 3302 2765 ;
3336 2699 3509 2770 paulo
3540 2703 3663 2753 ante
3687 2699 3745 2752 de
3763 2695 3839 2750 illa

2248 2782 2379 2855 ipsa
2401 2784 2485 2838 sic
2518 2784 2861 2855 scripserat:
2896 2785 3112 2840 Helena
3136 2807 3163 2836 «
3195 2787 3423 2843 invenit
3440 2787 3666 2842 titulum
3695 2801 3835 2839 »cru-

2250 2872 2335 2929 cis
2365 2895 2393 2923 ‹‹
2428 2878 2639 2942 Regem
2669 2873 2949 2942 adoravit,
2985 2890 3099 2929 non
3130 2874 3363 2946 lignum
3398 2876 3612 2947 utique,
3635 2874 3751 2947 quia
3769 2872 3835 2927 hic

2250 2960 2487 3033 gentilis
2514 2966 2603 3017 est
2632 2978 2811 3032 error,
2847 2966 2905 3018 et
2948 2964 3176 3018 vanitas
3228 2964 3581 3036 impiorum:
3612 2964 3701 3020 sed
3729 2962 3835 3017 ado-

2251 3050 2400 3105 ravit
2427 3049 2617 3115 illum,
2666 3050 2766 3121 qui
2822 3051 3098 3123 pependit
3139 3051 3197 3105 in
3231 3050 3414 3125 ligno,
3447 3052 3683 3124 scriptus
3710 3053 3756 3106 in
3780 3050 3833 3103 ti-

2247 3138 2370 3194 tulo
2402 3160 2431 3187 »
2490 3139 2805 3211 (Ambros.,
2861 3144 3007 3195 orat.
3069 3142 3138 3196 de
3202 3139 3333 3198 Obit
3392 3141 3651 3210 Theodos.,
3701 3142 3723 3207 §
3768 3138 3835 3206 t6,

2248 3244 2381 3300 pag.
2427 3228 2609 3300 1211).

2315 3316 2531 3371 Verum
2564 3316 2614 3371 si
2646 3331 2714 3370 ea
2741 3316 2820 3372 sit
2850 3317 3105 3373 auctoris
3136 3320 3359 3375 nostris
3390 3335 3572 3385 mens,
3605 3334 3706 3390 quo
3735 3317 3835 3387 jure

2247 3405 2480 3476 adjecit,
2515 3426 2545 3455 «
2577 3420 2680 3460 nec
2731 3406 3053 3477 optamus?
3088 3429 3116 3456 υ
3165 3408 3319 3471 Quid
3361 3409 3516 3464 enim
3547 3404 3833 3463 Christianis

2246 3493 2583 3564 optabilius,
2615 3510 2792 3565 quam
2824 3496 3017 3550 crucis
3041 3494 3261 3550 Christi
3285 3497 3483 3552 videre
3499 3496 3835 3569 effigiem,aut

2246 3598 2350 3654 pro
2397 3582 2624 3638 Christo
2675 3583 2872 3639 subire
2916 3585 3108 3640 crucis
3156 3584 3496 3657 supplicia?
3535 3579 3832 3656 Responderi

2247 3674 2456 3743 potest,
2490 3671 2725 3727 Minucii
2756 3673 2996 3728 verbum
3039 3696 3065 3723 «
3101 3673 3375 3742 colimus,
3415 3697 3436 3724 1
3481 3675 3549 3730 ad
3581 3673 3725 3746 prius
3748 3670 3831 3724 Cs-

2244 3758 2381 3829 cilii,
2422 3780 2443 3808 ι
2477 3760 2821 3828 adorandae;
2856 3783 2883 3809 ››
2917 3765 3090 3833 atque
3132 3783 3161 3811 «
3194 3768 3492 3833 Optamus,
3523 3784 3549 3811 »
3582 3762 3646 3816 ad
3678 3781 3701 3809 «
3729 3756 3831 3812 sub-

2246 3849 2451 3904 eundae
2475 3864 2716 3905 cruces»
2737 3849 3057 3919 referri,ita
3072 3854 3135 3905 ut
3166 3850 3264 3905 hic
3295 3850 3373 3907 sit
3405 3867 3609 3906 sensus
3636 3847 3831 3903 :Cruces

2245 3954 2360 3993 non
2384 3941 2679 4009 optamus,
2708 3939 2862 3995 538
2881 3943 2983 3993 aut
3005 3939 3328 4010 quaerimus
3350 3956 3364 4008 ;
3384 3941 3483 3996 sed
3502 3940 3549 3995 si
3573 3956 3603 3995 a
3620 3933 3829 4010 tyrannis

2244 4026 2416 4098 capti,
2448 4042 2544 4082 eas
2588 4027 2787 4082 subire
2820 4026 3108 4100 cogimur,
3138 4028 3364 4084 lubenti
3389 4028 3582 4085 animo
3607 4026 3827 4100 patimur.

2244 4119 2301 4170 et
2321 4119 2598 4186 optamus
2619 4115 2811 4172 crucis
2833 4115 3121 4188 supplicio
3145 4118 3331 4173 vitam
3352 4118 3537 4174 ﬁnire.
3557 4117 3740 4173 Eodem
3759 4125 3831 4164 au-

2243 4207 2361 4259 tem
2421 4221 2599 4260 sensu
2653 4204 3096 4261 Tertullianus:
3144 4228 3172 4255 ‹‹
3210 4206 3391 4264 Plane
3439 4206 3692 4264 volumus
3725 4197 3829 4272 pati,

2243 4309 2445 4348 verum
2476 4309 2542 4349 eo
2574 4310 2756 4362 more,
2789 4311 2905 4366 quo
2934 4299 2992 4349 et
3039 4294 3254 4351 bellum
3310 4313 3481 4351 nemo
3525 4294 3649 4366 quis
3673 4290 3830 4346 lubens

2244 4381 2483 4453 patitur,
2508 4399 2642 4438 eum
2668 4388 2724 4438 et
2744 4382 3033 4455 trepidare
3077 4388 3135 4440 et
3178 4385 3491 4457 periclitari
3520 4395 3729 4439 necesse
3747 4377 3828 4438 sit;

490 4505 646 4545 mus.
688 4511 718 4541 »
761 4489 888 4557 Alii,
944 4489 1203 4545 auctoris
1253 4488 1436 4544 nostri
1492 4470 1735 4544 sensum
1766 4492 2133 4559 perspectum
2168 4470 2214 4538 Π
2243 4474 2442 4527 tamen
2493 4471 2793 4544 Ρνίὲίίαιυτ
2839 4472 3115 4528 omnibus
3160 4474 3406 4542 Viribus;
3458 4479 3514 4529 θῑ
3557 4470 3759 4559 Viue?“
3791 4478 3829 4559 ξπ

490 4577 637 4634 satis
668 4595 786 4633 non
838 4578 1142 4645 habentes,
1204 4577 1616 4650 corrigendum
1673 4581 2049 4642 censuerunt,
2080 4583 2136 4632 et

488 4680 690 4721 revera
731 4666 907 4721 scribi
964 4665 1290 4733 voluerunt,
1346 4666 1738 4722 «horremus.
1773 4688 1802 4715 »
1856 4665 1966 4721 Sed
2014 4664 2135 4719 hinc

491 4754 690 4811 omnia
722 4758 924 4810 contra
956 4754 1170 4809 codicis
1201 4755 1579 4827 manuscripti
1633 4755 1830 4822 fidem,
1875 4770 1982 4810 nec
2014 4770 2134 4810 me-

490 4842 621 4899 liori
652 4860 850 4899 sensu.

561 4932 709 4999 Quid
761 4930 959 5004 igitur,
1012 4931 1264 5002 inquies.
1316 4930 1609 4987 Minucius
1657 4932 1768 4987 sibi
1814 4931 1997 4988 voluit
2042 4932 2135 4989 his

487 5022 719 5079 verbis:
753 5044 781 5072 κ
817 5025 1027 5077 Cruces
1057 5036 1163 5076 nec
1192 5019 1462 5087 colimus,
1510 5036 1616 5075 nec
1645 5024 1940 5092 optamus,
1972 5043 2000 5072 »
2033 5025 2136 5077 aut

488 5111 783 5183 quomodo
815 5128 881 5166 ea
912 5114 1161 5182 possunt
1189 5107 1514 5180 explicari?
1539 5108 1775 5164 Certum
1822 5114 2019 5165 autem
2050 5110 2135 5165 vi-

489 5201 661 5256 detur
695 5200 795 5256 illa
817 5217 931 5255 non
973 5200 1043 5255 de
1065 5199 1190 5271 ipso
1214 5214 1347 5254 vero
1388 5196 1580 5253 crucis
1619 5197 1830 5254 Christi
1854 5199 2051 5271 stipite
2080 5206 2135 5254 et

489 5288 671 5361 ligno,
694 5291 765 5345 de
806 5307 920 5360 quo
958 5289 1085 5360 jam
1113 5288 1270 5344 citati
1294 5305 1327 5343 a
1357 5286 1526 5343 nobis
1550 5287 1891 5343 Ambrosius
1915 5292 1973 5342 et
2002 5288 2133 5343 Hie-

490 5393 770 5448 ronymus
792 5377 1134 5449 loquuntur,
1162 5394 1330 5450 posse
1351 5375 1615 5448 intelligi.
1648 5375 1810 5431 Illius
1840 5376 2135 5434 enimvero

489 5465 749 5533 tempore
791 5482 925 5521 vera
981 5466 1081 5523 illa
1129 5483 1272 5522 crux
1322 5464 1554 5521 Domini
1604 5466 1677 5521 ab
1728 5464 1965 5536 Helena,
1996 5468 2139 5524 Con-

491 5552 731 5609 stantini
762 5555 954 5625 Magni
984 5559 1188 5628 matre,
1226 5556 1487 5613 nondum
1522 5558 1753 5628 reperta
1780 5555 1992 5613 fuerat.

2247 4559 2441 4632 prelio
2474 4560 2710 4634 gaudet,
2744 4560 2843 4634 qui
2876 4561 2947 4617 de
2977 4562 3177 4635 praelio
3207 4566 3561 4636 querebatur
3581 4583 3606 4609 »
3630 4549 3827 4631 (Tertul-

2245 4646 2408 4719 lian.,
2466 4650 2764 4722 Apologet.,
2825 4668 2952 4722 cap.
3031 4652 3143 4724 50).
3216 4655 3287 4706 At
3345 4647 3697 4706 dissimulare
3742 4653 3824 4695 non

2244 4754 2583 4810 possumus,
2598 4738 2706 4795 hac
2723 4741 2984 4795 secunda
2997 4739 3475 4811 interpretatione
3490 4738 3599 4794 vim
3618 4733 3825 4802 aliquam

2247 4826 2484 4883 Minucii
2526 4828 2714 4884 verbis
2767 4828 2981 4884 afferri.
3023 4828 3249 4884 Etenim
3290 4846 3407 4884 una
3437 4828 3725 4895 eademque
3747 4828 3826 4868 V01

2244 4915 2422 4970 simul
2454 4915 2691 4989 signum
2742 4917 3029 4973 duntaxat
3069 4917 3282 4986 crucis,
3333 4922 3391 4972 et
3430 4930 3615 4971 veram
3643 4915 3824 4965 crucem

2244 5002 2617 5076 signiﬁcabit.
2654 5005 2799 5061 Vide
2826 5005 3007 5077 igitur
3037 5022 3155 5078 qua
3175 5005 3396 5063 ratione
3416 5004 3548 5061 huic
3571 4992 3826 5072 expositio-

2245 5092 2305 5149 ni
2335 5091 2519 5150 altera
2549 5094 2910 5166 praeferenda
2940 5094 3039 5151 sit.

2314 5199 2598 5257 Caeterum
2629 5201 2921 5273 quidquid
2950 5198 3021 5258 de
3059 5202 3271 5258 horum
3313 5197 3547 5256 Minucii
3575 5192 3823 5279 verborutn

2245 5305 2423 5346 sensu
2453 5289 2887 5361 pronuntietur,
2938 5291 3138 5364 negari
3179 5295 3329 5347 certe
3362 5304 3474 5344 non
3504 5285 3674 5357 potest
3696 5276 3823 5364 Chri-

2245 5378 2467 5435 stianos
2492 5379 2619 5450 ejus
2641 5383 2900 5451 tempore
2923 5363 3144 5435 cultum
3169 5379 3421 5451 aliquem
3438 5369 3725 5430 reddidisse
3737 5363 3823 5451 D0:

2244 5467 2473 5523 minicss
2503 5445 2694 5525 crucis
2748 5445 2939 5542 signo.
2988 5445 3298 5526 Frontibus
3341 5464 3549 5539 quippe
3576 5445 3823 5551 suis‘illutl

2244 5555 2568 5630 saepissime
2617 5557 3019 5632 imponebant,
3070 5557 3467 5631 virginemque
3500 5542 3822 5609 Eustochium
