4088 6150
339 279 450 339 649

1761 275 2306 337 DISSERTATIO.

3615 282 3734 342 550

337 409 715 480 Hieronymus
770 407 1076 463 hortatur:
1137 429 1166 458 ‹‹
1199 407 1287 462 Ad
1346 423 1580 462 omnem
1625 410 1844 475 actum,
1897 406 1967 462 ad
1999 409 2052 475 Α
2082 406 2448 464 testinasunt
2467 409 3213 483 tropmorumﬁeligiotota
3231 413 3734 486 castrensissigna

338 515 564 554 omnem
594 498 893 552 incessum
921 513 1133 552 manus
1164 497 1367 568 pingat
1386 496 1615 552 Domini
1640 513 1873 553 erucem
1900 513 1912 552 :
1938 515 1965 546 ι»

339 592 502 658 atque
533 586 712 642 aliam
743 602 973 658 quoque
1002 585 1326 657 virginem:
1366 604 1388 634 ι
1422 584 1636 640 Crebro
1669 583 1972 658 signaculo

342 676 519 730 crucis
577 674 810 730 munias
867 675 1116 730 frontem
1174 679 1360 745 tuam,
1430 691 1503 730 ne
1558 675 1976 730 exterminator

341 763 557 837 Egypti
588 764 649 818 in
680 766 735 818 te
765 763 958 819 locum
986 762 1255 835 reperiat,
1291 763 1391 818 sed
1414 763 1824 836 primogenita,
1850 780 1975 836 qua:

343 853 481 926 apud
513 853 815 925 Egyptios
846 856 1112 926 pereunt,
1146 852 1206 906 in
1245 857 1348 906 tua
1396 855 1588 907 mente
1617 851 1917 908 salventur
1946 873 1977 905 ι

343 943 712 1015 (Hieronym.,
727 942 908 1014 Epist.
943 941 1008 996 18
1029 940 1102 996 ad
1123 940 1404 1009 Eustoch.,
1426 957 1558 1016 pag.
1584 942 1652 996 46
1677 967 1691 1009 ;
1715 945 1774 997 et
1793 941 1976 1012 Epist.

341 1033 398 1088 97
425 1032 500 1088 ad
527 1033 794 1095 Dantem.
843 1047 898 1102 p.
953 1030 1104 1099 790).
1160 1030 1352 1104 Longe
1398 1047 1534 1086 vero
1581 1030 1978 1102 antiquiorem

342 1121 506 1178 faisse
537 1121 697 1176 hunc
725 1119 1190 1176 Christianorum
1238 1135 1462 1177 morem
1503 1119 1559 1174 in
1595 1120 1980 1192 sequentibus

342 1211 551 1267 nostris
571 1208 1090 1266 dissertationibus
1111 1208 1670 1280 demonstrabimus,
1695 1225 1760 1265 ac
1776 1209 1980 1266 eodem

339 1300 507 1356 etiam
530 1297 722 1355 crucis
745 1297 912 1370 signo
943 1313 1096 1370 saepe
1126 1297 1341 1370 saepius
1365 1297 1596 1370 fugatos
1622 1314 1658 1354 a
1695 1296 1980 1355 Christia-

340 1389 418 1444 nis
447 1389 769 1454 dzemones,
829 1386 983 1443 sicut
1038 1385 1154 1442 alia
1208 1385 1270 1442 in
1327 1385 1737 1443 dissertatione
1779 1391 1983 1460 postea

338 1477 743 1534 annotabimus
790 1476 1058 1545 (Dissert.
1109 1478 1169 1532 in
1221 1476 1318 1531 lib.
1356 1481 1484 1532 Luc.
1519 1475 1700 1532 Caecil.
1728 1476 1794 1531 de
1818 1476 1980 1532 Mart.

336 1572 613 1639 persecat,
649 1583 776 1638 cap.
808 1568 864 1630 5,
923 1570 1032 1621 art.
1093 1568 1130 1620 2
1177 1570 1234 1621 et
1292 1566 1369 1635 3).
1419 1564 1560 1631 Quis
1594 1565 1794 1636 itaque
1826 1582 1985 1621 sanae

337 1657 543 1713 mentis
575 1655 755 1711 homo
786 1654 1137 1710 difﬁtebitur
1156 1654 1446 1710 tributum
1469 1671 1502 1709 a
1522 1653 1870 1709 Christianis
1889 1654 1986 1710 ho-

337 1762 536 1802 norem
568 1744 760 1801 crucis
809 1743 1024 1799 Christi
1076 1742 1264 1816 signo,
1295 1760 1408 1816 quo
1441 1759 1504 1798 se
1543 1743 1892 1798 creberrime
1918 1759 1983 1798 ac

336 1833 581 1906 singulis
614 1834 730 1889 fere
761 1833 921 1888 horis
971 1832 1305 1904 signabant,
1357 1835 1413 1887 et
1451 1832 1621 1902 cujus
1652 1831 1866 1887 virtute
1895 1835 1985 1886 tot

335 1929 612 1995 tantaque
663 1919 948 1978 miracula
1005 1920 1130 1976 ﬁeri
1188 1920 1577 1976 mirabantur.
1617 1922 1814 1992 Apage
1845 1936 1982 1992 ergo

336 2015 594 2085 ineptam
629 2009 902 2067 Gronovii
924 2013 985 2064 in
1016 2009 1125 2066 hoc
1144 2007 1383 2064 Minucii
1405 2008 1599 2064 locum
1623 2009 1985 2065 animadver-

336 2102 580 2173 sionem,
613 2116 732 2172 qua
779 2098 1003 2156 insulse
1049 2097 1260 2154 asserit
1297 2097 1528 2154 nullum
1577 2097 1737 2154 cruci
1768 2097 1982 2154 Christi

333 2191 710 2248 tribuendum
736 2188 1041 2244 honorem.
1089 2187 1171 2243 De
1201 2186 1300 2243 illo
1330 2191 1526 2243 autem
1560 2187 1750 2242 adhuc
1781 2191 1984 2259 postea

333 2280 649 2353 agendum,
683 2279 753 2334 de
783 2294 900 2350 quo
929 2276 1168 2332 interim
1218 2275 1524 2333 consulere
1565 2276 1782 2348 poteris
1812 2276 1982 2332 Peta-

333 2370 512 2435 vium,
528 2365 1012 2437 Thomassinum,
1029 2366 1388 2434 Gretserum,
1403 2364 1668 2436 aliosque
1682 2365 1982 2437 theologos

337 2459 453 2514 sive
490 2455 898 2524 scholasticos,
932 2455 1051 2511 sive
1083 2453 1612 2510 controversiarum
1645 2453 1982 2526 scriptores,

334 2547 576 2618 (Petav.,
632 2549 777 2601 tom.
837 2544 906 2600 V.
969 2544 1170 2614 Theol.,
1229 2543 1434 2615 dogm.,
1483 2543 1587 2600 lib.
1619 2561 1714 2612 xv,
1747 2560 1874 2615 cap.
1907 2543 1981 2612 8;

335 2635 670 2702 Thomass.,
699 2633 800 2689 lib.
834 2650 916 2688 xu
947 2633 1120 2688 Theol.
1171 2631 1319 2702 ἄρα..
1369 2631 1434 2688 de
1468 2633 1712 2698 Incarn',
1747 2648 1873 2704 cap.
1907 2633 1984 2700 8;

339 2729 394 2782 et
447 2724 700 2795 Theolag.
748 2725 810 2778 in
850 2723 1066 2792 Magist.
1115 2723 1383 2789 Sentcnt.,
1434 2721 1537 2777 lib.
1588 2737 1674 2791 ιιι,
1713 2720 1857 2776 diss.
1906 2721 1980 2790 9;

345 2817 400 2869 et
426 2813 485 2870 in
518 2813 585 2868 D.
621 2812 831 2868 Thom.
864 2827 948 2880 ιιι,
992 2814 1196 2882 quiest.
1229 2811 1344 2882 25.)

917 2967 1321 3025 ARTICULUS
1359 2968 1424 3024 ν.

348 3077 622 3148 Quomodo
672 3077 943 3132 Minucius
1011 3076 1184 3130 telum
1237 3074 1597 3148 ethnicorum,
1659 3073 1986 3148 Christianis

409 3152 624 3206 cultum
658 3150 838 3204 crucis
885 3148 1288 3219 objicientium,
1323 3147 1384 3201 in
1411 3146 1537 3201 illos
1565 3147 1854 3219 retundat,
1889 3148 1987 3219 qui
2015 3148 2058 3214 C

409 3236 609 3277 cruces
637 3222 697 3274 in
726 3217 957 3275 deorum
997 3219 1332 3284 simulacris,
1385 3217 1693 3284 cantabris,
1735 3217 1984 3286 vexillis,

408 3294 634 3372 lropaeis
664 3291 1038 3372 honorabant,
1069 3305 1141 3371 ac
1169 3304 1402 3372 qum-uin
1432 3291 1663 3372 signum
1689 3290 1750 3343 in
1769 3293 1984 3372 tunicu-

405 3361 554 3420 tibus
583 3365 818 3418 navium
838 3362 991 3427 velis,
1016 3362 1076 3416 in
1087 3361 1254 3433 jugo,
1275 3368 1329 3416 el
1347 3361 1568 3416 homine
1587 3362 1846 3432 expansis
1860 3361 1984 3417 bra-

402 3437 547 3492 chiis
577 3438 773 3491 orante
800 3436 1246 3506 repraesentatur.

406 3558 567 3617 Satis
603 3557 861 3614 Minucio
911 3574 1026 3612 non
1077 3556 1187 3612 fuit
1232 3555 1498 3612 ethnicos
1540 3556 1728 3612 crucis
1760 3555 1985 3612 cultum

325 3647 690 3705 Christianis
717 3647 1132 3718 exprobrantes
1161 3645 1516 3712 confutasse,
1551 3646 1652 3701 sed
1676 3645 1734 3700 in
1764 3645 1986 3718 ipsum,

328 3740 494 3810 quod
524 3737 668 3793 inde
697 3735 1087 3807 conjiciebant
1114 3733 1320 3796 telum,
1346 3733 1406 3788 in
1429 3732 1559 3788 illos
1582 3732 1667 3788 sic
1687 3734 1984 3791 retundit:

325 3849 360 3878 κ
376 3828 498 3885 Vos
521 3826 698 3899 plane
719 3825 942 3895 ligneos
963 3825 1108 3880 deos
1125 3823 1500 3891 consecratis,
1520 3838 1720 3878 cruces
1740 3823 1984 3896 ligneas,

322 3919 392 3971 ut
427 3917 684 3973 deorum
709 3917 1034 3969 vestrorum
1058 3916 1252 3985 partes
1277 3911 1516 3968 forsitan
1541 3910 1816 3968 adoratis.
1839 3912 1986 3968 Nam

317 4010 380 4060 et
411 4005 594 4078 signa
625 4003 775 4076 ipsa,
809 4006 866 4057 et
896 4002 1190 4066 cantabra,
1225 4022 1254 4050 »
1284 3999 1459 4072 (male
1487 3999 1671 4071 aliqui
1701 4000 1984 4074 scriptum

313 4095 490 4150 584
519 4091 730 4147 volunt
777 4092 1000 4159 labara)
1061 4114 1081 4139 ε
1119 4093 1175 4146 et
1221 4089 1433 4146 vexilla
1463 4092 1810 4158 castrorum,
1845 4090 1985 4162 quid

309 4182 516 4247 aliud,
536 4197 717 4252 quam
737 4180 1018 4236 inaurata
1036 4195 1237 4236 cruces
1255 4182 1396 4234 sunt
1406 4182 1462 4233 et
1475 4181 1692 4234 ornatae
1706 4177 1734 4233 ?
1749 4179 1988 4251 Tropaea

307 4277 531 4326 vestra
559 4269 822 4325 victricia
855 4285 968 4324 non
1001 4272 1231 4324 tantum
1259 4266 1548 4338 simplicis
1571 4268 1760 4324 crucis
1779 4267 1985 4324 faciem

309 4373 544 4412 verum
575 4362 626 4412 et
654 4357 811 4412 afﬁxi
835 4356 1092 4413 hominis
1113 4356 1445 4412 imitantur.
1474 4377 1503 4406 »
1527 4355 1770 4412 Videtur
1788 4362 1984 4413 autem

315 4450 548 4501 auctor
569 4451 762 4502 noster
785 4446 900 4501 hac
922 4445 1210 4502 delibasse
1249 4461 1320 4500 ex
1355 4434 1734 4515 Tertulliano,
1760 4445 1860 4517 qui
1892 4461 1984 4502 eo-

309 4533 474 4589 dem
489 4550 731 4606 prorsus
755 4534 928 4590 modo
949 4533 1112 4590 illam
1133 4532 1504 4588 ethnicorum
1526 4531 1597 4587 de
1619 4503 1983 4602 cultucruci,
2015 4516 2062 4581 Ι)

304 4641 348 4680 a
380 4622 748 4679 Christianis
773 4622 1050 4690 exhibito,
1078 4638 1286 4677 vanam
1309 4619 1879 4693 argumentationem
1893 4637 1981 4676 re-

298 4710 520 4769 fellit:
551 4731 574 4759 ι
598 4711 706 4775 Qui
728 4711 940 4780 crucis,
966 4733 994 4759 ››
1018 4709 1230 4782 inquit,
1260 4730 1286 4757 »
1320 4725 1424 4764 nos
1450 4706 1758 4780 religiosos
1789 4710 1978 4778 putat,

300 4803 756 4857 consectaneus
784 4800 897 4856 erit
928 4802 1146 4865 noster,
1179 4813 1314 4853 cum
1347 4796 1575 4869 lignum
1599 4795 1832 4866 aliquod
1857 4812 1984 4869 pro-

300 4889 598 4962 pitiatur.
629 4888 852 4945 Viderit
880 4888 1138 4954 habitus,
1171 4887 1310 4942 dum
1337 4885 1593 4942 materia:
1619 4884 1872 4958 qualitas
1892 4901 1981 4942 ea-

301 4979 471 5033 dem
497 4978 592 5033 sit.
612 4977 828 5035 Viderit
843 4977 1051 5046 forma,
1074 4978 1216 5032 dum
1235 4975 1294 5031 id
1317 4975 1511 5047 ipsum
1528 4974 1630 5031 Dei
1651 4991 1860 5047 corpus
1882 4973 1978 5030 sit.

302 5067 398 5124 Et
431 5070 630 5123 tamen
662 5072 883 5139 quanto
904 5065 1292 5138 distinguitur
1309 5081 1342 5120 a
1361 5065 1552 5121 crucis
1574 5064 1772 5136 stipite
1795 5063 1981 5120 Pallas

303 5154 548 5222 Attica,
586 5159 644 5212 et
674 5155 844 5213 Ceres
873 5155 1106 5221 Pharia,
1140 5171 1270 5226 quas
1301 5154 1428 5210 sine
1460 5153 1652 5224 efﬁgie
1672 5153 1804 5208 rudi
1824 5152 1978 5226 palo,

305 5249 381 5301 et
416 5244 656 5301 informi
688 5245 848 5319 ligno
880 5244 1150 5319 prostat?
1177 5248 1319 5300 Pars
1350 5242 1540 5299 crucis
1570 5245 1658 5297 cst
1685 5259 1859 5298 omne
1888 5259 1979 5298 ro-

308 5335 466 5398 bur,
497 5335 652 5406 quod
702 5339 893 5390 erecta
941 5333 1194 5392 statione
1243 5331 1556 5404 deligitur:
1609 5347 1716 5386 nos
1756 5329 1805 5387 si
1838 5332 1979 5388 forte

306 5423 626 5496 integrum
659 5427 716 5478 et
761 5427 951 5479 totum
983 5423 1168 5479 Deum
1199 5421 1470 5477 colimus.
1508 5418 1770 5475 Diximus
1801 5418 1978 5491 origi-

311 5529 466 5569 nem
496 5513 743 5568 deorum
775 5516 1101 5570 vestrorum
1134 5530 1168 5568 a
1198 5509 1406 5584 plastis
1438 5509 1510 5565 de
1547 5525 1719 5565 cruce
1743 5509 1968 5566 induci.

307 5603 439 5661 Sed
467 5607 531 5661 et
546 5602 823 5661 victorias
842 5602 1121 5674 adoratis,
1144 5617 1281 5660 cum
1302 5599 1360 5656 in
1400 5596 1638 5671 tropaeis
1661 5613 1865 5656 cruces
1887 5597 1978 5657 in-

2081 501 2408 567 veneratur,
2433 497 2797 569 signajurat,
2823 499 3730 575 signaomnibusdcisprzeponit.

2084 583 2299 641 Omnes
2348 585 2430 640 illi
2477 585 2802 659 imaginum
2852 593 3163 660 suggestus
3211 590 3494 662 insignes,
3549 591 3735 646 moni-

2085 671 2162 729 lia
2188 689 2426 730 crucum
2458 679 2617 746 sunt,
2659 675 2896 747 siphara
2944 676 3042 731 illa
3091 677 3450 746 vexillorum,
3498 683 3556 734 et
3605 696 3735 735 can-

2086 763 2386 818 tabrorum
2420 763 2578 819 stolae
2610 781 2849 820 crucum
2881 769 3036 820 sunt.
3071 766 3267 822 Laudo
3325 767 3730 840 diligentiam:

2087 850 2361 907 noluistis
2383 853 2572 908 nudas
2594 857 2648 907 et
2666 852 2919 908 incultas
2941 870 3142 910 cruces
3165 872 3503 912 consecrare
3528 879 3554 908 ‹‹
3577 858 3738 929 (Ter-

2087 939 2341 1008 tullian.,
2363 940 2669 1012 Apologct.,
2695 959 2821 1013 cap.
2858 944 2944 1009 16,
2979 959 3110 1016 pag.
3148 945 3256 1014 l7).
3291 945 3420 1000 Alio
3451 949 3645 1001 autem
3679 946 3740 1001 in

2088 1026 2238 1084 libro
2261 1029 2484 1097 eadem,
2512 1030 2612 1085 sed
2638 1029 2767 1086 aliis
2788 1031 2978 1086 verbis
2994 1032 3233 1103 repetita
3253 1031 3364 1104 legi
3380 1034 3448 1088 ab
3464 1035 3740 1090 omnibus

2089 1123 2352 1190 possunt.
2387 1119 2590 1190 (Idem,
2626 1119 2726 1174 lib.
2761 1137 2801 1191 ι,
2833 1119 2906 1175 ad
2934 1121 3174 1190 Nalion.,
3199 1138 3325 1192 cap.
3352 1122 3438 1190 12,
3464 1139 3594 1195 pag.
3622 1121 3738 1195 58).

2160 1236 2276 1291 Cur
2304 1239 2500 1292 autem
2529 1235 2816 1292 Minucius
2865 1236 3073 1292 dixerit
3119 1238 3192 1292 ab
3243 1236 3494 1294 ethnicis
3545 1255 3746 1296 cruces

2093 1321 2338 1395 ligneas,
2371 1327 2438 1378 ut
2465 1323 2710 1378 deorum
2741 1339 2984 1378 suorum
3017 1329 3212 1394 partes
3250 1324 3500 1390 adorari,
3534 1324 3626 1381 his
3657 1325 3748 1381 in-

2094 1411 2324 1483 telliges
2371 1411 2635 1482 ejusdem
2684 1411 3028 1466 Tertulliani
3073 1413 3284 1467 verbis.
3332 1412 3604 1484 Cujusvis
3650 1413 3749 1470 Dei

2099 1524 2120 1552 ε
2140 1499 2544 1571 simulacrum,
2569 1499 2824 1571 «inquit,
2840 1522 2868 1550 »
2887 1500 3047 1572 prius
3061 1501 3268 1572 argilla
3286 1502 3574 1558 deformat
3590 1502 3748 1558 cruci

2094 1594 2151 1646 et
2171 1589 2355 1661 stipiti
2383 1593 2801 1660 superstructa.
2848 1589 2909 1644 In
2952 1589 3232 1661 patibulo,
3267 1613 3294 1638 ››
3321 1591 3371 1643 id
3409 1596 3521 1658 est,
3553 1607 3744 1660 cruce,

2101 1701 2121 1728 ι
2158 1695 2367 1750 corpus
2415 1678 2516 1733 Dei
2563 1677 2739 1733 vestri
2790 1678 3142 1733 dedicatur»
3194 1679 3396 1750 (Idem,
3445 1681 3746 1752 Apologel.,

2013 1781 2062 1847 B
2096 1784 2222 1838 cap.
2258 1769 2367 1835 12.,
2401 1783 2533 1838 pag.
2569 1767 2654 1822 14.
2688 1767 2870 1832 Idem,
2903 1766 3004 1822 lib.
3041 1785 3078 1836 ι,
3112 1768 3181 1821 ad
3220 1769 3462 1837 Nalion.,
3495 1785 3622 1841 cap.
3659 1771 3750 1836 12,

2093 1872 2224 1929 pag.
2247 1855 2317 1910 58
2337 1860 2393 1912 et
2410 1855 2620 1927 seqq.).
2647 1856 2810 1921 Quod
2833 1855 3072 1927 quidem
3102 1855 3215 1911 alio
3239 1856 3297 1910 in
3324 1856 3472 1913 libro
3513 1859 3750 1929 planius

2091 1943 2427 2016 clariusque
2448 1943 2697 2016 explicat
2720 1961 2731 1999 :
2759 1946 2860 1999 sed
2881 1944 3017 2015 quia
3041 1944 3267 2016 longior
3287 1945 3366 2000 ibi
3390 1951 3498 2018 est,
3526 1947 3597 2002 ad
3622 1948 3750 2018 ejus

2091 2032 2309 2088 librum
2337 2038 2395 2088 te
2425 2032 2778 2088 mittendum
2803 2033 2988 2088 satius
3015 2033 3312 2090 duximus.
3335 2035 3532 2107 Neque
3552 2041 3749 2092 tamen

2091 2123 2217 2178 sine
2247 2121 2442 2193 aliqua
2470 2122 2871 2178 observatione
2905 2123 3470 2192 prmtermittendum
3504 2129 3613 2193 est,
3648 2126 3750 2181 ad-

2082 2209 2308 2280 jectum
2361 2227 2395 2264 a
2451 2209 2705 2265 Minucio
2759 2210 3100 2265 advecbium
3161 2233 3184 2263 ι
3233 2211 3468 2267 forsitan
3521 2235 3549 2262 »
3608 2218 3746 2270 ante

2093 2319 2122 2349 «
2150 2296 2478 2362 adoratis.»
2510 2297 2785 2369 Nunquid
2805 2298 2960 2354 enim
2982 2298 3124 2353 illud
3149 2299 3385 2355 omnino
3411 2317 3742 2358 asseverare

2092 2385 2302 2454 noluit,
2332 2385 2611 2458 quoniam
2641 2387 2857 2442 ethnici
2881 2387 3124 2443 deorum
3157 2406 3396 2446 suorum
3422 2390 3745 2448 simulacra

2092 2474 2422 2541 adorantes,
2455 2474 2527 2529 ad
2561 2473 2896 2546 suppositas
2925 2475 3010 2530 eis
3057 2491 3260 2530 cruccs
3304 2476 3569 2532 animum
3627 2495 3744 2534 non

2092 2563 2511 2619 advertebant?
2555 2563 2700 2627 Quid
2753 2579 2908 2632 vero,
2959 2563 3007 2618 si
3065 2563 3210 2618 illud
3264 2564 3503 2632 ironice,
3571 2569 3746 2638 atque

2090 2650 2306 2706 idcirco
2343 2652 2722 2721 affirmanter,
2774 2653 3273 2722 quemadmodum
3322 2653 3746 2726 Tertullianus,

2093 2740 2343 2797 dixerit?

2163 2849 2310 2902 Ante
2340 2851 2656 2918 utrumque
2683 2863 2813 2902 vero
2842 2847 3115 2902 Justinus
3142 2851 3364 2919 martyr
3391 2847 3642 2905 ethnicis
3665 2849 3744 2906 si-

2094 2935 2311 2991 militer
2340 2936 2630 3006 objecerat
2679 2958 2706 2984 ‹‹
2741 2941 3064 2990 castrorum
3115 2935 3345 3001 vexilla,
3394 2941 3451 2992 et
3522 2941 3743 3010 tropaea

2092 3023 2352 3079 victricia
2376 3042 2402 3074 ιι
2439 3038 2566 3080 esse
2597 3040 2816 3094 cruces,
2853 3030 2917 3078 ut
2963 3025 3044 3080 ait
3092 3024 3407 3092 Minucius,
3459 3025 3568 3093 vel,
3592 3027 3744 3082 sicut

2094 3111 2492 3168 Tertullianus
2516 3112 2682 3179 dixit,
2729 3134 2756 3166 ιι
2777 3129 3018 3168 crucum
3059 3113 3241 3170 stolas
3262 3135 3291 3164 »
3319 3115 3558 3185 (Justin.
3590 3118 3746 3188 Apol.

2100 3203 2148 3257 1.
2177 3218 2307 3275 pag.
2339 3202 2452 3273 90).
2485 3200 2772 3259 Omnibus
2802 3206 2994 3258 autem
3026 3219 3159 3258 cum
3202 3203 3258 3258 id
3290 3204 3434 3260 satis
3482 3221 3748 3278 comper-

2093 3297 2218 3346 tum
2253 3290 2502 3357 sit,nihil
2533 3289 2787 3364 amplius
2819 3291 3122 3360 addemus,
3148 3291 3259 3347 nisi
3283 3291 3384 3348 illa
3407 3293 3740 3366 Hieronymi

2094 3380 2166 3435 ad
2203 3383 2409 3434 Lietam
2442 3380 2654 3435 verba:
2692 3401 2720 3430 ‹‹
2749 3380 2970 3435 Vexilla
3001 3380 3254 3436 militum
3281 3381 3471 3437 crucis
3491 3383 3744 3457 insignia

2095 3473 2234 3524 sunt
2259 3491 2286 3517 »
2317 3468 2672 3540 (Hieronym.
2704 3468 2872 3540 epist.
2902 3469 2993 3536 57,
3025 3468 3094 3525 ad
3121 3471 3253 3526 Lwt.
3284 3485 3419 3543 pag.
3449 3471 3598 3546 591).

2165 3583 2483 3639 Memorata
2510 3600 2642 3639 vero
2672 3583 2742 3638 ab
2774 3589 3008 3639 auctore
3040 3590 3258 3655 nostro,
3291 3590 3348 3640 et
3383 3587 3740 3645 Tertulliano

2096 3694 2125 3723 «
2140 3673 2419 3727 cantabra
2440 3694 2470 3722 »
2492 3675 2656 3727 erant
2677 3671 2847 3743 signa
2859 3689 3278 3746 qum,purpura
3289 3679 3345 3730 et
3357 3691 3497 3730 auro
3512 3681 3741 3746 ornata,

2093 3760 2153 3816 in
2187 3760 2416 3834 pompis
2444 3766 2502 3816 et
2544 3760 3017 3817 solemnitatibus
3062 3779 3197 3817 cum
3245 3763 3484 3819 deorum
3537 3765 3744 3838 ﬁguris

2095 3867 2199 3923 per
2228 3851 2432 3906 urbem
2466 3849 2817 3905 ferebantur.
2847 3850 3046 3922 Neque
3075 3850 3233 3906 aliud
3266 3851 3416 3907 inter
3469 3855 3750 3910 cantabra

2095 3947 2154 3998 et
2189 3940 2396 3996 vexilla
2449 3939 2842 3994 intercedebat
2889 3939 3228 4005 discrimen,
3281 3941 3393 3996 nisi
3443 3942 3578 4012 quia
3625 3943 3746 3998 haec

2097 4029 2224 4086 vela
2251 4032 2482 4084 tantum
2513 4034 2698 4093 erant,
2734 4027 2922 4084 colore
2951 4045 3058 4084 suo
3093 4029 3430 4085 notissima:
3466 4031 3746 4087 cantabra

2095 4135 2228 4176 vero
2261 4119 2332 4172 ab
2364 4117 2482 4172 illis
2513 4117 2992 4172 discernebantur
3019 4121 3076 4171 et
3105 4117 3293 4172 colore
3329 4135 3456 4185 suo,
3507 4123 3565 4175 et
3611 4136 3742 4175 car-

2098 4211 2252 4265 mine
2284 4207 2432 4265 535
2468 4205 2680 4275 aliquo,
2707 4204 2792 4260 vel
2825 4206 3080 4270 nomine,
3105 4223 3218 4278 quo
3240 4207 3389 4278 grati
3421 4206 3640 4277 aliquid
3671 4224 3739 4264 ao

2085 4297 2338 4372 jucundi
2369 4293 2828 4368 significabatur.

2166 4437 2193 4463 (ι
2218 4417 2454 4484 Tropma
2475 4431 2502 4461 »
2531 4425 2701 4482 porro
2724 4413 2892 4464 erant
2911 4413 3079 4479 captu
3101 4408 3358 4464 hostium
3381 4409 3587 4482 spolia,
3614 4427 3741 4484 qua:

2137 4501 2313 4574 uplici
2341 4516 2500 4568 veru,
2536 4515 2651 4553 uno
2684 4502 2857 4564 recto,
2892 4502 2947 4551 et
2980 4501 3309 4554 transverso
3332 4498 3533 4570 altero,
3566 4504 3744 4574 atque

2093 4589 2309 4645 idcirco
2335 4587 2527 4642 crucis
2557 4585 2807 4655 effigiem
2842 4586 3146 4652 referente,
3180 4586 3448 4644 solebant
3493 4588 3742 4662 imponi.

2089 4679 2345 4750 Tropzeis
2376 4680 2567 4730 autem
2608 4674 2858 4729 ferendis
2892 4675 3180 4745 praepositi
3212 4677 3566 4733 vocabantur
3602 4695 3742 4734 can-

2089 4766 2353 4833 tabrarii,
2385 4779 2636 4837 quorum
2668 4763 2886 4817 mentio
2919 4764 2976 4818 in
3009 4764 3411 4822 Theodosiano
3434 4767 3656 4834 codice,
3677 4767 3738 4822 in

2091 4872 2266 4928 quem
2291 4852 2551 4926 legendae
2582 4856 2721 4907 sunt
2747 4850 3080 4907 Gothofredi
3114 4859 3280 4922 notae,
3313 4860 3369 4910 et
3397 4854 3735 4927 Bullingeri,

2090 4946 2162 5001 de
2184 4942 2399 5015 Spoliis
2421 4939 2678 5008 Gallicis,
2699 4941 3251 4999 animadversiones.
3275 4945 3430 5012 (Cod.
3447 4943 3737 4999 Theodos.

2089 5034 2201 5106 leg.
2231 5033 2267 5086 2
2295 5031 2358 5087 de
2382 5031 2713 5101 Collegiatis,
2744 5035 2886 5088 tom.
2918 5029 2988 5102 V,
3019 5049 3151 5105 pag.
3188 5033 3328 5100 192;
3374 5031 3625 5104 Bulling.
3676 5031 3742 5088 de

2089 5123 2242 5196 Spol.
2277 5120 2478 5191 Greca,
2513 5136 2638 5192 cap.
2671 5120 2747 5192 3).

2158 5238 2352 5311 Pergit
2378 5235 2690 5306 Minucius,
2724 5239 2780 5290 et
2809 5234 2891 5290 ait
2920 5235 3110 5291 crucis
3141 5234 3376 5307 signum
3400 5233 3744 5291 naturaliter

2086 5328 2271 5387 videri
2303 5327 2360 5382 in
2388 5325 2541 5393 navi,
2573 5341 2699 5395 qua:
2731 5323 2873 5378 velis
2900 5324 3267 5379 tumentibus
3299 5322 3545 5392 vehitur,
3579 5326 3637 5379 et
3676 5323 3738 5380 in

2081 5419 2247 5490 jugo,
2281 5432 2394 5488 quo
2416 5411 2714 5469 consuevit
2742 5414 2895 5466 terra
2921 5411 3092 5467 arari.
3127 5413 3235 5468 Sed
3271 5412 3389 5466 haec
3420 5412 3609 5468 adhuc
3639 5413 3737 5468 fu-

2087 5509 2212 5566 sius
2241 5503 2492 5577 explicat
2517 5500 2792 5557 Justinus
2823 5506 3061 5573 martyr.
3095 5500 3271 5557 Navis
3301 5505 3497 5557 autem
3537 5507 3740 5558 anten-

2087 5613 2227 5656 nam
2256 5609 2385 5652 esse
2413 5589 2607 5649 crucis
2636 5589 2873 5663 signum
2902 5589 3300 5648 Tertullianus
3328 5590 3745 5662 Hieronymus-
