4088 6150
473 309 588 369 551

1763 304 1865 363 DE
1909 301 2215 364 MINUCII
2260 301 2604 363 OCTAVIO
3712 316 3805 376 552

475 455 588 510 que
619 437 1021 492 observarunt.
1066 432 1432 506 (Tertullian.
1486 432 1588 488 lib.
1633 432 1842 489 advers.
1886 432 2123 503 Iudaeos,
2154 448 2209 515 Α
2238 430 2409 487 Plura
2429 430 2479 487 si
2501 430 2663 496 velis,
2690 430 2798 486 tibi
2824 431 3221 503 suppeditabit
3242 432 3806 506 Brissonius(Brisson.

474 544 601 600 cap.
637 528 696 582 11
725 544 739 595 ;
775 526 1105 593 Hieronym.
1142 526 1325 595 Epist.
1356 523 1425 577 ad
1458 521 1712 593 lieliod.).

541 616 713 671 Aliud
765 632 934 687 porro
992 611 1254 669 naturale
1293 611 1481 667 crucis
1530 612 1765 685 signum
1814 614 1903 667 est
1949 608 2125 666 homo

474 728 501 755 (ί
538 704 834 775 manibus,
870 725 898 752 »
932 703 1014 758 uti
1048 701 1130 757 ait
1160 700 1579 767 Tertullianus,
1616 720 1638 748 ι
1670 699 1942 771 expansis
1977 721 2005 749 ››
2039 697 2127 753 vel

474 792 970 865 quemadmodum
1002 790 1292 846 Minucius
1326 795 1525 846 noster
1554 788 1849 860 loquitur:
1884 810 1910 837 «
1945 791 2127 842 llomo

474 882 599 955 qui,
627 881 907 954 porrectis
938 880 1233 945 manibus,
1271 883 1445 934 Deum
1479 895 1623 950 pura
1653 882 1847 933 mente
1886 892 2127 932 venera-

473 975 571 1027 tur
598 994 625 1020 ››
656 969 919 1039 (Tertull.
945 968 1046 1024 lib.
1084 985 1143 1034 II,
1178 967 1248 1022 ad
1276 968 1524 1031 Nalion.,
1557 983 1682 1037 cap.
1732 966 1841 1034 12).

544 1060 655 1115 Sed
688 1075 994 1130 quorsum,
1029 1056 1322 1128 inquiens,
1356 1072 1423 1111 ex
1462 1054 1571 1110 hoc
1615 1053 1878 1125 exemplo
1927 1057 2131 1110 contra

475 1149 740 1206 ethnicos
771 1147 869 1203 ille
903 1145 1272 1217 disputavit?
1301 1144 1578 1215 Nunquid
1612 1149 1669 1199 et
1699 1143 1757 1198 hi
1784 1142 2003 1199 ethnici
2031 1158 2130 1197 ex-

475 1238 679 1310 pansis
712 1236 887 1292 etiam
920 1234 1195 1290 manibus
1228 1249 1425 1304 preces
1448 1232 1819 1288 fundebant?
1845 1234 1929 1287 Ita
1949 1246 2125 1299 sane;

478 1343 583 1383 nec
614 1342 812 1399 preces
836 1329 1087 1388 tantum,
1121 1323 1221 1378 sed
1254 1326 1313 1378 et
1358 1339 1466 1378 sua
1508 1321 1617 1377 hoc
1670 1321 1787 1376 ritu
1845 1320 2132 1376 faciebant

475 1419 626 1485 vota,
653 1412 1153 1485 quemadmodum
1178 1409 1450 1483 plurimis
1474 1408 1870 1481 quorumlibet
1891 1408 2132 1479 scripto-

477 1519 609 1558 rum
641 1501 998 1557 testimoniis
1032 1498 1277 1571 probatu
1318 1497 1662 1554 facillimum
1705 1505 1807 1553 est.
1852 1494 2130 1569 Virgilius

476 1592 768 1663 siquidem
800 1591 871 1645 de
902 1589 1154 1645 Anchise
1186 1587 1434 1643 cecinit:

598 1699 663 1747 At
692 1702 845 1760 pater
879 1694 1139 1760 Anchises
1167 1694 1355 1760 oculos
1386 1694 1451 1742 ad
1476 1694 1649 1743 sidera
1679 1693 1832 1760 laetus

597 1756 813 1817 Ext'ulit,
848 1763 900 1808 et
930 1758 1066 1807 caelo
1098 1757 1297 1819 palmas
1334 1770 1453 1806 cum
1486 1770 1616 1805 voce
1653 1756 1911 1819 tetendit:

596 1823 803 1886 Jupiter
832 1817 1190 1886 omnipotens,
1222 1820 1484 1886 precibus
1496 1820 1540 1867 si
1562 1818 1795 1886 ﬂecteris
1809 1817 1950 1877 ullis,
1967 1818 2069 1886 etc.

910 1881 1134 1945 (Virgil.,
1166 1882 1201 1931 1.
1233 1896 1265 1930 ιι
1297 1881 1519 1941 (Eueni,
1552 1896 1597 1929 υ.
1629 1884 1719 1931 687
1749 1884 1798 1930 et
1828 1881 1993 1943 seqq.)

473 1983 742 2054 Sequenti
779 1984 971 2036 autem
1004 1979 1063 2033 in
1094 1978 1277 2034 libro:

596 2088 838 2151 Corripio
869 2101 897 2136 e
927 2086 1105 2134 stratis
1135 2098 1349 2146 corpus.
1384 2083 1652 2147 tendoque
1682 2083 1904 2151 supinas

599 2151 679 2201 Ad
709 2146 903 2200 coelum
936 2162 1053 2198 cum
1086 2161 1216 2197 voce
1246 2160 1453 2205 manus,
1487 2155 1538 2195 et
1565 2146 1790 2196 munera
1818 2146 1925 2195 libo

599 2216 920 2264 Intemerata
946 2210 1092 2259 focis.

908 2272 1128 2335 (Virgil.,
1152 2270 1187 2320 l.
1217 2284 1271 2319 ιιι
1302 2269 1527 2331 1Eneid.,
1548 2283 1595 2320 υ.
1629 2273 1716 2321 176
1746 2270 1973 2346 etseqq.)

474 2389 653 2447 Paulo
676 2393 807 2462 post
835 2404 967 2444 vero
999 2386 1141 2442 dicit
1180 2386 1251 2441 ab
1277 2386 1480 2441 eodem
1530 2384 1779 2440 Anchise
1820 2385 2036 2458 passis,
2069 2385 2126 2441 id

476 2484 587 2549 est,
618 2477 872 2535 extensis
903 2475 1177 2532 manibus
1200 2490 1418 2529 numen
1451 2475 1784 2529 invocatum
1810 2492 1824 2531 :

597 2586 664 2636 At
690 2589 841 2648 pater
869 2583 1123 2633 Anchises
1155 2581 1327 2644 passis
1356 2580 1420 2631 de
1449 2581 1621 2630 littore
1653 2580 1861 2644 palmis,

608 2648 841 2698 Numina
873 2659 1070 2709 magna
1099 2648 1272 2694 vocat.

1574 2704 1751 2768 (lbid.,
1782 2720 1828 2755 υ.
1860 2705 1992 2769 263.)

478 2808 626 2875 Quid
657 2805 870 2880 plura?
899 2806 1027 2878 Ipse
1058 2802 1195 2859 alibi
1229 2803 1298 2859 de
1329 2801 1442 2859 alio
1474 2802 1719 2858 cecinit:

603 2913 834 2977 Respicit
865 2914 1085 2977 ignarus
1112 2923 1288 2960 rerum
1322 2910 1666 2977 ingratusque
1698 2907 1901 2977 salutis,

599 2978 663 3026 Et
690 2971 929 3039 duplices
959 2987 1239 3039 cumgvoce
1258 2971 1451 3021 manus
1484 2972 1550 3021 ad
1571 2971 1746 3021 sidera
1767 2973 1937 3022 tendit
1959 2986 1972 3025 :

603 3037 956 3102 Omnipotens
981 3037 1339 3102 genitor,_e_tc.

1191 3098 1383 3162 (Idem,
1405 3096 1439 3146 l.
1471 3111 1505 3146 ι
1536 3112 1583 3146 υ.
1616 3099 1708 3147 666
1737 3098 1785 3145 et
1812 3097 1979 3162 seqq.)

479 3207 718 3265 Ovidius
748 3207 922 3263 etiam
955 3206 1025 3261 de
1057 3204 1330 3261 nauclero
1362 3203 1726 3276 tempestatis
1754 3207 2053 3276 tempore;

609 3326 725 3386 lpse
756 3323 1091 3386 gubernator
1108 3321 1300 3386 tollens
1329 3319 1397 3368 ad
1428 3319 1602 3386 sidera
1632 3319 1855 3381 palmas,

702 3382 960 3448 Eiposuit
987 3384 1141 3444 votis,
1174 3384 1452 3448 immemor
1478 3382 1621 3448 artis,
1646 3396 1818 3448 opem.

1193 3446 1385 3507 (Ovid.,
1415 3444 1450 3494 1.
1481 3459 1497 3494 ι
1530 3443 1701 3501 Irish,
1733 3443 1879 3507 Eleg.
1912 3447 2007 3501 10.)

480 3528 632 3583 Alibi
664 3543 799 3583 vero
830 3542 843 3581 :

608 3671 621 3684 .
688 3649 701 3663 ·
774 3669 786 3681 .
859 3666 873 3680 .
941 3666 954 3679 .
1022 3631 1117 3680 Hic
1149 3631 1283 3680 votis
1318 3643 1517 3679 numen
1550 3629 1755 3679 adorat.

601 3695 926 3757 Brachiaque
952 3693 1016 3743 ad
1041 3693 1251 3752 ccelum,
1274 3692 1416 3757 quod
1439 3705 1550 3742 non
1572 3692 1730 3752 videt,
1749 3692 1899 3742 irrita
1919 3690 2126 3754 tollens,

604 3758 782 3808 Poscit
807 3770 982 3821 opem.

1160 3816 1366 3882 (Idem.,
1397 3817 1432 3867 l.
1463 3831 1497 3867 ιι
1531 3814 1889 3881 Melamorph.,
1922 3817 2021 3881 58.)

2162 1813 2209 1878 B

2238 520 2390 577 580
2422 520 2521 577 lib.
2555 538 2617 589 ιι,
2646 521 2710 577 de
2739 521 3001 591 Formul.,
3037 536 3167 592 pag.
3203 522 3266 574 44
3295 528 3348 576 et
3373 524 3502 591 118).
3522 525 3634 581 Non
3656 530 3809 587 solum

2236 614 2431 665 autem
2464 608 2730 679 gentiles,
2760 609 2860 665 sed
2883 610 3109 681 Moyses
3150 608 3342 678 etiam,
3375 610 3629 670 Israelitis
3649 625 3813 675 contra

2234 696 2587 754 Amalecitas
2616 698 3040 771 pugnantibus,
3087 720 3115 746 ‹‹
3150 714 3281 752 cum
3329 697 3548 768 levaret,
3583 726 3602 750 ι
3634 704 3816 762 scilicet

2238 787 2310 842 ad
2337 785 2549 843 caelum
2604 804 2835 858 manus,
2895 803 2961 842 ac
3016 791 3197 842 Deum
3257 803 3356 857 pro
3402 787 3483 844 eis
3510 798 3813 863 precaretur,

2243 899 2269 927 «
2302 876 2569 932 vincebat
2598 876 2778 932 Israel
2813 898 2840 927 ››
2875 876 3097 947 (Exod,
3126 892 3252 947 cap.
3284 892 3416 944 xvu,
3450 879 3551 945 11).

2310 964 2776 1021 Christianorum
2809 982 2942 1021 vero
2973 965 3243 1020 eumdem
3290 965 3460 1022 fuisse
3490 983 3686 1023 morem
3714 986 3817 1040 per-

2239 1053 2441 1126 spicue
2466 1054 2635 1110 docet
2666 1054 3102 1111 Tertullianus:
3138 1074 3166 1104 «
3197 1052 3358 1125 Illuc,
3396 1077 3421 1103 »
3451 1054 3504 1109 id
3527 1059 3625 1121 est,
3646 1057 3819 1113 cmlum

2241 1165 2270 1193 «
2293 1143 2681 1215 suspicientes
2699 1142 3033 1210 Christiani,
3054 1142 3265 1214 inquit,
3291 1142 3554 1199 manibus
3573 1146 3819 1216 expansis,

2241 1232 2379 1305 quia
2403 1232 2674 1288 innocuis
2696 1250 2710 1300 ;
2730 1232 2915 1304 capite
2938 1231 3115 1299 nudo,
3141 1231 3279 1302 quia
3303 1248 3415 1287 non
3438 1232 3822 1302 erubescimus;

2239 1321 2491 1392 denique
2549 1322 2676 1378 sine
2735 1322 3046 1392 monitore,
3106 1320 3206 1393 qui
3263 1321 3333 1376 de
3385 1326 3601 1392 pectore
3632 1338 3826 1379 oramus

2238 1410 2530 1483 (Tertull.,
2580 1411 2823 1482 Apolog.,
2874 1426 3003 1482 cap.
3053 1410 3172 1479 30).
3223 1408 3350 1465 Alio
3382 1426 3602 1481 quoque
3631 1412 3680 1465 in
3708 1409 3827 1467 libro

2240 1500 2477 1556 scribit:
2516 1522 2544 1550 «
2574 1499 2691 1555 Nos
2721 1516 2852 1556 vero
2884 1516 2999 1555 non
3019 1498 3341 1555 attollimus
3370 1502 3589 1554 tantum
3634 1516 3827 1571 manus,

2240 1589 2340 1645 sed
2373 1588 2547 1644 etiam
2579 1589 2966 1661 expendimus
2993 1606 3024 1645 e
3047 1587 3343 1644 dominica
3373 1588 3629 1660 passione
3658 1590 3826 1644 modu-

2240 1678 2448 1746 latum,
2481 1682 2537 1734 et
2568 1683 2803 1735 orantes
2835 1679 3182 1734 confitemur
3212 1677 3442 1734 Christo
3474 1699 3501 1727 ››
3542 1677 3725 1749 (Idem,
3748 1678 3829 1733 lib.

2239 1766 2304 1823 de
2333 1767 2508 1832 0rat.,
2543 1784 2667 1839 cap.
2704 1768 2810 1840 11).
2844 1772 2919 1823 At
2948 1768 3019 1823 de
3048 1767 3142 1823 his
3172 1765 3514 1823 Tertulliani
3553 1766 3723 1822 verbis
3749 1782 3832 1822 nos

2240 1872 2346 1912 suo
2374 1855 2519 1912 loco.

2310 1944 2655 2000 Ambrosius
2678 1945 2852 2000 etiam
2875 1944 2971 1999 ubi
2996 1944 3392 2000 sanctissima
3413 1945 3637 2017 Agnetis
3655 1947 3831 2015 marty-

2241 2032 2392 2088 rium
2425 2032 2740 2089 describit:
2774 2055 2802 2085 ‹‹
2832 2032 2889 2088 Si
2923 2033 2993 2087 ad
3048 2050 3200 2101 aras,
3251 2032 3339 2088 ait
3360 2032 3476 2104 ille,
3498 2032 3667 2087 invita
3684 2031 3836 2086 trabe-

2241 2125 2419 2193 retur,
2454 2121 2690 2177 tendere
2720 2122 2948 2177 Christo
2979 2121 3133 2177 inter
3158 2121 3332 2193 ignes
3364 2138 3588 2186 manus,
3617 2125 3766 2192 atque
3789 2119 3836 2175 in

2240 2210 2386 2283 ipsis
2408 2211 2709 2283 sacrilegis
2733 2210 2875 2266 focis
2896 2214 3174 2283 trapaeum
3199 2209 3433 2266 Domini
3459 2210 3674 2282 signare
3688 2209 3840 2263 victo-

2240 2298 2345 2370 ris,
2377 2321 2405 2350 »
2439 2299 2496 2355 id
2531 2303 2640 2368 est,
2672 2299 2985 2356 Dominicaa
3016 2299 3207 2355 crucis
3260 2299 3518 2372 signum,
3550 2298 3628 2354 uti
3659 2297 3839 2352 ibidem

2240 2388 2654 2444 annotavimus
2686 2390 3006 2462 (Ambros.,
3062 2387 3163 2443 lib.
3198 2406 3266 2457 ιι,
3315 2389 3379 2443 de
3411 2389 3637 2457 Virgin.,
3663 2403 3769 2458 cap.
3793 2387 3837 2449 2,

2239 2479 2267 2547 §
2292 2478 2348 2543 7,
2381 2493 2514 2550 pag.
2543 2478 2690 2551 148).

2308 2566 2588 2638 Denique,
2621 2570 2686 2620 ut
2742 2565 2889 2621 alios
2942 2563 3281 2637 complures
3334 2565 3543 2621 missos
3581 2563 3837 2627 faciamus,

2236 2655 2587 2711 Prudentius
2617 2654 2826 2709 cecinit
2848 2670 2916 2710 ex
2940 2659 3267 2726 martyrum
3295 2653 3615 2718 Fructuosi,
3641 2650 3838 2717 Aurelii,

2237 2747 2295 2801 et
2326 2743 2549 2815 Eulogii
2581 2744 2874 2810 manibus,
2910 2760 3057 2814 quas
3089 2743 3159 2798 ad
3192 2743 3384 2800 Deum
3412 2742 3472 2799 in
3502 2741 3734 2798 ﬂammis
3760 2739 3842 2795 tol-

2235 2832 2454 2905 lebant,
2480 2833 2713 2888 vincula
2741 2831 3027 2889 excidisse
3052 2849 3065 2888 :

2427 2958 2541 3006 Non
2574 2971 2704 3006 ausa
2728 2960 2808 3006 est
2834 2955 3083 3020 cohibere
3105 2970 3275 3019 paena
3304 2957 3524 3020 palmas,

2428 3021 2483 3069 In
2513 3033 2715 3068 morem
2752 3020 2923 3068 crucis
2952 3019 3017 3068 ad
3053 3021 3261 3069 Patrem
3285 3019 3553 3078 levandas,

2426 3081 2591 3132 Solvit
2618 3082 2856 3139 brachia,
2887 3095 3007 3144 quis
3047 3082 3213 3145 Deum
3251 3085 3555 3145 prmcentur

2614 3141 2958 3208 (Prudentius
2990 3145 3044 3193 in
3091 3141 3303 3209 Hymrio
3342 3146 3530 3206 ἴωσι,
3558 3146 3652 3193 etc.
3680 3141 3846 3205 p.181.)

2242 3277 2357 3335 Nec
2388 3279 2605 3334 mirum
2636 3295 2811 3346 sane;
2845 3278 3331 3351 quandoquidem
3370 3278 3583 3335 Paulus
3612 3277 3666 3331 in
3695 3275 3850 3347 prima

2242 3366 2314 3423 ad
2346 3366 2721 3423 Timotheum
2770 3366 3030 3437 Epistola
3075 3365 3435 3439 scripserat:
3493 3388 3522 3415 «
3552 3363 3684 3420 Volo
3722 3361 3846 3415 viros

2240 3472 2404 3512 orare
2434 3456 2490 3510 in
2524 3454 2683 3510 omni
2716 3454 2861 3523 loco,
2896 3454 3155 3512 levantes
3190 3473 3382 3528 puras
3414 3472 3620 3511 manus
3650 3474 3675 3502 »
3695 3448 3845 3521 (Paul.

2240 3544 2422 3617 Epist.
2455 3562 2496 3615 ι,
2529 3545 2601 3599 ad
2630 3545 2806 3613 Tim.,
2842 3561 2971 3616 cap.
3000 3561 3061 3611 ιι,
3095 3544 3171 3615 8).

2310 3632 2483 3689 Recte
2505 3633 2683 3705 igitur
2704 3650 2773 3689 ex
2793 3633 2884 3689 his
2916 3637 3118 3688 auctor
3152 3638 3361 3690 noster
3394 3630 3715 3689 concludit:
3739 3628 3849 3680 «Ita

2237 3720 2404 3793 signo
2435 3722 2625 3778 crucis
2672 3726 2775 3777 aut
2821 3721 2971 3777 ratio
3016 3721 3311 3778 naturalis
3342 3720 3629 3786 innititur,
3659 3718 3749 3773 aut
3771 3728 3845 3768 ve-

2238 3813 2380 3879 stra,
2419 3833 2447 3861 ››
2480 3809 2701 3867 scilicet
2729 3809 3062 3883 gentilium,
3104 3830 3127 3858 ι
3161 3809 3375 3884 religio
3407 3810 3698 3865 formatur.
3729 3826 3754 3853 »

1960 3951 2193 4008 CAPUT
2248 3952 2393 4009 XIII.

1078 4041 1219 4102 Alia
1248 4040 1789 4119 iniquissimarum
1821 4040 2051 4102 Caicilii
2081 4043 2553 4104 accusationum
2585 4042 2794 4123 capita
2814 4042 3286 4123 expenduntur.

936 4182 1345 4239 ARTICULUS
1393 4181 1681 4237 PRIMUS.

490 4292 704 4361 Quanta
734 4291 1017 4363 injuslilia
1052 4288 1317 4363 Caecilia:
1363 4289 1501 4344 vitio
1553 4287 1890 4363 Christianis
1934 4291 2139 4363 vertat,

553 4363 693 4435 quod
723 4361 1363 4435 honestisvoluptatibus.
1386 4361 1733 4435 spectaculis,
1759 4362 1991 4435 pompis,
2022 4361 2134 4435 σιντ

549 4430 798 4490 censibus
844 4438 897 4489 et
917 4433 1276 4503 gladiatoriis
1306 4430 1469 4503 ludis,
1500 4448 1565 4487 ac
1629 4430 1895 4504 turpibus
1937 4430 2139 4486 theatri

556 4507 733 4561 scenis
751 4505 1106 4560 abstinerent.

554 4630 681 4686 Alia
709 4630 973 4687 Caecilius
1004 4635 1281 4703 tanquam
1318 4623 1601 4687 dedecora
1622 4632 1677 4686 et
1703 4628 1949 4685 crimina
1970 4627 2135 4685 Chri-

483 4718 690 4776 stianis
720 4719 941 4792 objicit,
970 4737 1095 4792 qua:
1117 4736 1183 4775 eo
1207 4719 1405 4776 minus
1425 4720 1636 4791 probro
1656 4717 1912 4791 vitioque
1933 4718 2015 4775 eis
2032 4720 2135 4774 da-

482 4808 532 4864 ri
563 4809 869 4878 debebant,
902 4826 1017 4882 quo
1049 4808 1236 4881 magis
1267 4808 1638 4865 manifestam
1658 4807 1932 4864 omnibus
1964 4807 2135 4864 facie-

481 4898 624 4955 bant
662 4897 895 4955 illorum
929 4900 1204 4971 pietatem
1234 4902 1291 4953 et
1315 4896 1790 4953 sanctimoniam.
1826 4896 2006 4952 Nemo
2047 4900 2135 4953 ta-

484 5005 617 5045 men
634 4986 1309 5058 mirabitursingularem
1326 4986 1732 5056 hujuscemodi
1747 4985 2136 5042 accusationis

481 5074 880 5147 insolentiam,
909 5075 958 5132 si
990 5073 1468 5132 animadverterit
1501 5072 1713 5143 impios
1744 5072 2012 5129 homines
2059 5091 2138 5129 a3-

2170 4198 2213 4262 D
2246 4183 2323 4240 bo
2344 4188 2422 4251 te,
2450 4185 2688 4252 mirum,
2716 4185 2766 4241 si
2786 4184 3176 4253 Christianus,
3201 4185 3309 4257 qui
3331 4183 3671 4241 cruciﬁxum
3691 4172 3857 4235 Domi-

2256 4290 2397 4329 num
2429 4274 2725 4345 sequendo
2755 4289 2985 4330 crucem
3018 4290 3185 4330 suam
3230 4273 3502 4345 quotidie
3531 4271 3673 4327 ferre
3698 4264 3854 4329 debet.

2249 4379 2482 4419 omnem
2508 4363 2693 4435 fugiat
2728 4361 3122 4434 voluptatem?
3140 4361 3401 4418 Nonnea
3433 4361 3715 4417 Clemente
3730 4351 3859 4407 Alex-

2244 4452 2491 4507 andrino
2547 4450 2863 4507 didicimus
2915 4450 3298 4523 voluptatem,
3353 4446 3566 4519 ἡδονήν
3618 4447 3687 4502 ab
3725 4440 3859 4514 ipsis-

2245 4545 2365 4597 met
2394 4539 2712 4612 gentilibus
2752 4539 3117 4612 philosophis
3164 4539 3426 4606 definiri,
3474 4536 3686 4613 ἔπαρσιν
3706 4527 3857 4605 ψυχῆς

2242 4627 2436 4698 ἀπειθῆ
2470 4625 2642 4705 λόγῳ,
2694 4652 2715 4679 ι
2751 4628 3061 4686 elationem
3119 4628 3357 4696 animas,
3416 4645 3544 4700 quae
3594 4640 3701 4680 non
3729 4618 3860 4692 paret

2244 4719 2458 4775 rationi
2492 4741 2521 4769 »
2551 4719 2817 4775 Clemens
2869 4718 3175 4790 Alexand.,
3232 4718 3340 4775 lib.
3404 4736 3447 4784 ι,
3486 4732 3611 4789 cap.
3646 4712 3724 4777 13,
3752 4719 3858 4782 9⁸8·

2246 4807 2415 4881 135)?
2445 4808 2894 4865 Observavimus
2949 4824 3081 4864 vero
3136 4808 3340 4879 ipsum
3397 4805 3591 4862 adhuc
3630 4796 3862 4857 docuisse

2243 4896 2562 4970 voluptatis
2592 4896 2784 4953 omnis
2832 4895 3190 4969 principium
3234 4912 3371 4952 esse
3401 4891 3785 4966 cupiditatem.
3810 4894 3861 4970 at!

2243 4966 2501 5043 vicissim
2573 4966 2952 5059 cupiditatem
2999 4966 3306 5058 voluptate
3348 4981 3615 5058 generari
3670 4966 3861 5049 (tom.1

2243 5076 2534 5149 Apparat,
2564 5075 2667 5131 lib.
2700 5093 2786 5143 ιιι,
2818 5076 3114 5132 dissertet.
3145 5079 3199 5145 2,
3232 5092 3364 5147 cap.
3407 5074 3501 5143 21,
3543 5075 3649 5127 art.
3676 5070 3728 5132 2,
3754 5072 3861 5136 p88-

482 5181 583 5237 gre
605 5182 836 5238 semper
863 5164 1072 5221 tulisse
1103 5179 1279 5235 prava
1308 5178 1373 5218 ac
1422 5160 1766 5232 turpissima
1813 5176 1922 5216 sua
1963 5178 2139 5234 opera

485 5254 701 5329 insigni
720 5254 1047 5325 eximiaque
1065 5250 1525 5309 Christianorum
1547 5249 1855 5306 sanctitate
1868 5251 2137 5325 redargui

479 5348 536 5401 at
568 5343 965 5401 condemnari.
1001 5342 1111 5398 Sed
1136 5357 1241 5414 age
1259 5340 1562 5395 videamus
1584 5356 1850 5411 quaenam
1873 5341 2135 5400 Caecilius

476 5433 595 5489 illis
628 5431 975 5502 exprobrare
1009 5448 1189 5487 ausus
1223 5434 1325 5485 est.

550 5519 883 5587 Christiani,
918 5520 1221 5593 inquiebat
1248 5519 1365 5587 ille,
1428 5517 1689 5575 honestis
1736 5517 2135 5593 voluptatibus

483 5610 636 5672 581'
658 5607 973 5667 abstinent.
1004 5612 1048 5667 Ο
1074 5611 1295 5687 grande
1311 5606 1507 5668 scelus
1532 5609 1546 5666 l
1570 5607 1718 5675 Quid
1736 5613 1954 5680 autem,
1974 5627 2137 5669 ama-

2248 5166 2429 5238 1024).
2463 5164 2853 5232 Quamobrem
2904 5166 2975 5221 ab
3007 5165 3168 5221 omni
3214 5163 3579 5228 Christiano,
3613 5157 3863 5238 quantuli}

2244 5232 2439 5328 potest
2469 5254 2614 5326 fieri,
2648 5271 2879 5328 semper
2905 5254 3182 5327 fugienda
3210 5256 3321 5309 est.
3373 5250 3529 5317 Quid
3560 5260 3706 5310 vero,
3736 5232 3865 5311 quod

2244 5345 2463 5412 Cicero,
2516 5343 2623 5399 etsi
2672 5343 2960 5412 ethnicus,
3006 5343 3207 5415 libros,
3248 5342 3478 5415 quibus
3509 5337 3690 5394 filium
3719 5339 3865 5385 suum

2246 5430 2504 5487 colendis
2535 5429 2746 5487 officiis
2783 5430 3080 5501 informat,
3139 5431 3221 5487 sic
3263 5424 3566 5485 absolvit?
3601 5446 3620 5473 α
3655 5420 3866 5476 Omnem

2244 5519 2602 5593 voluptatem
2654 5519 2908 5577 dicimus
2956 5519 3247 5578 honestati
3304 5535 3438 5575 esse
3482 5508 3868 5599 contrariam:

2243 5609 2398 5669 Num
2443 5613 2509 5667 ut
2545 5608 2880 5667 tribuamus
2908 5609 3133 5685 aliquid
3189 5606 3510 5680 voluptati,
3540 5594 3869 5661 condimenti
