3942 6162
486 330 602 387 835

1777 322 1875 382 DE
1922 322 2228 382 MlNUCll
2276 320 2617 382 OCTAVIO

3184 112 3195 119 κ
3268 118 3271 119 ,

3576 194 3601 205 π’·
3630 194 3641 209 ⁷.

3728 333 3827 393 5ᾲὸ

481 460 629 512 lbid.
667 474 794 528 cap.
833 458 916 525 19,
950 471 1081 527 pag.
1117 458 1229 523 97).
1264 456 1365 509 His
1398 454 1568 526 plura
1598 455 1783 522 addit,
1816 470 1942 525 qua:
1978 460 2029 508 te
2061 453 2142 509 le-
2171 459 2225 522 Α
2256 454 2496 524 pudoris
2552 451 2968 519 exterminans,
3031 459 3093 508 ut
3137 452 3357 509 facilius
3402 455 3569 521 domi,
3600 475 3752 529 quam
3783 466 3830 519 in

476 562 611 617 gere
644 560 759 600 non
793 543 1007 616 pigeat.
1058 542 1268 599 Videre
1317 559 1550 614 quoque
1599 543 1836 614 poteris,
1886 559 2016 613 qua:
2065 542 2134 597 de

477 634 685 690 iisdem
734 632 1088 705 spectaculis
1132 632 1382 703 adjecit;
1417 632 1514 687 ubi
1548 631 1665 703 ille,
1699 631 1851 686 sicut
1899 631 2133 687 Martia-

480 725 577 793 lis,
609 721 926 779 Suetonius
956 726 1013 777 et
1042 720 1161 791 alii,
1192 722 1545 777 mentionem
1569 721 1701 777 fecit
1724 737 1947 793 mappae
1979 737 2131 791 quas,

480 820 544 867 ut
575 810 815 884 quidam
849 810 1036 877 aiunt,
1066 810 1269 866 victori
1320 828 1353 865 a
1404 814 1650 882 praetore
1681 808 1835 864 mitti
1880 808 2128 877 solebat,

477 900 565 957 vel
596 901 749 956 sicut
777 898 907 954 aliis
938 897 1146 971 placet,
1189 914 1316 971 quae
1358 898 1914 954 committendorum
1964 897 2134 952 Indo-

480 1006 610 1045 rum
642 988 877 1061 signum
901 990 1025 1043 erat
1046 986 1275 1056 (Juven.
1300 986 1359 1041 in
1384 986 1485 1043 fin.
1511 987 1694 1059 Satyr.
1722 987 1783 1041 l1
1810 1011 1824 1054 ς
1856 984 2130 1051 Martia1.,

478 1078 581 1133 lib.
614 1093 715 1147 xu,
748 1078 951 1148 Epigr.
977 1076 1048 1130 29
1079 1092 1094 1144 ;
1144 1076 1383 1131 Sueten.
1418 1075 1479 1131 in
1533 1077 1653 1131 Vita
1700 1077 1927 1142 Neron.,
1958 1076 1987 1148 ἕ
2016 1075 2127 1146 22).

478 1165 771 1221 Carminis
826 1180 958 1220 vero
1012 1164 1271 1231 iambici,
1335 1164 1489 1220 inter
1554 1163 1815 1237 Gregorii
1884 1163 2127 1219 Nazian-

476 1253 603 1310 zeni
644 1270 821 1326 opera
846 1254 987 1309 editi
1015 1258 1215 1310 auctor
1244 1252 1545 1310 enucleate
1574 1252 1853 1309 describit
1882 1252 2017 1309 circi
2040 1252 2130 1308 fu-

477 1360 689 1411 rorem,
729 1343 868 1413 iras,
904 1343 1079 1410 rixas,
1113 1342 1393 1411 convicia,
1426 1342 1580 1411 odia,
1608 1359 1857 1415 pugnas,
1890 1341 2132 1397 vulnera

478 1438 536 1489 et
564 1434 746 1490 caedes
777 1432 1037 1506 (Gregor.
1072 1431 1365 1499 Nazianz.,
1411 1432 1594 1488 Carm.
1652 1431 1824 1488 iamb.
1882 1430 1938 1500 3,
1995 1447 2125 1503 pag.

476 1522 629 1592 292).

548 1612 735 1675 Quam
765 1614 961 1666 autem
992 1609 1283 1666 Minucius
1315 1608 1527 1665 dehinc
1556 1612 1738 1674 notat,
1764 1630 1792 1658 «
1816 1608 1875 1663 in
1907 1606 2127 1679 gladia-

478 1699 621 1755 toris
674 1698 831 1755 ludis
871 1698 1174 1755 homicidii
1226 1698 1620 1771 disciplinam,
1673 1720 1703 1747 ››
1748 1697 1868 1753 haec
1917 1695 2129 1752 clarius

480 1807 513 1843 a
542 1787 827 1861 Cypriane
854 1787 1165 1861 exponitur
1196 1804 1209 1843 :
1246 1811 1273 1839 κ
1308 1788 1571 1857 Paratur,
1604 1787 1684 1842 ait
1714 1787 2127 1842 sanctissimus

479 1878 578 1933 ille
600 1882 838 1951 martyr,
860 1876 1244 1950 gladiatorias
1265 1877 1442 1933 ludus
1467 1901 1480 1945 ;
1505 1882 1570 1932 ut
1599 1876 1900 1931 libidinem
1923 1875 2128 1931 crude-

479 1966 624 2022 lium
647 1965 941 2022 luminum
966 1966 1207 2038 sanguis
1228 1964 1783 2037 oblectet.lmpletur
1803 1964 1861 2019 in
1886 1980 2128 2020 succum

478 2054 625 2111 cibis
650 2054 999 2110 fortioribus
1038 2071 1273 2128 corpus,
1304 2058 1362 2110 et
1392 2054 1603 2109 arvinae
1632 2054 1777 2111 toris
1836 2054 2130 2109 membro-

478 2160 609 2201 rum
642 2143 827 2199 moles
849 2144 1089 2199 robusta
1115 2141 1464 2215 pinguescit,
1488 2146 1554 2197 ut
1583 2142 1888 2213 saginatus
1916 2142 1974 2196 in
2008 2158 2129 2212 pce-

477 2249 612 2289 nam
644 2232 881 2288 charius
905 2235 1122 2304 pereat.
1148 2232 1330 2287 Homo
1362 2231 1647 2287 occiditur
1674 2230 1735 2285 in
1768 2230 2021 2286 hominis
2038 2245 2132 2285 vo-

477 2321 759 2393 luptatem
786 2338 800 2389 ;
832 2326 889 2376 et
920 2326 984 2376 ut
1027 2320 1160 2392 quis
1210 2320 1395 2393 possit
1440 2320 1726 2390 occidere,
1758 2318 1966 2391 peritia
2017 2323 2127 2387 est,

485 2426 626 2465 usus
656 2413 765 2479 est,
798 2426 894 2465 ars
923 2413 1029 2465 est.
1066 2408 1268 2465 Scelus
1307 2426 1421 2465 non
1472 2414 1704 2464 tantum
1750 2409 1992 2480 geritur,
2026 2407 2128 2463 sed

483 2503 543 2556 et
572 2500 831 2555 docetur.
866 2498 1012 2565 Quid
1061 2503 1251 2571 potest
1296 2498 1681 2554 inhumanius
1728 2502 1784 2553 et
1831 2496 2128 2553 accerbius

490 2588 652 2645 dici?
682 2586 999 2662 Disciplina
1029 2594 1139 2656 est,
1171 2592 1235 2643 ut
1265 2587 1450 2661 perire
1482 2587 1615 2659 quis
1664 2587 1881 2659 possit;
1916 2591 1974 2641 et
2002 2585 2127 2659 glo-

490 2677 596 2746 ria,
631 2678 786 2749 quod
818 2677 1072 2750 perimit.
1110 2700 1131 2727 ο
1164 2678 1459 2750 (Cyprian.
1493 2677 1595 2733 lib.
1635 2677 1709 2732 ad
1740 2677 1962 2743 Donat.,
1994 2691 2127 2747 pag.

485 2768 567 2837 5).
598 2765 743 2823 Vide
780 2766 992 2835 adhuc,
1043 2765 1093 2821 si
1140 2766 1350 2839 placet,
1395 2766 1727 2833 Tatianum,
1780 2765 2126 2833 Arnobium,

487 2850 876 2912 Lactantium.
910 2856 1316 2926 Prudentium,
1349 2860 1405 2912 et
1435 2872 1560 2927 quas
1592 2856 1661 2911 de
1692 2854 1808 2909 illis
1839 2854 2130 2927 gladiato-

484 2961 615 3001 rum
647 2944 1069 3001 certaminibus
1100 2944 1237 3001 alibi
1286 2945 1777 3000 orbservavimus.
1815 2965 1840 2993 n
1875 2942 2125 3015 (Tatian.

478 3034 628 3090 Orat.
661 3043 834 3091 contr.
872 3034 1071 3105 Graec,
1118 3051 1247 3107 pag.
1304 3034 1399 3089 161
1430 3052 1443 3103 ;
1478 3034 1695 3089 Arnob.
1747 3034 1849 3089 lib.
1898 3050 1959 3102 ιι,
1992 3048 2124 3104 pag.

471 3124 543 3178 72
567 3148 581 3191 ς
614 3124 872 3179 Lactant.
900 3124 1002 3179 lib.
1024 3142 1105 3192 v1,
1128 3140 1257 3196 cap.
1278 3124 1370 3195 20,
1396 3139 1527 3195 pag.
1552 3124 1655 3177 617
1680 3140 1694 3191 ;
1731 3121 2124 3177 Prudent.lib.

470 3227 533 3279 ιι,
563 3221 743 3269 ωηιι.
777 3212 1117 3284 Symmaeh.,
1167 3228 1298 3284 pag.
1334 3212 1459 3281 429,
1514 3214 1575 3267 in
1617 3212 1805 3284 hymn.
1846 3212 1944 3267 SS.
1982 3212 2117 3265 Fru-
2151 3196 2193 3264 C

464 3304 549 3356 tu.
567 3302 805 3375 Augur.,
830 3306 937 3358 etc.
964 3317 1095 3373 pag.
1117 3301 1240 3368 429,
1265 3304 1315 3356 et
1344 3304 1625 3369 Hamart.,
1653 3316 1786 3373 pag.
1819 3300 1945 3370 322,
1971 3303 2115 3355 tom.

472 3392 493 3448 Ι
522 3392 812 3466 Apparat.,
847 3407 980 3464 pag.
1012 3390 1163 3463 800).

544 3500 801 3572 Denique
829 3499 899 3555 de
930 3499 1176 3556 scenicis
1201 3497 1668 3572 turpitudinibus
1698 3497 1855 3554 idem
1886 3513 2120 3570 quoque

471 3590 817 3662 Cyprianus,
838 3606 962 3660 qua:
995 3590 1066 3644 ab
1099 3594 1330 3644 auctore
1362 3594 1562 3644 nostro
1594 3588 1750 3643 dicta
1779 3586 2120 3659 sunt,paulo

468 3678 763 3751 copiosius
796 3678 1069 3733 edisserit
1094 3704 1107 3747 ;
1131 3701 1158 3727 ‹‹
1194 3678 1255 3733 In
1284 3676 2116 3749 theatris,inquit,conspicies,

467 3768 623 3841 quod
655 3767 761 3822 tibi
793 3772 850 3822 et
899 3766 1086 3822 dolori
1135 3767 1213 3823 sit
1260 3772 1318 3822 et
1365 3766 1595 3839 pudori.
1648 3766 1981 3821 Cothurnus
2029 3770 2119 3822 est

461 3856 721 3929 tragicus
751 3856 946 3927 prisca
993 3856 1291 3911 caminum
1344 3856 1605 3911 facinora
1653 3872 1997 3911 recensere:
2045 3855 2117 3910 de

459 3945 791 4020 parricidiis
823 3950 881 4002 et
909 3945 1153 4002 incestis
1202 3962 1363 4002 error
1406 3945 1704 4016 antiquus,
1736 3961 2012 4016 expressa
2042 3944 2114 4000 ad

457 4036 777 4109 imaginem
831 4034 1098 4091 veritatis
1130 4034 1358 4090 actione
1407 4033 1747 4105 replicatur,
1800 4050 1870 4089 ne
1922 4032 2115 4089 scelus

456 4125 906 4182 transeuntibus
939 4122 1257 4191 exolescat,
1289 4123 1444 4195 quod
1473 4121 1789 4194 aliquando
1839 4122 2116 4178 commis-

460 4231 594 4273 sum
626 4219 734 4271 est.
760 4216 1127 4269 Admonetur
1146 4212 1340 4269 omnis
1358 4216 1540 4267 coetus
1572 4212 1800 4279 auditu,
1825 4212 1947 4266 fieri
1981 4228 2115 4283 pos-

460 4320 541 4374 se,
577 4304 731 4377 quod
767 4304 982 4359 factum
1011 4306 1119 4357 est.
1149 4344 1161 4356 .
1190 4302 1372 4357 .Tum
1404 4300 1653 4355 delectat
1684 4300 1741 4354 in
1777 4300 1975 4355 mimis
1996 4304 2119 4358 tur.

458 4394 794 4467 pitudinum
826 4391 1352 4466 magisterio,540
1381 4388 1467 4446 vel
1498 4390 1640 4461 quid
1665 4388 1823 4444 domi
1844 4391 2113 4460 gesserit,

458 4498 874 4555 recognoscere
900 4499 913 4550 ;
949 4480 1038 4539 vel
1060 4481 1199 4554 quid
1227 4496 1426 4553 gerere
1448 4478 1904 4551 possit,discere.
1935 4478 2114 4534 Adul-

2160 1832 2207 1896 Β

2244 558 2418 597 scena
2475 543 2857 609 erubescant;
2914 558 3091 612 quam
3144 542 3388 612 denique
3432 551 3833 616 pantomimusa

2243 630 2495 702 pueritia
2545 630 2765 701 patitur
2812 630 2869 684 in
2904 647 3164 702 corpore,
3201 635 3263 685 ut
3293 632 3485 688 artifex
3514 651 3631 691 esse
3660 640 3829 708 possit.

2246 720 2377 790 Ipsa
2402 719 2578 774 etiam
2630 718 2956 790 prostibula
3006 719 3251 791 publica:
3299 720 3547 778 libidinis
3583 723 3758 782 hostiis
3782 730 3829 785 in

2242 824 2419 863 scena
2483 808 2879 879 proferuntur,
2927 812 3037 865 etc.
3093 833 3120 859 »
3170 811 3345 881 (Tert.
3398 810 3494 866 lib.
3525 812 3829 885 deSpectae.,

2241 912 2370 968 cap.
2408 896 2492 964 17,
2529 913 2660 969 pag.
2710 896 2821 969 78).
2868 901 3009 954 Ante
3059 904 3371 971 utrumque
3400 917 3557 971 porro
3582 902 3828 975 Theophi-

2240 983 2334 1040 lus
2364 985 2779 1051 Antiochenus,
2811 986 3076 1042 Clemens
3112 988 3547 1056 Alexandrinus,
3580 1008 3638 1045 ac
3666 999 3830 1063 postea

2242 1073 2590 1138 Lactantius,
2626 1075 3032 1149 Hieronymus,
3089 1081 3294 1132 auctor
3317 1078 3581 1133 carminis
3636 1080 3830 1137 iambici

2240 1162 2515 1234 Gregorio
2545 1163 2901 1219 Nazianzeno
2953 1165 3214 1237 ascripti,
3247 1172 3301 1221 et
3332 1166 3425 1221 alii
3459 1168 3511 1221 in
3543 1166 3639 1223 has
3667 1170 3831 1225 obsce-

2240 1252 2457 1308 nitatcs
2520 1253 2782 1309 scenicas
2851 1256 2983 1325 jure
3056 1256 3261 1311 merito
3317 1255 3667 1312 invehuntur.
3719 1259 3832 1324 Quis

2237 1357 2409 1414 porro
2438 1344 2621 1397 nescit
2650 1342 2724 1397 iis
2754 1349 2974 1399 scatere
3022 1344 3385 1400 ethnicorum
3418 1350 3699 1418 poetarum
3725 1364 3831 1403 cum

2239 1446 2556 1501 grmcorum
2615 1435 2741 1487 tum
2798 1432 3111 1489 latinorum
3172 1434 3483 1505 tragcedias
3545 1439 3596 1490 et
3658 1452 3808 1491 comm

2238 1519 2366 1575 dias
2414 1537 2540 1591 qua;
2587 1521 2643 1575 in
2694 1522 3015 1578 multorum
3068 1523 3383 1595 perniciem
3441 1522 3601 1597 longe
3628 1524 3828 1597 diutius,

2238 1625 2415 1680 quam
2447 1609 2616 1682 plura
2642 1627 2826 1683 eaque
2862 1611 3179 1668 utilissima
3198 1618 3456 1668 veterum
3478 1612 3718 1668 Ecclesia:
3745 1614 3830 1669 Pa-

2237 1702 2393 1753 trum
2423 1715 2617 1771 opera,
2653 1700 2807 1771 typis
2838 1700 3007 1756 editm
3040 1701 3527 1773 perseverarunt?
3568 1702 3829 1773 (TheOph.,

2237 1787 2339 1842 lib.
2364 1805 2446 1858 ιιι,
2478 1788 2547 1842 ad
2578 1789 2848 1861 Autolyc.,
2882 1806 3013 1863 pag.
3051 1791 3150 1845 126
3177 1799 3230 1845 et
3258 1806 3402 1861 seqq.
3430 1807 3444 1858 ;
3486 1789 3649 1847 Clem.
3702 1791 3827 1845 Alex.

2238 1875 2338 1931 lib.
2372 1893 2432 1942 ιι,
2468 1876 2716 1946 Ριινάαρ.,
2749 1894 2876 1949 cap.
2907 1879 2961 1949 6,
2997 1895 3128 1951 pag.
3164 1879 3289 1945 169,
3326 1884 3382 1935 et
3401 1878 3499 1933 lib.
3530 1895 3587 1947 ιι,
3621 1895 3731 1952 cap.
3760 1880 3830 1946 11,

2238 1981 2368 2037 pag.
2401 1966 2545 2032 254;
2580 1966 2841 2021 Lactant.
2878 1966 2978 2023 lib.
3012 1985 3066 2022 vx
3114 1969 3385 2039 lnstitul.,
3436 1985 3555 2039 cap.
3601 1968 3683 2035 20,
3725 1981 3826 2039 pag.

2235 2055 2341 2108 619
2368 2059 2421 2111 et
2447 2072 2593 2128 seqq.
2620 2073 2633 2122 ;
2668 2055 3001 2129 Hicronym.
3050 2059 3209 2129 epist.
3256 2059 3321 2112 18
3350 2057 3419 2112 ad
3445 2058 3667 2113 Marce”.
3698 2055 3829 2128 Apud

2238 2143 2409 2216 Greg.
2442 2144 2705 2200 Nazianz.
2738 2149 2880 2201 tom.
2916 2145 2986 2215 ΙΙ,
3018 2163 3147 2218 pag.
3185 2146 3332 2219 191.)

2804 2297 3205 2354 ARTICULUS
3256 2298 3324 2353 Il.

2240 2403 2513 2473 Quomodo
2558 2404 2825 2459 Minucius
2881 2404 3202 2475 respondeat
3258 2406 3386 2460 aliis
3444 2404 3643 2462 Caecilii
3666 2404 3828 2459 obtrec-

2309 2478 2629 2540 tationibus,
2666 2475 3004 2531 Christianos
3032 2478 3270 2548 publicis
3299 2478 3574 2543 conviviis,
3604 2485 3650 2532 et
3686 2477 3825 2548 sacris

2305 2549 2697 2602 certaminibus
2753 2564 2863 2603 non
2916 2547 3195 2613 interesse,
3258 2558 3311 2604 et
3354 2550 3616 2604 abstinere
3653 2550 3710 2600 ab
3742 2547 3828 2599 ido-

2310 2618 2556 2691 lothytis,
2612 2621 2709 2674 ubi
2752 2619 3074 2687 ostenditur,
3132 2637 3255 2691 quae
3312 2630 3486 2675 essent
3526 2620 3618 2675 illa
3652 2618 3829 2691 publira

2308 2689 2659 2763 ethnicorum
2712 2693 2989 2761 convivia,
3048 2689 3442 2763 (xc—quantum
3486 2708 3519 2747 a
3554 2689 3829 2749 Christianis

2306 2761 2697 2834 discreparent.

2307 2893 2547 2965 Triplici
2607 2895 2798 2951 adhuc
2858 2896 2929 2949 de
2985 2912 3164 2951 causa
3221 2895 3571 2952 Christianos
3623 2894 3830 2964 increpat

2236 2984 2518 3053 Caecilius,
2570 2984 2724 3055 quod
2783 2984 3015 3055 publica
3060 3001 3196 3039 cum
3230 2985 3480 3041 ethnicis
3509 2983 3740 3040 convivia
3762 2998 3829 3035 ce-

2237 3071 2479 3138 lebrare,
2528 3073 2712 3128 sacris
2762 3090 2964 3128 eorum
3023 3074 3452 3130 certaminibus
3495 3075 3833 3135 interesse,ac

2237 3159 2524 3215 delibatos
2555 3161 2670 3215 diis
2719 3162 2883 3216 cibos
2930 3166 2987 3216 et
3020 3167 3192 3231 potus
3230 3169 3582 3235 praegustare
3608 3162 3834 3215 detrecta-

2233 3248 2520 3311 rent.Qua:
2552 3255 2746 3303 autem
2774 3255 2971 3304 essent
3002 3249 3101 3304 illa
3131 3253 3399 3305 convivia
3420 3250 3766 3316 ethnicorum,
3790 3248 3831 3298 et

2228 3354 2333 3391 cur
2380 3337 2673 3404 instituta,
2720 3338 2771 3391 si
2821 3339 2969 3393 scire
2999 3338 3327 3405 desideras,
3362 3340 3639 3396 docebunt
3666 3342 3711 3391 te
3737 3335 3827 3389 hazo

2228 3425 2569 3481 Tertulliani
2617 3427 2828 3481 verba:
2883 3446 2905 3474 ι
2948 3426 3177 3484 Grande
3209 3428 3483 3485 videlicet
3511 3427 3738 3483 officium
3764 3424 3825 3477 1ὀ·

2228 3532 2325 3570 cos
2358 3520 2421 3569 ut
2450 3519 2607 3571 toros
2638 3516 2697 3569 in
2739 3514 3040 3587 publicum
3070 3517 3344 3584 educere,
3377 3517 3600 3573 vicatim
3628 3510 3823 3586 epulari,

2226 3604 2521 3659 civitatem
2571 3604 2824 3659 tabernas
2856 3604 3062 3661 habitu
3093 3605 3473 3672 abolefacere,
3528 3607 3647 3661 vino
3674 3603 3822 3657 lutum

2226 3710 2452 3765 cogere,
2485 3695 2821 3749 catervatim
2861 3696 3144 3750 cursitare
3174 3698 3251 3751 ad
3287 3697 3549 3768 injurias,
3581 3695 3643 3750 ad
3674 3693 3823 3760 impu-

2226 3784 2474 3849 dentiae,
2508 3783 2579 3838 ad
2611 3782 2875 3839 libidinis
2906 3782 3235 3839 illecebras.
3281 3786 3505 3841 Siccine
3534 3779 3824 3854 exprimitur

2227 3870 2524 3944 publicum
2556 3871 2837 3943 gaudium
2870 3888 2972 3944 per
3018 3872 3323 3943 publicum
3376 3870 3664 3927 dedecus?
3708 3868 3822 3921 llaec-

2226 3961 2352 4017 cine
2398 3961 2691 4016 solemnes
2746 3961 2872 4017 dies
2918 3962 3255 4034 principum
3301 3965 3521 4033 decent,
3553 3976 3667 4031 quas
3711 3954 3819 4010 alios

2226 4066 2339 4106 non
2372 4050 2618 4106 decent?
2648 4049 2754 4113 Qui
2786 4052 3097 4107 observant
3125 4051 3501 4125 disciplinam
3532 4051 3598 4106 de
3624 4043 3818 4105 Caesaris

2226 4144 2513 4210 respectu,
2566 4138 2627 4194 hi
2675 4155 2801 4194 eam
2852 4145 3088 4212 propter
3138 4142 3425 4197 Caesarem
3475 4141 3749 4200 deserent;
3779 4133 3819 4185 et

2228 4227 2516 4282 malorum
2550 4244 2777 4283 morum
2820 4229 3051 4284 licentia
3083 4229 3270 4300 pietas
3302 4230 3431 4300 erit,
3466 4226 3674 4285 occasio
3693 4224 3819 4279 luxu-

2228 4317 2327 4372 riae
2358 4315 2559 4389 religio
2588 4317 2982 4389 deputabitur.
3022 4340 3047 4365 ››
3080 4317 3371 4390 (Tertull.,
3405 4319 3676 4392 ApologeL,
3721 4324 3814 4377 caP'

2297 4495 2378 4550 Ex
2408 4494 2501 4550 his
2551 4493 2798 4567 aliisque
2845 4496 2974 4567 ejus
3016 4496 3209 4553 verbis
3241 4497 3406 4554 facile
3436 4494 3618 4568 quivis
3646 4484 3816 4546 intelli‘

456 4570 609 4626 rium
640 4571 909 4639 discitur,
930 4571 1072 4625 dum
1104 4569 1353 4637 videtur,
1375 4573 1432 4624 et
1464 4566 1835 4624 lenocinante
1868 4567 1938 4622 ad
1972 4566 2108 4623 vitio
2137 4558 2183 4622 D
2214 4588 2331 4657 gat,
2366 4585 2513 4640 5“
2559 4600 2627 4639 ea
2661 4558 2921 4641 οόηνίνῖα
2957 4603 3190 4643 summo
3237 4604 3370 4643 cum
3422 4558 3680 4641 dedecore
3705 4572 3816 4633 cele-

454 4657 699 4732 publica
734 4658 1063 4714 auctoritati
1096 4658 1269 4727 malo,
1306 4675 1433 4730 qua:
1482 4657 1697 4730 pudica
1752 4656 2000 4713 fortasse
2031 4658 2102 4713 ad

452 4745 853 4820 spectaculum
894 4751 1161 4802 matrona
1215 4750 1600 4819 processerat,
1636 4746 1709 4802 de
1771 4744 2108 4817 spectaculo

453 4834 759 4893 revertitur
790 4834 1107 4905 impudica.
1137 4876 1149 4890 .
1187 4876 1200 4889 .
1228 4835 1581 4907 EXprimunt
1607 4835 1969 4906 impudicam
1998 4834 2107 4891 Ve-

456 4940 676 4991 nerem,
707 4922 1040 4980 adulterum
1072 4922 1341 4991 Martem,
1392 4927 1449 4977 et
1494 4924 1690 4978 Jovem
1734 4922 1897 4978 illum
1930 4939 2105 4979 suum

456 5030 571 5071 non
604 5014 793 5086 magis
842 5028 1041 5084 regno,
1096 5027 1273 5083 quam
1322 5010 1477 5067 vitiis
1526 5011 1871 5083 principem.
1908 5055 1921 5067 .
1961 5017 2106 5069 Deos

449 5120 611 5173 suos,
669 5120 819 5176 quos
875 5105 1245 5171 venerantur,
1280 5100 1591 5156 imitantur
1630 5118 1643 5169 ;
1680 5102 1829 5156 fiunt
1874 5102 2107 5157 miseris

453 5196 509 5249 et
538 5192 810 5266 religiosa
840 5190 1071 5247 delicta.
1109 5211 1136 5240 ››
1167 5190 1359 5263 (Cypr.
1394 5188 1563 5257 ibid.,
1592 5205 1723 5261 pag.
1754 5190 1791 5244 5
1819 5198 1870 5245 et
1899 5190 2069 5264 seqq.)

528 5298 833 5356 Priusvero
865 5296 1263 5354 Tertullianus
1298 5313 1311 5353 :
1350 5318 1376 5349 α
1406 5300 1454 5350 Α
1486 5295 1735 5363 theatro,
1769 5296 1982 5369 inquit,
2017 5313 2106 5353 se-

452 5404 750 5459 paramur,
784 5389 936 5459 quod
968 5392 1058 5443 est
1099 5387 1390 5461 privatum
1441 5384 1861 5442 consistorium
1911 5386 2105 5458 impu-

452 5474 683 5532 dicitiae.
720 5517 733 5531 .
768 5517 782 5532 .
817 5493 1054 5532 summa
1082 5476 1271 5549 gratia
1315 5478 1445 5546 ejus
1489 5476 1561 5531 de
1608 5476 1894 5548 spurcitia
1923 5475 2104 5548 pluri-

452 5580 614 5620 mum
648 5564 994 5621 concinnata
1023 5570 1133 5633 est,
1166 5582 1344 5638 quam
1370 5564 1654 5622 Atelanus
1695 5565 2101 5638 gesticulatur,

455 5667 631 5734 quam
657 5652 877 5709 mimus
889 5653 1063 5714 etiam
1077 5670 1178 5727 per
1190 5653 1467 5712 mulieres
1491 5660 2101 5731 repraesentat,sexum

2219 4674 2387 4730 brata
2418 4674 2598 4729 fuisse
2629 4673 3014 4743 solemnibus,
3066 4675 3507 4749 imperatorum,
3552 4672 3816 4727 Caesarum-

2220 4780 2332 4834 que
2366 4763 2594 4829 diebus,
2629 4763 2909 4819 nimirum
2942 4764 3414 4831 natalibus,sicut
3442 4762 3536 4818 ille
3564 4757 3687 4816 alibi
3714 4768 3814 4810 nar-

2219 4832 2329 4921 rat,
2380 4852 2517 4908 item
2554 4851 2785 4908 illorum
2821 4854 3389 4925 quinquennalibus,
3421 4854 3488 4908 de
3520 4849 3709 4923 quibus
3740 4840 3817 4895 ali-
3864 4832 3865 4889 l

2218 4942 2355 5014 quid
2393 4941 2881 5014 praestrinximus,
2916 4943 3358 5015 decennalibus,
3383 4935 3745 4997 vicennalibus
3762 4940 3810 4981 a0
3862 4958 3863 5001 ξ

2218 5030 2533 5103 cujuslibet
2570 5032 2709 5086 anni
2740 5030 2926 5099 initio,
2962 5038 3025 5087 ut
3055 5050 3161 5089 suo
3193 5031 3318 5087 loco
3349 5026 3718 5102 explicabitur,
3744 5020 3809 5103 al-
3860 5074 3861 5103 1

2217 5102 2329 5191 que
2361 5118 2616 5174 maxima
2659 5120 3095 5193 triumphorum
3150 5118 3533 5177 solemnitate.
3587 5102 3807 5182 (Tertull.
3858 5186 3859 5189 η

2218 5209 2317 5264 lib.
2353 5226 2413 5278 ιι,
2464 5208 2534 5263 ad
2580 5209 2770 5275 Uxor.,
2819 5226 2947 5282 cap.
2996 5212 3069 5278 6;
3110 5208 3212 5267 lib.
3243 5213 3309 5267 de
3358 5202 3680 5280 Spectaculis.
3709 5208 3810 5283 Cap:
3854 5274 3857 5283 4

2214 5299 2286 5367 δί
2348 5298 2590 5355 Dissert.
2643 5300 2701 5353 in
2749 5277 3141 5369 Luc.vCéecil.,
3203 5316 3329 5371 cap.
3378 5277 3411 5350 6
3462 5300 3515 5351 et
3564 5291 3641 5356 13,
3671 5277 3810 5340 art.7

2216 5394 2272 5444 et
2298 5388 2377 5460 3.)
3702 5461 3713 5466 _
3770 5455 3780 5466 .

2285 5477 2399 5533 Nec
2432 5476 2643 5532 minori
2674 5478 2929 5548 profecto
2960 5496 3190 5535 morum
3214 5472 3625 5549 depravatione,
3651 5460 3806 5519 ethni-

2214 5566 2265 5623 ci
2296 5566 2410 5623 alia
2442 5565 2635 5623 adhuc
2664 5567 2838 5624 certis
2869 5570 3222 5640 quibusdam
3253 5566 3492 5621 deorum
3522 5554 3668 5615 festis
3694 5562 3804 5640 cron-

2213 5656 2362 5713 vivia
2393 5656 2661 5730 agebant.
2695 5657 2858 5716 Talia
2887 5639 3182 5717 enimvero
3211 5655 3310 5713 illa
3337 5655 3517 5725 erant,
3542 5647 3605 5703 de
3623 5639 3801 5717 quibul

3864 4832 3865 4889 ἰ

3854 5274 3857 5339 ἦ

3852 5384 3855 5453 l

3852 5494 3853 5565 l
