3942 6162
64 2736 73 2745 Α

64 2932 71 2941 ι

47 3373 54 3382 δ

20 3628 21 3635 η

1708 315 2252 380 DISSEBTATIO.

3553 326 3677 388 558

302 455 416 507 idem
436 449 849 507 Tertnlianus:
886 475 911 499 κ
950 450 1071 507 Non
1108 452 1165 506 in
1199 452 1448 523 publico,
1488 452 1701 525 inquit,
1736 452 1911 508 Libe-
1940 457 1994 521 Α
2026 454 2246 507 stianos
2279 451 2498 521 hoc,uti
2524 452 3060 527 aiunt,argumento
3082 457 3153 511 ad
3185 456 3478 513 hominem
3506 476 3673 530 urge-

298 540 480 595 ralibus
498 539 992 611 discumbo,quod
1017 540 1313 596 bestiariis
1332 557 1666 612 supremam
1682 558 1913 597 caanan-

294 630 419 685 tibus
440 646 565 683 mos
588 635 696 684 est.
730 649 757 680 ι
788 629 1158 700 (Tertullian.
1192 630 1489 702 Apologet.,
1515 648 1641 703 cap.
1668 632 1754 697 42,
1781 647 1913 703 pag.

294 720 379 785 38).
422 717 812 781 Quamobrem
861 718 1176 776 Christiani
1224 736 1292 775 ea
1339 719 1541 791 impia,
1575 728 1633 775 et
1672 720 1914 775 idolola-

292 807 386 861 tria:
430 806 569 860 vitio
621 807 999 877 coinquinata
1057 808 1290 879 penitus
1334 808 1793 863 detestabantur.
1848 809 1918 863 Et

289 899 414 949 certe
444 894 732 949 Martialis
755 894 1085 966 episcopus,
1107 900 1253 949 teste
1279 898 1585 968 Cypriano,
1617 896 1914 951 convictus

284 982 1015 1055 estidololatrim,quoniam
1029 984 1336 1057 gentilium
1353 984 1917 1058 turpiaetlutulenta

283 1072 524 1128 convivia
566 1072 1033 1145 frequentaverat
1080 1074 1373 1146 (Cyprian.
1424 1076 1596 1148 epist.
1648 1074 1738 1142 67,
1779 1089 1913 1146 pag.

281 1163 401 1217 l73).

339 1259 623 1316 Minucius
653 1260 851 1332 itaque
882 1277 1014 1316 cum
1061 1261 1181 1317 bzec
1210 1279 1244 1317 a
1274 1260 1506 1317 nemine
1555 1262 1648 1333 pio
1678 1259 1916 1316 homine

280 1348 517 1420 ignorari
549 1364 723 1420 posse
756 1351 934 1421 probe
958 1349 1153 1419 sciret,
1181 1351 1399 1422 iniquae
1418 1350 1626 1405 Cmcilii
1647 1351 1917 1421 objurga-

281 1438 405 1493 tioni
437 1437 586 1492 nihil
622 1437 784 1493 aliud
836 1441 1310 1509 respondendum
1349 1456 1478 1495 esse
1515 1438 1701 1505 duxit,
1734 1454 1913 1510 quam

275 1527 344 1582 illi
367 1527 756 1598 omnibusque
778 1527 931 1582 alliis
954 1528 1204 1583 ethnicis
1236 1529 1711 1594 demonstrando,
1730 1543 1906 1599 quan-

276 1623 393 1671 tum
439 1616 509 1669 ab
576 1615 816 1670 illorum
894 1616 1171 1672 conviviis
1241 1622 1444 1673 nostra
1500 1616 1910 1672 dessiderent:

289 1727 306 1754 ι
339 1704 621 1771 Convivia,
672 1704 884 1774 inquit,
937 1721 1051 1759 non
1102 1710 1332 1761 tantum
1382 1705 1594 1777 pudica
1641 1704 1911 1773 colimus,

286 1795 375 1851 sed
420 1800 470 1849 et
518 1794 736 1849 sobria.
772 1794 886 1849 Nec
933 1794 1088 1849 enim
1131 1794 1483 1865 indulgenus
1517 1793 1913 1890 .epulis,”aut
1944 1827 1989 1890 B

295 1884 592 1937 convivium
646 1899 807 1937 mero
857 1884 1168 1948 ducimus,
1221 1884 1323 1938 sed
1371 1883 1654 1954 gravitate
1710 1882 1910 1937 hilari-

292 1977 441 2027 tatem
472 1976 892 2044 temperamus.
928 1995 955 2021 ››
993 1974 1055 2027 At
1100 1972 1171 2027 de
1228 1972 1320 2027 his
1360 1973 1484 2043 jam
1540 1972 1758 2043 aliquid
1811 1972 1911 2027 de-

293 2061 605 2129 libavimus,
665 2066 724 2116 et
780 2061 951 2133 plura
1003 2062 1062 2115 in
1122 2062 1391 2133 sequenti
1422 2061 1492 2116 de
1566 2059 1911 2115 Tertulliani

284 2151 610 2222 apologetico
643 2166 909 2205 sermone
942 2150 1381 2221 disputabimus
1405 2151 1614 2220 (tom.l
1649 2150 1908 2220 Apparat.

286 2238 373 2293 lib.
404 2257 458 2307 ιι,
489 2240 723 2294 dissert.
758 2240 811 2306 4,
846 2256 971 2310 cap.
1006 2241 1060 2306 6,
1105 2243 1237 2309 art.,
1264 2239 1315 2307 4,
1354 2254 1486 2311 pag.
1523 2239 1670 2306 715).
1710 2240 1783 2294 De
1812 2255 1910 2293 sa-

284 2329 386 2383 cris
414 2334 622 2396 autem,
652 2327 1152 2398 quemadmodum
1207 2326 1303 2382 ille
1333 2326 1594 2382 Caecilius
1636 2326 1911 2399 appellat,

285 2416 681 2472 certaminibus
735 2416 1153 2486 disseruimus,
1234 2420 1391 2472 tomo
1466 2414 1653 2487 primo
1731 2414 1915 2471 nostri

284 2508 609 2577 Apparatus,
643 2510 699 2560 et
730 2505 1015 2577 superiori
1051 2503 1320 2575 articulo,
1354 2504 1453 2560 ubi
1484 2505 1555 2560 de
1576 2504 1914 2577 gladiatori-

285 2596 388 2650 bus
438 2599 490 2650 et
546 2593 903 2666 spectaculis
960 2595 1190 2667 egimus
1222 2594 1385 2665 (tom.
1423 2594 1445 2649 Ι
1482 2594 1741 2665 Apparat.
1778 2610 1911 2666 pag.

284 2684 377 2737 774
406 2688 456 2739 et
482 2682 934 2753 800).Minucius
964 2699 1138 2754 porro
1169 2682 1305 2738 huic
1339 2682 1745 2738 obtrectationi
1770 2682 1916 2737 nihil

287 2771 429 2827 aliud
460 2772 852 2842 adhuc,quam
885 2788 1011 2843 quin
1043 2788 1077 2826 a
1107 2772 1277 2827 nobis
1308 2772 1481 2827 citato
1514 2771 1779 2843 ejusdem
1812 2773 1918 2843 Ap-

284 2866 501 2930 paratus
527 2859 712 2917 nostri
744 2860 870 2916 loco
901 2860 1204 2915 observata
1228 2866 1386 2929 sunt,
1418 2859 1646 2915 videtur
1675 2875 1917 2931 respon-

286 2950 445 3005 disse.
491 2950 645 3005 Satis
696 2954 891 3005 autem
926 2965 993 3004 ex
1025 2948 1195 3005 dictis
1224 2953 1383 3021 patet
1415 2965 1593 3020 quam
1625 2948 1919 3004 horrenda

286 3040 444 3094 fuerit
473 3056 676 3095 eorum
708 3037 1047 3095 crudelitas.

348 3135 595 3191 Tertium
617 3134 938 3192 Caeciliane:
952 3134 1422 3207 reprehensionis
1445 3140 1619 3208 caput
1651 3136 1917 3207 est,quod

284 3225 578 3281 Christiani
628 3224 918 3280 delibatos
959 3225 1072 3279 diis
1118 3225 1278 3280 cibos
1316 3230 1554 3298 gustare
1585 3229 1916 3281 renuerent.

280 3319 345 3367 At
376 3314 655 3369 Minucius
700 3312 757 3367 id
809 3312 1058 3369 libenter
1106 3314 1342 3383 fatetur,
1403 3313 1697 3385 simulque
1739 3313 1919 3384 hujus

274 3402 623 3458 abstinentiae
657 3402 851 3458 reddit
882 3402 1201 3458 rationem:
1238 3424 1265 3452 κ
1298 3403 1463 3467 Quod
1511 3418 1645 3459 vero
1690 3402 1917 3458 sacrifi-

283 3494 493 3550 ciorum
527 3493 830 3565 reliquias,
867 3515 894 3542 n
930 3493 1010 3550 ita
1065 3493 1163 3548 ille
1214 3493 1494 3567 loquitur,
1544 3516 1574 3543 «
1623 3498 1682 3549 et
1712 3492 1921 3568 pocula

282 3582 526 3639 delibata
576 3580 1032 3651 contemnimus,
1082 3598 1197 3638 non
1232 3581 1520 3638 confessio
1550 3582 1778 3638 timoris
1808 3587 1917 3651 est,

228 3674 237 3683 '
278 3672 373 3725 sed
401 3689 545 3728 verae
594 3670 881 3727 libertatis
929 3670 1193 3726 assertio.
1242 3670 1387 3725 Nam
1420 3671 1529 3727 etsi
1562 3687 1733 3727 omne
1763 3671 1919 3744 quod

285 3760 549 3827 nascitur,
586 3766 651 3815 ut
681 3758 1012 3816 inviolabile
1044 3759 1139 3815 Dei
1172 3760 1579 3825 munus,nullo
1600 3776 1772 3833 opere
1801 3777 1923 3816 cor-

287 3850 587 3922 rumpitur,
631 3849 1000 3905 abstinemus
1043 3853 1266 3916 tamen,
1322 3866 1392 3905 ne
1439 3852 1569 3921 quis
1602 3850 1919 3917 existimet,

287 3942 381 3991 ant
408 3938 728 4009 daemoniis,
757 3938 972 4008 quibus
1000 3937 1249 3993 libatum
1276 3942 1384 4005 est,
1418 3939 1640 4007 cedere,
1671 3944 1774 3995 aut
1794 3954 1923 3995 nos-

284 4028 381 4079 tra
405 4026 703 4099 religionis
734 4026 970 4098 pudere.
1006 4047 1034 4075 ››

353 4124 615 4189 Quamvis
674 4128 871 4179 autem
932 4124 1223 4180 Minucius
1280 4141 1595 4195 nusquam,
1656 4126 1740 4180 uti
1793 4126 1922 4196 jam

289 4213 700 4283 annotavimus,
777 4228 1050 4284 expressa
1108 4229 1281 4268 sacrm
1339 4217 1549 4269 nostra
1608 4213 1921 4286 Scriptum

291 4303 637 4365 auctoritate,
674 4305 879 4357 contra
908 4300 1172 4357 ethnicos
1210 4318 1335 4357 eam
1370 4308 1774 4374 aspernantes,
1809 4320 1920 4375 pu-

296 4391 551 4457 gnaverit,
585 4396 763 4461 atque
791 4389 1007 4445 idcirco
1042 4390 1227 4462 legem
1261 4390 1332 4446 ab
1366 4391 1663 4463 Apostolis
1692 4392 1763 4447 de
1791 4392 1921 4447 ido-

300 4473 623 4548 lotythorum
660 4479 1017 4535 abstinentia
1046 4477 1225 4535 latam
1260 4478 1495 4551 penitus
1524 4485 1732 4545 taceat,
1767 4481 1919 4537 vide-

2024 542 2161 598 bat:
2198 565 2222 591 (ι
2261 543 2319 597 Si
2349 542 2502 597 idola
2534 544 2678 597 nihil
2711 547 2908 611 sunt,»
2932 544 3015 599 uti
3034 544 3675 603 Christianicontende-

2024 630 2185 696 bant,
2218 653 2245 680 «ι
2280 630 2415 701 quid
2452 631 2680 687 molesti
2711 637 2799 688 est
2829 632 2939 687 frui
2971 632 3205 703 epulis?
3236 655 3264 683 »
3294 634 3407 690 Sed
3442 636 3671 692 futilem

2024 718 2182 773 illam
2208 721 2775 791 argumentationem
2796 721 3099 793 Origenes,
3119 724 3237 792 jam
3260 724 3673 780 citataaanobis

2028 806 2187 863 Pauli
2211 809 2278 863 ad
2305 808 2634 863 Corinthios
2659 809 2922 880 Epistolas
2944 810 3137 865 verbis
3159 811 3424 867 funditus
3447 815 3672 885 evertit,

2026 896 2303 964 additque
2330 914 2343 952 :
2380 918 2408 945 «
2438 898 2677 953 Etiamsi
2713 904 2851 954 sunt
2876 901 3192 966 daemones,
3216 899 3432 971 quibus
3453 902 3674 960 sacriﬁ-

2024 991 2236 1040 eantur
2264 985 2535 1049 victimis,
2569 1003 2682 1042 non
2714 987 2996 1042 debemus
3026 1003 3227 1044 eorum
3251 989 3677 1049 sacriﬁciorum

2024 1072 2147 1129 ﬁeri
2202 1076 2518 1146 participes
2570 1092 2582 1128 :
2635 1071 3020 1145 ἐπισταμένους
3073 1072 3333 1150 διαφορὰν
3395 1079 3673 1153 τραπάζης

2026 1159 2249 1235 Κυρίου,
2282 1161 2372 1215 καὶ
2400 1166 2672 1234 τραπέζης
2722 1159 3038 1233 δαιμονίων·
3069 1163 3158 1217 καὶ
3210 1163 3299 1217 διὰ
3342 1166 3405 1220 τὸ
3456 1165 3671 1221 ἐπίστα-

2026 1251 2167 1320 σθαι,
2218 1249 2389 1305 πάντα
2452 1251 2544 1323 μὲν
2597 1250 2953 1325 πράττοντας,
2994 1249 3086 1305 ἵνα
3140 1252 3413 1323 τραπέζης
3470 1256 3673 1330 Κυρίου

2025 1338 2105 1392 ἀεὶ
2170 1341 2510 1413 μετέχωμεν,
2563 1340 2721 1393 παντὶ
2781 1337 2838 1394 δὲ
2892 1339 3082 1412 τρόπῳ
3168 1338 3672 1418 φυ)λαττομένους,

2018 1424 2109 1481 ἵνα
2174 1424 2314 1500 μηδέ
2369 1448 2501 1483 ποτε
2565 1428 2820 1483 κοινωνοὶ
2887 1429 3163 1504 γινώμεθα
3236 1430 3507 1505 τραπέζης
3565 1428 3677 1485 δαι-

2028 1516 2256 1587 μονίων,
2289 1535 2422 1574 cum
2467 1518 2723 1574 sciamus
2765 1519 3152 1575 differentiam
3204 1520 3357 1575 inter
3405 1538 3674 1577 mensam

2024 1607 2256 1662 Domini
2288 1612 2342 1662 et
2374 1624 2636 1663 mensam
2668 1608 3085 1664 daemoniorum
3112 1626 3125 1677 ;
3172 1613 3228 1664 et
3257 1608 3367 1664 hoc
3398 1610 3673 1679 scientes,

2024 1695 2168 1749 nihil
2200 1712 2316 1752 non
2349 1696 2651 1759 faciamus,
2687 1701 3000 1769 utsemper
3028 1697 3444 1769 participantes
3462 1714 3675 1754 mensas

2026 1784 2475 1846 Domini,modis
2496 1786 2770 1840 omnibus
2791 1802 3101 1841 caveamus
3132 1803 3166 1840 a
3196 1785 3677 1844 communicatio-

2021 1888 2094 1927 ne
2125 1888 2339 1928 mensm
2371 1873 2702 1929 daamonum
2739 1895 2760 1922 ι
2798 1873 3003 1945 (0rig.,
3036 1874 3136 1929 lib.
3169 1889 3292 1941 νιιι,
3324 1883 3499 1931 contr.
3530 1876 3674 1932 Cels.

2020 1977 2155 2033 pag.
2210 1962 2358 2032 394).
2395 1961 2622 2016 Videsis
2653 1961 2932 2033 Cyrillum
2982 1962 3462 2032 Alexandrinum,
3493 1963 3675 2018 simili

2021 2050 2512 2121 argumentationi
2561 2067 2595 2105 a
2644 2051 2878 2105 Juliano
2928 2058 3195 2121 apostata
3234 2052 3545 2123 propositas
3577 2068 3675 2107 re-

2022 2138 2490 2209 spondentem,et
2516 2138 2796 2211 Cyrillum
2837 2139 3450 2211 Hierosolymitanum,
3485 2141 3668 2197 OEcu-

2023 2226 2310 2295 medium,
2344 2227 2568 2281 Estium
2620 2228 2884 2299 aliosque
2913 2228 3220 2299 Scriptura:
3272 2229 3583 2300 intepretes
3616 2229 3673 2283 in

2024 2316 2203 2370 citata
2249 2314 2519 2387 Apostoli
2568 2317 2744 2371 verba
2794 2338 2821 2365 ››
2872 2316 3087 2388 (Cyrill.
3137 2316 3419 2373 Alexand.
3460 2316 3565 2372 lib.
3598 2334 3679 2373 vn

2024 2407 2195 2459 contr.
2227 2404 2463 2469 Iuliam,
2497 2419 2629 2475 pag.
2662 2405 2807 2473 233;
2856 2404 3028 2477 Cyril.
3064 2404 3347 2461 Hierosol.
3400 2405 3675 2463 Cateches.

2024 2507 2101 2563 Iv,
2134 2508 2263 2563 pag.
2297 2493 2411 2563 34).

2591 2686 2991 2743 ARTICULUS
3034 2688 3110 2743 III

2026 2804 2431 2859 Examinantur
2483 2803 2611 2875 alia:
2670 2802 2883 2859 Caecilii
2950 2803 3418 2875 reprehensiones,
3475 2802 3677 2875 quibus

2100 2875 2444 2929 Christianos
2473 2874 2673 2929 idcirco
2719 2875 3012 2945 vituperat,
3047 2875 3188 2945 quod
3224 2874 3457 2944 ﬂoribw
3484 2874 3671 2945 caput,

2097 2946 2354 3001 odoribus
2383 2961 2576 3016 corpus
2626 2960 2735 3000 non
2775 2944 3144 3009 honestarent,
3200 2955 3483 3013 unguenta
3509 2944 3672 3017 fune-

2098 3018 2251 3072 ribus
2288 3025 2653 3083 reservarem,
2704 3031 2931 3072 coronas
2958 3024 3224 3085 negarent
3252 3018 3509 3083 mortuis,
3540 3032 3673 3088 quo-

2100 3106 2222 3144 rum
2249 3104 2479 3159 corpora
2522 3104 2641 3159 non
2683 3088 3016 3153 cremabant,
3067 3088 3157 3143 sed
3182 3087 3679 3159 sepeliebant,ubi

2100 3160 2166 3216 de
2193 3158 2347 3216 more
2375 3158 2673 3231 sepeliendi
2699 3174 2933 3231 corpora
2963 3160 3184 3231 ejusque
3215 3158 3566 3231 antiquitate.

2100 3329 2229 3385 Alia
2257 3328 2520 3386 Caecilius
2550 3328 2606 3383 in
2642 3328 2988 3384 Christianis
3011 3324 3535 3400 reprehendit,que
3556 3325 3681 3382 lau-

2028 3420 2098 3476 de
2129 3418 2299 3491 longe
2345 3417 2557 3489 magis,
2606 3433 2780 3487 quam
2813 3416 3234 3488 vituperatione
3264 3416 3442 3487 digna
3466 3418 3633 3471 erant
3659 3433 3672 3470 :

2030 3531 2057 3558 ‹‹
2090 3507 2216 3563 Non
2250 3506 2515 3575 ﬂoribus,
2565 3505 2772 3576 inquit,
2826 3510 3000 3577 caput
3032 3504 3284 3569 nectitis,
3316 3520 3431 3559 non
3465 3519 3679 3576 corpus

2029 3596 2308 3654 odoribus
2324 3595 2671 3660 honestatis,
2699 3594 3002 3649 reservatis
3028 3596 3330 3665 unguenta
3350 3593 3680 3659 funeribus,

2030 3702 2275 3742 coronas
2327 3685 2503 3740 etiam
2560 3682 2842 3753 sepulcris
2891 3682 3214 3755 denegatis.
3265 3705 3294 3733 η
3330 3681 3565 3755 Triplex
3593 3686 3685 3738 est

2029 3774 2133 3831 illa
2152 3773 2505 3839 criminatio,
2539 3773 2622 3827 uti
2652 3772 2833 3828 vides.
2857 3770 3153 3827 Minucius
3170 3776 3365 3827 autem
3390 3768 3569 3843 priori
3591 3785 3679 3826 re-

2030 3864 2279 3937 spondet
2310 3880 2423 3919 non
2459 3862 2787 3934 legitimum
2820 3861 3029 3916 ﬂorum
3064 3877 3259 3929 usum,
3292 3861 3394 3916 sed
3426 3861 3678 3916 abusum

2029 3969 2377 4009 coronarum
2436 3968 2471 4007 ι
2525 3950 2874 4007 Christianis
2910 3952 3044 4021 jure
3096 3949 3304 4005 merito
3354 3947 3683 4019 reprobari.

2029 4042 2203 4108 Audi,
2236 4056 2451 4111 quasso,
2498 4040 2625 4111 ejus
2674 4038 2887 4094 verba:
2921 4061 2948 4087 ‹‹
2999 4039 3138 4103 Quis
3171 4037 3289 4105 ille,
3321 4034 3420 4107 qui
3446 4034 3681 4090 dubitat

2028 4132 2221 4187 vernis
2249 4129 2550 4200 indulgere
2580 4144 2689 4182 nos
2721 4127 2986 4193 ﬂoribus,
3018 4141 3152 4180 cum
3185 4124 3467 4195 capianus
3497 4125 3555 4178 et
3582 4138 3682 4178 ro-

2030 4237 2157 4276 sam
2190 4217 2341 4273 veris
2370 4222 2427 4271 et
2471 4216 2682 4282 lilium,
2731 4220 2788 4269 et
2837 4214 3126 4285 quidquid
3158 4212 3317 4268 aliud
3350 4211 3407 4265 in
3438 4210 3683 4266 ﬂoribus

2030 4308 2229 4366 blandi
2262 4306 2495 4376 coloris,
2544 4309 2602 4360 et
2648 4305 2845 4360 odoris
2898 4308 3006 4359 est.
3049 4303 3151 4357 His
3182 4302 3338 4356 enim
3371 4304 3428 4355 et
3460 4299 3684 4371 sparsis

2030 4399 2256 4454 utimur
2286 4395 2582 4464 mollibus,
2616 4410 2681 4449 ac
2714 4392 2946 4460 solutis,
2978 4396 3036 4445 et
3065 4390 3237 4445 sertis
3258 4387 3408 4443 colla
3436 4386 3680 4457 comple-

2030 4488 2266 4543 ctimur.
2302 4490 2451 4539 Sane
2477 4484 2633 4553 quod
2655 4486 2831 4551 caput
2852 4496 2965 4535 non
2994 4476 3680 4550 coronamus,ignoscite.

299 4568 387 4619 tur
409 4572 593 4624 tamen
636 4569 708 4623 ad
756 4584 825 4623 ea
868 4567 1148 4635 alludere,
1201 4585 1328 4641 quas
1376 4568 1585 4624 Paulus
1613 4570 1684 4623 de
1713 4568 1833 4633 illa,
1864 4574 1922 4625 et
1950 4564 1997 4628 D
2031 4582 2247 4631 Auram
2298 4573 2433 4629 boni
2484 4570 2644 4625 ﬂoris
2697 4569 2942 4623 naribus
2980 4568 3212 4633 ducere,
3242 4583 3357 4623 non
3388 4565 3681 4637 occipitio,

293 4652 454 4726 hujus
499 4656 867 4713 abstinentiae
912 4657 1137 4713 ratione
1176 4658 1234 4712 in
1269 4657 1457 4728 prima
1488 4658 1558 4713 ad
1591 4657 1923 4714 Corinthios

293 4741 527 4816 Epistola
558 4746 801 4802 tradidit
829 4746 879 4817 (Ι
904 4749 1029 4803 Cor.
1059 4763 1184 4815 vm,
1216 4746 1240 4801 l
1273 4764 1285 4812 ;
1314 4763 1370 4811 ι,
1418 4746 1486 4800 19
1532 4746 1727 4818 seqq.).
1785 4747 1922 4801 Ter-

289 4834 558 4892 tullianus
587 4836 742 4893 542
792 4852 926 4892 vero
976 4835 1227 4908 ipsamet
1258 4834 1415 4890 Pauli
1448 4835 1625 4891 verba
1655 4836 1922 4891 eamdem

293 4925 533 4993 profecto
592 4926 655 4981 in
712 4940 835 4980 rem
901 4925 1081 4981 citare
1159 4942 1272 4980 non
1341 4924 1669 4980 dubitavit:
1728 4947 1757 4975 κ
1814 4925 1921 4980 Sed

294 5027 485 5085 neque,
516 5014 730 5086 inquit,
764 5015 834 5069 de
864 5014 1190 5070 sacriﬁcato
1222 5018 1279 5069 et
1315 5020 1625 5085 parentato
1672 5014 1922 5081 edimus,

297 5101 419 5168 quia
440 5118 550 5157 non
579 5118 823 5172 possum
856 5118 1079 5156 cmnam
1116 5100 1340 5156 Domini
1376 5102 1565 5171 edere,
1597 5105 1655 5155 et
1700 5117 1923 5156 ccenam

297 5186 695 5245 daemoniorum
746 5189 1007 5260 (Tertull.
1070 5189 1170 5245 lib.
1231 5190 1298 5245 de
1352 5188 1620 5261 Spectac.,
1654 5206 1779 5262 cap.
1815 5191 1923 5262 13).

304 5277 545 5351 Denique
613 5277 883 5335 Clemeus
932 5280 1362 5334 Alexandrinus
1420 5279 1589 5349 plura
1642 5278 1755 5345 his,
1802 5295 1925 5349 quae

299 5370 477 5421 auctor
522 5372 721 5423 noster
768 5367 931 5433 dixit,
965 5366 1136 5439 plane
1167 5371 1581 5431 consentanea,
1612 5366 1776 5433 prius
1802 5372 1925 5421 tra-

298 5451 501 5512 diderat
529 5456 825 5527 (Clemens
879 5456 1187 5513 Alexandr.
1220 5456 1321 5512 lib.
1353 5473 1394 5511 ιι
1424 5453 1645 5526 Pzdag.
1679 5471 1803 5525 cap.
1838 5455 1925 5526 10,

295 5558 407 5620 pag.
437 5546 589 5618 213).

347 5643 559 5709 Contra
573 5648 775 5704 tamen
798 5645 1000 5706 Celsus
1022 5647 1177 5726 apud
1213 5646 1519 5721 Origenem
1541 5644 1734 5703 acrius
1765 5644 1927 5702 Chri-

2031 4662 2329 4736 capillisve
2359 4659 2617 4715 solemus
2648 4657 2902 4712 haurire.
2935 4675 2961 4707 ιι

2103 4750 2383 4806 Ριιωνὶυῐῃ
2410 4763 2542 4803 vero
2572 4746 2654 4801 ibi
2684 4747 2850 4816 sequi
2881 4746 3109 4802 videtur
3125 4742 3679 4814 Tertullianum,qui

2032 4841 2347 4898 absurdam
2383 4839 2596 4893 hancce
2639 4835 2947 4908 gentilium
2997 4835 3470 4891 criminationem
3499 4831 3683 4890 simili

2035 4929 2204 5003 plane
2234 4943 2514 5000 responso
2539 4924 2825 4981 diluerat:
2860 4947 2887 4974 ‹‹
2920 4924 3046 4979 Non
3078 4941 3232 4992 amo,
3265 4924 3472 4994 inquit,
3504 4917 3684 4991 capiti

2034 5034 2348 5085 coronam;
2381 5015 2519 5088 quid
2570 5020 2673 5071 tua
2710 5013 3000 5069 interest?
3040 5014 3269 5085 Emptis
3300 5007 3687 5066 nihilominus

2036 5108 2279 5164 floribus
2311 5104 2602 5178 quomodo
2635 5102 2812 5158 utar?
2855 5102 2999 5157 Puto
3030 5104 3253 5173 gratius
3285 5096 3484 5154 liberis
3514 5099 3572 5150 et
3601 5111 3692 5149 so-

2035 5197 2197 5261 lutis,
2230 5200 2287 5251 et
2318 5195 2470 5250 543
2504 5193 2763 5264 undique
2791 5191 2972 5261 vagis,
3004 5190 3106 5245 sed
3137 5194 3193 5244 et
3221 5189 3271 5244 si
3310 5187 3367 5241 in
3416 5199 3689 5239 coronam

2036 5285 2387 5353 coactis,nos
2417 5297 2690 5337 coronam
2725 5279 2967 5333 naribus
2989 5271 3559 5332 novimus.Viderint
3588 5271 3689 5341 qui

2037 5392 2139 5447 per
2195 5372 2474 5445 capillum
2533 5370 2851 5425 odorantur
2902 5390 2922 5415 ι
2959 5363 3321 5435 (Tertullian.
3382 5361 3689 5431 Apologet.,

2037 5481 2164 5536 cap.
2200 5465 2287 5528 42,
2322 5476 2452 5534 pag.
2481 5460 2613 5525 38.).
2648 5455 2757 5510 Sed
2790 5454 2910 5509 haec
2943 5454 3133 5509 fusius
3174 5452 3270 5507 ille
3300 5450 3412 5506 alio
3446 5450 3506 5504 in
3538 5448 3691 5504 libro

2038 5558 2405 5627 prosecutus,
2454 5544 2706 5605 ostendit
2764 5542 2990 5599 licitum
3050 5560 3179 5599 esse
3233 5541 3444 5597 ﬂorum
3484 5554 3686 5627 usum,

2041 5626 2214 5701 modo
2245 5641 2477 5698 illorum
2528 5633 2684 5694 color
2722 5636 2781 5693 et
2809 5632 2953 5691 odor
2982 5649 3100 5691 non
3131 5629 3285 5705 aliis,
3316 5644 3495 5707 quam
3525 5626 3691 5689 visus
