4088 6150
442 319 562 377 559

1732 315 1833 377 DE
1881 315 2184 376 MINUCll
2237 314 2575 377 OCTAVIO

3706 90 3709 93 ’
3790 82 4005 287 Ἴ

3683 328 3783 389 560

441 456 500 504 et
520 450 797 503 odoratus
821 447 1113 518 sensibus,
1137 448 1209 501 ad
1238 446 1395 501 hunc
1426 447 1603 502 tinem
1644 448 1839 503 divina
1888 447 2082 501 Provi-
2114 454 2165 519 Α
2198 446 2413 502 codicis
2468 447 2735 509 lectione,
2784 445 2833 501 is
2884 445 3112 501 videtur
3162 459 3288 500 esse
3344 451 3579 507 auctoris
3626 461 3782 514 nostri

441 536 639 592 dentia
664 536 995 606 destinatis,
1017 536 1406 609 percipiatur:
1458 534 1699 603 «Utere,
1736 536 1947 606 inquit,
1990 535 2090 590 ﬂo-

442 624 604 680 ribus
635 629 693 681 et
740 626 1007 690 odoratu,
1059 641 1310 697 quorum
1360 642 1645 681 sensuum
1704 626 1929 681 fructus
1979 630 2087 679 est.

441 717 721 770 Ceterum
752 716 813 770 in
844 715 1034 787 capite
1064 716 1197 787 quis
1229 731 1403 787 sapor
1432 715 1640 770 ﬂoris?
1680 715 1821 779 Quis
1865 730 2089 769 coronae

442 819 673 873 sensus,
706 802 818 859 nisi
848 802 1067 859 vinculi
1098 808 1355 871 tantum,
1389 821 1503 876 quo
1535 820 1724 876 neque
1763 803 1921 859 color
1966 819 2089 858 cer-

444 893 623 959 nitur,
645 908 833 965 neque
854 894 997 950 odor
1019 894 1271 960 ducitur,
1311 910 1416 949 nec
1454 894 1752 949 temeritas
1791 908 2089 948 commen-

442 981 662 1038 datur?
690 982 833 1038 Tam
862 988 1064 1039 contra
1091 988 1343 1039 naturau
1373 987 1461 1038 est
1491 983 1690 1039 florem
1720 981 1909 1054 capite
1964 997 2090 1038 sec-

442 1071 574 1140 tari,
607 1087 783 1143 quam
815 1072 1012 1129 cibum
1045 1089 1205 1143 aure,
1237 1089 1414 1144 quam
1446 1088 1656 1128 sonum
1687 1088 1844 1127 nare.
1906 1070 2090 1127 Omne

444 1165 639 1218 autem
669 1162 825 1234 quod
857 1166 1061 1219 contra
1091 1166 1363 1218 naturam
1395 1167 1503 1228 est,
1537 1162 1785 1218 monstri
1834 1166 2092 1218 meretur

448 1253 646 1307 notam
680 1266 859 1323 penes
889 1267 1115 1324 omnes,
1150 1267 1327 1324 penes
1358 1268 1465 1308 nos
1479 1268 1613 1307 vero
1631 1250 1804 1307 etiam
1829 1250 2088 1323 elogium

440 1337 727 1412 sacrilegii
759 1340 819 1396 in
854 1341 1057 1410 Deum,
1101 1345 1324 1397 naturae
1354 1340 1669 1397 Dominum
1702 1345 1759 1396 et
1790 1345 2083 1396 auctorem

440 1428 620 1499 (Idem
652 1428 753 1485 lib.
785 1429 851 1486 de
880 1429 1110 1501 Corona,
1170 1446 1294 1502 cap.
1356 1431 1410 1501 6,
1471 1446 1601 1503 pag.
1664 1430 1813 1501 123).
1849 1452 1877 1479 ››
1935 1429 2086 1493 Quin

440 1516 613 1573 etiam
646 1518 799 1589 apud
834 1518 1179 1586 Lucianum,
1211 1518 1445 1575 tametsi
1476 1517 1775 1588 gentilem,
1811 1518 1851 1572 ii
1908 1518 2088 1573 casti-

440 1610 674 1677 gantur,
702 1606 804 1678 qui
834 1608 1145 1678 gestabant
1192 1623 1458 1675 coronas,
1509 1604 1592 1660 ὅτι
1653 1605 1729 1677 μὴ
1783 1602 1929 1659 Ἶσασι
1986 1606 2087 1658 τοῦ

442 1692 698 1770 στεφάνου
726 1694 817 1749 τὸν
862 1694 1054 1766 τόπον,
1114 1718 1143 1747 ‹‹
1176 1697 1315 1767 quia
1370 1713 1596 1752 coronaa
1654 1697 1870 1761 locum,
1904 1718 1932 1744 »
1986 1695 2086 1750 ubi

441 1783 795 1856 imponenda
823 1790 996 1855 esset,
1032 1806 1059 1837 ‹‹
1094 1786 1498 1842 nesciebant.»
1528 1785 1791 1857 (Luciau.
1825 1785 1971 1842 Dial.
2023 1783 2087 1839 de

440 1872 630 1930 Morio.
658 1875 990 1948 philosoph.,
1020 1892 1152 1948 pag.
1186 1875 1300 1945 24).

504 1979 694 2036 Aliam
716 1985 912 2037 tamen
937 1981 1249 2053 improbati
1279 1999 1312 2036 a
1340 1980 1687 2037 Christianis
1737 1997 2085 2037 coronarum

437 2085 582 2126 usus
612 2070 899 2126 rationem
931 2070 1207 2125 Justinus
1238 2070 1456 2142 Martyr
1490 2068 1760 2140 reddidit,
1794 2070 1934 2140 quia
1951 2070 2085 2124 deo-

437 2174 567 2212 rum
600 2157 934 2214 simulacris
965 2157 1162 2214 anima
1183 2160 1519 2214 carentibus
1542 2158 1722 2213 tribui
1746 2158 1817 2213 ab
1836 2156 2086 2213 ethnicis

434 2246 658 2303 solebat
697 2247 933 2317 (Justin.
994 2247 1214 2319 Apolog.
1273 2248 1328 2315 2,
1393 2263 1526 2319 pag.
1586 2246 1698 2317 57).
1760 2247 1909 2312 Quin
1967 2246 2086 2301 imo

438 2352 570 2391 mox
598 2334 873 2391 laudatus
904 2351 937 2391 a
967 2335 1137 2391 nobis
1167 2334 1561 2391 Tertullianus
1586 2334 1760 2391 variis
1782 2350 2088 2407 argumen-

435 2424 512 2479 tis
534 2424 760 2496 probat,
791 2422 953 2480 illius
977 2424 1157 2479 moris
1179 2423 1464 2496 originem
1489 2423 1561 2478 ab
1583 2422 1767 2495 impio
1820 2422 1918 2479 illo
1950 2424 2086 2479 deo-

439 2530 570 2568 rum
593 2512 753 2568 cultu
776 2512 1042 2569 derivari.
1074 2512 1280 2568 Postea
1299 2529 1435 2568 vero
1458 2512 1580 2568 hinc
1632 2512 1879 2584 adjecit:
1908 2535 1929 2561 ι
1965 2512 2087 2577 Quo

443 2602 587 2658 satis
610 2601 994 2669 instruamur,
1021 2618 1199 2673 quam
1224 2601 1471 2657 alienam
1486 2601 1751 2672 judicare
1771 2601 2088 2658 debeamus

439 2689 696 2745 coronati
725 2689 933 2761 capitis
962 2689 1394 2745 institutionem
1425 2690 1496 2745 ab
1528 2689 1613 2745 eis
1645 2691 1969 2762 probatam,
2032 2693 2089 2744 et

442 2778 503 2833 in
533 2794 736 2834 eorum
767 2778 1039 2851 deinceps
1069 2778 1349 2834 honorem
1406 2778 1832 2851 dispensatam,
1864 2800 1893 2828 ››
1935 2777 2089 2833 sicut

441 2866 633 2923 adhuc
663 2866 775 2924 alio
805 2867 864 2922 in
895 2868 1043 2923 libro
1074 2868 1350 2936 ostendit,
1378 2890 1405 2917 ‹‹
1439 2884 1587 2940 quos
1617 2867 1895 2924 saeculum
1948 2868 2086 2923 deos

440 2956 685 3012 credidit
710 2955 1071 3028 (Tertullian.
1106 2956 1208 3012 lib.
1249 2956 1313 3012 de
1362 2955 1533 3013 Coron
1564 3001 1576 3027 ,
1637 2973 1763 3029 cap.
1794 2957 1829 3009 7
1860 2960 1918 3012 et
1963 2973 2082 3028 seq.

438 3061 571 3118 pag.
607 3047 710 3101 124
739 3050 796 3102 et
824 3049 1059 3117 seq.;et
1088 3044 1188 3101 lib.
1213 3045 1279 3102 de
1309 3046 1484 3117 Spect.
1519 3063 1647 3118 cap.
1679 3049 1734 3113 7,
1769 3048 1829 3101 11
1891 3050 1949 3101 et
1996 3046 2082 3113 12,

436 3150 567 3207 pag.
600 3134 672 3189 93
700 3140 757 3190 et
780 3134 892 3206 95).
926 3158 949 3188 ι
996 3135 1386 3199 Quamobrem
1442 3140 1744 3207 sequester
1799 3135 1928 3205 ejus
1976 3135 2081 3207 Cy-

439 3222 683 3295 prianus
714 3224 1148 3280 confessoribus
1191 3223 1409 3280 Christi
1468 3223 1877 3296 gratulabatur
1918 3222 2081 3279 hisce

434 3312 627 3368 verbis
653 3328 666 3368 :
690 3334 720 3362 ‹‹
741 3312 826 3367 Ab
847 3310 1027 3383 impio
1045 3311 1443 3384 scelerateque
1465 3311 1768 3380 velamine,
1812 3328 1927 3384 quo
1963 3311 2080 3368 illic

431 3399 776 3456 velabantur
796 3400 1249 3457 sacriﬁcantium
1285 3402 1479 3472 capita
1509 3401 1755 3473 captiva,
1788 3407 1963 3472 caput
1991 3418 2081 3457 ve-

433 3491 619 3546 strum
652 3489 901 3545 liberum
935 3490 1173 3545 mansit.
1206 3489 1389 3545 Frons
1419 3506 1553 3545 cum
1585 3489 1751 3561 signo
1788 3489 1883 3545 Dei
1933 3506 2080 3562 pura

434 3577 650 3633 diaboli
682 3594 957 3633 coronam
985 3578 1133 3635 ferre
1156 3594 1269 3634 non
1294 3579 1502 3651 potuit,
1528 3595 1752 3634 coronae
1766 3594 1827 3634 se
1844 3579 2076 3634 Domini

435 3667 1019 3739 reservavit.»(Cypr.
1054 3668 1118 3723 de
1144 3668 1353 3740 Lapsis,
1386 3685 1443 3740 p.
1490 3668 1634 3739 122).
1687 3667 1936 3724 Cousule
1969 3669 2076 3724 ad-

433 3758 572 3821 huc,
591 3757 639 3813 si
662 3756 846 3825 lubet,
867 3755 1225 3830 singularem
1245 3756 1466 3813 Maderi
1486 3758 1557 3814 de
1578 3756 1816 3813 Coronis
1836 3757 2074 3829 librum,

433 3851 492 3903 et
531 3862 621 3915 ea,
665 3845 715 3901 si
758 3845 917 3913 selis,
964 3863 1088 3918 qua:
1134 3847 1203 3902 de
1246 3845 1363 3901 illis
1403 3846 1702 3918 superiore
1743 3852 2078 3919 Apparatus

434 3935 618 3991 nostri
646 3939 806 3992 temo
835 3934 1111 4004 diximus,
1144 3938 1201 3991 et
1225 3952 1354 4008 quae
1382 3935 1573 3991 adhuc
1604 3939 1804 4008 postea
1832 3936 2079 3993 dicenda

432 4029 571 4081 sunt
599 4025 763 4098 (tom.
784 4025 806 4081 Ι
828 4027 1118 4099 Apparat.,
1151 4040 1283 4098 pag.
1307 4025 1405 4080 801
1427 4028 1483 4081 et
1505 4040 1628 4097 seq.
1660 4031 1718 4082 et
1738 4026 1897 4095 infr.,
1945 4042 2070 4099 cap.

430 4114 517 4185 19,
552 4120 659 4172 art.
690 4115 766 4188 2).

495 4221 713 4279 Verum
744 4221 1025 4293 Caecilius,
1058 4220 1277 4294 aliique
1306 4221 1573 4295 gentiles,
1610 4239 1723 4278 non
1754 4239 1821 4279 eo
1845 4226 2071 4280 tantum

425 4312 660 4368 nomine
689 4310 1050 4368 Christianos
1081 4309 1418 4384 culpabant,
1466 4310 1606 4383 quia
1646 4328 1890 4367 coronas
1927 4312 2071 4369 vivis

423 4401 764 4457 hominibus
781 4400 1166 4473 denegabant,
1202 4399 1302 4455 sed
1322 4398 1497 4454 etiam
1530 4400 1779 4455 mortuis
1803 4416 1815 4454 :
1842 4423 1869 4450 ‹‹
1893 4402 2071 4457 Coro—

422 4489 883 4561 nas,inquiebat,
897 4489 1069 4545 etiam
1089 4487 1372 4562 sepulcris
1392 4488 1755 4561 denegatis.»
1771 4489 1917 4555 Quid
1935 4505 2069 4546 vero

2198 552 2408 591 sensus
2434 554 2447 591 :
2487 560 2507 585 α
2542 536 2717 591 Miror
2745 536 3017 607 equidem
3049 552 3152 589 cur
3175 551 3285 589 non
3309 539 3563 594 sentienti
3583 549 3632 598 et
3653 562 3788 602 mor-

2197 630 2298 680 tuo
2330 624 2554 679 homini
2586 618 2829 680 coronas
2859 624 3155 679 tribuatis.
3203 646 3231 674 »
3260 623 3380 681 Non
3419 629 3600 685 minus
3629 634 3787 706 siqui-

2199 714 2331 767 dem
2380 712 2524 768 illud
2574 712 2919 783 absurdum,
2981 717 3089 779 est,
3142 729 3314 785 quam
3363 714 3410 769 si
3444 739 3463 764 ι
3496 721 3790 792 exanimi,»

2200 807 2377 872 atque
2426 802 2642 858 idcirco
2698 819 2813 857 non
2874 802 3172 869 sentienti,
3233 803 3571 862 admoveatis
3619 808 3793 869 facem.

2197 895 2464 946 Mortuus
2517 907 2771 963 namque
2829 892 3006 947 homo
3065 896 3167 946 aut
3225 913 3253 942 ‹‹
3302 892 3500 950 beatus
3546 918 3572 945 »
3609 906 3687 954 est
3712 908 3795 959 aut

2200 1000 2229 1030 ‹‹
2263 980 2476 1035 miser:
2513 1000 2543 1029 »
2596 981 2647 1035 si
2697 982 2903 1037 beatus
2954 996 3020 1035 ac
3046 980 3318 1036 felicitate
3349 987 3553 1039 aeterna
3581 986 3791 1060 fruatur,

2198 1085 2314 1125 non
2361 1072 2491 1142 eget
2536 1068 2821 1135 ﬂoribus;
2872 1069 2922 1125 si
2970 1069 3152 1125 miser
3197 1070 3493 1143 poenisque
3544 1078 3799 1134 crucietur

2198 1155 2455 1224 aeternis,
2505 1157 2758 1229 gaudere
2816 1172 2933 1213 non
2990 1162 3179 1229 potest
3236 1158 3491 1231 floribus,
3542 1164 3636 1234 qui
3664 1164 3800 1222 nullo

2198 1245 2395 1317 gaudii
2429 1260 2605 1301 sensu
2636 1245 2789 1301 afﬁci
2823 1250 3034 1318 potest.

2269 1352 2347 1408 Eo
2392 1356 2588 1409 autem
2638 1359 2982 1425 argumento
3012 1354 3260 1428 gentiles
3289 1356 3563 1429 exagitat,
3591 1361 3681 1430 qui
3709 1378 3805 1419 non

2198 1441 2387 1498 solum
2422 1443 2633 1499 usitato
2665 1459 2825 1499 more
2874 1444 3235 1500 coronabant
3263 1451 3543 1514 mortuos,
3577 1449 3668 1504 sed
3698 1452 3806 1522 qui-

2197 1531 2310 1587 bus
2339 1532 2514 1587 etiam
2548 1530 2691 1586 illud
2725 1532 3140 1604 antiquissima
3180 1533 3305 1605 lege
3345 1544 3684 1609 praeceptum
3711 1540 3811 1594 fue-

2196 1622 2303 1674 rat.
2339 1620 2593 1687 Testem,
2626 1620 2673 1674 si
2707 1618 2868 1687 velis,
2902 1620 3147 1676 habebis
3204 1621 3560 1691 Ciceronem,
3614 1627 3702 1681 ubi
3750 1627 3810 1682 de

2195 1708 2649 1764 anabularum
2682 1708 2909 1781 legibus
2932 1710 3201 1765 disserit:
3241 1733 3269 1761 ‹‹
3308 1711 3433 1781 Illa,
3466 1714 3667 1785 inquit,
3706 1717 3811 1785 jam

2195 1797 2544 1871 significatio
2574 1802 2662 1855 est
2690 1798 2904 1866 laudis,
2938 1805 3283 1855 ornamenta
3314 1802 3386 1856 ad
3429 1808 3677 1859 mortuos
3706 1821 3811 1874 per-

2193 1888 2399 1954 tinere,
2428 1887 2582 1957 quod
2609 1903 2881 1942 coronam
2912 1887 3125 1944 virtute
3158 1894 3410 1959 partam,
3447 1894 3503 1945 et
3531 1892 3581 1945 ei
3603 1891 3693 1962 qui
3717 1908 3813 1948 non

2194 1975 2535 2048 peperisset,
2568 1980 2626 2030 et
2655 1979 2782 2047 ejus
2813 1977 3038 2049 parenti
3069 1978 3196 2033 sine
3228 1979 3433 2033 fraude
3460 1996 3582 2035 esse
3612 1979 3691 2035 lex
3720 1982 3812 2036 im-

2194 2066 2443 2136 positam
2467 2066 2657 2135 jubet.
2711 2086 2738 2115 »
2790 2064 2930 2136 (Cic.
2983 2065 3085 2121 lib.
3132 2083 3175 2121 ιι
3207 2067 3280 2121 de
3310 2068 3525 2137 Legib.,
3557 2085 3678 2141 pag.
3706 2068 3812 2138 311,

2191 2152 2295 2207 lin.
2345 2153 2456 2223 39).
2514 2152 2691 2208 Docet
2734 2170 2866 2209 vero
2914 2152 3139 2209 Plinius
3191 2156 3432 2226 quando
3494 2158 3814 2228 imponenda

2195 2245 2321 2297 erat
2348 2258 2360 2297 :
2399 2263 2426 2291 α
2458 2243 2598 2307 Quis
2628 2259 2763 2315 ergo
2799 2244 3000 2314 honos,
3032 2242 3324 2315 inquit,ut
3352 2244 3464 2315 ipsi
3490 2251 3706 2300 mortuo
3725 2263 3813 2317 pa-

2196 2330 2579 2401 rentibusque
2609 2332 2758 2401 ejus,
2812 2332 2953 2386 dum
2996 2332 3157 2389 intus
3198 2334 3433 2404 positus
3464 2338 3613 2390 esset
3641 2334 3818 2390 forisve

2197 2420 2463 2484 ferretur,
2497 2420 2623 2474 sine
2656 2420 2857 2475 fraude
2886 2427 3042 2476 esset
3065 2420 3347 2492 imposita
3367 2422 3394 2476 ?
3421 2445 3449 2472 κ
3470 2422 3815 2494 (Plin.lib.xxr

2194 2509 2388 2565 Natur.
2422 2510 2598 2574 Hist,
2648 2525 2775 2581 cap.
2822 2509 2876 2577 3,
2920 2525 3052 2581 pag.
3084 2510 3213 2577 107)
3245 2511 3358 2567 hoc
3383 2515 3492 2579 est,
3528 2527 3653 2566 cum
3684 2528 3820 2565 mor-

2193 2597 2281 2653 tui
2312 2614 2525 2669 corpus
2554 2600 2894 2654 servabatur
2913 2598 3094 2663 domi,
3125 2597 3389 2672 indeque
3419 2600 3745 2655 efferebatur
3768 2614 3821 2654 ac

2197 2686 2458 2742 funebris
2492 2703 2705 2759 pompa
2738 2686 2931 2742 ﬂebat.
2975 2687 3055 2743 De
3085 2689 3371 2745 omnibus
3402 2689 3574 2744 etiam
3608 2688 3824 2744 mortuis

2195 2779 2433 2849 scripsit
2508 2778 2799 2832 Lucianus
2880 2778 3332 2853 Στεφανώσαντες
3398 2776 3619 2852 ὡραίοις
3673 2778 3820 2830 Men

2193 2865 2537 2941 προτίθενται
2597 2864 2865 2941 λαμπρῶς
2942 2864 3354 2942 ἀμφιέσαντεςῖ
3432 2891 3460 2919 ‹‹
3538 2869 3823 2924 Coronatus

2196 2954 2603 3027 pulcherrimis
2618 2956 2858 3011 ﬂoribus
2880 2955 3189 3027 splendide
3204 2956 3458 3013 vestitos
3470 2960 3821 3029 proponunt.»

2192 3043 2457 3112 (Luciau.
2489 3044 2554 3099 de
2584 3047 2778 3100 Luctu.
2821 3061 2953 3117 pag.
2988 3046 3137 3114 8l0).
3171 3045 3298 3101 Sed
3333 3046 3494 3102 hunc
3522 3046 3618 3101 ille
3637 3059 3829 3101 morem

2195 3132 2459 3204 aliosque
2481 3132 2725 3205 gentiles
2748 3133 3062 3205 sepulturas
3085 3134 3203 3189 ritu
3220 3153 3249 3190 s
3274 3136 3481 3191 irridet
3500 3140 3555 3191 et
3586 3133 3830 3206 explodit.

2194 3221 2409 3285 Quidni
2437 3239 2573 3288 ergo
2597 3222 2909 3278 Christiani
2935 3222 3100 3276 illum
3134 3224 3830 3293 rejecissentcoronarum

2189 3326 2387 3378 usum,
2421 3310 2492 3366 de
2518 3327 2634 3381 quo
2666 3327 2771 3366 nos
2803 3310 2942 3366 alibi
2972 3312 3433 3383 disputavimus
3454 3313 3482 3367 ?
3506 3313 3720 3383 (Tom.l
3747 3312 3833 3378 Λιι-

2184 3407 2373 3472 ραναι.
2408 3398 2509 3453 lib.
2546 3416 2628 3467 ιιι,
2675 3400 2918 3455 Dissert.
2955 3417 2969 3455 ι
3018 3416 3143 3471 cap.
3208 3404 3300 3469 19,
3354 3407 3467 3458 art.
3500 3403 3559 3472 6,
3592 3417 3714 3474 pag.
3747 3398 3835 3454 802

2188 3493 2246 3544 et
2275 3488 2466 3559 seqq.)
2497 3488 2613 3543 Cur
2641 3494 2837 3543 autem
2885 3505 3019 3544 cum
3063 3492 3438 3562 respuerint,
3496 3493 3644 3547 hanc
3673 3491 3832 3543 Minu—

2187 3578 2312 3633 cius
2354 3578 2605 3634 reddidit
2652 3578 2971 3635 rationem:
3018 3601 3045 3629 «
3082 3584 3159 3634 At
3214 3582 3379 3636 enim
3417 3598 3525 3637 nos
3555 3579 3828 3651 exsequias

2187 3668 2544 3723 adornamus
2575 3670 2776 3724 eadem
2817 3668 3229 3740 tranquilitate
3282 3687 3406 3742 qua
3438 3670 3716 3737 vivimus;
3746 3680 3832 3721 nec

2186 3756 2553 3813 annectimus
2584 3762 2944 3813 arescentem
3004 3773 3315 3827 coronam,
3351 3760 3455 3814 sed
3490 3776 3523 3814 a
3552 3759 3664 3814 Deo
3692 3760 3826 3811 eter-

2186 3846 2278 3901 nis
2309 3846 2553 3902 ﬂoribus
2610 3845 2859 3901 vividam
2913 3847 3314 3904 sustinemus.
3366 3872 3398 3899 ››
3448 3849 3685 3920 (Minue.
3715 3860 3825 3917 pag.

2183 3935 2333 4007 345),
2367 3936 2473 3992 hoc
2498 3940 2608 4007 est,
2640 3941 3065 4008 exspectamus.

2253 4043 2533 4108 Quamvis
2554 4046 2751 4099 autem
2773 4042 3087 4099 Christiani
3102 4049 3489 4101 mortuorum
3506 4038 3829 4116 caputnulla

2182 4132 2529 4188 redimirent
2574 4149 2807 4201 corona,
2860 4133 3181 4204 unguentis
3223 4138 3433 4191 tamen
3468 4134 3697 4189 illorum
3722 4145 3824 4184 cor-

2182 4242 2324 4297 pora
2410 4241 2625 4297 ungere
2709 4224 2973 4280 solebant
3029 4225 3218 4295 ((Ibid.
3301 4243 3443 4299 pag.
3516 4226 3629 4297 98).
3704 4217 3827 4287 Quid

2179 4314 2332 4369 enim
2369 4314 2592 4385 aequius
2640 4329 2816 4385 quam
2870 4319 2933 4367 ut
2982 4314 3365 4384 propositum
3419 4315 3537 4369 sibi
3568 4314 3641 4369 ab
3670 4314 3827 4367 Evan-

2179 4401 2389 4473 gelista
2466 4401 2625 4457 uncti
2698 4401 2958 4473 corporis
3033 4402 3260 4458 Christi
3344 4404 3533 4474 (Joan.
3611 4419 3721 4470 xxx,
3777 4394 3832 4451 39

2178 4495 2234 4546 et
2264 4492 2412 4562 seq.)
2460 4488 2791 4561 exemplum
2852 4490 3288 4546 imitarentur?
3340 4493 3550 4564 Neque
3598 4486 3831 4545 Caacilius

422 4578 492 4634 ad
540 4577 661 4634 haec
708 4577 1025 4634 Octavius?
1063 4568 1280 4633 Veruin
1333 4577 1505 4649 plane
1547 4576 1606 4631 id
1651 4594 1779 4633 esse
1826 4577 2073 4635 libenter
2102 4566 2147 4630 D
2180 4580 2337 4635 hunc
2362 4596 2582 4635 morem
2614 4580 3007 4635 condemnare
3063 4597 3258 4637 ausus
3321 4586 3439 4649 est,
3497 4583 3642 4638 Cum
3698 4573 3832 4634 enim

420 4665 705 4736 concedit,
726 4666 1089 4738 miraturque
1102 4672 1366 4722 mortuos
1379 4666 1451 4722 ab
1478 4666 1739 4723 Ethnicis
1764 4668 2065 4725 coronari:

420 4776 449 4804 ‹‹
472 4754 589 4827 Ego
605 4772 728 4821 vos,
756 4754 857 4822 ait,
890 4756 947 4811 in
980 4755 1089 4811 hoc
1118 4758 1306 4828 magis
1339 4756 1538 4826 miror,
1564 4757 2065 4826 quemadmodum

417 4843 692 4900 tribuatis
720 4844 971 4901 exanimi
1004 4850 1103 4900 aut
1135 4860 1246 4899 non
1281 4844 1485 4909 facem,
1519 4849 1621 4899 aut
1648 4861 1758 4899 non
1792 4847 2065 4902 sentienti

417 4949 713 5001 coronam,
739 4950 871 4990 cum
904 4939 959 4990 et
990 4935 1195 4989 beatus
1235 4949 1351 4987 non
1395 4937 1578 5003 egeat,
1625 4938 1683 4987 et
1724 4934 1905 4990 miser
1945 4953 2062 4992 non

413 5024 665 5094 gaudeat
694 5025 934 5081 ﬂoribus
965 5023 1136 5096 (Ibid.
1166 5037 1296 5093 pag.
1338 5021 1486 5078 341).
1524 5042 1550 5069 n
1598 5020 1813 5077 Verum
1861 5041 2060 5081 corru-

411 5118 548 5183 ptus
580 5112 852 5186 plurimis
881 5114 1112 5169 videtur
1140 5110 1233 5165 hic
1257 5108 1515 5164 auctoris
1547 5109 1731 5164 nostri
1757 5115 1969 5182 textus,
2004 5117 2061 5169 et

408 5200 467 5256 in
499 5202 854 5273 quibusdam
886 5201 1244 5257 editionibus
1276 5196 1561 5269 particula
1588 5214 1700 5254 non
1730 5205 1786 5254 et
1843 5218 2058 5258 nomen

404 5293 655 5347 exanimi
684 5292 905 5346 omissa
935 5294 1096 5344 sunt.
1129 5288 1240 5342 Sed
1270 5287 1393 5342 haec
1425 5288 1702 5343 correctio
1724 5289 1905 5344 codici
1930 5308 2054 5347 ma-

402 5379 701 5451 nuscripto
732 5380 889 5436 544
919 5378 1279 5447 adversatur,
1314 5381 1601 5448 augetque
1630 5378 1825 5449 potius
1874 5396 2049 5452 quam

398 5466 551 5523 tollit
582 5468 1015 5524 difﬁcultatem.
1047 5466 1283 5522 Minucii
1309 5467 1524 5540 quippe
1553 5469 1734 5524 menti
1756 5472 2052 5529 contraria

391 5561 655 5632 apparet,
681 5554 802 5613 Non
821 5557 976 5613 enim
998 5556 1212 5613 mirum
1242 5578 1262 5607 ι
1288 5556 1563 5614 sentienti
1588 5579 1615 5607 »
1634 5558 1823 5617 facem
1842 5561 2047 5631 tribui,

2178 4673 2609 4741 unguentorum
2644 4686 2788 4723 usus
2825 4669 2975 4723 Darii
3008 4672 3307 4741 tempore,
3373 4670 3575 4742 inquit
3604 4666 3825 4726 Plinius,

2178 4758 2247 4812 ad
2282 4774 2380 4814 eos
2438 4757 2807 4827 pervasisset,
2857 4779 2886 4806 «
2933 4762 3059 4812 tum
3111 4758 3316 4814 honos
3351 4764 3413 4815 et
3446 4759 3519 4815 ad
3553 4758 3831 4814 defunctos

2175 4846 2464 4917 pertinere
2494 4846 2666 4916 capit
2714 4867 2742 4895 n
2773 4844 2940 4916 (Plin.
2976 4844 3075 4900 lib.
3110 4863 3246 4917 xm,
3280 4852 3492 4905 Natur.
3531 4849 3690 4913 Hist,
3720 4856 3829 4910 cap.

2175 4936 2226 5003 1,
2262 4952 2394 5007 pag.
2425 4936 2537 5003 56).
2572 4934 2719 4998 Quid
2752 4935 2926 5003 igitur
2957 4934 3083 5006 ipse
3114 4935 3403 4993 Otacilius
3426 4937 3491 4992 in
3508 4927 3832 4991 Christianis

2172 5025 2501 5096 redarguat,
2542 5022 2892 5078 audiamus:
2936 5046 2963 5073 ‹‹
2997 5023 3120 5078 Νοιι
3158 5041 3395 5097 corpus
3427 5024 3709 5080 odoribus
3737 5022 3829 5073 ho-

2170 5113 2436 5179 nestatis,
2472 5112 2777 5167 reservatis
2826 5118 3128 5185 unguenta
3181 5115 3512 5170 funeribus
3547 5136 3576 5164 »
3609 5110 3826 5187 (Minuc-

2169 5219 2301 5275 pag.
2333 5203 2445 5269 97).
2498 5202 2607 5257 Eos
2656 5202 2855 5273 itaque
2894 5202 3155 5274 corripit,
3216 5221 3340 5259 non
3398 5206 3544 5276 quia
3593 5205 3833 5257 mortuos

2169 5291 2481 5364 unguentis
2514 5291 3057 5362 periunderent,sed
3092 5308 3216 5346 non
3253 5297 3559 5366 ungerent
3587 5292 3720 5346 dum
3743 5283 3829 5341 ad-

2164 5381 2277 5437 huc
2334 5380 2618 5435 vivebant.
2680 5380 2955 5435 Octavius
3013 5397 3147 5435 vero
3216 5381 3381 5437 hanc
3436 5385 3830 5453 praeposteram

2161 5471 2399 5528 omnino
2430 5471 2865 5526 accusationem
2894 5474 3286 5542 aspernatus,
3323 5470 3482 5525 nihil
3518 5470 3741 5524 videtur
3766 5458 3828 5516 ad

2159 5578 2287 5618 eam
2321 5558 2716 5632 respondisse,
2764 5559 2877 5615 nisi
2926 5562 3073 5617 forte
3122 5561 3296 5631 quod
3330 5561 3561 5617 ibidem
3592 5555 3827 5618 dixerat,

382 5644 490 5708 led
517 5650 768 5718 mortuo,
792 5646 892 5722 qui
922 5646 1070 5707 nihil
1105 5646 1300 5704 videre
1330 5651 1548 5719 potest.
1583 5647 1813 5707 Servata
1847 5656 2044 5710 autem
2155 5649 2517 5709 Christianos
2544 5647 2778 5706 licitum
2807 5650 3045 5723 quidem
3077 5647 3310 5708 ﬂorum
3345 5655 3532 5728 atque
3567 5649 3707 5707 adeo
3732 5657 3829 5701 ιιη·
