  <div class='ocr_page' id='page_1' title='image "/cluster/home/n/w/nwhite01/storage/ocr_20150623/3/hvd.32044073549586/334.png"; bbox 0 0 4088 6150; ppageno 0'>
   <div class='ocr_carea' id='block_1_1' title="bbox 366 350 475 409">
    <p class='ocr_par' dir='ltr' id='par_1_1' title="bbox 366 350 475 409">
     <span class='ocr_line' id='line_1_1' title="bbox 366 350 475 409; baseline 0.009 -1"><span class='ocrx_word' id='word_1_1' title='bbox 366 350 475 409; x_wconf 65' lang='grc'>561</span> 
     </span>
    </p>
   </div>
   <div class='ocr_carea' id='block_1_2' title="bbox 1821 347 2367 412">
    <p class='ocr_par' dir='ltr' id='par_1_2' title="bbox 1821 347 2367 412">
     <span class='ocr_line' id='line_1_2' title="bbox 1821 347 2367 412; baseline 0.002 -4"><span class='ocrx_word' id='word_1_2' title='bbox 1821 347 2367 412; x_wconf 80' lang='lat' dir='ltr'>DISSERTATIO.</span> 
     </span>
    </p>
   </div>
   <div class='ocr_carea' id='block_1_3' title="bbox 3664 352 3785 413">
    <p class='ocr_par' dir='ltr' id='par_1_3' title="bbox 3664 352 3785 413">
     <span class='ocr_line' id='line_1_3' title="bbox 3664 352 3785 413; baseline -0.008 0"><span class='ocrx_word' id='word_1_3' title='bbox 3664 352 3785 413; x_wconf 74' lang='lat'>562</span> 
     </span>
    </p>
   </div>
   <div class='ocr_carea' id='block_1_4' title="bbox 361 479 3781 557">
    <p class='ocr_par' dir='ltr' id='par_1_4' title="bbox 361 479 3781 557">
     <span class='ocr_line' id='line_1_4' title="bbox 361 479 3781 557; baseline 0.001 -20"><span class='ocrx_word' id='word_1_4' title='bbox 361 485 758 557; x_wconf 87' lang='lat' dir='ltr'>guentuorum</span> <span class='ocrx_word' id='word_1_5' title='bbox 784 481 929 540; x_wconf 74' lang='lat'>545</span> <span class='ocrx_word' id='word_1_6' title='bbox 955 498 1128 537; x_wconf 89' lang='lat' dir='ltr'>usum</span> <span class='ocrx_word' id='word_1_7' title='bbox 1156 498 1268 538; x_wconf 90' lang='lat' dir='ltr'>non</span> <span class='ocrx_word' id='word_1_8' title='bbox 1298 481 1583 550; x_wconf 88' lang='lat' dir='ltr'>rejecisse,</span> <span class='ocrx_word' id='word_1_9' title='bbox 1609 481 1707 537; x_wconf 88' lang='lat' dir='ltr'>sed</span> <span class='ocrx_word' id='word_1_10' title='bbox 1741 479 2014 537; x_wconf 76' lang='lat' dir='ltr'>intolera~</span> <span class='ocrx_word' id='word_1_11' title='bbox 2047 484 2100 550; x_wconf 79' lang='grc' dir='ltr'>Α</span> <span class='ocrx_word' id='word_1_12' title='bbox 2132 481 2428 553; x_wconf 89' lang='lat' dir='ltr'>pulturam</span> <span class='ocrx_word' id='word_1_13' title='bbox 2460 483 2613 540; x_wconf 88' lang='lat' dir='ltr'>inter</span> <span class='ocrx_word' id='word_1_14' title='bbox 2641 488 2696 540; x_wconf 93' lang='lat' dir='ltr'>et</span> <span class='ocrx_word' id='word_1_15' title='bbox 2743 483 3146 540; x_wconf 82' lang='lat' dir='ltr'>humationem</span> <span class='ocrx_word' id='word_1_16' title='bbox 3199 482 3449 550; x_wconf 81' lang='lat' dir='ltr'>intersit,</span> <span class='ocrx_word' id='word_1_17' title='bbox 3490 482 3643 541; x_wconf 90' lang='lat' dir='ltr'>clare</span> <span class='ocrx_word' id='word_1_18' title='bbox 3686 501 3781 541; x_wconf 84' lang='lat' dir='ltr'>ex-</span> 
     </span>
    </p>
   </div>
   <div class='ocr_carea' id='block_1_5' title="bbox 362 570 2016 643">
    <p class='ocr_par' dir='ltr' id='par_1_5' title="bbox 362 570 2016 643">
     <span class='ocr_line' id='line_1_5' title="bbox 362 570 2016 643; baseline 0 -16"><span class='ocrx_word' id='word_1_19' title='bbox 362 571 560 637; x_wconf 88' lang='lat' dir='ltr'>bilem,</span> <span class='ocrx_word' id='word_1_20' title='bbox 584 571 740 626; x_wconf 87' lang='lat' dir='ltr'>sicut</span> <span class='ocrx_word' id='word_1_21' title='bbox 771 570 909 626; x_wconf 82' lang='lat' dir='ltr'>alibi</span> <span class='ocrx_word' id='word_1_22' title='bbox 934 570 1495 643; x_wconf 87' lang='lat' dir='ltr'>patefecimus(tom.</span> <span class='ocrx_word' id='word_1_23' title='bbox 1525 576 1547 624; x_wconf 87' lang='lat' dir='ltr'><strong>I</strong></span> <span class='ocrx_word' id='word_1_24' title='bbox 1578 571 1816 642; x_wconf 73' lang='lat' dir='ltr'>Apparat</span> <span class='ocrx_word' id='word_1_25' title='bbox 1846 612 1858 636; x_wconf 93' lang='lat'>,</span> <span class='ocrx_word' id='word_1_26' title='bbox 1885 587 2016 641; x_wconf 84' lang='lat' dir='ltr'>pag.</span> 
     </span>
    </p>
   </div>
   <div class='ocr_carea' id='block_1_6' title="bbox 358 659 2017 732">
    <p class='ocr_par' dir='ltr' id='par_1_6' title="bbox 358 659 2017 732">
     <span class='ocr_line' id='line_1_6' title="bbox 358 659 2017 732; baseline -0.001 -18"><span class='ocrx_word' id='word_1_27' title='bbox 358 662 465 715; x_wconf 63' lang='lat'>8&#39;03</span> <span class='ocrx_word' id='word_1_28' title='bbox 485 665 541 714; x_wconf 90' lang='lat' dir='ltr'>et</span> <span class='ocrx_word' id='word_1_29' title='bbox 570 660 745 731; x_wconf 91' lang='lat' dir='ltr'>seq.),</span> <span class='ocrx_word' id='word_1_30' title='bbox 772 659 1078 732; x_wconf 76' lang='lat' dir='ltr'>gentilium</span> <span class='ocrx_word' id='word_1_31' title='bbox 1103 662 1377 720; x_wconf 82' lang='lat' dir='ltr'>abusum.</span> <span class='ocrx_word' id='word_1_32' title='bbox 1401 659 1575 714; x_wconf 89' lang='lat' dir='ltr'>Plura</span> <span class='ocrx_word' id='word_1_33' title='bbox 1596 676 1764 731; x_wconf 90' lang='lat' dir='ltr'>porro</span> <span class='ocrx_word' id='word_1_34' title='bbox 1787 659 2017 714; x_wconf 88' lang='lat' dir='ltr'>Tertul-</span> 
     </span>
    </p>
   </div>
   <div class='ocr_carea' id='block_1_7' title="bbox 357 750 2019 820">
    <p class='ocr_par' dir='ltr' id='par_1_7' title="bbox 357 750 2019 820">
     <span class='ocr_line' id='line_1_7' title="bbox 357 750 2019 820; baseline 0 -15"><span class='ocrx_word' id='word_1_35' title='bbox 357 750 552 805; x_wconf 68' lang='lat' dir='ltr'>lianus</span> <span class='ocrx_word' id='word_1_36' title='bbox 582 750 653 803; x_wconf 89' lang='lat' dir='ltr'>de</span> <span class='ocrx_word' id='word_1_37' title='bbox 686 750 779 820; x_wconf 93' lang='lat' dir='ltr'>pio</span> <span class='ocrx_word' id='word_1_38' title='bbox 830 750 1242 820; x_wconf 90' lang='lat' dir='ltr'>laudandoque</span> <span class='ocrx_word' id='word_1_39' title='bbox 1291 750 1752 805; x_wconf 83' lang='lat' dir='ltr'>Christianorum</span> <span class='ocrx_word' id='word_1_40' title='bbox 1787 754 2019 805; x_wconf 85' lang='lat' dir='ltr'>mortua</span> 
     </span>
    </p>
   </div>
   <div class='ocr_carea' id='block_1_8' title="bbox 356 838 2015 911">
    <p class='ocr_par' dir='ltr' id='par_1_8' title="bbox 356 838 2015 911">
     <span class='ocr_line' id='line_1_8' title="bbox 356 838 2015 911; baseline 0 -17"><span class='ocrx_word' id='word_1_41' title='bbox 356 856 599 911; x_wconf 69' lang='lat' dir='ltr'>Corpora</span> <span class='ocrx_word' id='word_1_42' title='bbox 632 840 888 910; x_wconf 90' lang='lat' dir='ltr'>ungendi</span> <span class='ocrx_word' id='word_1_43' title='bbox 924 839 1038 893; x_wconf 87' lang='lat' dir='ltr'>ritu</span> <span class='ocrx_word' id='word_1_44' title='bbox 1066 840 1326 907; x_wconf 78' lang='lat' dir='ltr'>tradidit,</span> <span class='ocrx_word' id='word_1_45' title='bbox 1358 857 1482 910; x_wconf 71' lang='lat' dir='ltr'>quae</span> <span class='ocrx_word' id='word_1_46' title='bbox 1506 856 1611 895; x_wconf 89' lang='lat' dir='ltr'>suo</span> <span class='ocrx_word' id='word_1_47' title='bbox 1644 838 1767 893; x_wconf 91' lang='lat' dir='ltr'>loco</span> <span class='ocrx_word' id='word_1_48' title='bbox 1790 856 1822 894; x_wconf 90' lang='lat' dir='ltr'>a</span> <span class='ocrx_word' id='word_1_49' title='bbox 1847 838 2015 894; x_wconf 87' lang='lat' dir='ltr'>nobis</span> 
     </span>
    </p>
   </div>
   <div class='ocr_carea' id='block_1_9' title="bbox 354 929 943 984">
    <p class='ocr_par' dir='ltr' id='par_1_9' title="bbox 354 929 943 984">
     <span class='ocr_line' id='line_1_9' title="bbox 354 929 943 984; baseline -0.002 0"><span class='ocrx_word' id='word_1_50' title='bbox 354 929 749 984; x_wconf 81' lang='lat' dir='ltr'>examinanda</span> <span class='ocrx_word' id='word_1_51' title='bbox 782 934 943 983; x_wconf 78' lang='lat' dir='ltr'>sunt.</span> 
     </span>
    </p>
   </div>
   <div class='ocr_carea' id='block_1_10' title="bbox 422 1022 2010 1094">
    <p class='ocr_par' dir='ltr' id='par_1_10' title="bbox 422 1022 2010 1094">
     <span class='ocr_line' id='line_1_10' title="bbox 422 1022 2010 1094; baseline 0.001 -16"><span class='ocrx_word' id='word_1_52' title='bbox 422 1024 725 1078; x_wconf 88' lang='lat' dir='ltr'>Postremo</span> <span class='ocrx_word' id='word_1_53' title='bbox 766 1022 1026 1078; x_wconf 70' lang='lat' dir='ltr'>Caecilius</span> <span class='ocrx_word' id='word_1_54' title='bbox 1069 1022 1434 1078; x_wconf 89' lang='lat' dir='ltr'>Christianos</span> <span class='ocrx_word' id='word_1_55' title='bbox 1479 1023 1667 1079; x_wconf 91' lang='lat' dir='ltr'>adhuc</span> <span class='ocrx_word' id='word_1_56' title='bbox 1700 1024 2010 1094; x_wconf 90' lang='lat' dir='ltr'>antiquum</span> 
     </span>
    </p>
   </div>
   <div class='ocr_carea' id='block_1_11' title="bbox 352 1112 2005 1183">
    <p class='ocr_par' dir='ltr' id='par_1_11' title="bbox 352 1112 2005 1183">
     <span class='ocr_line' id='line_1_11' title="bbox 352 1112 2005 1183; baseline -0.002 -13"><span class='ocrx_word' id='word_1_57' title='bbox 352 1120 619 1170; x_wconf 82' lang='lat' dir='ltr'>mortuos</span> <span class='ocrx_word' id='word_1_58' title='bbox 642 1112 950 1183; x_wconf 86' lang='lat' dir='ltr'>sepeliendi</span> <span class='ocrx_word' id='word_1_59' title='bbox 972 1129 1190 1167; x_wconf 90' lang='lat' dir='ltr'>morem</span> <span class='ocrx_word' id='word_1_60' title='bbox 1211 1117 1530 1181; x_wconf 80' lang='lat' dir='ltr'>servantes,</span> <span class='ocrx_word' id='word_1_61' title='bbox 1555 1112 1637 1167; x_wconf 91' lang='lat' dir='ltr'>sic</span> <span class='ocrx_word' id='word_1_62' title='bbox 1657 1114 2005 1169; x_wconf 80' lang='lat' dir='ltr'>insectatur:</span> 
     </span>
    </p>
   </div>
   <div class='ocr_carea' id='block_1_12' title="bbox 352 1202 2006 1274">
    <p class='ocr_par' dir='ltr' id='par_1_12' title="bbox 352 1202 2006 1274">
     <span class='ocr_line' id='line_1_12' title="bbox 352 1202 2006 1274; baseline 0 -19"><span class='ocrx_word' id='word_1_63' title='bbox 352 1224 378 1255; x_wconf 77' lang='grc' dir='ltr'>α</span> <span class='ocrx_word' id='word_1_64' title='bbox 411 1204 804 1259; x_wconf 86' lang='lat' dir='ltr'>Exsecrantur</span> <span class='ocrx_word' id='word_1_65' title='bbox 852 1218 1015 1274; x_wconf 90' lang='lat' dir='ltr'>regos</span> <span class='ocrx_word' id='word_1_66' title='bbox 1066 1207 1123 1256; x_wconf 91' lang='lat' dir='ltr'>et</span> <span class='ocrx_word' id='word_1_67' title='bbox 1170 1202 1397 1273; x_wconf 83' lang='lat' dir='ltr'>ignium</span> <span class='ocrx_word' id='word_1_68' title='bbox 1445 1202 1803 1273; x_wconf 83' lang='lat' dir='ltr'>sepulturas,</span> <span class='ocrx_word' id='word_1_69' title='bbox 1838 1204 2006 1273; x_wconf 83' lang='lat' dir='ltr'>quasi</span> 
     </span>
    </p>
   </div>
   <div class='ocr_carea' id='block_1_13' title="bbox 350 1290 2008 1363">
    <p class='ocr_par' dir='ltr' id='par_1_13' title="bbox 350 1290 2008 1363">
     <span class='ocr_line' id='line_1_13' title="bbox 350 1290 2008 1363; baseline -0.001 -15"><span class='ocrx_word' id='word_1_70' title='bbox 350 1310 463 1349; x_wconf 85' lang='lat' dir='ltr'>non</span> <span class='ocrx_word' id='word_1_71' title='bbox 498 1309 670 1347; x_wconf 90' lang='lat' dir='ltr'>omne</span> <span class='ocrx_word' id='word_1_72' title='bbox 698 1308 931 1363; x_wconf 83' lang='lat' dir='ltr'>corpus,</span> <span class='ocrx_word' id='word_1_73' title='bbox 965 1291 1073 1347; x_wconf 89' lang='lat' dir='ltr'>etsi</span> <span class='ocrx_word' id='word_1_74' title='bbox 1107 1290 1363 1346; x_wconf 85' lang='lat' dir='ltr'>ﬂammis</span> <span class='ocrx_word' id='word_1_75' title='bbox 1404 1292 1804 1361; x_wconf 79' lang='lat' dir='ltr'>subtrahatur,</span> <span class='ocrx_word' id='word_1_76' title='bbox 1838 1293 2008 1347; x_wconf 89' lang='lat' dir='ltr'>annis</span> 
     </span>
    </p>
   </div>
   <div class='ocr_carea' id='block_1_14' title="bbox 347 1380 2007 1447">
    <p class='ocr_par' dir='ltr' id='par_1_14' title="bbox 347 1380 2007 1447">
     <span class='ocr_line' id='line_1_14' title="bbox 347 1380 2007 1447; baseline -0.001 -10"><span class='ocrx_word' id='word_1_77' title='bbox 347 1386 542 1437; x_wconf 86' lang='lat' dir='ltr'>tamen</span> <span class='ocrx_word' id='word_1_78' title='bbox 576 1386 632 1435; x_wconf 90' lang='lat' dir='ltr'>et</span> <span class='ocrx_word' id='word_1_79' title='bbox 663 1381 931 1436; x_wconf 63' lang='lat' dir='ltr'>(statibus</span> <span class='ocrx_word' id='word_1_80' title='bbox 963 1380 1023 1435; x_wconf 91' lang='lat' dir='ltr'>in</span> <span class='ocrx_word' id='word_1_81' title='bbox 1055 1384 1273 1435; x_wconf 89' lang='lat' dir='ltr'>terram</span> <span class='ocrx_word' id='word_1_82' title='bbox 1308 1380 1628 1435; x_wconf 86' lang='lat' dir='ltr'>resolvatur</span> <span class='ocrx_word' id='word_1_83' title='bbox 1659 1397 1672 1447; x_wconf 90' lang='lat'><strong>;</strong></span> <span class='ocrx_word' id='word_1_84' title='bbox 1699 1397 1803 1435; x_wconf 91' lang='lat' dir='ltr'>nec</span> <span class='ocrx_word' id='word_1_85' title='bbox 1834 1380 2007 1435; x_wconf 86' lang='lat' dir='ltr'>inter-</span> 
     </span>
    </p>
   </div>
   <div class='ocr_carea' id='block_1_15' title="bbox 349 1466 2004 1538">
    <p class='ocr_par' dir='ltr' id='par_1_15' title="bbox 349 1466 2004 1538">
     <span class='ocr_line' id='line_1_15' title="bbox 349 1466 2004 1538; baseline -0.002 -13"><span class='ocrx_word' id='word_1_86' title='bbox 349 1471 425 1526; x_wconf 94' lang='lat' dir='ltr'>sit</span> <span class='ocrx_word' id='word_1_87' title='bbox 452 1480 653 1525; x_wconf 86' lang='lat' dir='ltr'>utrum</span> <span class='ocrx_word' id='word_1_88' title='bbox 687 1469 816 1524; x_wconf 62' lang='lat' dir='ltr'>fere</span> <span class='ocrx_word' id='word_1_89' title='bbox 846 1466 1145 1538; x_wconf 87' lang='lat' dir='ltr'>diripiant,</span> <span class='ocrx_word' id='word_1_90' title='bbox 1181 1485 1255 1523; x_wconf 88' lang='lat' dir='ltr'>an</span> <span class='ocrx_word' id='word_1_91' title='bbox 1304 1467 1490 1523; x_wconf 90' lang='lat' dir='ltr'>maria</span> <span class='ocrx_word' id='word_1_92' title='bbox 1522 1472 1894 1535; x_wconf 86' lang='lat' dir='ltr'>consumant,</span> <span class='ocrx_word' id='word_1_93' title='bbox 1930 1484 2004 1523; x_wconf 90' lang='lat' dir='ltr'>an</span> 
     </span>
    </p>
   </div>
   <div class='ocr_carea' id='block_1_16' title="bbox 347 1556 2004 1630">
    <p class='ocr_par' dir='ltr' id='par_1_16' title="bbox 347 1556 2004 1630">
     <span class='ocr_line' id='line_1_16' title="bbox 347 1556 2004 1630; baseline -0.002 -16"><span class='ocrx_word' id='word_1_94' title='bbox 347 1559 565 1615; x_wconf 87' lang='lat' dir='ltr'>humus</span> <span class='ocrx_word' id='word_1_95' title='bbox 595 1562 888 1630; x_wconf 85' lang='lat' dir='ltr'>contegat,</span> <span class='ocrx_word' id='word_1_96' title='bbox 923 1574 995 1611; x_wconf 90' lang='lat' dir='ltr'>an</span> <span class='ocrx_word' id='word_1_97' title='bbox 1030 1556 1265 1611; x_wconf 87' lang='lat' dir='ltr'>ﬂamma</span> <span class='ocrx_word' id='word_1_98' title='bbox 1310 1558 1630 1612; x_wconf 86' lang='lat' dir='ltr'>subducat:</span> <span class='ocrx_word' id='word_1_99' title='bbox 1665 1572 1797 1611; x_wconf 89' lang='lat' dir='ltr'>cum</span> <span class='ocrx_word' id='word_1_100' title='bbox 1833 1556 2004 1611; x_wconf 87' lang='lat' dir='ltr'>cada-</span> 
     </span>
    </p>
   </div>
   <div class='ocr_carea' id='block_1_17' title="bbox 346 1644 2003 1718">
    <p class='ocr_par' dir='ltr' id='par_1_17' title="bbox 346 1644 2003 1718">
     <span class='ocr_line' id='line_1_17' title="bbox 346 1644 2003 1718; baseline -0.002 -15"><span class='ocrx_word' id='word_1_101' title='bbox 346 1648 578 1703; x_wconf 80' lang='lat' dir='ltr'>veribus</span> <span class='ocrx_word' id='word_1_102' title='bbox 612 1647 804 1702; x_wconf 90' lang='lat' dir='ltr'>omnis</span> <span class='ocrx_word' id='word_1_103' title='bbox 835 1644 1156 1718; x_wconf 85' lang='lat' dir='ltr'>sepultura,</span> <span class='ocrx_word' id='word_1_104' title='bbox 1188 1645 1248 1700; x_wconf 92' lang='lat' dir='ltr'>in</span> <span class='ocrx_word' id='word_1_105' title='bbox 1288 1644 1572 1712; x_wconf 89' lang='lat' dir='ltr'>sentiunt,</span> <span class='ocrx_word' id='word_1_106' title='bbox 1612 1662 1777 1718; x_wconf 69' lang='lat' dir='ltr'>poena</span> <span class='ocrx_word' id='word_1_107' title='bbox 1806 1646 1918 1701; x_wconf 87' lang='lat' dir='ltr'>sit:</span> <span class='ocrx_word' id='word_1_108' title='bbox 1953 1645 2003 1701; x_wconf 90' lang='lat' dir='ltr'>si</span> 
     </span>
    </p>
   </div>
   <div class='ocr_carea' id='block_1_18' title="bbox 343 1734 1997 1806">
    <p class='ocr_par' dir='ltr' id='par_1_18' title="bbox 343 1734 1997 1806">
     <span class='ocr_line' id='line_1_18' title="bbox 343 1734 1997 1806; baseline -0.005 -15"><span class='ocrx_word' id='word_1_109' title='bbox 343 1754 456 1791; x_wconf 75' lang='lat' dir='ltr'>nun</span> <span class='ocrx_word' id='word_1_110' title='bbox 490 1736 773 1802; x_wconf 88' lang='lat' dir='ltr'>sentiunt,</span> <span class='ocrx_word' id='word_1_111' title='bbox 797 1736 926 1806; x_wconf 91' lang='lat' dir='ltr'>ipsa</span> <span class='ocrx_word' id='word_1_112' title='bbox 949 1736 1292 1791; x_wconf 84' lang='lat' dir='ltr'>conﬁciendi</span> <span class='ocrx_word' id='word_1_113' title='bbox 1322 1734 1637 1802; x_wconf 87' lang='lat' dir='ltr'>celeritate,</span> <span class='ocrx_word' id='word_1_114' title='bbox 1662 1734 1951 1789; x_wconf 85' lang='lat' dir='ltr'>medicina</span> <span class='ocrx_word' id='word_1_115' title='bbox 1977 1757 1997 1783; x_wconf 77' lang='grc' dir='ltr'>ι</span> 
     </span>
    </p>
   </div>
   <div class='ocr_carea' id='block_1_19' title="bbox 342 1824 2003 1896">
    <p class='ocr_par' dir='ltr' id='par_1_19' title="bbox 342 1824 2003 1896">
     <span class='ocr_line' id='line_1_19' title="bbox 342 1824 2003 1896; baseline -0.001 -15"><span class='ocrx_word' id='word_1_116' title='bbox 342 1825 580 1896; x_wconf 84' lang='lat' dir='ltr'>(Minue.</span> <span class='ocrx_word' id='word_1_117' title='bbox 617 1840 748 1896; x_wconf 86' lang='lat' dir='ltr'>pag.</span> <span class='ocrx_word' id='word_1_118' title='bbox 779 1825 846 1879; x_wconf 86' lang='lat'>97</span> <span class='ocrx_word' id='word_1_119' title='bbox 878 1828 928 1880; x_wconf 82' lang='lat' dir='ltr'>et</span> <span class='ocrx_word' id='word_1_120' title='bbox 976 1828 1174 1896; x_wconf 60' lang='lat' dir='ltr'>seqq).</span> <span class='ocrx_word' id='word_1_121' title='bbox 1230 1827 1366 1890; x_wconf 79' lang='lat' dir='ltr'>Quae</span> <span class='ocrx_word' id='word_1_122' title='bbox 1417 1824 1655 1895; x_wconf 89' lang='lat' dir='ltr'>quidem</span> <span class='ocrx_word' id='word_1_123' title='bbox 1686 1840 1755 1879; x_wconf 84' lang='lat' dir='ltr'>ex</span> <span class='ocrx_word' id='word_1_124' title='bbox 1784 1824 2003 1879; x_wconf 90' lang='lat' dir='ltr'>Seneca</span> 
     </span>
    </p>
   </div>
   <div class='ocr_carea' id='block_1_20' title="bbox 342 1913 1992 1985">
    <p class='ocr_par' dir='ltr' id='par_1_20' title="bbox 342 1913 1992 1985">
     <span class='ocr_line' id='line_1_20' title="bbox 342 1913 1992 1985; baseline -0.002 -16"><span class='ocrx_word' id='word_1_125' title='bbox 342 1914 595 1969; x_wconf 82' lang='lat' dir='ltr'>delibata</span> <span class='ocrx_word' id='word_1_126' title='bbox 642 1914 827 1970; x_wconf 86' lang='lat' dir='ltr'>fuisse</span> <span class='ocrx_word' id='word_1_127' title='bbox 886 1914 1011 1985; x_wconf 91' lang='lat' dir='ltr'>jam</span> <span class='ocrx_word' id='word_1_128' title='bbox 1060 1914 1498 1969; x_wconf 88' lang='lat' dir='ltr'>observavimus</span> <span class='ocrx_word' id='word_1_129' title='bbox 1546 1913 1708 1985; x_wconf 91' lang='lat' dir='ltr'>(Sup.</span> <span class='ocrx_word' id='word_1_130' title='bbox 1760 1928 1887 1983; x_wconf 89' lang='lat' dir='ltr'>cap.</span> <span class='ocrx_word' id='word_1_131' title='bbox 1936 1916 1992 1983; x_wconf 90' lang='grc'>2,</span> 
     </span>
    </p>
   </div>
   <div class='ocr_carea' id='block_1_21' title="bbox 339 2005 556 2074">
    <p class='ocr_par' dir='ltr' id='par_1_21' title="bbox 339 2005 556 2074">
     <span class='ocr_line' id='line_1_21' title="bbox 339 2005 556 2074; baseline -0.009 -14"><span class='ocrx_word' id='word_1_132' title='bbox 339 2010 446 2060; x_wconf 87' lang='lat' dir='ltr'>art.</span> <span class='ocrx_word' id='word_1_133' title='bbox 479 2005 556 2074; x_wconf 87' lang='lat'>5).</span> 
     </span>
    </p>
   </div>
   <div class='ocr_carea' id='block_1_22' title="bbox 404 2098 1992 2173">
    <p class='ocr_par' dir='ltr' id='par_1_22' title="bbox 404 2098 1992 2173">
     <span class='ocr_line' id='line_1_22' title="bbox 404 2098 1992 2173; baseline -0.002 -17"><span class='ocrx_word' id='word_1_134' title='bbox 404 2103 551 2156; x_wconf 86' lang='lat' dir='ltr'>Tam</span> <span class='ocrx_word' id='word_1_135' title='bbox 587 2101 807 2173; x_wconf 75' lang='lat' dir='ltr'>frigidae</span> <span class='ocrx_word' id='word_1_136' title='bbox 838 2105 1036 2155; x_wconf 90' lang='lat' dir='ltr'>autem</span> <span class='ocrx_word' id='word_1_137' title='bbox 1061 2100 1339 2165; x_wconf 89' lang='lat' dir='ltr'>irrisioni,</span> <span class='ocrx_word' id='word_1_138' title='bbox 1372 2101 1511 2172; x_wconf 91' lang='lat' dir='ltr'>quid</span> <span class='ocrx_word' id='word_1_139' title='bbox 1548 2100 1863 2171; x_wconf 87' lang='lat' dir='ltr'>respondet</span> <span class='ocrx_word' id='word_1_140' title='bbox 1893 2098 1992 2153; x_wconf 88' lang='lat' dir='ltr'>Mi-</span> 
     </span>
    </p>
   </div>
   <div class='ocr_carea' id='block_1_23' title="bbox 336 2188 1989 2260">
    <p class='ocr_par' dir='ltr' id='par_1_23' title="bbox 336 2188 1989 2260">
     <span class='ocr_line' id='line_1_23' title="bbox 336 2188 1989 2260; baseline -0.002 -15"><span class='ocrx_word' id='word_1_141' title='bbox 336 2192 546 2246; x_wconf 83' lang='lat' dir='ltr'>nucius</span> <span class='ocrx_word' id='word_1_142' title='bbox 571 2191 599 2245; x_wconf 83' lang='lat'><strong>?</strong></span> <span class='ocrx_word' id='word_1_143' title='bbox 627 2214 655 2239; x_wconf 91' lang='grc'>‹‹</span> <span class='ocrx_word' id='word_1_144' title='bbox 689 2190 803 2245; x_wconf 90' lang='lat' dir='ltr'>Nec</span> <span class='ocrx_word' id='word_1_145' title='bbox 837 2196 899 2244; x_wconf 92' lang='lat' dir='ltr'>ut</span> <span class='ocrx_word' id='word_1_146' title='bbox 947 2190 1204 2255; x_wconf 85' lang='lat' dir='ltr'>creditis,</span> <span class='ocrx_word' id='word_1_147' title='bbox 1237 2190 1429 2260; x_wconf 87' lang='lat' dir='ltr'>inquit</span> <span class='ocrx_word' id='word_1_148' title='bbox 1461 2188 1670 2254; x_wconf 89' lang='lat' dir='ltr'>ullum,</span> <span class='ocrx_word' id='word_1_149' title='bbox 1704 2189 1989 2242; x_wconf 87' lang='lat' dir='ltr'>damnum</span> 
     </span>
    </p>
   </div>
   <div class='ocr_carea' id='block_1_24' title="bbox 333 2276 1989 2350">
    <p class='ocr_par' dir='ltr' id='par_1_24' title="bbox 333 2276 1989 2350">
     <span class='ocr_line' id='line_1_24' title="bbox 333 2276 1989 2350; baseline -0.002 -15"><span class='ocrx_word' id='word_1_150' title='bbox 333 2279 646 2350; x_wconf 72' lang='lat' dir='ltr'>sepulturas</span> <span class='ocrx_word' id='word_1_151' title='bbox 691 2278 991 2346; x_wconf 87' lang='lat' dir='ltr'>timemus,</span> <span class='ocrx_word' id='word_1_152' title='bbox 1024 2279 1125 2333; x_wconf 88' lang='lat' dir='ltr'>sed</span> <span class='ocrx_word' id='word_1_153' title='bbox 1157 2284 1405 2333; x_wconf 89' lang='lat' dir='ltr'>veterem</span> <span class='ocrx_word' id='word_1_154' title='bbox 1438 2283 1495 2332; x_wconf 92' lang='lat' dir='ltr'>et</span> <span class='ocrx_word' id='word_1_155' title='bbox 1546 2276 1844 2332; x_wconf 89' lang='lat' dir='ltr'>meliorem</span> <span class='ocrx_word' id='word_1_156' title='bbox 1879 2276 1989 2331; x_wconf 90' lang='lat' dir='ltr'>hu-</span> 
     </span>
    </p>
   </div>
   <div class='ocr_carea' id='block_1_25' title="bbox 336 2367 1983 2438">
    <p class='ocr_par' dir='ltr' id='par_1_25' title="bbox 336 2367 1983 2438">
     <span class='ocr_line' id='line_1_25' title="bbox 336 2367 1983 2438; baseline -0.002 -15"><span class='ocrx_word' id='word_1_157' title='bbox 336 2369 531 2423; x_wconf 81' lang='lat' dir='ltr'>mandi</span> <span class='ocrx_word' id='word_1_158' title='bbox 556 2368 1039 2423; x_wconf 87' lang='lat' dir='ltr'>consuetudinem</span> <span class='ocrx_word' id='word_1_159' title='bbox 1070 2368 1561 2438; x_wconf 83' lang='lat' dir='ltr'>frequentamus»</span> <span class='ocrx_word' id='word_1_160' title='bbox 1589 2367 1825 2437; x_wconf 85' lang='lat' dir='ltr'>(Minue.</span> <span class='ocrx_word' id='word_1_161' title='bbox 1853 2382 1983 2437; x_wconf 88' lang='lat' dir='ltr'>pag.</span> 
     </span>
    </p>
   </div>
   <div class='ocr_carea' id='block_1_26' title="bbox 334 2454 1986 2527">
    <p class='ocr_par' dir='ltr' id='par_1_26' title="bbox 334 2454 1986 2527">
     <span class='ocr_line' id='line_1_26' title="bbox 334 2454 1986 2527; baseline -0.001 -16"><span class='ocrx_word' id='word_1_162' title='bbox 334 2457 476 2527; x_wconf 75' lang='grc'>255).</span> <span class='ocrx_word' id='word_1_163' title='bbox 500 2456 671 2527; x_wconf 85' lang='lat' dir='ltr'>Atqui</span> <span class='ocrx_word' id='word_1_164' title='bbox 696 2455 886 2526; x_wconf 90' lang='lat' dir='ltr'>reipsa</span> <span class='ocrx_word' id='word_1_165' title='bbox 908 2456 1392 2527; x_wconf 90' lang='lat' dir='ltr'>antiquissimum</span> <span class='ocrx_word' id='word_1_166' title='bbox 1417 2461 1474 2510; x_wconf 91' lang='lat' dir='ltr'>et</span> <span class='ocrx_word' id='word_1_167' title='bbox 1491 2462 1779 2527; x_wconf 84' lang='lat' dir='ltr'>optimum</span> <span class='ocrx_word' id='word_1_168' title='bbox 1804 2454 1986 2509; x_wconf 90' lang='lat' dir='ltr'>fuisse</span> 
     </span>
    </p>
   </div>
   <div class='ocr_carea' id='block_1_27' title="bbox 343 2544 1987 2617">
    <p class='ocr_par' dir='ltr' id='par_1_27' title="bbox 343 2544 1987 2617">
     <span class='ocr_line' id='line_1_27' title="bbox 343 2544 1987 2617; baseline -0.002 -16"><span class='ocrx_word' id='word_1_169' title='bbox 343 2547 673 2601; x_wconf 75' lang='lat' dir='ltr'>cadaverum</span> <span class='ocrx_word' id='word_1_170' title='bbox 710 2545 1178 2617; x_wconf 85' lang='lat' dir='ltr'>sepeliendorum</span> <span class='ocrx_word' id='word_1_171' title='bbox 1203 2561 1422 2600; x_wconf 90' lang='lat' dir='ltr'>morem</span> <span class='ocrx_word' id='word_1_172' title='bbox 1449 2544 1540 2599; x_wconf 91' lang='lat' dir='ltr'>his</span> <span class='ocrx_word' id='word_1_173' title='bbox 1562 2544 1777 2608; x_wconf 88' lang='lat' dir='ltr'>Cicero,</span> <span class='ocrx_word' id='word_1_174' title='bbox 1810 2544 1859 2599; x_wconf 90' lang='lat' dir='ltr'>si</span> <span class='ocrx_word' id='word_1_175' title='bbox 1883 2544 1987 2598; x_wconf 89' lang='lat' dir='ltr'>du-</span> 
     </span>
    </p>
   </div>
   <div class='ocr_carea' id='block_1_28' title="bbox 344 2632 1983 2705">
    <p class='ocr_par' dir='ltr' id='par_1_28' title="bbox 344 2632 1983 2705">
     <span class='ocr_line' id='line_1_28' title="bbox 344 2632 1983 2705; baseline -0.001 -16"><span class='ocrx_word' id='word_1_176' title='bbox 344 2634 501 2700; x_wconf 79' lang='lat' dir='ltr'>bites,</span> <span class='ocrx_word' id='word_1_177' title='bbox 530 2641 583 2690; x_wconf 89' lang='lat' dir='ltr'>te</span> <span class='ocrx_word' id='word_1_178' title='bbox 613 2634 844 2690; x_wconf 89' lang='lat' dir='ltr'>docebit</span> <span class='ocrx_word' id='word_1_179' title='bbox 892 2635 1119 2689; x_wconf 87' lang='lat' dir='ltr'>verbis:</span> <span class='ocrx_word' id='word_1_180' title='bbox 1175 2657 1194 2683; x_wconf 78' lang='grc' dir='ltr'>ι</span> <span class='ocrx_word' id='word_1_181' title='bbox 1246 2639 1320 2688; x_wconf 80' lang='lat' dir='ltr'>At</span> <span class='ocrx_word' id='word_1_182' title='bbox 1373 2633 1516 2688; x_wconf 90' lang='lat' dir='ltr'>mihi</span> <span class='ocrx_word' id='word_1_183' title='bbox 1562 2634 1801 2705; x_wconf 87' lang='lat' dir='ltr'>quidem</span> <span class='ocrx_word' id='word_1_184' title='bbox 1834 2632 1983 2688; x_wconf 87' lang='lat' dir='ltr'>anti-</span> 
     </span>
    </p>
   </div>
   <div class='ocr_carea' id='block_1_29' title="bbox 355 2722 1983 2797">
    <p class='ocr_par' dir='ltr' id='par_1_29' title="bbox 355 2722 1983 2797">
     <span class='ocr_line' id='line_1_29' title="bbox 355 2722 1983 2797; baseline -0.001 -19"><span class='ocrx_word' id='word_1_185' title='bbox 355 2724 691 2794; x_wconf 85' lang='lat' dir='ltr'>quissimum</span> <span class='ocrx_word' id='word_1_186' title='bbox 723 2724 1037 2796; x_wconf 64' lang='lat' dir='ltr'>sepulturae</span> <span class='ocrx_word' id='word_1_187' title='bbox 1068 2740 1252 2797; x_wconf 88' lang='lat' dir='ltr'>genus</span> <span class='ocrx_word' id='word_1_188' title='bbox 1285 2724 1341 2778; x_wconf 92' lang='lat' dir='ltr'>id</span> <span class='ocrx_word' id='word_1_189' title='bbox 1386 2723 1566 2778; x_wconf 91' lang='lat' dir='ltr'>fuisse</span> <span class='ocrx_word' id='word_1_190' title='bbox 1611 2722 1839 2777; x_wconf 90' lang='lat' dir='ltr'>videtur</span> <span class='ocrx_word' id='word_1_191' title='bbox 1868 2738 1983 2793; x_wconf 92' lang='lat' dir='ltr'>quo</span> 
     </span>
    </p>
   </div>
   <div class='ocr_carea' id='block_1_30' title="bbox 353 2810 1983 2886">
    <p class='ocr_par' dir='ltr' id='par_1_30' title="bbox 353 2810 1983 2886">
     <span class='ocr_line' id='line_1_30' title="bbox 353 2810 1983 2886; baseline -0.002 -17"><span class='ocrx_word' id='word_1_192' title='bbox 353 2815 490 2885; x_wconf 84' lang='lat' dir='ltr'>apud</span> <span class='ocrx_word' id='word_1_193' title='bbox 536 2813 973 2885; x_wconf 85' lang='lat' dir='ltr'>Xenophontem</span> <span class='ocrx_word' id='word_1_194' title='bbox 1023 2814 1202 2886; x_wconf 80' lang='lat' dir='ltr'>Cyrus</span> <span class='ocrx_word' id='word_1_195' title='bbox 1247 2813 1454 2868; x_wconf 88' lang='lat' dir='ltr'>utitur.</span> <span class='ocrx_word' id='word_1_196' title='bbox 1505 2810 1789 2867; x_wconf 85' lang='lat' dir='ltr'>Redditur</span> <span class='ocrx_word' id='word_1_197' title='bbox 1825 2811 1983 2866; x_wconf 88' lang='lat' dir='ltr'>enim</span> 
     </span>
    </p>
   </div>
   <div class='ocr_carea' id='block_1_31' title="bbox 352 2897 1985 2975">
    <p class='ocr_par' dir='ltr' id='par_1_31' title="bbox 352 2897 1985 2975">
     <span class='ocr_line' id='line_1_31' title="bbox 352 2897 1985 2975; baseline -0.002 -18"><span class='ocrx_word' id='word_1_198' title='bbox 352 2904 501 2957; x_wconf 66' lang='lat' dir='ltr'>terra:</span> <span class='ocrx_word' id='word_1_199' title='bbox 530 2920 760 2975; x_wconf 89' lang='lat' dir='ltr'>corpus,</span> <span class='ocrx_word' id='word_1_200' title='bbox 789 2908 845 2958; x_wconf 91' lang='lat' dir='ltr'>et</span> <span class='ocrx_word' id='word_1_201' title='bbox 874 2902 955 2957; x_wconf 88' lang='lat' dir='ltr'>ita</span> <span class='ocrx_word' id='word_1_202' title='bbox 983 2901 1237 2957; x_wconf 89' lang='lat' dir='ltr'>locatum</span> <span class='ocrx_word' id='word_1_203' title='bbox 1270 2918 1335 2957; x_wconf 87' lang='lat' dir='ltr'>ac</span> <span class='ocrx_word' id='word_1_204' title='bbox 1382 2901 1561 2957; x_wconf 90' lang='lat' dir='ltr'>situm</span> <span class='ocrx_word' id='word_1_205' title='bbox 1595 2899 1764 2972; x_wconf 87' lang='lat' dir='ltr'>quasi</span> <span class='ocrx_word' id='word_1_206' title='bbox 1795 2897 1985 2971; x_wconf 85' lang='lat' dir='ltr'>cperi-</span> 
     </span>
    </p>
   </div>
   <div class='ocr_carea' id='block_1_32' title="bbox 351 2987 1987 3061">
    <p class='ocr_par' dir='ltr' id='par_1_32' title="bbox 351 2987 1987 3061">
     <span class='ocr_line' id='line_1_32' title="bbox 351 2987 1987 3061; baseline -0.004 -14"><span class='ocrx_word' id='word_1_207' title='bbox 351 2997 529 3047; x_wconf 81' lang='lat' dir='ltr'>mento</span> <span class='ocrx_word' id='word_1_208' title='bbox 552 2992 758 3047; x_wconf 89' lang='lat' dir='ltr'>matris</span> <span class='ocrx_word' id='word_1_209' title='bbox 779 2992 1111 3047; x_wconf 89' lang='lat' dir='ltr'>obducitur.</span> <span class='ocrx_word' id='word_1_210' title='bbox 1136 2991 1468 3061; x_wconf 88' lang='lat' dir='ltr'>Eodemque</span> <span class='ocrx_word' id='word_1_211' title='bbox 1486 2989 1599 3045; x_wconf 86' lang='lat' dir='ltr'>ritu</span> <span class='ocrx_word' id='word_1_212' title='bbox 1626 2989 1685 3045; x_wconf 88' lang='lat' dir='ltr'>in</span> <span class='ocrx_word' id='word_1_213' title='bbox 1712 3005 1777 3043; x_wconf 91' lang='lat' dir='ltr'>eo</span> <span class='ocrx_word' id='word_1_214' title='bbox 1795 2987 1987 3059; x_wconf 90' lang='lat' dir='ltr'>sepul-</span> 
     </span>
    </p>
   </div>
   <div class='ocr_carea' id='block_1_33' title="bbox 349 3076 1983 3152">
    <p class='ocr_par' dir='ltr' id='par_1_33' title="bbox 349 3076 1983 3152">
     <span class='ocr_line' id='line_1_33' title="bbox 349 3076 1983 3152; baseline -0.003 -16"><span class='ocrx_word' id='word_1_215' title='bbox 349 3096 436 3135; x_wconf 83' lang='lat' dir='ltr'>cro</span> <span class='ocrx_word' id='word_1_216' title='bbox 463 3082 609 3152; x_wconf 92' lang='lat' dir='ltr'>quod</span> <span class='ocrx_word' id='word_1_217' title='bbox 643 3079 847 3152; x_wconf 90' lang='lat' dir='ltr'>procul</span> <span class='ocrx_word' id='word_1_218' title='bbox 879 3081 952 3135; x_wconf 92' lang='lat' dir='ltr'>ad</span> <span class='ocrx_word' id='word_1_219' title='bbox 983 3079 1178 3134; x_wconf 85' lang='lat' dir='ltr'>Fontis</span> <span class='ocrx_word' id='word_1_220' title='bbox 1200 3097 1332 3134; x_wconf 86' lang='lat' dir='ltr'>aras</span> <span class='ocrx_word' id='word_1_221' title='bbox 1354 3095 1546 3151; x_wconf 87' lang='lat' dir='ltr'>regem</span> <span class='ocrx_word' id='word_1_222' title='bbox 1577 3083 1841 3133; x_wconf 88' lang='lat' dir='ltr'>nostrum</span> <span class='ocrx_word' id='word_1_223' title='bbox 1865 3076 1983 3131; x_wconf 89' lang='lat' dir='ltr'>Nu-</span> 
     </span>
    </p>
   </div>
   <div class='ocr_carea' id='block_1_34' title="bbox 345 3165 1981 3240">
    <p class='ocr_par' dir='ltr' id='par_1_34' title="bbox 345 3165 1981 3240">
     <span class='ocr_line' id='line_1_34' title="bbox 345 3165 1981 3240; baseline -0.003 -15"><span class='ocrx_word' id='word_1_224' title='bbox 345 3185 493 3225; x_wconf 75' lang='lat' dir='ltr'>III;th</span> <span class='ocrx_word' id='word_1_225' title='bbox 522 3171 819 3225; x_wconf 88' lang='lat' dir='ltr'>conditum</span> <span class='ocrx_word' id='word_1_226' title='bbox 855 3169 1191 3240; x_wconf 89' lang='lat' dir='ltr'>accepimus</span> <span class='ocrx_word' id='word_1_227' title='bbox 1218 3186 1230 3223; x_wconf 96' lang='lat'>:</span> <span class='ocrx_word' id='word_1_228' title='bbox 1272 3173 1625 3240; x_wconf 85' lang='lat' dir='ltr'>gentemque</span> <span class='ocrx_word' id='word_1_229' title='bbox 1656 3165 1981 3222; x_wconf 88' lang='lat' dir='ltr'>Corneliam</span> 
     </span>
    </p>
   </div>
   <div class='ocr_carea' id='block_1_35' title="bbox 345 3227 2058 3330">
    <p class='ocr_par' dir='ltr' id='par_1_35' title="bbox 345 3227 2058 3330">
     <span class='ocr_line' id='line_1_35' title="bbox 345 3227 2058 3330; baseline -0.001 -17"><span class='ocrx_word' id='word_1_230' title='bbox 345 3274 519 3330; x_wconf 81' lang='lat' dir='ltr'>usque</span> <span class='ocrx_word' id='word_1_231' title='bbox 547 3261 615 3315; x_wconf 90' lang='lat' dir='ltr'>ad</span> <span class='ocrx_word' id='word_1_232' title='bbox 651 3259 994 3314; x_wconf 89' lang='lat' dir='ltr'>memoriam</span> <span class='ocrx_word' id='word_1_233' title='bbox 1019 3262 1279 3313; x_wconf 90' lang='lat' dir='ltr'>nostram</span> <span class='ocrx_word' id='word_1_234' title='bbox 1301 3257 1407 3312; x_wconf 89' lang='lat' dir='ltr'>hac</span> <span class='ocrx_word' id='word_1_235' title='bbox 1430 3256 1732 3329; x_wconf 87' lang='lat' dir='ltr'>sepultura</span> <span class='ocrx_word' id='word_1_236' title='bbox 1761 3256 1983 3311; x_wconf 88' lang='lat' dir='ltr'>scimus</span> <span class='ocrx_word' id='word_1_237' title='bbox 2015 3227 2058 3293; x_wconf 63' lang='grc' dir='ltr'>α</span> 
     </span>
    </p>
   </div>
   <div class='ocr_carea' id='block_1_36' title="bbox 340 3346 1983 3419">
    <p class='ocr_par' dir='ltr' id='par_1_36' title="bbox 340 3346 1983 3419">
     <span class='ocr_line' id='line_1_36' title="bbox 340 3346 1983 3419; baseline -0.002 -15"><span class='ocrx_word' id='word_1_238' title='bbox 340 3364 462 3404; x_wconf 78' lang='lat' dir='ltr'>esse</span> <span class='ocrx_word' id='word_1_239' title='bbox 492 3350 790 3404; x_wconf 90' lang='lat' dir='ltr'>humatam</span> <span class='ocrx_word' id='word_1_240' title='bbox 818 3367 831 3403; x_wconf 87' lang='lat'>:</span> <span class='ocrx_word' id='word_1_241' title='bbox 866 3350 929 3404; x_wconf 90' lang='lat' dir='ltr'>C.</span> <span class='ocrx_word' id='word_1_242' title='bbox 974 3348 1136 3403; x_wconf 89' lang='lat' dir='ltr'>Marii</span> <span class='ocrx_word' id='word_1_243' title='bbox 1167 3348 1310 3402; x_wconf 89' lang='lat' dir='ltr'>sitas</span> <span class='ocrx_word' id='word_1_244' title='bbox 1335 3347 1609 3419; x_wconf 90' lang='lat' dir='ltr'>reliquias</span> <span class='ocrx_word' id='word_1_245' title='bbox 1633 3346 1788 3418; x_wconf 89' lang='lat' dir='ltr'>apud</span> <span class='ocrx_word' id='word_1_246' title='bbox 1812 3346 1983 3401; x_wconf 88' lang='lat' dir='ltr'>Anie-</span> 
     </span>
    </p>
   </div>
   <div class='ocr_carea' id='block_1_37' title="bbox 336 3435 1983 3509">
    <p class='ocr_par' dir='ltr' id='par_1_37' title="bbox 336 3435 1983 3509">
     <span class='ocr_line' id='line_1_37' title="bbox 336 3435 1983 3509; baseline 0 -18"><span class='ocrx_word' id='word_1_247' title='bbox 336 3452 465 3493; x_wconf 83' lang='lat' dir='ltr'>nem</span> <span class='ocrx_word' id='word_1_248' title='bbox 491 3439 764 3509; x_wconf 89' lang='lat' dir='ltr'>dissipari</span> <span class='ocrx_word' id='word_1_249' title='bbox 789 3437 972 3509; x_wconf 83' lang='lat' dir='ltr'>jussit</span> <span class='ocrx_word' id='word_1_250' title='bbox 1002 3437 1160 3509; x_wconf 85' lang='lat' dir='ltr'>Sylla</span> <span class='ocrx_word' id='word_1_251' title='bbox 1190 3436 1394 3493; x_wconf 91' lang='lat' dir='ltr'>victor.</span> <span class='ocrx_word' id='word_1_252' title='bbox 1501 3438 1662 3501; x_wconf 88' lang='lat' dir='ltr'>Quod</span> <span class='ocrx_word' id='word_1_253' title='bbox 1686 3436 1840 3491; x_wconf 91' lang='lat' dir='ltr'>haud</span> <span class='ocrx_word' id='word_1_254' title='bbox 1865 3435 1983 3491; x_wconf 90' lang='lat' dir='ltr'>scio</span> 
     </span>
    </p>
   </div>
   <div class='ocr_carea' id='block_1_38' title="bbox 331 3525 1982 3599">
    <p class='ocr_par' dir='ltr' id='par_1_38' title="bbox 331 3525 1982 3599">
     <span class='ocr_line' id='line_1_38' title="bbox 331 3525 1982 3599; baseline 0.001 -21"><span class='ocrx_word' id='word_1_255' title='bbox 331 3541 400 3579; x_wconf 88' lang='lat' dir='ltr'>an</span> <span class='ocrx_word' id='word_1_256' title='bbox 436 3528 646 3582; x_wconf 87' lang='lat' dir='ltr'>timens</span> <span class='ocrx_word' id='word_1_257' title='bbox 679 3544 785 3582; x_wconf 91' lang='lat' dir='ltr'>suo</span> <span class='ocrx_word' id='word_1_258' title='bbox 818 3527 1045 3599; x_wconf 89' lang='lat' dir='ltr'>corpori</span> <span class='ocrx_word' id='word_1_259' title='bbox 1070 3543 1242 3598; x_wconf 89' lang='lat' dir='ltr'>posse</span> <span class='ocrx_word' id='word_1_260' title='bbox 1261 3526 1540 3594; x_wconf 90' lang='lat' dir='ltr'>accidere,</span> <span class='ocrx_word' id='word_1_261' title='bbox 1575 3525 1799 3595; x_wconf 89' lang='lat' dir='ltr'>primus</span> <span class='ocrx_word' id='word_1_262' title='bbox 1825 3541 1854 3579; x_wconf 92' lang='lat' dir='ltr'>e</span> <span class='ocrx_word' id='word_1_263' title='bbox 1879 3542 1982 3595; x_wconf 86' lang='lat' dir='ltr'>pa-</span> 
     </span>
    </p>
   </div>
   <div class='ocr_carea' id='block_1_39' title="bbox 325 3612 1985 3687">
    <p class='ocr_par' dir='ltr' id='par_1_39' title="bbox 325 3612 1985 3687">
     <span class='ocr_line' id='line_1_39' title="bbox 325 3612 1985 3687; baseline -0.001 -19"><span class='ocrx_word' id='word_1_264' title='bbox 325 3616 511 3671; x_wconf 78' lang='lat' dir='ltr'>triciis</span> <span class='ocrx_word' id='word_1_265' title='bbox 541 3615 822 3671; x_wconf 80' lang='lat' dir='ltr'>Corneliis</span> <span class='ocrx_word' id='word_1_266' title='bbox 852 3615 974 3687; x_wconf 90' lang='lat' dir='ltr'>igni</span> <span class='ocrx_word' id='word_1_267' title='bbox 996 3615 1180 3671; x_wconf 90' lang='lat' dir='ltr'>voluit</span> <span class='ocrx_word' id='word_1_268' title='bbox 1211 3615 1507 3669; x_wconf 80' lang='lat' dir='ltr'>cremari»</span> <span class='ocrx_word' id='word_1_269' title='bbox 1540 3614 1679 3685; x_wconf 82' lang='lat' dir='ltr'>(Cic.</span> <span class='ocrx_word' id='word_1_270' title='bbox 1713 3613 1814 3668; x_wconf 90' lang='lat' dir='ltr'>lib.</span> <span class='ocrx_word' id='word_1_271' title='bbox 1850 3631 1887 3668; x_wconf 83' lang='grc' dir='ltr'>ιι</span> <span class='ocrx_word' id='word_1_272' title='bbox 1919 3612 1985 3667; x_wconf 81' lang='lat' dir='ltr'>de</span> 
     </span>
    </p>
   </div>
   <div class='ocr_carea' id='block_1_40' title="bbox 319 3702 1414 3777">
    <p class='ocr_par' dir='ltr' id='par_1_40' title="bbox 319 3702 1414 3777">
     <span class='ocr_line' id='line_1_40' title="bbox 319 3702 1414 3777; baseline -0.001 -17"><span class='ocrx_word' id='word_1_273' title='bbox 319 3702 536 3776; x_wconf 79' lang='lat' dir='ltr'>Leyib.,</span> <span class='ocrx_word' id='word_1_274' title='bbox 571 3722 707 3777; x_wconf 91' lang='lat' dir='ltr'>pag.</span> <span class='ocrx_word' id='word_1_275' title='bbox 748 3705 899 3770; x_wconf 74' lang='lat'>340.,</span> <span class='ocrx_word' id='word_1_276' title='bbox 932 3704 1036 3759; x_wconf 89' lang='lat' dir='ltr'>lin.</span> <span class='ocrx_word' id='word_1_277' title='bbox 1070 3705 1139 3760; x_wconf 81' lang='grc'>45</span> <span class='ocrx_word' id='word_1_278' title='bbox 1168 3708 1221 3759; x_wconf 86' lang='lat' dir='ltr'>et</span> <span class='ocrx_word' id='word_1_279' title='bbox 1242 3704 1414 3776; x_wconf 84' lang='lat' dir='ltr'>seqq).</span> 
     </span>
    </p>
   </div>
   <div class='ocr_carea' id='block_1_41' title="bbox 397 3810 1983 3884">
    <p class='ocr_par' dir='ltr' id='par_1_41' title="bbox 397 3810 1983 3884">
     <span class='ocr_line' id='line_1_41' title="bbox 397 3810 1983 3884; baseline -0.001 -18"><span class='ocrx_word' id='word_1_280' title='bbox 397 3813 471 3868; x_wconf 74' lang='lat' dir='ltr'>Et</span> <span class='ocrx_word' id='word_1_281' title='bbox 499 3814 571 3869; x_wconf 89' lang='lat' dir='ltr'>de</span> <span class='ocrx_word' id='word_1_282' title='bbox 600 3813 791 3869; x_wconf 90' lang='lat' dir='ltr'>Numa</span> <span class='ocrx_word' id='word_1_283' title='bbox 821 3812 1058 3884; x_wconf 89' lang='lat' dir='ltr'>quidem</span> <span class='ocrx_word' id='word_1_284' title='bbox 1093 3812 1214 3867; x_wconf 67' lang='lat' dir='ltr'>haec</span> <span class='ocrx_word' id='word_1_285' title='bbox 1230 3827 1461 3883; x_wconf 85' lang='lat' dir='ltr'>quoque</span> <span class='ocrx_word' id='word_1_286' title='bbox 1492 3810 1841 3865; x_wconf 88' lang='lat' dir='ltr'>Plutarchus</span> <span class='ocrx_word' id='word_1_287' title='bbox 1863 3826 1983 3864; x_wconf 89' lang='lat' dir='ltr'>me-</span> 
     </span>
    </p>
   </div>
   <div class='ocr_carea' id='block_1_42' title="bbox 318 3899 1986 3975">
    <p class='ocr_par' dir='ltr' id='par_1_42' title="bbox 318 3899 1986 3975">
     <span class='ocr_line' id='line_1_42' title="bbox 318 3899 1986 3975; baseline -0.001 -19"><span class='ocrx_word' id='word_1_288' title='bbox 318 3902 529 3958; x_wconf 60' lang='lat' dir='ltr'>moria:</span> <span class='ocrx_word' id='word_1_289' title='bbox 555 3903 805 3975; x_wconf 87' lang='lat' dir='ltr'>prodidit</span> <span class='ocrx_word' id='word_1_290' title='bbox 832 3919 845 3957; x_wconf 95' lang='lat'>:</span> <span class='ocrx_word' id='word_1_291' title='bbox 872 3924 899 3953; x_wconf 88' lang='lat'><strong>«</strong></span> <span class='ocrx_word' id='word_1_292' title='bbox 924 3903 1146 3973; x_wconf 87' lang='lat' dir='ltr'>Corpus</span> <span class='ocrx_word' id='word_1_293' title='bbox 1169 3918 1237 3956; x_wconf 88' lang='lat' dir='ltr'>ex</span> <span class='ocrx_word' id='word_1_294' title='bbox 1259 3904 1546 3973; x_wconf 70' lang='lat' dir='ltr'>praecepto</span> <span class='ocrx_word' id='word_1_295' title='bbox 1569 3900 1718 3970; x_wconf 88' lang='lat' dir='ltr'>ejus,</span> <span class='ocrx_word' id='word_1_296' title='bbox 1746 3904 1810 3955; x_wconf 91' lang='lat' dir='ltr'>ut</span> <span class='ocrx_word' id='word_1_297' title='bbox 1832 3899 1986 3955; x_wconf 88' lang='lat' dir='ltr'>fama</span> 
     </span>
    </p>
   </div>
   <div class='ocr_carea' id='block_1_43' title="bbox 317 3984 1983 4063">
    <p class='ocr_par' dir='ltr' id='par_1_43' title="bbox 317 3984 1983 4063">
     <span class='ocr_line' id='line_1_43' title="bbox 317 3984 1983 4063; baseline -0.004 -17"><span class='ocrx_word' id='word_1_298' title='bbox 317 3997 444 4058; x_wconf 85' lang='lat' dir='ltr'>est,</span> <span class='ocrx_word' id='word_1_299' title='bbox 494 3992 622 4063; x_wconf 76' lang='grc' dir='ltr'>πυρὶ</span> <span class='ocrx_word' id='word_1_300' title='bbox 672 3990 767 4062; x_wconf 79' lang='grc' dir='ltr'>μὶν</span> <span class='ocrx_word' id='word_1_301' title='bbox 816 3988 915 4044; x_wconf 72' lang='grc' dir='ltr'>οὐκ</span> <span class='ocrx_word' id='word_1_302' title='bbox 962 3986 1147 4043; x_wconf 79' lang='grc' dir='ltr'>ἔδοσαν</span> <span class='ocrx_word' id='word_1_303' title='bbox 1199 3989 1290 4042; x_wconf 86' lang='grc' dir='ltr'>τὸν</span> <span class='ocrx_word' id='word_1_304' title='bbox 1332 3989 1534 4063; x_wconf 73' lang='grc' dir='ltr'>νεκρὸν,</span> <span class='ocrx_word' id='word_1_305' title='bbox 1586 3986 1751 4043; x_wconf 76' lang='grc' dir='ltr'>αὐτοῦ</span> <span class='ocrx_word' id='word_1_306' title='bbox 1799 3984 1983 4041; x_wconf 63' lang='grc' dir='ltr'>κω)κῦ-</span> 
     </span>
    </p>
   </div>
   <div class='ocr_carea' id='block_1_44' title="bbox 319 4076 1983 4151">
    <p class='ocr_par' dir='ltr' id='par_1_44' title="bbox 319 4076 1983 4151">
     <span class='ocr_line' id='line_1_44' title="bbox 319 4076 1983 4151; baseline 0 -20"><span class='ocrx_word' id='word_1_307' title='bbox 319 4100 543 4141; x_wconf 71' lang='grc' dir='ltr'>σ-ιντος.</span> <span class='ocrx_word' id='word_1_308' title='bbox 578 4078 682 4135; x_wconf 67' lang='grc' dir='ltr'>Δύο</span> <span class='ocrx_word' id='word_1_309' title='bbox 734 4077 791 4133; x_wconf 74' lang='grc' dir='ltr'>δὲ</span> <span class='ocrx_word' id='word_1_310' title='bbox 830 4078 1192 4151; x_wconf 75' lang='grc' dir='ltr'>ποιησάμενοι</span> <span class='ocrx_word' id='word_1_311' title='bbox 1241 4078 1451 4141; x_wconf 74' lang='grc' dir='ltr'>λιθίνας</span> <span class='ocrx_word' id='word_1_312' title='bbox 1501 4076 1716 4151; x_wconf 74' lang='grc' dir='ltr'>σοροὺς,</span> <span class='ocrx_word' id='word_1_313' title='bbox 1759 4076 1861 4132; x_wconf 86' lang='grc' dir='ltr'>ὑπὸ</span> <span class='ocrx_word' id='word_1_314' title='bbox 1891 4076 1983 4131; x_wconf 83' lang='grc' dir='ltr'>τὸν</span> 
     </span>
    </p>
   </div>
   <div class='ocr_carea' id='block_1_45' title="bbox 318 4164 1984 4244">
    <p class='ocr_par' dir='ltr' id='par_1_45' title="bbox 318 4164 1984 4244">
     <span class='ocr_line' id='line_1_45' title="bbox 318 4164 1984 4244; baseline 0.001 -23"><span class='ocrx_word' id='word_1_315' title='bbox 318 4168 610 4237; x_wconf 61' lang='grc' dir='ltr'>Ἰαενικλὸκι,</span> <span class='ocrx_word' id='word_1_316' title='bbox 666 4170 766 4236; x_wconf 71' lang='grc' dir='ltr'>τὴν</span> <span class='ocrx_word' id='word_1_317' title='bbox 830 4168 924 4242; x_wconf 74' lang='grc' dir='ltr'>μὲν</span> <span class='ocrx_word' id='word_1_318' title='bbox 986 4167 1167 4243; x_wconf 69' lang='grc' dir='ltr'>ἑτέραν</span> <span class='ocrx_word' id='word_1_319' title='bbox 1227 4164 1458 4244; x_wconf 80' lang='grc' dir='ltr'>ἔχουσαν</span> <span class='ocrx_word' id='word_1_320' title='bbox 1517 4168 1577 4221; x_wconf 84' lang='grc' dir='ltr'>τὸ</span> <span class='ocrx_word' id='word_1_321' title='bbox 1634 4171 1812 4240; x_wconf 79' lang='grc' dir='ltr'>σῶμα,</span> <span class='ocrx_word' id='word_1_322' title='bbox 1870 4184 1984 4223; x_wconf 88' lang='lat' dir='ltr'>non</span> 
     </span>
    </p>
   </div>
   <div class='ocr_carea' id='block_1_46' title="bbox 323 4257 1982 4329">
    <p class='ocr_par' dir='ltr' id='par_1_46' title="bbox 323 4257 1982 4329">
     <span class='ocr_line' id='line_1_46' title="bbox 323 4257 1982 4329; baseline -0.001 -16"><span class='ocrx_word' id='word_1_323' title='bbox 323 4264 772 4325; x_wconf 68' lang='lat' dir='ltr'>cremaverunt;</span> <span class='ocrx_word' id='word_1_324' title='bbox 806 4275 1007 4314; x_wconf 90' lang='lat' dir='ltr'>verum</span> <span class='ocrx_word' id='word_1_325' title='bbox 1040 4260 1188 4314; x_wconf 88' lang='lat' dir='ltr'>duas</span> <span class='ocrx_word' id='word_1_326' title='bbox 1218 4276 1383 4315; x_wconf 85' lang='lat' dir='ltr'>arcas</span> <span class='ocrx_word' id='word_1_327' title='bbox 1414 4257 1669 4329; x_wconf 87' lang='lat' dir='ltr'>lapideas</span> <span class='ocrx_word' id='word_1_328' title='bbox 1703 4258 1982 4325; x_wconf 89' lang='lat' dir='ltr'>fecerunt,</span> 
     </span>
    </p>
   </div>
   <div class='ocr_carea' id='block_1_47' title="bbox 326 4347 1987 4418">
    <p class='ocr_par' dir='ltr' id='par_1_47' title="bbox 326 4347 1987 4418">
     <span class='ocr_line' id='line_1_47' title="bbox 326 4347 1987 4418; baseline 0.001 -19"><span class='ocrx_word' id='word_1_329' title='bbox 326 4362 489 4415; x_wconf 76' lang='lat' dir='ltr'>quas</span> <span class='ocrx_word' id='word_1_330' title='bbox 515 4348 899 4403; x_wconf 90' lang='lat' dir='ltr'>condiderunt</span> <span class='ocrx_word' id='word_1_331' title='bbox 924 4349 1034 4404; x_wconf 91' lang='lat' dir='ltr'>sub</span> <span class='ocrx_word' id='word_1_332' title='bbox 1058 4347 1327 4404; x_wconf 88' lang='lat' dir='ltr'>Janiculo</span> <span class='ocrx_word' id='word_1_333' title='bbox 1353 4366 1366 4415; x_wconf 89' lang='lat'><strong>;</strong></span> <span class='ocrx_word' id='word_1_334' title='bbox 1396 4364 1647 4418; x_wconf 89' lang='lat' dir='ltr'>quarum</span> <span class='ocrx_word' id='word_1_335' title='bbox 1667 4347 1727 4401; x_wconf 91' lang='lat' dir='ltr'>in</span> <span class='ocrx_word' id='word_1_336' title='bbox 1759 4364 1877 4403; x_wconf 85' lang='lat' dir='ltr'>una</span> <span class='ocrx_word' id='word_1_337' title='bbox 1897 4364 1987 4402; x_wconf 88' lang='lat' dir='ltr'>ca-</span> 
     </span>
    </p>
   </div>
   <div class='ocr_carea' id='block_1_48' title="bbox 336 4435 1988 4509">
    <p class='ocr_par' dir='ltr' id='par_1_48' title="bbox 336 4435 1988 4509">
     <span class='ocr_line' id='line_1_48' title="bbox 336 4435 1988 4509; baseline 0.002 -21"><span class='ocrx_word' id='word_1_338' title='bbox 336 4435 523 4490; x_wconf 79' lang='lat' dir='ltr'>daver</span> <span class='ocrx_word' id='word_1_339' title='bbox 548 4439 663 4507; x_wconf 87' lang='lat' dir='ltr'>ejus</span> <span class='ocrx_word' id='word_1_340' title='bbox 714 4438 972 4509; x_wconf 90' lang='lat' dir='ltr'>positum</span> <span class='ocrx_word' id='word_1_341' title='bbox 1022 4443 1113 4493; x_wconf 90' lang='lat' dir='ltr'>est</span> <span class='ocrx_word' id='word_1_342' title='bbox 1142 4460 1169 4487; x_wconf 85' lang='lat'>»</span> <span class='ocrx_word' id='word_1_343' title='bbox 1220 4436 1541 4508; x_wconf 88' lang='lat' dir='ltr'>(Plutarch.</span> <span class='ocrx_word' id='word_1_344' title='bbox 1602 4441 1743 4492; x_wconf 91' lang='lat' dir='ltr'>tom.</span> <span class='ocrx_word' id='word_1_345' title='bbox 1779 4440 1837 4492; x_wconf 85' lang='lat' dir='ltr'>in</span> <span class='ocrx_word' id='word_1_346' title='bbox 1868 4437 1988 4492; x_wconf 82' lang='lat' dir='ltr'>Vita</span> 
     </span>
    </p>
   </div>
   <div class='ocr_carea' id='block_1_49' title="bbox 336 4522 1985 4599">
    <p class='ocr_par' dir='ltr' id='par_1_49' title="bbox 336 4522 1985 4599">
     <span class='ocr_line' id='line_1_49' title="bbox 336 4522 1985 4599; baseline 0.001 -20"><span class='ocrx_word' id='word_1_347' title='bbox 336 4522 557 4595; x_wconf 67' lang='lat' dir='ltr'>Numae,</span> <span class='ocrx_word' id='word_1_348' title='bbox 589 4544 715 4599; x_wconf 89' lang='lat' dir='ltr'>pag.</span> <span class='ocrx_word' id='word_1_349' title='bbox 748 4528 860 4595; x_wconf 82' lang='grc'>74).</span> <span class='ocrx_word' id='word_1_350' title='bbox 896 4527 975 4582; x_wconf 86' lang='lat' dir='ltr'>Ex</span> <span class='ocrx_word' id='word_1_351' title='bbox 1005 4527 1097 4581; x_wconf 86' lang='lat' dir='ltr'>his</span> <span class='ocrx_word' id='word_1_352' title='bbox 1122 4526 1301 4598; x_wconf 89' lang='lat' dir='ltr'>igitur</span> <span class='ocrx_word' id='word_1_353' title='bbox 1323 4526 1509 4597; x_wconf 90' lang='lat' dir='ltr'>liquet</span> <span class='ocrx_word' id='word_1_354' title='bbox 1526 4525 1985 4581; x_wconf 89' lang='lat' dir='ltr'>vetustissimam</span> 
     </span>
    </p>
   </div>
   <div class='ocr_carea' id='block_1_50' title="bbox 336 4600 2070 4687">
    <p class='ocr_par' dir='ltr' id='par_1_50' title="bbox 336 4600 2070 4687">
     <span class='ocr_line' id='line_1_50' title="bbox 336 4600 2070 4687; baseline 0.002 -21"><span class='ocrx_word' id='word_1_355' title='bbox 336 4612 525 4671; x_wconf 83' lang='lat' dir='ltr'>fuisse</span> <span class='ocrx_word' id='word_1_356' title='bbox 553 4616 870 4687; x_wconf 89' lang='lat' dir='ltr'>sepeliendi</span> <span class='ocrx_word' id='word_1_357' title='bbox 909 4616 1190 4671; x_wconf 87' lang='lat' dir='ltr'>cadavera</span> <span class='ocrx_word' id='word_1_358' title='bbox 1232 4616 1734 4671; x_wconf 89' lang='lat' dir='ltr'>consuetudinem.</span> <span class='ocrx_word' id='word_1_359' title='bbox 1768 4614 1994 4671; x_wconf 90' lang='lat' dir='ltr'>Plinius</span> <span class='ocrx_word' id='word_1_360' title='bbox 2024 4600 2070 4663; x_wconf 84' lang='grc' dir='ltr'>Ῑ)</span> 
     </span>
    </p>
   </div>
   <div class='ocr_carea' id='block_1_51' title="bbox 340 4704 1991 4777">
    <p class='ocr_par' dir='ltr' id='par_1_51' title="bbox 340 4704 1991 4777">
     <span class='ocr_line' id='line_1_51' title="bbox 340 4704 1991 4777; baseline 0.002 -22"><span class='ocrx_word' id='word_1_361' title='bbox 340 4718 577 4776; x_wconf 84' lang='lat' dir='ltr'>quoque</span> <span class='ocrx_word' id='word_1_362' title='bbox 602 4706 740 4761; x_wconf 87' lang='lat' dir='ltr'>huic</span> <span class='ocrx_word' id='word_1_363' title='bbox 770 4706 1069 4761; x_wconf 66' lang='lat' dir='ltr'>sententiae</span> <span class='ocrx_word' id='word_1_364' title='bbox 1092 4704 1466 4777; x_wconf 83' lang='lat' dir='ltr'>subscripsit,</span> <span class='ocrx_word' id='word_1_365' title='bbox 1494 4705 1991 4776; x_wconf 88' lang='lat' dir='ltr'>quemadmodum</span> 
     </span>
    </p>
   </div>
   <div class='ocr_carea' id='block_1_52' title="bbox 339 4793 1995 4867">
    <p class='ocr_par' dir='ltr' id='par_1_52' title="bbox 339 4793 1995 4867">
     <span class='ocr_line' id='line_1_52' title="bbox 339 4793 1995 4867; baseline 0.002 -22"><span class='ocrx_word' id='word_1_366' title='bbox 339 4808 421 4846; x_wconf 74' lang='lat' dir='ltr'>ex</span> <span class='ocrx_word' id='word_1_367' title='bbox 454 4793 602 4850; x_wconf 88' lang='lat' dir='ltr'>hisce</span> <span class='ocrx_word' id='word_1_368' title='bbox 632 4795 794 4850; x_wconf 90' lang='lat' dir='ltr'>illius</span> <span class='ocrx_word' id='word_1_369' title='bbox 818 4799 976 4867; x_wconf 89' lang='lat' dir='ltr'>patet</span> <span class='ocrx_word' id='word_1_370' title='bbox 1005 4794 1196 4850; x_wconf 86' lang='lat' dir='ltr'>verbis</span> <span class='ocrx_word' id='word_1_371' title='bbox 1223 4811 1235 4849; x_wconf 89' lang='lat'>:</span> <span class='ocrx_word' id='word_1_372' title='bbox 1267 4816 1287 4845; x_wconf 75' lang='grc' dir='ltr'>ι</span> <span class='ocrx_word' id='word_1_373' title='bbox 1322 4798 1521 4865; x_wconf 88' lang='lat' dir='ltr'>Ipsum</span> <span class='ocrx_word' id='word_1_374' title='bbox 1554 4810 1810 4849; x_wconf 91' lang='lat' dir='ltr'>cremare</span> <span class='ocrx_word' id='word_1_375' title='bbox 1842 4795 1995 4865; x_wconf 88' lang='lat' dir='ltr'>apud</span> 
     </span>
    </p>
   </div>
   <div class='ocr_carea' id='block_1_53' title="bbox 344 4878 1995 4939">
    <p class='ocr_par' dir='ltr' id='par_1_53' title="bbox 344 4878 1995 4939">
     <span class='ocr_line' id='line_1_53' title="bbox 344 4878 1995 4939; baseline 0.003 -6"><span class='ocrx_word' id='word_1_376' title='bbox 344 4878 635 4939; x_wconf 46' lang='lat' dir='ltr'>Romanos</span> <span class='ocrx_word' id='word_1_377' title='bbox 686 4899 803 4939; x_wconf 90' lang='lat' dir='ltr'>non</span> <span class='ocrx_word' id='word_1_378' title='bbox 854 4884 965 4937; x_wconf 90' lang='lat' dir='ltr'>fuit</span> <span class='ocrx_word' id='word_1_379' title='bbox 1010 4882 1225 4938; x_wconf 88' lang='lat' dir='ltr'>veteris</span> <span class='ocrx_word' id='word_1_380' title='bbox 1255 4883 1545 4939; x_wconf 89' lang='lat' dir='ltr'>instituti:</span> <span class='ocrx_word' id='word_1_381' title='bbox 1602 4886 1756 4938; x_wconf 91' lang='lat' dir='ltr'>terra</span> <span class='ocrx_word' id='word_1_382' title='bbox 1786 4883 1995 4938; x_wconf 91' lang='lat' dir='ltr'>conde-</span> 
     </span>
    </p>
   </div>
   <div class='ocr_carea' id='block_1_54' title="bbox 348 4968 1995 5045">
    <p class='ocr_par' dir='ltr' id='par_1_54' title="bbox 348 4968 1995 5045">
     <span class='ocr_line' id='line_1_54' title="bbox 348 4968 1995 5045; baseline 0.005 -25"><span class='ocrx_word' id='word_1_383' title='bbox 348 4968 583 5027; x_wconf 64' lang='lat' dir='ltr'>bantur.</span> <span class='ocrx_word' id='word_1_384' title='bbox 637 4977 733 5042; x_wconf 84' lang='lat' dir='ltr'>At,</span> <span class='ocrx_word' id='word_1_385' title='bbox 784 4976 1096 5045; x_wconf 88' lang='lat' dir='ltr'>postquam</span> <span class='ocrx_word' id='word_1_386' title='bbox 1147 4970 1486 5044; x_wconf 88' lang='lat' dir='ltr'>longinquis</span> <span class='ocrx_word' id='word_1_387' title='bbox 1534 4971 1705 5029; x_wconf 88' lang='lat' dir='ltr'>bellis</span> <span class='ocrx_word' id='word_1_388' title='bbox 1758 4972 1995 5029; x_wconf 90' lang='lat' dir='ltr'>obrutos</span> 
     </span>
    </p>
   </div>
   <div class='ocr_carea' id='block_1_55' title="bbox 350 5059 1996 5133">
    <p class='ocr_par' dir='ltr' id='par_1_55' title="bbox 350 5059 1996 5133">
     <span class='ocr_line' id='line_1_55' title="bbox 350 5059 1996 5133; baseline 0.004 -22"><span class='ocrx_word' id='word_1_389' title='bbox 350 5073 401 5112; x_wconf 73' lang='grc' dir='ltr'>ει</span> <span class='ocrx_word' id='word_1_390' title='bbox 430 5059 477 5113; x_wconf 76' lang='lat' dir='ltr'>ui</span> <span class='ocrx_word' id='word_1_391' title='bbox 506 5077 838 5133; x_wconf 86' lang='lat' dir='ltr'>cognovere,</span> <span class='ocrx_word' id='word_1_392' title='bbox 886 5066 1025 5115; x_wconf 88' lang='lat' dir='ltr'>tunc</span> <span class='ocrx_word' id='word_1_393' title='bbox 1058 5062 1417 5117; x_wconf 85' lang='lat' dir='ltr'>institutum.</span> <span class='ocrx_word' id='word_1_394' title='bbox 1478 5062 1542 5116; x_wconf 90' lang='lat' dir='ltr'>Et</span> <span class='ocrx_word' id='word_1_395' title='bbox 1570 5067 1765 5117; x_wconf 90' lang='lat' dir='ltr'>tamen</span> <span class='ocrx_word' id='word_1_396' title='bbox 1800 5061 1996 5117; x_wconf 62' lang='lat' dir='ltr'>multa;</span> 
     </span>
    </p>
   </div>
   <div class='ocr_carea' id='block_1_56' title="bbox 356 5146 1998 5223">
    <p class='ocr_par' dir='ltr' id='par_1_56' title="bbox 356 5146 1998 5223">
     <span class='ocr_line' id='line_1_56' title="bbox 356 5146 1998 5223; baseline 0.005 -25"><span class='ocrx_word' id='word_1_397' title='bbox 356 5146 581 5205; x_wconf 66' lang='lat' dir='ltr'>familiae</span> <span class='ocrx_word' id='word_1_398' title='bbox 610 5151 831 5223; x_wconf 89' lang='lat' dir='ltr'>priscos</span> <span class='ocrx_word' id='word_1_399' title='bbox 879 5166 1177 5206; x_wconf 88' lang='lat' dir='ltr'>servavere</span> <span class='ocrx_word' id='word_1_400' title='bbox 1225 5149 1391 5218; x_wconf 90' lang='lat' dir='ltr'>ritus,</span> <span class='ocrx_word' id='word_1_401' title='bbox 1441 5150 1597 5205; x_wconf 90' lang='lat' dir='ltr'>sicut</span> <span class='ocrx_word' id='word_1_402' title='bbox 1646 5150 1703 5204; x_wconf 84' lang='lat' dir='ltr'>in</span> <span class='ocrx_word' id='word_1_403' title='bbox 1734 5150 1998 5207; x_wconf 88' lang='lat' dir='ltr'>Cornelia</span> 
     </span>
    </p>
   </div>
   <div class='ocr_carea' id='block_1_57' title="bbox 2170 570 2326 628">
    <p class='ocr_par' dir='ltr' id='par_1_57' title="bbox 2170 570 2326 628">
     <span class='ocr_line' id='line_1_57' title="bbox 2170 570 2326 628; baseline 0.013 -2"><span class='ocrx_word' id='word_1_404' title='bbox 2170 570 2326 628; x_wconf 82' lang='lat' dir='ltr'>licet.</span> 
     </span>
    </p>
   </div>
   <div class='ocr_carea' id='block_1_58' title="bbox 2130 588 3784 735">
    <p class='ocr_par' dir='ltr' id='par_1_58' title="bbox 2130 588 3784 735">
     <span class='ocr_line' id='line_1_58' title="bbox 2171 588 2326 628; baseline 0.013 -2"><span class='ocrx_word' id='word_1_405' title='bbox 2171 588 2326 628; x_wconf 84' lang='lat' dir='ltr'>neat.</span> 
     </span>
     <span class='ocr_line' id='line_1_59' title="bbox 2130 588 3784 735; baseline 0.001 -18"><span class='ocrx_word' id='word_1_406' title='bbox 2130 588 2166 644; x_wconf 67' lang='grc' dir='ltr'>Ρ</span> <span class='ocrx_word' id='word_1_407' title='bbox 2200 662 2393 717; x_wconf 91' lang='lat' dir='ltr'>Testis</span> <span class='ocrx_word' id='word_1_408' title='bbox 2426 666 2621 718; x_wconf 84' lang='lat' dir='ltr'>autem</span> <span class='ocrx_word' id='word_1_409' title='bbox 2676 665 2766 717; x_wconf 86' lang='lat' dir='ltr'>est</span> <span class='ocrx_word' id='word_1_410' title='bbox 2794 661 2949 719; x_wconf 92' lang='lat' dir='ltr'>idem</span> <span class='ocrx_word' id='word_1_411' title='bbox 2992 663 3209 730; x_wconf 85' lang='lat' dir='ltr'>Cicero,</span> <span class='ocrx_word' id='word_1_412' title='bbox 3242 679 3358 718; x_wconf 90' lang='lat' dir='ltr'>non</span> <span class='ocrx_word' id='word_1_413' title='bbox 3406 662 3596 719; x_wconf 89' lang='lat' dir='ltr'>solum</span> <span class='ocrx_word' id='word_1_414' title='bbox 3629 662 3784 735; x_wconf 88' lang='lat' dir='ltr'>apud</span> 
     </span>
    </p>
   </div>
   <div class='ocr_carea' id='block_1_59' title="bbox 2128 751 3779 825">
    <p class='ocr_par' dir='ltr' id='par_1_59' title="bbox 2128 751 3779 825">
     <span class='ocr_line' id='line_1_60' title="bbox 2128 751 3779 825; baseline -0.001 -17"><span class='ocrx_word' id='word_1_415' title='bbox 2128 751 2284 808; x_wconf 70' lang='lat'>546</span> <span class='ocrx_word' id='word_1_416' title='bbox 2318 751 2629 815; x_wconf 82' lang='lat' dir='ltr'>Romanos,</span> <span class='ocrx_word' id='word_1_417' title='bbox 2659 753 2759 807; x_wconf 92' lang='lat' dir='ltr'>sed</span> <span class='ocrx_word' id='word_1_418' title='bbox 2784 751 2928 807; x_wconf 87' lang='lat' dir='ltr'>alias</span> <span class='ocrx_word' id='word_1_419' title='bbox 2950 752 3124 807; x_wconf 88' lang='lat' dir='ltr'>etiam</span> <span class='ocrx_word' id='word_1_420' title='bbox 3150 753 3304 823; x_wconf 89' lang='lat' dir='ltr'>apud</span> <span class='ocrx_word' id='word_1_421' title='bbox 3328 758 3531 825; x_wconf 89' lang='lat' dir='ltr'>gentes</span> <span class='ocrx_word' id='word_1_422' title='bbox 3557 769 3779 808; x_wconf 91' lang='lat' dir='ltr'>morem</span> 
     </span>
    </p>
   </div>
   <div class='ocr_carea' id='block_1_60' title="bbox 2126 840 3787 913">
    <p class='ocr_par' dir='ltr' id='par_1_60' title="bbox 2126 840 3787 913">
     <span class='ocr_line' id='line_1_61' title="bbox 2126 840 3787 913; baseline 0.001 -19"><span class='ocrx_word' id='word_1_423' title='bbox 2126 840 2293 895; x_wconf 89' lang='lat' dir='ltr'>illum</span> <span class='ocrx_word' id='word_1_424' title='bbox 2328 840 2662 896; x_wconf 88' lang='lat' dir='ltr'>invaluisse.</span> <span class='ocrx_word' id='word_1_425' title='bbox 2692 847 2766 895; x_wconf 87' lang='lat' dir='ltr'>De</span> <span class='ocrx_word' id='word_1_426' title='bbox 2787 842 3071 913; x_wconf 65' lang='lat' dir='ltr'>[Egyptiis</span> <span class='ocrx_word' id='word_1_427' title='bbox 3102 841 3337 912; x_wconf 88' lang='lat' dir='ltr'>quippe,</span> <span class='ocrx_word' id='word_1_428' title='bbox 3364 841 3555 897; x_wconf 88' lang='lat' dir='ltr'>Persis</span> <span class='ocrx_word' id='word_1_429' title='bbox 3582 848 3639 896; x_wconf 91' lang='lat' dir='ltr'>et</span> <span class='ocrx_word' id='word_1_430' title='bbox 3665 842 3787 896; x_wconf 88' lang='lat' dir='ltr'>Ma-</span> 
     </span>
    </p>
   </div>
   <div class='ocr_carea' id='block_1_61' title="bbox 2123 930 3779 1000">
    <p class='ocr_par' dir='ltr' id='par_1_61' title="bbox 2123 930 3779 1000">
     <span class='ocr_line' id='line_1_62' title="bbox 2123 930 3779 1000; baseline 0.003 -19"><span class='ocrx_word' id='word_1_431' title='bbox 2123 930 2215 1000; x_wconf 87' lang='lat' dir='ltr'>gis</span> <span class='ocrx_word' id='word_1_432' title='bbox 2245 930 2363 984; x_wconf 71' lang='lat' dir='ltr'>haac</span> <span class='ocrx_word' id='word_1_433' title='bbox 2398 930 2605 983; x_wconf 87' lang='lat' dir='ltr'>litteris</span> <span class='ocrx_word' id='word_1_434' title='bbox 2629 930 3034 1000; x_wconf 68' lang='lat' dir='ltr'>memoriaeque</span> <span class='ocrx_word' id='word_1_435' title='bbox 3059 930 3390 985; x_wconf 89' lang='lat' dir='ltr'>mandavit:</span> <span class='ocrx_word' id='word_1_436' title='bbox 3425 953 3451 980; x_wconf 86' lang='lat'><strong>«</strong></span> <span class='ocrx_word' id='word_1_437' title='bbox 3486 930 3779 986; x_wconf 90' lang='lat' dir='ltr'>Condiunt</span> 
     </span>
    </p>
   </div>
   <div class='ocr_carea' id='block_1_62' title="bbox 2122 1018 3776 1090">
    <p class='ocr_par' dir='ltr' id='par_1_62' title="bbox 2122 1018 3776 1090">
     <span class='ocr_line' id='line_1_63' title="bbox 2122 1018 3776 1090; baseline 0.001 -17"><span class='ocrx_word' id='word_1_438' title='bbox 2122 1019 2369 1090; x_wconf 62' lang='lat' dir='ltr'>[Egyptii</span> <span class='ocrx_word' id='word_1_439' title='bbox 2406 1024 2688 1082; x_wconf 89' lang='lat' dir='ltr'>mortuos,</span> <span class='ocrx_word' id='word_1_440' title='bbox 2723 1024 2778 1073; x_wconf 92' lang='lat' dir='ltr'>et</span> <span class='ocrx_word' id='word_1_441' title='bbox 2798 1036 2897 1073; x_wconf 90' lang='lat' dir='ltr'>eos</span> <span class='ocrx_word' id='word_1_442' title='bbox 2929 1018 3083 1073; x_wconf 91' lang='lat' dir='ltr'>domi</span> <span class='ocrx_word' id='word_1_443' title='bbox 3108 1023 3358 1073; x_wconf 88' lang='lat' dir='ltr'>servant.</span> <span class='ocrx_word' id='word_1_444' title='bbox 3392 1019 3575 1073; x_wconf 75' lang='lat' dir='ltr'>Persa:</span> <span class='ocrx_word' id='word_1_445' title='bbox 3599 1019 3776 1075; x_wconf 91' lang='lat' dir='ltr'>etiam</span> 
     </span>
    </p>
   </div>
   <div class='ocr_carea' id='block_1_63' title="bbox 2121 1105 3779 1180">
    <p class='ocr_par' dir='ltr' id='par_1_63' title="bbox 2121 1105 3779 1180">
     <span class='ocr_line' id='line_1_64' title="bbox 2121 1105 3779 1180; baseline 0.001 -19"><span class='ocrx_word' id='word_1_446' title='bbox 2121 1124 2253 1162; x_wconf 91' lang='lat' dir='ltr'>cera</span> <span class='ocrx_word' id='word_1_447' title='bbox 2284 1106 2642 1161; x_wconf 89' lang='lat' dir='ltr'>circumlitos</span> <span class='ocrx_word' id='word_1_448' title='bbox 2696 1105 3003 1173; x_wconf 87' lang='lat' dir='ltr'>condiunt,</span> <span class='ocrx_word' id='word_1_449' title='bbox 3038 1111 3102 1161; x_wconf 91' lang='lat' dir='ltr'>ut</span> <span class='ocrx_word' id='word_1_450' title='bbox 3151 1123 3329 1177; x_wconf 91' lang='lat' dir='ltr'>quam</span> <span class='ocrx_word' id='word_1_451' title='bbox 3364 1107 3613 1163; x_wconf 87' lang='lat' dir='ltr'>maxime</span> <span class='ocrx_word' id='word_1_452' title='bbox 3646 1125 3779 1180; x_wconf 90' lang='lat' dir='ltr'>per-</span> 
     </span>
    </p>
   </div>
   <div class='ocr_carea' id='block_1_64' title="bbox 2120 1196 3777 1267">
    <p class='ocr_par' dir='ltr' id='par_1_64' title="bbox 2120 1196 3777 1267">
     <span class='ocr_line' id='line_1_65' title="bbox 2120 1196 3777 1267; baseline 0.001 -16"><span class='ocrx_word' id='word_1_453' title='bbox 2120 1202 2397 1251; x_wconf 89' lang='lat' dir='ltr'>maneant</span> <span class='ocrx_word' id='word_1_454' title='bbox 2426 1196 2705 1250; x_wconf 89' lang='lat' dir='ltr'>diuturna</span> <span class='ocrx_word' id='word_1_455' title='bbox 2733 1212 2997 1265; x_wconf 89' lang='lat' dir='ltr'>corpora.</span> <span class='ocrx_word' id='word_1_456' title='bbox 3052 1196 3356 1267; x_wconf 90' lang='lat' dir='ltr'>Magorum</span> <span class='ocrx_word' id='word_1_457' title='bbox 3391 1213 3518 1251; x_wconf 78' lang='lat' dir='ltr'>mos</span> <span class='ocrx_word' id='word_1_458' title='bbox 3547 1201 3636 1253; x_wconf 90' lang='lat' dir='ltr'>est</span> <span class='ocrx_word' id='word_1_459' title='bbox 3661 1214 3777 1253; x_wconf 90' lang='lat' dir='ltr'>non</span> 
     </span>
    </p>
   </div>
   <div class='ocr_carea' id='block_1_65' title="bbox 2118 1284 3777 1356">
    <p class='ocr_par' dir='ltr' id='par_1_65' title="bbox 2118 1284 3777 1356">
     <span class='ocr_line' id='line_1_66' title="bbox 2118 1284 3777 1356; baseline 0.001 -16"><span class='ocrx_word' id='word_1_460' title='bbox 2118 1286 2363 1341; x_wconf 89' lang='lat' dir='ltr'>humare</span> <span class='ocrx_word' id='word_1_461' title='bbox 2412 1300 2654 1356; x_wconf 90' lang='lat' dir='ltr'>corpora</span> <span class='ocrx_word' id='word_1_462' title='bbox 2702 1301 2969 1355; x_wconf 88' lang='lat' dir='ltr'>suorum,</span> <span class='ocrx_word' id='word_1_463' title='bbox 3016 1284 3128 1339; x_wconf 88' lang='lat' dir='ltr'>nisi</span> <span class='ocrx_word' id='word_1_464' title='bbox 3182 1301 3215 1338; x_wconf 90' lang='lat' dir='ltr'>a</span> <span class='ocrx_word' id='word_1_465' title='bbox 3258 1284 3395 1339; x_wconf 87' lang='lat' dir='ltr'>feris</span> <span class='ocrx_word' id='word_1_466' title='bbox 3445 1285 3564 1340; x_wconf 90' lang='lat' dir='ltr'>sint</span> <span class='ocrx_word' id='word_1_467' title='bbox 3607 1290 3777 1343; x_wconf 90' lang='lat' dir='ltr'>antea</span> 
     </span>
    </p>
   </div>
   <div class='ocr_carea' id='block_1_66' title="bbox 2116 1373 3769 1447">
    <p class='ocr_par' dir='ltr' id='par_1_66' title="bbox 2116 1373 3769 1447">
     <span class='ocr_line' id='line_1_67' title="bbox 2116 1373 3769 1447; baseline 0 -18"><span class='ocrx_word' id='word_1_468' title='bbox 2116 1373 2337 1430; x_wconf 88' lang='lat' dir='ltr'>laniata</span> <span class='ocrx_word' id='word_1_469' title='bbox 2371 1394 2399 1422; x_wconf 84' lang='grc'><strong>››</strong></span> <span class='ocrx_word' id='word_1_470' title='bbox 2448 1373 2587 1445; x_wconf 87' lang='lat' dir='ltr'>(Cic.</span> <span class='ocrx_word' id='word_1_471' title='bbox 2641 1373 2789 1429; x_wconf 80' lang='lat' dir='ltr'>lib.r</span> <span class='ocrx_word' id='word_1_472' title='bbox 2846 1374 3081 1441; x_wconf 84' lang='lat' dir='ltr'>Tuscul.,</span> <span class='ocrx_word' id='word_1_473' title='bbox 3144 1388 3282 1446; x_wconf 89' lang='lat' dir='ltr'>pag.</span> <span class='ocrx_word' id='word_1_474' title='bbox 3351 1374 3473 1441; x_wconf 88' lang='grc'>133,</span> <span class='ocrx_word' id='word_1_475' title='bbox 3523 1373 3625 1429; x_wconf 91' lang='lat' dir='ltr'>lin.</span> <span class='ocrx_word' id='word_1_476' title='bbox 3658 1376 3769 1447; x_wconf 86' lang='lat'>23).</span> 
     </span>
    </p>
   </div>
   <div class='ocr_carea' id='block_1_67' title="bbox 2113 1461 3769 1535">
    <p class='ocr_par' dir='ltr' id='par_1_67' title="bbox 2113 1461 3769 1535">
     <span class='ocr_line' id='line_1_68' title="bbox 2113 1461 3769 1535; baseline 0.001 -17"><span class='ocrx_word' id='word_1_477' title='bbox 2113 1463 2289 1518; x_wconf 83' lang='lat' dir='ltr'>Addit</span> <span class='ocrx_word' id='word_1_478' title='bbox 2312 1461 2593 1521; x_wconf 86' lang='lat' dir='ltr'>Hircanos</span> <span class='ocrx_word' id='word_1_479' title='bbox 2616 1462 2898 1535; x_wconf 91' lang='lat' dir='ltr'>optimam</span> <span class='ocrx_word' id='word_1_480' title='bbox 2923 1462 3226 1518; x_wconf 88' lang='lat' dir='ltr'>censuisse</span> <span class='ocrx_word' id='word_1_481' title='bbox 3251 1461 3613 1534; x_wconf 86' lang='lat' dir='ltr'>sepulturam</span> <span class='ocrx_word' id='word_1_482' title='bbox 3637 1480 3769 1520; x_wconf 89' lang='lat' dir='ltr'>cum</span> 
     </span>
    </p>
   </div>
   <div class='ocr_carea' id='block_1_68' title="bbox 2114 1550 3550 1608">
    <p class='ocr_par' dir='ltr' id='par_1_68' title="bbox 2114 1550 3550 1608">
     <span class='ocr_line' id='line_1_69' title="bbox 2114 1550 3550 1608; baseline -0.001 -1"><span class='ocrx_word' id='word_1_483' title='bbox 2114 1556 2481 1607; x_wconf 90' lang='lat' dir='ltr'>mortuorum</span> <span class='ocrx_word' id='word_1_484' title='bbox 2513 1552 2795 1608; x_wconf 89' lang='lat' dir='ltr'>cadavera</span> <span class='ocrx_word' id='word_1_485' title='bbox 2831 1569 2863 1607; x_wconf 90' lang='lat' dir='ltr'>a</span> <span class='ocrx_word' id='word_1_486' title='bbox 2894 1552 3140 1607; x_wconf 88' lang='lat' dir='ltr'>canibus</span> <span class='ocrx_word' id='word_1_487' title='bbox 3168 1550 3550 1608; x_wconf 87' lang='lat' dir='ltr'>laniarentur.</span> 
     </span>
    </p>
   </div>
   <div class='ocr_carea' id='block_1_69' title="bbox 2185 1639 3772 1699">
    <p class='ocr_par' dir='ltr' id='par_1_69' title="bbox 2185 1639 3772 1699">
     <span class='ocr_line' id='line_1_70' title="bbox 2185 1639 3772 1699; baseline 0.002 -3"><span class='ocrx_word' id='word_1_488' title='bbox 2185 1645 2265 1696; x_wconf 92' lang='lat' dir='ltr'>De</span> <span class='ocrx_word' id='word_1_489' title='bbox 2293 1640 2750 1696; x_wconf 88' lang='lat' dir='ltr'>Atheniensibus</span> <span class='ocrx_word' id='word_1_490' title='bbox 2779 1656 2912 1696; x_wconf 90' lang='lat' dir='ltr'>vero</span> <span class='ocrx_word' id='word_1_491' title='bbox 2946 1640 3041 1696; x_wconf 89' lang='lat' dir='ltr'>ille</span> <span class='ocrx_word' id='word_1_492' title='bbox 3072 1640 3193 1695; x_wconf 63' lang='lat' dir='ltr'>hac</span> <span class='ocrx_word' id='word_1_493' title='bbox 3240 1639 3299 1695; x_wconf 90' lang='lat' dir='ltr'>in</span> <span class='ocrx_word' id='word_1_494' title='bbox 3331 1640 3507 1696; x_wconf 91' lang='lat' dir='ltr'>citato</span> <span class='ocrx_word' id='word_1_495' title='bbox 3539 1658 3571 1696; x_wconf 89' lang='lat' dir='ltr'>a</span> <span class='ocrx_word' id='word_1_496' title='bbox 3601 1642 3772 1699; x_wconf 89' lang='lat' dir='ltr'>nobis</span> 
     </span>
    </p>
   </div>
   <div class='ocr_carea' id='block_1_70' title="bbox 2115 1729 3769 1801">
    <p class='ocr_par' dir='ltr' id='par_1_70' title="bbox 2115 1729 3769 1801">
     <span class='ocr_line' id='line_1_71' title="bbox 2115 1729 3769 1801; baseline 0 -15"><span class='ocrx_word' id='word_1_497' title='bbox 2115 1731 2373 1786; x_wconf 91' lang='lat' dir='ltr'>secundo</span> <span class='ocrx_word' id='word_1_498' title='bbox 2404 1730 2470 1785; x_wconf 78' lang='lat' dir='ltr'>de</span> <span class='ocrx_word' id='word_1_499' title='bbox 2498 1732 2734 1800; x_wconf 73' lang='lat' dir='ltr'>Legibus</span> <span class='ocrx_word' id='word_1_500' title='bbox 2764 1729 2912 1786; x_wconf 92' lang='lat' dir='ltr'>libro</span> <span class='ocrx_word' id='word_1_501' title='bbox 2944 1733 3267 1785; x_wconf 88' lang='lat' dir='ltr'>memorat:</span> <span class='ocrx_word' id='word_1_502' title='bbox 3320 1751 3347 1779; x_wconf 88' lang='grc'>‹‹</span> <span class='ocrx_word' id='word_1_503' title='bbox 3376 1729 3619 1785; x_wconf 90' lang='lat' dir='ltr'>Athenis</span> <span class='ocrx_word' id='word_1_504' title='bbox 3642 1732 3769 1801; x_wconf 87' lang='lat' dir='ltr'>jam</span> 
     </span>
    </p>
   </div>
   <div class='ocr_carea' id='block_1_71' title="bbox 2111 1818 3770 1891">
    <p class='ocr_par' dir='ltr' id='par_1_71' title="bbox 2111 1818 3770 1891">
     <span class='ocr_line' id='line_1_72' title="bbox 2111 1818 3770 1891; baseline 0.001 -17"><span class='ocrx_word' id='word_1_505' title='bbox 2111 1819 2207 1875; x_wconf 90' lang='lat' dir='ltr'>ille</span> <span class='ocrx_word' id='word_1_506' title='bbox 2233 1835 2361 1875; x_wconf 89' lang='lat' dir='ltr'>mos</span> <span class='ocrx_word' id='word_1_507' title='bbox 2382 1837 2415 1876; x_wconf 91' lang='lat' dir='ltr'>a</span> <span class='ocrx_word' id='word_1_508' title='bbox 2431 1819 2699 1891; x_wconf 90' lang='lat' dir='ltr'>Cecrope,</span> <span class='ocrx_word' id='word_1_509' title='bbox 2726 1824 2791 1874; x_wconf 90' lang='lat' dir='ltr'>ut</span> <span class='ocrx_word' id='word_1_510' title='bbox 2811 1820 2996 1885; x_wconf 90' lang='lat' dir='ltr'>aiunt,</span> <span class='ocrx_word' id='word_1_511' title='bbox 3022 1818 3345 1891; x_wconf 87' lang='lat' dir='ltr'>permansit</span> <span class='ocrx_word' id='word_1_512' title='bbox 3364 1818 3465 1874; x_wconf 91' lang='lat' dir='ltr'>hoc</span> <span class='ocrx_word' id='word_1_513' title='bbox 3490 1819 3591 1889; x_wconf 91' lang='lat' dir='ltr'>jus</span> <span class='ocrx_word' id='word_1_514' title='bbox 3614 1826 3770 1875; x_wconf 89' lang='lat' dir='ltr'>terra</span> 
     </span>
    </p>
   </div>
   <div class='ocr_carea' id='block_1_72' title="bbox 2106 1906 3766 1980">
    <p class='ocr_par' dir='ltr' id='par_1_72' title="bbox 2106 1906 3766 1980">
     <span class='ocr_line' id='line_1_73' title="bbox 2106 1906 3766 1980; baseline 0 -17"><span class='ocrx_word' id='word_1_515' title='bbox 2106 1908 2413 1977; x_wconf 91' lang='lat' dir='ltr'>humandi,</span> <span class='ocrx_word' id='word_1_516' title='bbox 2450 1924 2626 1980; x_wconf 90' lang='lat' dir='ltr'>quam</span> <span class='ocrx_word' id='word_1_517' title='bbox 2658 1924 2792 1963; x_wconf 92' lang='lat' dir='ltr'>cum</span> <span class='ocrx_word' id='word_1_518' title='bbox 2816 1906 3068 1980; x_wconf 82' lang='lat' dir='ltr'>proximi</span> <span class='ocrx_word' id='word_1_519' title='bbox 3092 1908 3369 1975; x_wconf 82' lang='lat' dir='ltr'>fecerant,</span> <span class='ocrx_word' id='word_1_520' title='bbox 3397 1907 3766 1979; x_wconf 80' lang='lat' dir='ltr'>abductaque</span> 
     </span>
    </p>
   </div>
   <div class='ocr_carea' id='block_1_73' title="bbox 2100 1995 3761 2070">
    <p class='ocr_par' dir='ltr' id='par_1_73' title="bbox 2100 1995 3761 2070">
     <span class='ocr_line' id='line_1_74' title="bbox 2100 1995 3761 2070; baseline 0.002 -21"><span class='ocrx_word' id='word_1_521' title='bbox 2100 1999 2259 2052; x_wconf 90' lang='lat' dir='ltr'>terra</span> <span class='ocrx_word' id='word_1_522' title='bbox 2286 2002 2429 2065; x_wconf 90' lang='lat' dir='ltr'>erat,</span> <span class='ocrx_word' id='word_1_523' title='bbox 2466 1997 2733 2069; x_wconf 83' lang='lat' dir='ltr'>frugibus</span> <span class='ocrx_word' id='word_1_524' title='bbox 2780 1997 3186 2063; x_wconf 88' lang='lat' dir='ltr'>obserebatur,</span> <span class='ocrx_word' id='word_1_525' title='bbox 3237 2002 3303 2052; x_wconf 93' lang='lat' dir='ltr'>ut</span> <span class='ocrx_word' id='word_1_526' title='bbox 3334 1995 3500 2053; x_wconf 90' lang='lat' dir='ltr'>sinus</span> <span class='ocrx_word' id='word_1_527' title='bbox 3550 2003 3608 2052; x_wconf 91' lang='lat' dir='ltr'>et</span> <span class='ocrx_word' id='word_1_528' title='bbox 3635 2013 3761 2070; x_wconf 86' lang='lat' dir='ltr'>gre-</span> 
     </span>
    </p>
   </div>
   <div class='ocr_carea' id='block_1_74' title="bbox 2103 2086 3765 2157">
    <p class='ocr_par' dir='ltr' id='par_1_74' title="bbox 2103 2086 3765 2157">
     <span class='ocr_line' id='line_1_75' title="bbox 2103 2086 3765 2157; baseline 0.002 -18"><span class='ocrx_word' id='word_1_529' title='bbox 2103 2086 2287 2140; x_wconf 90' lang='lat' dir='ltr'>mium</span> <span class='ocrx_word' id='word_1_530' title='bbox 2323 2086 2491 2157; x_wconf 89' lang='lat' dir='ltr'>quasi</span> <span class='ocrx_word' id='word_1_531' title='bbox 2523 2088 2729 2141; x_wconf 89' lang='lat' dir='ltr'>matris</span> <span class='ocrx_word' id='word_1_532' title='bbox 2756 2090 2988 2141; x_wconf 90' lang='lat' dir='ltr'>mortuo</span> <span class='ocrx_word' id='word_1_533' title='bbox 3024 2086 3418 2142; x_wconf 88' lang='lat' dir='ltr'>tribueretur:</span> <span class='ocrx_word' id='word_1_534' title='bbox 3452 2086 3643 2141; x_wconf 90' lang='lat' dir='ltr'>solum</span> <span class='ocrx_word' id='word_1_535' title='bbox 3667 2104 3765 2142; x_wconf 87' lang='lat' dir='ltr'>au-</span> 
     </span>
    </p>
   </div>
   <div class='ocr_carea' id='block_1_75' title="bbox 2100 2174 3763 2247">
    <p class='ocr_par' dir='ltr' id='par_1_75' title="bbox 2100 2174 3763 2247">
     <span class='ocr_line' id='line_1_76' title="bbox 2100 2174 3763 2247; baseline 0.001 -18"><span class='ocrx_word' id='word_1_536' title='bbox 2100 2178 2218 2229; x_wconf 92' lang='lat' dir='ltr'>tem</span> <span class='ocrx_word' id='word_1_537' title='bbox 2252 2174 2520 2247; x_wconf 81' lang='lat' dir='ltr'>frugibus</span> <span class='ocrx_word' id='word_1_538' title='bbox 2560 2176 2881 2247; x_wconf 85' lang='lat' dir='ltr'>expiatum,</span> <span class='ocrx_word' id='word_1_539' title='bbox 2936 2179 3000 2229; x_wconf 89' lang='lat' dir='ltr'>ut</span> <span class='ocrx_word' id='word_1_540' title='bbox 3032 2174 3177 2228; x_wconf 87' lang='lat' dir='ltr'>vivis</span> <span class='ocrx_word' id='word_1_541' title='bbox 3224 2175 3500 2230; x_wconf 86' lang='lat' dir='ltr'>reddetur</span> <span class='ocrx_word' id='word_1_542' title='bbox 3528 2200 3556 2226; x_wconf 76' lang='grc' dir='ltr'><strong><em>υ</em></strong></span> <span class='ocrx_word' id='word_1_543' title='bbox 3590 2176 3763 2246; x_wconf 81' lang='lat' dir='ltr'>(Ibid.</span> 
     </span>
    </p>
   </div>
   <div class='ocr_carea' id='block_1_76' title="bbox 2098 2262 3763 2337">
    <p class='ocr_par' dir='ltr' id='par_1_76' title="bbox 2098 2262 3763 2337">
     <span class='ocr_line' id='line_1_77' title="bbox 2098 2262 3763 2337; baseline 0.001 -19"><span class='ocrx_word' id='word_1_544' title='bbox 2098 2262 2198 2319; x_wconf 93' lang='lat' dir='ltr'>lib.</span> <span class='ocrx_word' id='word_1_545' title='bbox 2235 2282 2297 2329; x_wconf 81' lang='grc' dir='ltr'>ιι,</span> <span class='ocrx_word' id='word_1_546' title='bbox 2330 2264 2396 2319; x_wconf 85' lang='lat' dir='ltr'>de</span> <span class='ocrx_word' id='word_1_547' title='bbox 2426 2265 2636 2335; x_wconf 84' lang='lat' dir='ltr'>Legib.,</span> <span class='ocrx_word' id='word_1_548' title='bbox 2688 2281 2821 2337; x_wconf 90' lang='lat' dir='ltr'>pag.</span> <span class='ocrx_word' id='word_1_549' title='bbox 2855 2264 2981 2328; x_wconf 79' lang='grc'>342,</span> <span class='ocrx_word' id='word_1_550' title='bbox 3033 2264 3137 2318; x_wconf 89' lang='lat' dir='ltr'>lin.</span> <span class='ocrx_word' id='word_1_551' title='bbox 3170 2265 3247 2334; x_wconf 83' lang='lat'>9).</span> <span class='ocrx_word' id='word_1_552' title='bbox 3298 2264 3499 2334; x_wconf 87' lang='lat' dir='ltr'>Neque</span> <span class='ocrx_word' id='word_1_553' title='bbox 3529 2268 3763 2335; x_wconf 77' lang='lat' dir='ltr'>praeter-</span> 
     </span>
    </p>
   </div>
   <div class='ocr_carea' id='block_1_77' title="bbox 2099 2352 3760 2424">
    <p class='ocr_par' dir='ltr' id='par_1_77' title="bbox 2099 2352 3760 2424">
     <span class='ocr_line' id='line_1_78' title="bbox 2099 2352 3760 2424; baseline 0.001 -16"><span class='ocrx_word' id='word_1_554' title='bbox 2099 2352 2254 2408; x_wconf 90' lang='lat' dir='ltr'>mitti</span> <span class='ocrx_word' id='word_1_555' title='bbox 2286 2354 2456 2409; x_wconf 90' lang='lat' dir='ltr'>debet</span> <span class='ocrx_word' id='word_1_556' title='bbox 2477 2355 2731 2419; x_wconf 88' lang='lat' dir='ltr'>Servius,</span> <span class='ocrx_word' id='word_1_557' title='bbox 2762 2353 2860 2424; x_wconf 90' lang='lat' dir='ltr'>qui</span> <span class='ocrx_word' id='word_1_558' title='bbox 2886 2353 2944 2407; x_wconf 92' lang='lat' dir='ltr'>in</span> <span class='ocrx_word' id='word_1_559' title='bbox 2977 2353 3105 2408; x_wconf 89' lang='lat' dir='ltr'>suis</span> <span class='ocrx_word' id='word_1_560' title='bbox 3132 2354 3200 2407; x_wconf 92' lang='lat' dir='ltr'>ad</span> <span class='ocrx_word' id='word_1_561' title='bbox 3227 2358 3455 2408; x_wconf 88' lang='lat' dir='ltr'>sextum</span> <span class='ocrx_word' id='word_1_562' title='bbox 3488 2354 3760 2409; x_wconf 69' lang='lat' dir='ltr'>Aineidos</span> 
     </span>
    </p>
   </div>
   <div class='ocr_carea' id='block_1_78' title="bbox 2096 2440 3761 2514">
    <p class='ocr_par' dir='ltr' id='par_1_78' title="bbox 2096 2440 3761 2514">
     <span class='ocr_line' id='line_1_79' title="bbox 2096 2440 3761 2514; baseline 0.001 -18"><span class='ocrx_word' id='word_1_563' title='bbox 2096 2440 2315 2497; x_wconf 90' lang='lat' dir='ltr'>librum</span> <span class='ocrx_word' id='word_1_564' title='bbox 2339 2460 2405 2498; x_wconf 92' lang='lat' dir='ltr'>eo</span> <span class='ocrx_word' id='word_1_565' title='bbox 2432 2441 2871 2498; x_wconf 89' lang='lat' dir='ltr'>commentariis</span> <span class='ocrx_word' id='word_1_566' title='bbox 2890 2442 3009 2496; x_wconf 71' lang='lat' dir='ltr'>haec</span> <span class='ocrx_word' id='word_1_567' title='bbox 3031 2442 3337 2497; x_wconf 82' lang='lat' dir='ltr'>observat:</span> <span class='ocrx_word' id='word_1_568' title='bbox 3359 2464 3387 2491; x_wconf 77' lang='grc' dir='ltr'>α</span> <span class='ocrx_word' id='word_1_569' title='bbox 3417 2442 3526 2506; x_wconf 87' lang='lat' dir='ltr'>Qui</span> <span class='ocrx_word' id='word_1_570' title='bbox 3549 2443 3620 2497; x_wconf 89' lang='lat' dir='ltr'>de</span> <span class='ocrx_word' id='word_1_571' title='bbox 3647 2443 3761 2514; x_wconf 89' lang='lat' dir='ltr'>pie-</span> 
     </span>
    </p>
   </div>
   <div class='ocr_carea' id='block_1_79' title="bbox 2094 2528 3745 2603">
    <p class='ocr_par' dir='ltr' id='par_1_79' title="bbox 2094 2528 3745 2603">
     <span class='ocr_line' id='line_1_80' title="bbox 2094 2528 3745 2603; baseline 0 -18"><span class='ocrx_word' id='word_1_572' title='bbox 2094 2531 2231 2586; x_wconf 87' lang='lat' dir='ltr'>tatis</span> <span class='ocrx_word' id='word_1_573' title='bbox 2247 2531 2554 2603; x_wconf 88' lang='lat' dir='ltr'>generibus</span> <span class='ocrx_word' id='word_1_574' title='bbox 2576 2531 2956 2601; x_wconf 89' lang='lat' dir='ltr'>scripserunt,</span> <span class='ocrx_word' id='word_1_575' title='bbox 2980 2528 3237 2601; x_wconf 89' lang='lat' dir='ltr'>primum</span> <span class='ocrx_word' id='word_1_576' title='bbox 3258 2530 3449 2584; x_wconf 91' lang='lat' dir='ltr'>locum</span> <span class='ocrx_word' id='word_1_577' title='bbox 3473 2530 3532 2584; x_wconf 93' lang='lat' dir='ltr'>in</span> <span class='ocrx_word' id='word_1_578' title='bbox 3553 2529 3745 2601; x_wconf 78' lang='lat' dir='ltr'>sepul-</span> 
     </span>
    </p>
   </div>
   <div class='ocr_carea' id='block_1_80' title="bbox 2092 2618 3743 2689">
    <p class='ocr_par' dir='ltr' id='par_1_80' title="bbox 2092 2618 3743 2689">
     <span class='ocr_line' id='line_1_81' title="bbox 2092 2618 3743 2689; baseline 0 -15"><span class='ocrx_word' id='word_1_579' title='bbox 2092 2622 2228 2674; x_wconf 90' lang='lat' dir='ltr'>tura</span> <span class='ocrx_word' id='word_1_580' title='bbox 2254 2636 2385 2676; x_wconf 91' lang='lat' dir='ltr'>esse</span> <span class='ocrx_word' id='word_1_581' title='bbox 2414 2619 2743 2675; x_wconf 89' lang='lat' dir='ltr'>voluerunt.</span> <span class='ocrx_word' id='word_1_582' title='bbox 2778 2618 2961 2685; x_wconf 89' lang='lat' dir='ltr'>Unde,</span> <span class='ocrx_word' id='word_1_583' title='bbox 2994 2633 3127 2673; x_wconf 90' lang='lat' dir='ltr'>cum</span> <span class='ocrx_word' id='word_1_584' title='bbox 3162 2618 3535 2689; x_wconf 85' lang='lat' dir='ltr'>pontificibus</span> <span class='ocrx_word' id='word_1_585' title='bbox 3580 2619 3743 2675; x_wconf 85' lang='lat' dir='ltr'>nefas</span> 
     </span>
    </p>
   </div>
   <div class='ocr_carea' id='block_1_81' title="bbox 2092 2707 3744 2779">
    <p class='ocr_par' dir='ltr' id='par_1_81' title="bbox 2092 2707 3744 2779">
     <span class='ocr_line' id='line_1_82' title="bbox 2092 2707 3744 2779; baseline 0.001 -16"><span class='ocrx_word' id='word_1_586' title='bbox 2092 2713 2246 2764; x_wconf 88' lang='lat' dir='ltr'>esset</span> <span class='ocrx_word' id='word_1_587' title='bbox 2274 2709 2517 2763; x_wconf 89' lang='lat' dir='ltr'>cadaver</span> <span class='ocrx_word' id='word_1_588' title='bbox 2545 2708 2760 2775; x_wconf 91' lang='lat' dir='ltr'>videre,</span> <span class='ocrx_word' id='word_1_589' title='bbox 2810 2712 3007 2763; x_wconf 88' lang='lat' dir='ltr'>tamen</span> <span class='ocrx_word' id='word_1_590' title='bbox 3051 2708 3236 2779; x_wconf 88' lang='lat' dir='ltr'>magis</span> <span class='ocrx_word' id='word_1_591' title='bbox 3283 2707 3445 2763; x_wconf 88' lang='lat' dir='ltr'>nefas</span> <span class='ocrx_word' id='word_1_592' title='bbox 3476 2707 3665 2764; x_wconf 88' lang='lat' dir='ltr'>fuerat</span> <span class='ocrx_word' id='word_1_593' title='bbox 3695 2709 3744 2764; x_wconf 92' lang='lat' dir='ltr'>si</span> 
     </span>
    </p>
   </div>
   <div class='ocr_carea' id='block_1_82' title="bbox 2090 2795 3746 2868">
    <p class='ocr_par' dir='ltr' id='par_1_82' title="bbox 2090 2795 3746 2868">
     <span class='ocr_line' id='line_1_83' title="bbox 2090 2795 3746 2868; baseline 0.001 -17"><span class='ocrx_word' id='word_1_594' title='bbox 2090 2796 2284 2853; x_wconf 90' lang='lat' dir='ltr'>visum</span> <span class='ocrx_word' id='word_1_595' title='bbox 2318 2797 2680 2868; x_wconf 89' lang='lat' dir='ltr'>insepultum</span> <span class='ocrx_word' id='word_1_596' title='bbox 2721 2795 3135 2868; x_wconf 87' lang='lat' dir='ltr'>relinquerent.</span> <span class='ocrx_word' id='word_1_597' title='bbox 3169 2796 3364 2852; x_wconf 89' lang='lat' dir='ltr'>Genus</span> <span class='ocrx_word' id='word_1_598' title='bbox 3394 2802 3591 2853; x_wconf 89' lang='lat' dir='ltr'>autem</span> <span class='ocrx_word' id='word_1_599' title='bbox 3623 2799 3746 2853; x_wconf 85' lang='lat' dir='ltr'>fue-</span> 
     </span>
    </p>
   </div>
   <div class='ocr_carea' id='block_1_83' title="bbox 2094 2884 3747 2959">
    <p class='ocr_par' dir='ltr' id='par_1_83' title="bbox 2094 2884 3747 2959">
     <span class='ocr_line' id='line_1_84' title="bbox 2094 2884 3747 2959; baseline 0 -17"><span class='ocrx_word' id='word_1_600' title='bbox 2094 2891 2186 2942; x_wconf 89' lang='lat' dir='ltr'>rat</span> <span class='ocrx_word' id='word_1_601' title='bbox 2215 2885 2525 2959; x_wconf 63' lang='lat' dir='ltr'>sepulturae</span> <span class='ocrx_word' id='word_1_602' title='bbox 2570 2886 2803 2957; x_wconf 87' lang='lat' dir='ltr'>injectio</span> <span class='ocrx_word' id='word_1_603' title='bbox 2854 2884 3130 2957; x_wconf 88' lang='lat' dir='ltr'>pulveris.</span> <span class='ocrx_word' id='word_1_604' title='bbox 3183 2884 3347 2941; x_wconf 90' lang='lat' dir='ltr'>Unde</span> <span class='ocrx_word' id='word_1_605' title='bbox 3378 2890 3503 2941; x_wconf 89' lang='lat' dir='ltr'>est:</span> <span class='ocrx_word' id='word_1_606' title='bbox 3539 2891 3656 2942; x_wconf 88' lang='lat' dir='ltr'>Aut</span> <span class='ocrx_word' id='word_1_607' title='bbox 3682 2891 3747 2942; x_wconf 91' lang='lat' dir='ltr'>tu</span> 
     </span>
    </p>
   </div>
   <div class='ocr_carea' id='block_1_84' title="bbox 2095 2974 3749 3047">
    <p class='ocr_par' dir='ltr' id='par_1_84' title="bbox 2095 2974 3749 3047">
     <span class='ocr_line' id='line_1_85' title="bbox 2095 2974 3749 3047; baseline 0.001 -18"><span class='ocrx_word' id='word_1_608' title='bbox 2095 2974 2239 3030; x_wconf 90' lang='lat' dir='ltr'>mihi</span> <span class='ocrx_word' id='word_1_609' title='bbox 2272 2980 2489 3030; x_wconf 89' lang='lat' dir='ltr'>terram</span> <span class='ocrx_word' id='word_1_610' title='bbox 2521 2974 2713 3046; x_wconf 90' lang='lat' dir='ltr'>injice,</span> <span class='ocrx_word' id='word_1_611' title='bbox 2750 2991 3004 3047; x_wconf 89' lang='lat' dir='ltr'>namque</span> <span class='ocrx_word' id='word_1_612' title='bbox 3050 2978 3233 3047; x_wconf 89' lang='lat' dir='ltr'>potes.</span> <span class='ocrx_word' id='word_1_613' title='bbox 3276 2974 3587 3031; x_wconf 82' lang='lat' dir='ltr'>Horatius:</span> <span class='ocrx_word' id='word_1_614' title='bbox 3621 2974 3749 3032; x_wconf 88' lang='lat' dir='ltr'>Non</span> 
     </span>
    </p>
   </div>
   <div class='ocr_carea' id='block_1_85' title="bbox 2095 3063 3747 3137">
    <p class='ocr_par' dir='ltr' id='par_1_85' title="bbox 2095 3063 3747 3137">
     <span class='ocr_line' id='line_1_86' title="bbox 2095 3063 3747 3137; baseline 0.001 -18"><span class='ocrx_word' id='word_1_615' title='bbox 2095 3068 2184 3119; x_wconf 88' lang='lat' dir='ltr'>est</span> <span class='ocrx_word' id='word_1_616' title='bbox 2214 3081 2377 3119; x_wconf 90' lang='lat' dir='ltr'>mora</span> <span class='ocrx_word' id='word_1_617' title='bbox 2396 3063 2590 3137; x_wconf 89' lang='lat' dir='ltr'>longa,</span> <span class='ocrx_word' id='word_1_618' title='bbox 2616 3063 2830 3132; x_wconf 75' lang='lat' dir='ltr'>licebit,</span> <span class='ocrx_word' id='word_1_619' title='bbox 2863 3064 3077 3136; x_wconf 89' lang='lat' dir='ltr'>injecto</span> <span class='ocrx_word' id='word_1_620' title='bbox 3104 3068 3192 3119; x_wconf 91' lang='lat' dir='ltr'>ter</span> <span class='ocrx_word' id='word_1_621' title='bbox 3213 3063 3467 3136; x_wconf 88' lang='lat' dir='ltr'>pulvere,</span> <span class='ocrx_word' id='word_1_622' title='bbox 3493 3080 3694 3121; x_wconf 89' lang='lat' dir='ltr'>curras</span> <span class='ocrx_word' id='word_1_623' title='bbox 3720 3085 3747 3114; x_wconf 88' lang='grc'><strong>››</strong></span> 
     </span>
    </p>
   </div>
   <div class='ocr_carea' id='block_1_86' title="bbox 2094 3153 3749 3227">
    <p class='ocr_par' dir='ltr' id='par_1_86' title="bbox 2094 3153 3749 3227">
     <span class='ocr_line' id='line_1_87' title="bbox 2094 3153 3749 3227; baseline 0 -18"><span class='ocrx_word' id='word_1_624' title='bbox 2094 3154 2350 3226; x_wconf 90' lang='lat' dir='ltr'>(Servius</span> <span class='ocrx_word' id='word_1_625' title='bbox 2382 3154 2441 3209; x_wconf 90' lang='lat' dir='ltr'>in</span> <span class='ocrx_word' id='word_1_626' title='bbox 2469 3153 2572 3209; x_wconf 91' lang='lat' dir='ltr'>lib.</span> <span class='ocrx_word' id='word_1_627' title='bbox 2606 3171 2660 3209; x_wconf 82' lang='lat' dir='ltr'>v1</span> <span class='ocrx_word' id='word_1_628' title='bbox 2690 3153 2905 3211; x_wconf 66' lang='grc' dir='ltr'>Αυῖηείά.</span> <span class='ocrx_word' id='word_1_629' title='bbox 2942 3171 2990 3209; x_wconf 89' lang='grc' dir='ltr'>υ.</span> <span class='ocrx_word' id='word_1_630' title='bbox 3023 3155 3125 3209; x_wconf 89' lang='grc'>175</span> <span class='ocrx_word' id='word_1_631' title='bbox 3168 3158 3225 3210; x_wconf 91' lang='lat' dir='ltr'>et</span> <span class='ocrx_word' id='word_1_632' title='bbox 3255 3169 3422 3227; x_wconf 88' lang='lat' dir='ltr'>seqq.</span> <span class='ocrx_word' id='word_1_633' title='bbox 3457 3171 3589 3227; x_wconf 88' lang='lat' dir='ltr'>pag.</span> <span class='ocrx_word' id='word_1_634' title='bbox 3623 3156 3749 3219; x_wconf 80' lang='grc'>409,</span> 
     </span>
    </p>
   </div>
   <div class='ocr_carea' id='block_1_87' title="bbox 2095 3243 3751 3317">
    <p class='ocr_par' dir='ltr' id='par_1_87' title="bbox 2095 3243 3751 3317">
     <span class='ocr_line' id='line_1_88' title="bbox 2095 3243 3751 3317; baseline 0 -18"><span class='ocrx_word' id='word_1_635' title='bbox 2095 3248 2154 3299; x_wconf 92' lang='lat' dir='ltr'>et</span> <span class='ocrx_word' id='word_1_636' title='bbox 2185 3244 2243 3298; x_wconf 91' lang='lat' dir='ltr'>in</span> <span class='ocrx_word' id='word_1_637' title='bbox 2276 3243 2377 3298; x_wconf 93' lang='lat' dir='ltr'>lib.</span> <span class='ocrx_word' id='word_1_638' title='bbox 2410 3261 2475 3311; x_wconf 81' lang='grc' dir='ltr'>ιι,</span> <span class='ocrx_word' id='word_1_639' title='bbox 2520 3260 2651 3317; x_wconf 89' lang='lat' dir='ltr'>pag,</span> <span class='ocrx_word' id='word_1_640' title='bbox 2682 3245 2788 3299; x_wconf 85' lang='grc'>618</span> <span class='ocrx_word' id='word_1_641' title='bbox 2836 3248 2893 3301; x_wconf 88' lang='lat' dir='ltr'>et</span> <span class='ocrx_word' id='word_1_642' title='bbox 2920 3244 3069 3314; x_wconf 84' lang='grc'>619).</span> <span class='ocrx_word' id='word_1_643' title='bbox 3119 3244 3224 3299; x_wconf 93' lang='lat' dir='ltr'>Sed</span> <span class='ocrx_word' id='word_1_644' title='bbox 3258 3259 3326 3298; x_wconf 86' lang='lat' dir='ltr'>ea</span> <span class='ocrx_word' id='word_1_645' title='bbox 3373 3244 3444 3298; x_wconf 92' lang='lat' dir='ltr'>de</span> <span class='ocrx_word' id='word_1_646' title='bbox 3474 3260 3533 3299; x_wconf 91' lang='lat' dir='ltr'>re</span> <span class='ocrx_word' id='word_1_647' title='bbox 3558 3244 3751 3300; x_wconf 91' lang='lat' dir='ltr'>adhuc</span> 
     </span>
    </p>
   </div>
   <div class='ocr_carea' id='block_1_88' title="bbox 2094 3331 3749 3405">
    <p class='ocr_par' dir='ltr' id='par_1_88' title="bbox 2094 3331 3749 3405">
     <span class='ocr_line' id='line_1_89' title="bbox 2094 3331 3749 3405; baseline 0 -18"><span class='ocrx_word' id='word_1_648' title='bbox 2094 3331 2191 3388; x_wconf 91' lang='lat' dir='ltr'>ille</span> <span class='ocrx_word' id='word_1_649' title='bbox 2224 3332 2382 3404; x_wconf 89' lang='lat' dir='ltr'>alibi,</span> <span class='ocrx_word' id='word_1_650' title='bbox 2416 3350 2591 3404; x_wconf 91' lang='lat' dir='ltr'>quem</span> <span class='ocrx_word' id='word_1_651' title='bbox 2637 3333 2875 3399; x_wconf 91' lang='lat' dir='ltr'>videsis,</span> <span class='ocrx_word' id='word_1_652' title='bbox 2926 3332 3096 3389; x_wconf 90' lang='lat' dir='ltr'>sicuti</span> <span class='ocrx_word' id='word_1_653' title='bbox 3129 3336 3187 3389; x_wconf 90' lang='lat' dir='ltr'>et</span> <span class='ocrx_word' id='word_1_654' title='bbox 3233 3332 3615 3402; x_wconf 88' lang='lat' dir='ltr'>Macrobium,</span> <span class='ocrx_word' id='word_1_655' title='bbox 3648 3334 3749 3405; x_wconf 89' lang='lat' dir='ltr'>qui</span> 
     </span>
    </p>
   </div>
   <div class='ocr_carea' id='block_1_89' title="bbox 2094 3420 3749 3494">
    <p class='ocr_par' dir='ltr' id='par_1_89' title="bbox 2094 3420 3749 3494">
     <span class='ocr_line' id='line_1_90' title="bbox 2094 3420 3749 3494; baseline 0 -17"><span class='ocrx_word' id='word_1_656' title='bbox 2094 3426 2291 3494; x_wconf 89' lang='lat' dir='ltr'>aperte</span> <span class='ocrx_word' id='word_1_657' title='bbox 2322 3422 2663 3478; x_wconf 84' lang='lat' dir='ltr'>testiﬁcatur</span> <span class='ocrx_word' id='word_1_658' title='bbox 2693 3438 2800 3477; x_wconf 91' lang='lat' dir='ltr'>suo</span> <span class='ocrx_word' id='word_1_659' title='bbox 2832 3420 3044 3477; x_wconf 72' lang='lat' dir='ltr'>saeculo</span> <span class='ocrx_word' id='word_1_660' title='bbox 3079 3420 3307 3477; x_wconf 88' lang='lat' dir='ltr'>nullum</span> <span class='ocrx_word' id='word_1_661' title='bbox 3334 3423 3513 3477; x_wconf 83' lang='lat' dir='ltr'>fuisse</span> <span class='ocrx_word' id='word_1_662' title='bbox 3542 3421 3749 3477; x_wconf 90' lang='lat' dir='ltr'>urendi</span> 
     </span>
    </p>
   </div>
   <div class='ocr_carea' id='block_1_90' title="bbox 2095 3510 3749 3583">
    <p class='ocr_par' dir='ltr' id='par_1_90' title="bbox 2095 3510 3749 3583">
     <span class='ocr_line' id='line_1_91' title="bbox 2095 3510 3749 3583; baseline -0.001 -16"><span class='ocrx_word' id='word_1_663' title='bbox 2095 3517 2459 3567; x_wconf 89' lang='lat' dir='ltr'>mortuorum</span> <span class='ocrx_word' id='word_1_664' title='bbox 2491 3527 2735 3583; x_wconf 89' lang='lat' dir='ltr'>corpora</span> <span class='ocrx_word' id='word_1_665' title='bbox 2768 3528 2941 3566; x_wconf 91' lang='lat' dir='ltr'>usum</span> <span class='ocrx_word' id='word_1_666' title='bbox 2976 3511 3257 3581; x_wconf 90' lang='lat' dir='ltr'>(Macrob.</span> <span class='ocrx_word' id='word_1_667' title='bbox 3298 3510 3399 3567; x_wconf 93' lang='lat' dir='ltr'>lib.</span> <span class='ocrx_word' id='word_1_668' title='bbox 3436 3527 3516 3566; x_wconf 82' lang='lat' dir='ltr'>vn</span> <span class='ocrx_word' id='word_1_669' title='bbox 3545 3512 3749 3567; x_wconf 84' lang='lat' dir='ltr'>Satur-</span> 
     </span>
    </p>
   </div>
   <div class='ocr_carea' id='block_1_91' title="bbox 2092 3599 3749 3672">
    <p class='ocr_par' dir='ltr' id='par_1_91' title="bbox 2092 3599 3749 3672">
     <span class='ocr_line' id='line_1_92' title="bbox 2092 3599 3749 3672; baseline -0.001 -16"><span class='ocrx_word' id='word_1_670' title='bbox 2092 3602 2247 3667; x_wconf 73' lang='grc' dir='ltr'>παι..</span> <span class='ocrx_word' id='word_1_671' title='bbox 2281 3617 2407 3672; x_wconf 89' lang='lat' dir='ltr'>cap.</span> <span class='ocrx_word' id='word_1_672' title='bbox 2439 3601 2517 3671; x_wconf 90' lang='lat'>7).</span> <span class='ocrx_word' id='word_1_673' title='bbox 2552 3599 2678 3655; x_wconf 84' lang='lat' dir='ltr'>Alio</span> <span class='ocrx_word' id='word_1_674' title='bbox 2709 3605 2903 3655; x_wconf 90' lang='lat' dir='ltr'>autem</span> <span class='ocrx_word' id='word_1_675' title='bbox 2937 3600 2995 3654; x_wconf 89' lang='lat' dir='ltr'>in</span> <span class='ocrx_word' id='word_1_676' title='bbox 3028 3599 3177 3655; x_wconf 91' lang='lat' dir='ltr'>libro</span> <span class='ocrx_word' id='word_1_677' title='bbox 3199 3600 3435 3671; x_wconf 89' lang='lat' dir='ltr'>scripsit</span> <span class='ocrx_word' id='word_1_678' title='bbox 3466 3600 3749 3671; x_wconf 88' lang='lat' dir='ltr'>plurima-</span> 
     </span>
    </p>
   </div>
   <div class='ocr_carea' id='block_1_92' title="bbox 2095 3687 3752 3761">
    <p class='ocr_par' dir='ltr' id='par_1_92' title="bbox 2095 3687 3752 3761">
     <span class='ocr_line' id='line_1_93' title="bbox 2095 3687 3752 3761; baseline -0.001 -15"><span class='ocrx_word' id='word_1_679' title='bbox 2095 3707 2223 3746; x_wconf 91' lang='lat' dir='ltr'>rum</span> <span class='ocrx_word' id='word_1_680' title='bbox 2243 3689 2505 3761; x_wconf 88' lang='lat' dir='ltr'>gentium</span> <span class='ocrx_word' id='word_1_681' title='bbox 2523 3687 2609 3744; x_wconf 92' lang='lat' dir='ltr'>vel</span> <span class='ocrx_word' id='word_1_682' title='bbox 2629 3689 2932 3761; x_wconf 88' lang='lat' dir='ltr'>regionum</span> <span class='ocrx_word' id='word_1_683' title='bbox 2956 3688 3245 3744; x_wconf 92' lang='lat' dir='ltr'>institutis</span> <span class='ocrx_word' id='word_1_684' title='bbox 3259 3688 3552 3745; x_wconf 87' lang='lat' dir='ltr'>sancitum</span> <span class='ocrx_word' id='word_1_685' title='bbox 3569 3688 3752 3745; x_wconf 88' lang='lat' dir='ltr'>fuisse</span> 
     </span>
    </p>
   </div>
   <div class='ocr_carea' id='block_1_93' title="bbox 2095 3777 3750 3851">
    <p class='ocr_par' dir='ltr' id='par_1_93' title="bbox 2095 3777 3750 3851">
     <span class='ocr_line' id='line_1_94' title="bbox 2095 3777 3750 3851; baseline -0.001 -16"><span class='ocrx_word' id='word_1_686' title='bbox 2095 3784 2460 3835; x_wconf 89' lang='lat' dir='ltr'>mortuorum</span> <span class='ocrx_word' id='word_1_687' title='bbox 2509 3795 2753 3849; x_wconf 87' lang='lat' dir='ltr'>corpora</span> <span class='ocrx_word' id='word_1_688' title='bbox 2810 3794 2923 3833; x_wconf 91' lang='lat' dir='ltr'>non</span> <span class='ocrx_word' id='word_1_689' title='bbox 2974 3777 3101 3833; x_wconf 89' lang='lat' dir='ltr'>sine</span> <span class='ocrx_word' id='word_1_690' title='bbox 3149 3781 3324 3834; x_wconf 88' lang='lat' dir='ltr'>cantu</span> <span class='ocrx_word' id='word_1_691' title='bbox 3367 3778 3441 3834; x_wconf 90' lang='lat' dir='ltr'>ad</span> <span class='ocrx_word' id='word_1_692' title='bbox 3482 3778 3750 3851; x_wconf 81' lang='lat' dir='ltr'>sepultu-</span> 
     </span>
    </p>
   </div>
   <div class='ocr_carea' id='block_1_94' title="bbox 2094 3866 3749 3939">
    <p class='ocr_par' dir='ltr' id='par_1_94' title="bbox 2094 3866 3749 3939">
     <span class='ocr_line' id='line_1_95' title="bbox 2094 3866 3749 3939; baseline -0.002 -15"><span class='ocrx_word' id='word_1_693' title='bbox 2094 3886 2219 3924; x_wconf 82' lang='lat' dir='ltr'>ram</span> <span class='ocrx_word' id='word_1_694' title='bbox 2253 3868 2545 3923; x_wconf 85' lang='lat' dir='ltr'>deferendi</span> <span class='ocrx_word' id='word_1_695' title='bbox 2593 3868 2673 3939; x_wconf 91' lang='lat' dir='ltr'>(et</span> <span class='ocrx_word' id='word_1_696' title='bbox 2721 3866 2823 3922; x_wconf 89' lang='lat' dir='ltr'>lib.</span> <span class='ocrx_word' id='word_1_697' title='bbox 2874 3866 2935 3921; x_wconf 91' lang='lat' dir='ltr'>in</span> <span class='ocrx_word' id='word_1_698' title='bbox 2986 3866 3169 3922; x_wconf 85' lang='lat' dir='ltr'>Somn.</span> <span class='ocrx_word' id='word_1_699' title='bbox 3223 3867 3488 3938; x_wconf 82' lang='lat' dir='ltr'>Scipion..</span> <span class='ocrx_word' id='word_1_700' title='bbox 3519 3884 3644 3938; x_wconf 90' lang='lat' dir='ltr'>cap.</span> <span class='ocrx_word' id='word_1_701' title='bbox 3674 3867 3749 3939; x_wconf 92' lang='lat'>3).</span> 
     </span>
    </p>
   </div>
   <div class='ocr_carea' id='block_1_95' title="bbox 2094 3955 3753 4029">
    <p class='ocr_par' dir='ltr' id='par_1_95' title="bbox 2094 3955 3753 4029">
     <span class='ocr_line' id='line_1_96' title="bbox 2094 3955 3753 4029; baseline -0.001 -17"><span class='ocrx_word' id='word_1_702' title='bbox 2094 3960 2271 4013; x_wconf 89' lang='lat' dir='ltr'>Plura</span> <span class='ocrx_word' id='word_1_703' title='bbox 2297 3973 2467 4029; x_wconf 90' lang='lat' dir='ltr'>porro</span> <span class='ocrx_word' id='word_1_704' title='bbox 2498 3956 2569 4010; x_wconf 88' lang='lat' dir='ltr'>de</span> <span class='ocrx_word' id='word_1_705' title='bbox 2592 3956 2750 4011; x_wconf 89' lang='lat' dir='ltr'>vario</span> <span class='ocrx_word' id='word_1_706' title='bbox 2778 3955 3096 4028; x_wconf 88' lang='lat' dir='ltr'>sepeliendi</span> <span class='ocrx_word' id='word_1_707' title='bbox 3125 3955 3239 4011; x_wconf 92' lang='lat' dir='ltr'>ritu</span> <span class='ocrx_word' id='word_1_708' title='bbox 3274 3956 3539 4027; x_wconf 89' lang='lat' dir='ltr'>disputat</span> <span class='ocrx_word' id='word_1_709' title='bbox 3567 3955 3753 4011; x_wconf 90' lang='lat' dir='ltr'>Lilius</span> 
     </span>
    </p>
   </div>
   <div class='ocr_carea' id='block_1_96' title="bbox 2094 4043 3751 4121">
    <p class='ocr_par' dir='ltr' id='par_1_96' title="bbox 2094 4043 3751 4121">
     <span class='ocr_line' id='line_1_97' title="bbox 2094 4043 3751 4121; baseline -0.002 -20"><span class='ocrx_word' id='word_1_710' title='bbox 2094 4046 2381 4121; x_wconf 82' lang='lat' dir='ltr'>Gyraldus</span> <span class='ocrx_word' id='word_1_711' title='bbox 2430 4046 2486 4100; x_wconf 90' lang='lat' dir='ltr'>in</span> <span class='ocrx_word' id='word_1_712' title='bbox 2534 4045 2751 4117; x_wconf 90' lang='lat' dir='ltr'>scripto</span> <span class='ocrx_word' id='word_1_713' title='bbox 2791 4061 2919 4100; x_wconf 90' lang='lat' dir='ltr'>eam</span> <span class='ocrx_word' id='word_1_714' title='bbox 2971 4045 3028 4099; x_wconf 89' lang='lat' dir='ltr'>in</span> <span class='ocrx_word' id='word_1_715' title='bbox 3080 4062 3203 4100; x_wconf 92' lang='lat' dir='ltr'>rem</span> <span class='ocrx_word' id='word_1_716' title='bbox 3252 4044 3400 4100; x_wconf 90' lang='lat' dir='ltr'>libro</span> <span class='ocrx_word' id='word_1_717' title='bbox 3431 4043 3751 4115; x_wconf 87' lang='lat' dir='ltr'>peculiari;</span> 
     </span>
    </p>
   </div>
   <div class='ocr_carea' id='block_1_97' title="bbox 2094 4131 3750 4200">
    <p class='ocr_par' dir='ltr' id='par_1_97' title="bbox 2094 4131 3750 4200">
     <span class='ocr_line' id='line_1_98' title="bbox 2094 4131 3750 4200; baseline -0.003 -8"><span class='ocrx_word' id='word_1_718' title='bbox 2094 4135 2419 4192; x_wconf 83' lang='lat' dir='ltr'>Alexander</span> <span class='ocrx_word' id='word_1_719' title='bbox 2467 4135 2539 4189; x_wconf 87' lang='lat' dir='ltr'>ab</span> <span class='ocrx_word' id='word_1_720' title='bbox 2590 4133 2936 4199; x_wconf 86' lang='lat' dir='ltr'>Alexandro,</span> <span class='ocrx_word' id='word_1_721' title='bbox 2986 4139 3171 4200; x_wconf 83' lang='lat' dir='ltr'>sexto,</span> <span class='ocrx_word' id='word_1_722' title='bbox 3221 4132 3370 4188; x_wconf 93' lang='lat' dir='ltr'>libro</span> <span class='ocrx_word' id='word_1_723' title='bbox 3424 4131 3750 4189; x_wconf 86' lang='lat' dir='ltr'>Genialium</span> 
     </span>
    </p>
   </div>
   <div class='ocr_carea' id='block_1_98' title="bbox 2096 4220 3752 4295">
    <p class='ocr_par' dir='ltr' id='par_1_98' title="bbox 2096 4220 3752 4295">
     <span class='ocr_line' id='line_1_99' title="bbox 2096 4220 3752 4295; baseline -0.002 -15"><span class='ocrx_word' id='word_1_724' title='bbox 2096 4224 2373 4290; x_wconf 89' lang='lat' dir='ltr'>Dierum;</span> <span class='ocrx_word' id='word_1_725' title='bbox 2407 4240 2473 4279; x_wconf 88' lang='lat' dir='ltr'>ac</span> <span class='ocrx_word' id='word_1_726' title='bbox 2520 4222 2881 4295; x_wconf 71' lang='lat' dir='ltr'>Tiraquellus</span> <span class='ocrx_word' id='word_1_727' title='bbox 2926 4221 3050 4277; x_wconf 90' lang='lat' dir='ltr'>suis</span> <span class='ocrx_word' id='word_1_728' title='bbox 3098 4222 3158 4278; x_wconf 88' lang='lat' dir='ltr'>in</span> <span class='ocrx_word' id='word_1_729' title='bbox 3210 4220 3366 4277; x_wconf 89' lang='lat' dir='ltr'>hunc</span> <span class='ocrx_word' id='word_1_730' title='bbox 3401 4220 3619 4277; x_wconf 91' lang='lat' dir='ltr'>librum</span> <span class='ocrx_word' id='word_1_731' title='bbox 3649 4238 3752 4276; x_wconf 89' lang='lat' dir='ltr'>an-</span> 
     </span>
    </p>
   </div>
   <div class='ocr_carea' id='block_1_99' title="bbox 2100 4312 2520 4369">
    <p class='ocr_par' dir='ltr' id='par_1_99' title="bbox 2100 4312 2520 4369">
     <span class='ocr_line' id='line_1_100' title="bbox 2100 4312 2520 4369; baseline -0.002 -1"><span class='ocrx_word' id='word_1_732' title='bbox 2100 4312 2520 4369; x_wconf 88' lang='lat' dir='ltr'>notationibus.</span> 
     </span>
    </p>
   </div>
   <div class='ocr_carea' id='block_1_100' title="bbox 2649 4452 3189 4511">
    <p class='ocr_par' dir='ltr' id='par_1_100' title="bbox 2649 4452 3189 4511">
     <span class='ocr_line' id='line_1_101' title="bbox 2649 4452 3189 4511; baseline -0.004 -2"><span class='ocrx_word' id='word_1_733' title='bbox 2649 4453 3055 4511; x_wconf 79' lang='lat' dir='ltr'>ARTICULUS</span> <span class='ocrx_word' id='word_1_734' title='bbox 3095 4452 3189 4509; x_wconf 82' lang='lat' dir='ltr'>IV.</span> 
     </span>
    </p>
   </div>
   <div class='ocr_carea' id='block_1_101' title="bbox 2101 4558 3749 4632">
    <p class='ocr_par' dir='ltr' id='par_1_101' title="bbox 2101 4558 3749 4632">
     <span class='ocr_line' id='line_1_102' title="bbox 2101 4558 3749 4632; baseline -0.001 -14"><span class='ocrx_word' id='word_1_735' title='bbox 2101 4564 2237 4618; x_wconf 86' lang='lat' dir='ltr'>Tam</span> <span class='ocrx_word' id='word_1_736' title='bbox 2265 4564 2478 4615; x_wconf 81' lang='lat' dir='ltr'>sanctos</span> <span class='ocrx_word' id='word_1_737' title='bbox 2528 4560 2986 4616; x_wconf 79' lang='lat' dir='ltr'>Christianorum</span> <span class='ocrx_word' id='word_1_738' title='bbox 3036 4577 3200 4632; x_wconf 89' lang='lat' dir='ltr'>quam</span> <span class='ocrx_word' id='word_1_739' title='bbox 3232 4558 3588 4615; x_wconf 85' lang='lat' dir='ltr'>Ethnicorum</span> <span class='ocrx_word' id='word_1_740' title='bbox 3628 4575 3749 4617; x_wconf 88' lang='lat' dir='ltr'>cor-</span> 
     </span>
    </p>
   </div>
   <div class='ocr_carea' id='block_1_102' title="bbox 2175 4632 3756 4705">
    <p class='ocr_par' dir='ltr' id='par_1_102' title="bbox 2175 4632 3756 4705">
     <span class='ocr_line' id='line_1_103' title="bbox 2175 4632 3756 4705; baseline -0.001 -16"><span class='ocrx_word' id='word_1_741' title='bbox 2175 4636 2360 4705; x_wconf 76' lang='lat' dir='ltr'>ruptos</span> <span class='ocrx_word' id='word_1_742' title='bbox 2388 4633 2565 4705; x_wconf 71' lang='lat' dir='ltr'>fuisse</span> <span class='ocrx_word' id='word_1_743' title='bbox 2588 4648 2767 4705; x_wconf 78' lang='lat' dir='ltr'>mores</span> <span class='ocrx_word' id='word_1_744' title='bbox 2792 4651 2807 4685; x_wconf 91' lang='lat'>:</span> <span class='ocrx_word' id='word_1_745' title='bbox 2848 4649 2948 4687; x_wconf 86' lang='lat' dir='ltr'>cur</span> <span class='ocrx_word' id='word_1_746' title='bbox 2975 4633 3201 4688; x_wconf 78' lang='lat' dir='ltr'>illorum</span> <span class='ocrx_word' id='word_1_747' title='bbox 3220 4704 3225 4705; x_wconf 14' lang='grc' dir='ltr'><em>γ</em></span> <span class='ocrx_word' id='word_1_748' title='bbox 3247 4632 3542 4705; x_wconf 72' lang='lat' dir='ltr'>disciplina</span> <span class='ocrx_word' id='word_1_749' title='bbox 3572 4634 3756 4688; x_wconf 79' lang='lat' dir='ltr'>minor</span> 
     </span>
    </p>
   </div>
   <div class='ocr_carea' id='block_1_103' title="bbox 2175 4703 3757 4775">
    <p class='ocr_par' dir='ltr' id='par_1_103' title="bbox 2175 4703 3757 4775">
     <span class='ocr_line' id='line_1_104' title="bbox 2175 4703 3757 4775; baseline -0.003 -14"><span class='ocrx_word' id='word_1_750' title='bbox 2175 4722 2210 4761; x_wconf 83' lang='grc' dir='ltr'><em>α</em></span> <span class='ocrx_word' id='word_1_751' title='bbox 2243 4703 2493 4759; x_wconf 69' lang='grc' dir='ltr'>Ὀεειτίιῑο</span> <span class='ocrx_word' id='word_1_752' title='bbox 2566 4704 2821 4758; x_wconf 77' lang='lat' dir='ltr'>dicatur:</span> <span class='ocrx_word' id='word_1_753' title='bbox 2883 4708 3148 4775; x_wconf 81' lang='lat' dir='ltr'>quantum</span> <span class='ocrx_word' id='word_1_754' title='bbox 3206 4704 3376 4759; x_wconf 82' lang='lat' dir='ltr'>iidem</span> <span class='ocrx_word' id='word_1_755' title='bbox 3453 4703 3757 4759; x_wconf 72' lang='lat' dir='ltr'>Christiani</span> 
     </span>
    </p>
   </div>
   <div class='ocr_carea' id='block_1_104' title="bbox 2170 4774 3875 4849">
    <p class='ocr_par' dir='ltr' id='par_1_104' title="bbox 2170 4774 3875 4849">
     <span class='ocr_line' id='line_1_105' title="bbox 2170 4774 3875 4849; baseline 0.002 -19"><span class='ocrx_word' id='word_1_756' title='bbox 2170 4776 2509 4849; x_wconf 77' lang='lat' dir='ltr'>philosophis</span> <span class='ocrx_word' id='word_1_757' title='bbox 2536 4776 2837 4849; x_wconf 76' lang='lat' dir='ltr'>gentilibus</span> <span class='ocrx_word' id='word_1_758' title='bbox 2864 4774 3145 4849; x_wconf 59' lang='lat' dir='ltr'>pietatem</span> <span class='ocrx_word' id='word_1_759' title='bbox 3182 4774 3436 4831; x_wconf 80' lang='lat' dir='ltr'>doctrina</span> <span class='ocrx_word' id='word_1_760' title='bbox 3460 4778 3757 4832; x_wconf 80' lang='lat' dir='ltr'>antecette-</span> <span class='ocrx_word' id='word_1_761' title='bbox 3866 4828 3875 4834; x_wconf 90' lang='lat'>.</span> 
     </span>
    </p>
   </div>
   <div class='ocr_carea' id='block_1_105' title="bbox 2174 4846 3755 4918">
    <p class='ocr_par' dir='ltr' id='par_1_105' title="bbox 2174 4846 3755 4918">
     <span class='ocr_line' id='line_1_106' title="bbox 2174 4846 3755 4918; baseline -0.001 -14"><span class='ocrx_word' id='word_1_762' title='bbox 2174 4846 2334 4904; x_wconf 69' lang='lat' dir='ltr'>rent:</span> <span class='ocrx_word' id='word_1_763' title='bbox 2384 4847 2636 4903; x_wconf 83' lang='lat' dir='ltr'>Ethnicos</span> <span class='ocrx_word' id='word_1_764' title='bbox 2685 4846 2875 4902; x_wconf 73' lang='lat' dir='ltr'>tamen</span> <span class='ocrx_word' id='word_1_765' title='bbox 2913 4851 2964 4903; x_wconf 83' lang='lat' dir='ltr'>et</span> <span class='ocrx_word' id='word_1_766' title='bbox 3018 4846 3363 4903; x_wconf 75' lang='lat' dir='ltr'>Christianos</span> <span class='ocrx_word' id='word_1_767' title='bbox 3407 4849 3580 4918; x_wconf 78' lang='lat' dir='ltr'>fuisse</span> <span class='ocrx_word' id='word_1_768' title='bbox 3606 4849 3755 4902; x_wconf 83' lang='lat' dir='ltr'>ami-</span> 
     </span>
    </p>
   </div>
   <div class='ocr_carea' id='block_1_106' title="bbox 2176 4920 3755 4992">
    <p class='ocr_par' dir='ltr' id='par_1_106' title="bbox 2176 4920 3755 4992">
     <span class='ocr_line' id='line_1_107' title="bbox 2176 4920 3755 4992; baseline -0.003 -16"><span class='ocrx_word' id='word_1_769' title='bbox 2176 4937 2286 4988; x_wconf 88' lang='lat' dir='ltr'>cos,</span> <span class='ocrx_word' id='word_1_770' title='bbox 2317 4936 2382 4975; x_wconf 87' lang='lat' dir='ltr'>ac</span> <span class='ocrx_word' id='word_1_771' title='bbox 2406 4925 2650 4992; x_wconf 78' lang='lat' dir='ltr'>[rutrum</span> <span class='ocrx_word' id='word_1_772' title='bbox 2676 4920 2900 4976; x_wconf 83' lang='lat' dir='ltr'>nomine</span> <span class='ocrx_word' id='word_1_773' title='bbox 2927 4935 3041 4977; x_wconf 79' lang='lat' dir='ltr'>sese</span> <span class='ocrx_word' id='word_1_774' title='bbox 3069 4921 3300 4977; x_wconf 82' lang='lat' dir='ltr'>invicem</span> <span class='ocrx_word' id='word_1_775' title='bbox 3329 4920 3755 4992; x_wconf 77' lang='lat' dir='ltr'>compcllavisse.</span> 
     </span>
    </p>
   </div>
   <div class='ocr_carea' id='block_1_107' title="bbox 2178 5062 3764 5132">
    <p class='ocr_par' dir='ltr' id='par_1_107' title="bbox 2178 5062 3764 5132">
     <span class='ocr_line' id='line_1_108' title="bbox 2178 5062 3764 5132; baseline -0.001 -15"><span class='ocrx_word' id='word_1_776' title='bbox 2178 5062 2409 5123; x_wconf 89' lang='lat' dir='ltr'>Nemini</span> <span class='ocrx_word' id='word_1_777' title='bbox 2440 5078 2507 5118; x_wconf 83' lang='lat' dir='ltr'>ex</span> <span class='ocrx_word' id='word_1_778' title='bbox 2537 5062 2824 5118; x_wconf 90' lang='lat' dir='ltr'>hactenus</span> <span class='ocrx_word' id='word_1_779' title='bbox 2851 5062 3022 5118; x_wconf 87' lang='lat' dir='ltr'>dictis</span> <span class='ocrx_word' id='word_1_780' title='bbox 3069 5062 3385 5118; x_wconf 89' lang='lat' dir='ltr'>obscurum</span> <span class='ocrx_word' id='word_1_781' title='bbox 3416 5076 3545 5115; x_wconf 89' lang='lat' dir='ltr'>esse</span> <span class='ocrx_word' id='word_1_782' title='bbox 3572 5062 3764 5132; x_wconf 87' lang='lat' dir='ltr'>potest</span> 
     </span>
    </p>
   </div>
   <div class='ocr_carea' id='block_1_108' title="bbox 2108 5150 3759 5225">
    <p class='ocr_par' dir='ltr' id='par_1_108' title="bbox 2108 5150 3759 5225">
     <span class='ocr_line' id='line_1_109' title="bbox 2108 5150 3759 5225; baseline -0.001 -18"><span class='ocrx_word' id='word_1_783' title='bbox 2108 5168 2285 5225; x_wconf 90' lang='lat' dir='ltr'>quam</span> <span class='ocrx_word' id='word_1_784' title='bbox 2318 5151 2465 5207; x_wconf 88' lang='lat' dir='ltr'>falso</span> <span class='ocrx_word' id='word_1_785' title='bbox 2504 5152 2791 5223; x_wconf 88' lang='lat' dir='ltr'>jactitarit</span> <span class='ocrx_word' id='word_1_786' title='bbox 2830 5150 3113 5219; x_wconf 76' lang='lat' dir='ltr'>Ctecilius,</span> <span class='ocrx_word' id='word_1_787' title='bbox 3163 5154 3230 5205; x_wconf 90' lang='lat' dir='ltr'>ut</span> <span class='ocrx_word' id='word_1_788' title='bbox 3274 5150 3525 5222; x_wconf 89' lang='lat' dir='ltr'>ipsemet</span> <span class='ocrx_word' id='word_1_789' title='bbox 3563 5153 3759 5221; x_wconf 86' lang='lat' dir='ltr'>postea</span> 
     </span>
    </p>
   </div>
   <div class='ocr_carea' id='block_1_109' title="bbox 355 5238 3761 5314">
    <p class='ocr_par' dir='ltr' id='par_1_109' title="bbox 355 5238 3761 5314">
     <span class='ocr_line' id='line_1_110' title="bbox 355 5238 3761 5314; baseline 0.001 -24"><span class='ocrx_word' id='word_1_790' title='bbox 355 5253 517 5293; x_wconf 88' lang='lat' dir='ltr'>nemo</span> <span class='ocrx_word' id='word_1_791' title='bbox 555 5245 689 5295; x_wconf 80' lang='lat' dir='ltr'>ante</span> <span class='ocrx_word' id='word_1_792' title='bbox 722 5239 940 5311; x_wconf 81' lang='lat' dir='ltr'>Syllam</span> <span class='ocrx_word' id='word_1_793' title='bbox 969 5240 1314 5295; x_wconf 88' lang='lat' dir='ltr'>dictatorem</span> <span class='ocrx_word' id='word_1_794' title='bbox 1363 5238 1616 5295; x_wconf 89' lang='lat' dir='ltr'>traditur</span> <span class='ocrx_word' id='word_1_795' title='bbox 1664 5246 1996 5296; x_wconf 87' lang='lat' dir='ltr'>crematus:</span> <span class='ocrx_word' id='word_1_796' title='bbox 2109 5246 2262 5300; x_wconf 91' lang='lat' dir='ltr'>recte</span> <span class='ocrx_word' id='word_1_797' title='bbox 2294 5241 2547 5314; x_wconf 90' lang='lat' dir='ltr'>agnovit,</span> <span class='ocrx_word' id='word_1_798' title='bbox 2580 5246 2703 5298; x_wconf 89' lang='lat' dir='ltr'>tota</span> <span class='ocrx_word' id='word_1_799' title='bbox 2743 5258 2851 5297; x_wconf 90' lang='lat' dir='ltr'>sua</span> <span class='ocrx_word' id='word_1_800' title='bbox 2893 5241 3155 5296; x_wconf 82' lang='lat' dir='ltr'>oratione</span> <span class='ocrx_word' id='word_1_801' title='bbox 3184 5255 3246 5294; x_wconf 90' lang='lat' dir='ltr'>se</span> <span class='ocrx_word' id='word_1_802' title='bbox 3294 5239 3575 5310; x_wconf 87' lang='lat' dir='ltr'>probasse</span> <span class='ocrx_word' id='word_1_803' title='bbox 3601 5238 3761 5295; x_wconf 91' lang='lat' dir='ltr'>Chri-</span> 
     </span>
    </p>
   </div>
   <div class='ocr_carea' id='block_1_110' title="bbox 360 5322 3761 5401">
    <p class='ocr_par' dir='ltr' id='par_1_110' title="bbox 360 5322 3761 5401">
     <span class='ocr_line' id='line_1_111' title="bbox 360 5322 3761 5401; baseline 0.003 -27"><span class='ocrx_word' id='word_1_804' title='bbox 360 5322 522 5395; x_wconf 70' lang='lat' dir='ltr'>idque</span> <span class='ocrx_word' id='word_1_805' title='bbox 553 5327 828 5393; x_wconf 85' lang='lat' dir='ltr'>voluisse,</span> <span class='ocrx_word' id='word_1_806' title='bbox 886 5328 1134 5383; x_wconf 89' lang='lat' dir='ltr'>veritum</span> <span class='ocrx_word' id='word_1_807' title='bbox 1188 5326 1489 5395; x_wconf 89' lang='lat' dir='ltr'>talionem,</span> <span class='ocrx_word' id='word_1_808' title='bbox 1531 5333 1696 5384; x_wconf 89' lang='lat' dir='ltr'>eruto</span> <span class='ocrx_word' id='word_1_809' title='bbox 1726 5330 1791 5386; x_wconf 80' lang='grc' dir='ltr'>Ο.</span> <span class='ocrx_word' id='word_1_810' title='bbox 1833 5329 2001 5386; x_wconf 89' lang='lat' dir='ltr'>Marii</span> <span class='ocrx_word' id='word_1_811' title='bbox 2115 5332 2306 5387; x_wconf 88' lang='lat' dir='ltr'>tianos</span> <span class='ocrx_word' id='word_1_812' title='bbox 2338 5348 2467 5387; x_wconf 91' lang='lat' dir='ltr'>esse</span> <span class='ocrx_word' id='word_1_813' title='bbox 2499 5331 2764 5387; x_wconf 90' lang='lat' dir='ltr'>homines</span> <span class='ocrx_word' id='word_1_814' title='bbox 2796 5346 2911 5385; x_wconf 91' lang='lat' dir='ltr'>non</span> <span class='ocrx_word' id='word_1_815' title='bbox 2946 5330 3116 5384; x_wconf 90' lang='lat' dir='ltr'>modo</span> <span class='ocrx_word' id='word_1_816' title='bbox 3148 5328 3323 5383; x_wconf 88' lang='lat' dir='ltr'>rudes</span> <span class='ocrx_word' id='word_1_817' title='bbox 3355 5332 3413 5385; x_wconf 89' lang='lat' dir='ltr'>et</span> <span class='ocrx_word' id='word_1_818' title='bbox 3439 5326 3761 5401; x_wconf 88' lang='lat' dir='ltr'>imperitos.</span> 
     </span>
    </p>
   </div>
   <div class='ocr_carea' id='block_1_111' title="bbox 362 5413 3761 5492">
    <p class='ocr_par' dir='ltr' id='par_1_111' title="bbox 362 5413 3761 5492">
     <span class='ocr_line' id='line_1_112' title="bbox 362 5413 3761 5492; baseline 0.003 -28"><span class='ocrx_word' id='word_1_819' title='bbox 362 5413 643 5471; x_wconf 71' lang='lat' dir='ltr'>cadavere.</span> <span class='ocrx_word' id='word_1_820' title='bbox 689 5417 965 5489; x_wconf 85' lang='lat' dir='ltr'>Sepultus</span> <span class='ocrx_word' id='word_1_821' title='bbox 993 5434 1123 5473; x_wconf 92' lang='lat' dir='ltr'>vero</span> <span class='ocrx_word' id='word_1_822' title='bbox 1149 5416 1530 5490; x_wconf 82' lang='lat' dir='ltr'>intelligatur,</span> <span class='ocrx_word' id='word_1_823' title='bbox 1563 5435 1797 5492; x_wconf 88' lang='lat' dir='ltr'>quoquo</span> <span class='ocrx_word' id='word_1_824' title='bbox 1830 5420 2002 5477; x_wconf 87' lang='lat' dir='ltr'>modo</span> <span class='ocrx_word' id='word_1_825' title='bbox 2111 5422 2211 5478; x_wconf 91' lang='lat' dir='ltr'>sed</span> <span class='ocrx_word' id='word_1_826' title='bbox 2244 5421 2455 5492; x_wconf 89' lang='lat' dir='ltr'>impios</span> <span class='ocrx_word' id='word_1_827' title='bbox 2484 5421 2660 5477; x_wconf 89' lang='lat' dir='ltr'>etiam</span> <span class='ocrx_word' id='word_1_828' title='bbox 2694 5436 2759 5477; x_wconf 89' lang='lat' dir='ltr'>ac</span> <span class='ocrx_word' id='word_1_829' title='bbox 2788 5418 3063 5474; x_wconf 81' lang='lat' dir='ltr'>maximis</span> <span class='ocrx_word' id='word_1_830' title='bbox 3107 5418 3506 5489; x_wconf 88' lang='lat' dir='ltr'>hactenusque</span> <span class='ocrx_word' id='word_1_831' title='bbox 3534 5416 3761 5474; x_wconf 85' lang='lat' dir='ltr'>inaudi-</span> 
     </span>
    </p>
   </div>
   <div class='ocr_carea' id='block_1_112' title="bbox 369 5503 3761 5581">
    <p class='ocr_par' dir='ltr' id='par_1_112' title="bbox 369 5503 3761 5581">
     <span class='ocr_line' id='line_1_113' title="bbox 369 5503 3761 5581; baseline 0.002 -28"><span class='ocrx_word' id='word_1_832' title='bbox 369 5503 615 5561; x_wconf 81' lang='lat' dir='ltr'>conditus</span> <span class='ocrx_word' id='word_1_833' title='bbox 643 5523 657 5573; x_wconf 88' lang='lat'><strong>;</strong></span> <span class='ocrx_word' id='word_1_834' title='bbox 692 5506 973 5562; x_wconf 87' lang='lat' dir='ltr'>humatus</span> <span class='ocrx_word' id='word_1_835' title='bbox 1000 5522 1155 5573; x_wconf 91' lang='lat' dir='ltr'>vero,</span> <span class='ocrx_word' id='word_1_836' title='bbox 1189 5506 1366 5563; x_wconf 91' lang='lat' dir='ltr'>humo</span> <span class='ocrx_word' id='word_1_837' title='bbox 1405 5511 1727 5565; x_wconf 90' lang='lat' dir='ltr'>contectus.</span> <span class='ocrx_word' id='word_1_838' title='bbox 1761 5528 1787 5559; x_wconf 71' lang='grc' dir='ltr'><strong><em>η</em></strong></span> <span class='ocrx_word' id='word_1_839' title='bbox 1825 5510 2000 5581; x_wconf 88' lang='lat' dir='ltr'>(Plin.</span> <span class='ocrx_word' id='word_1_840' title='bbox 2116 5510 2190 5565; x_wconf 89' lang='lat' dir='ltr'>tis</span> <span class='ocrx_word' id='word_1_841' title='bbox 2220 5510 2649 5566; x_wconf 75' lang='lat' dir='ltr'>contaminatos</span> <span class='ocrx_word' id='word_1_842' title='bbox 2679 5507 3038 5575; x_wconf 88' lang='lat' dir='ltr'>sceleribus;</span> <span class='ocrx_word' id='word_1_843' title='bbox 3070 5505 3342 5565; x_wconf 88' lang='lat' dir='ltr'>Octavius</span> <span class='ocrx_word' id='word_1_844' title='bbox 3376 5523 3510 5564; x_wconf 88' lang='lat' dir='ltr'>vero</span> <span class='ocrx_word' id='word_1_845' title='bbox 3539 5511 3761 5565; x_wconf 86' lang='lat' dir='ltr'>tantam</span> 
     </span>
    </p>
   </div>
   <div class='ocr_carea' id='block_1_113' title="bbox 368 5681 3769 5759">
    <p class='ocr_par' dir='ltr' id='par_1_113' title="bbox 368 5681 3769 5759">
     <span class='ocr_line' id='line_1_114' title="bbox 368 5681 3769 5759; baseline 0.001 -24"><span class='ocrx_word' id='word_1_846' title='bbox 368 5696 644 5754; x_wconf 87' lang='lat' dir='ltr'>ceronem,</span> <span class='ocrx_word' id='word_1_847' title='bbox 677 5686 761 5741; x_wconf 91' lang='lat' dir='ltr'>uti</span> <span class='ocrx_word' id='word_1_848' title='bbox 793 5686 976 5754; x_wconf 89' lang='lat' dir='ltr'>vides,</span> <span class='ocrx_word' id='word_1_849' title='bbox 1008 5684 1142 5740; x_wconf 76' lang='grc' dir='ltr'>κατά</span> <span class='ocrx_word' id='word_1_850' title='bbox 1172 5681 1315 5739; x_wconf 73' lang='grc' dir='ltr'>ποδαι</span> <span class='ocrx_word' id='word_1_851' title='bbox 1345 5687 1629 5757; x_wconf 87' lang='lat' dir='ltr'>sequitur,</span> <span class='ocrx_word' id='word_1_852' title='bbox 1661 5691 1717 5743; x_wconf 90' lang='lat' dir='ltr'>et</span> <span class='ocrx_word' id='word_1_853' title='bbox 1745 5688 1883 5759; x_wconf 84' lang='lat' dir='ltr'>quid</span> <span class='ocrx_word' id='word_1_854' title='bbox 1914 5706 2002 5746; x_wconf 91' lang='lat' dir='ltr'>se-</span> <span class='ocrx_word' id='word_1_855' title='bbox 2116 5687 2326 5745; x_wconf 86' lang='lat' dir='ltr'>refellit</span> <span class='ocrx_word' id='word_1_856' title='bbox 2354 5689 2583 5747; x_wconf 89' lang='lat' dir='ltr'>verbis:</span> <span class='ocrx_word' id='word_1_857' title='bbox 2610 5712 2637 5737; x_wconf 88' lang='grc'>‹‹</span> <span class='ocrx_word' id='word_1_858' title='bbox 2669 5689 2728 5747; x_wconf 87' lang='lat' dir='ltr'>Si</span> <span class='ocrx_word' id='word_1_859' title='bbox 2760 5686 3085 5755; x_wconf 88' lang='lat' dir='ltr'>vobiscum,</span> <span class='ocrx_word' id='word_1_860' title='bbox 3121 5708 3150 5738; x_wconf 84' lang='grc'><strong>››</strong></span> <span class='ocrx_word' id='word_1_861' title='bbox 3184 5686 3466 5743; x_wconf 88' lang='lat' dir='ltr'>nimirum</span> <span class='ocrx_word' id='word_1_862' title='bbox 3496 5684 3769 5749; x_wconf 82' lang='lat' dir='ltr'>ethnicis,</span> 
     </span>
    </p>
   </div>
   <div class='ocr_carea' id='block_1_114' title="bbox 30 5598 227 6008">
    <p class='ocr_par' dir='ltr' id='par_1_114' title="bbox 30 5598 227 6008">
     <span class='ocr_line' id='line_1_115' title="bbox 30 5598 227 6008; baseline 0 0"><span class='ocrx_word' id='word_1_863' title='bbox 30 5598 227 6008; x_wconf 59' lang='grc' dir='ltr'><strong>ῗ</strong></span> 
     </span>
    </p>
   </div>
   <div class='ocr_carea' id='block_1_115' title="bbox 369 5587 3867 5671">
    <p class='ocr_par' dir='ltr' id='par_1_115' title="bbox 369 5587 3867 5671">
     <span class='ocr_line' id='line_1_116' title="bbox 369 5587 3867 5671; baseline 0.002 -28"><span class='ocrx_word' id='word_1_864' title='bbox 369 5587 457 5646; x_wconf 85' lang='lat' dir='ltr'>lib.</span> <span class='ocrx_word' id='word_1_865' title='bbox 488 5610 562 5650; x_wconf 80' lang='lat' dir='ltr'>vn</span> <span class='ocrx_word' id='word_1_866' title='bbox 592 5595 792 5651; x_wconf 82' lang='lat' dir='ltr'>Natur.</span> <span class='ocrx_word' id='word_1_867' title='bbox 836 5598 1037 5667; x_wconf 57' lang='lat' dir='ltr'>Epist,</span> <span class='ocrx_word' id='word_1_868' title='bbox 1070 5613 1196 5669; x_wconf 87' lang='lat' dir='ltr'>cap.</span> <span class='ocrx_word' id='word_1_869' title='bbox 1231 5598 1318 5663; x_wconf 70' lang='grc'>54,</span> <span class='ocrx_word' id='word_1_870' title='bbox 1357 5613 1490 5669; x_wconf 78' lang='lat' dir='ltr'>pag.</span> <span class='ocrx_word' id='word_1_871' title='bbox 1529 5597 1593 5652; x_wconf 84' lang='lat'>91</span> <span class='ocrx_word' id='word_1_872' title='bbox 1628 5602 1678 5653; x_wconf 82' lang='lat' dir='ltr'>et</span> <span class='ocrx_word' id='word_1_873' title='bbox 1704 5599 1877 5671; x_wconf 80' lang='lat' dir='ltr'>seqq.)</span> <span class='ocrx_word' id='word_1_874' title='bbox 1909 5599 2005 5655; x_wconf 91' lang='lat' dir='ltr'>Ci-</span> <span class='ocrx_word' id='word_1_875' title='bbox 2115 5598 2494 5665; x_wconf 87' lang='lat' dir='ltr'>calumniam,</span> <span class='ocrx_word' id='word_1_876' title='bbox 2528 5600 2673 5654; x_wconf 88' lang='lat' dir='ltr'>satis</span> <span class='ocrx_word' id='word_1_877' title='bbox 2704 5612 2997 5671; x_wconf 89' lang='lat' dir='ltr'>superque</span> <span class='ocrx_word' id='word_1_878' title='bbox 3026 5597 3410 5663; x_wconf 85' lang='lat' dir='ltr'>confutatam,</span> <span class='ocrx_word' id='word_1_879' title='bbox 3452 5596 3545 5651; x_wconf 91' lang='lat' dir='ltr'>his</span> <span class='ocrx_word' id='word_1_880' title='bbox 3577 5597 3769 5653; x_wconf 89' lang='lat' dir='ltr'>adhuc</span> <span class='ocrx_word' id='word_1_881' title='bbox 3850 5642 3867 5659; x_wconf 50' lang='grc' dir='ltr'><strong>ι</strong></span> 
     </span>
    </p>
   </div>
  </div>
