4088 6150
421 343 543 403 563

1713 340 1814 399 DE
1858 337 2164 400 MlNUClI
2209 338 2552 401 OCTAVIO

3670 351 3774 410 564

424 489 534 532 nos
556 496 583 525 ‹‹
608 471 922 529 Christiani
944 486 1372 544 comparemur,
1397 469 1667 542 quamvis
1693 469 1751 526 in
1777 468 2074 526 nonnullis
2104 469 2158 537 Α
2189 475 2388 526 noster
2418 471 2548 543 subj
2561 470 2759 527 unxit:
2797 494 2826 523 «
2853 471 2933 528 De
2962 475 3151 528 vestro
3185 485 3422 529 numero
3462 489 3634 532 carcer
3658 495 3777 537 exos.

426 561 739 634 disciplina
770 566 970 618 nostra
989 561 1180 617 minor
1207 569 1313 631 est,
1335 560 1522 616 multo
1546 566 1740 616 tamen
1770 561 1936 616 vobis
1961 576 2078 615 me-

426 651 603 708 liores
650 651 1178 723 deprehendemur.
1232 672 1261 700 ››
1303 649 1526 717 Quibus
1574 667 1715 705 sane
1757 650 1950 705 verbis
1982 647 2081 704 ille

426 740 584 796 haud
641 739 980 796 dubitanter
1029 740 1178 796 547
1243 743 1538 795 asseverat
1596 739 1767 811 longe
1817 738 2081 810 puriores

427 831 866 901 sanctioresque
911 828 1092 884 fuisse
1141 827 1610 884 Christianorum
1659 843 1835 899 quam
1894 827 2079 898 genti-

426 918 571 973 lium
604 933 816 973 mores.

495 1014 734 1081 Verum,
767 1014 993 1085 inquiet
1022 1013 1258 1085 aliquis,
1310 1013 1450 1085 quid
1499 1011 1610 1068 sibi
1660 1011 1782 1067 vult
1813 1011 2082 1068 Octavius

425 1120 560 1159 cum
586 1103 688 1158 ait.
719 1126 747 1153 ‹‹
784 1105 847 1158 In
892 1103 1194 1158 nonnullis
1240 1107 1439 1158 nostra
1487 1100 1799 1172 disciplina
1828 1101 2022 1156 minor
2054 1121 2082 1149 ››

425 1209 603 1262 quam
635 1191 1005 1248 ethnicorum
1056 1213 1086 1241 «
1136 1192 1272 1246 est?
1325 1191 1546 1262 Duplex
1591 1207 1720 1246 esse
1763 1193 1951 1261 potest
1981 1189 2082 1245 ho-

424 1297 556 1336 rum
587 1281 896 1335 verborum
930 1296 1142 1336 sensus
1169 1297 1181 1334 :
1213 1279 1402 1352 primo
1435 1278 1690 1350 quidem,
1721 1278 1991 1348 quamvis
2022 1279 2083 1333 in

425 1368 727 1425 nonnullis
771 1369 1118 1424 Christianis
1166 1368 1393 1438 ignavis
1441 1372 1498 1422 et
1549 1367 1862 1422 desidiosis
1895 1366 2088 1422 minor

425 1457 504 1513 sit
518 1463 719 1514 nostra
736 1457 1068 1529 disciplina,
1087 1457 1145 1512 hi
1159 1461 1358 1512 tamen
1375 1456 1626 1513 ethnicis
1643 1460 1781 1511 sunt
1794 1454 2086 1511 meliores.

425 1547 584 1603 Alter
611 1563 743 1603 vero
774 1563 953 1602 sensu
981 1563 992 1601 :
1026 1545 1339 1602 Christiani
1383 1544 1656 1601 meliores
1699 1544 1951 1600 ethnicis
1981 1545 2086 1600 de-

429 1634 895 1708 prehenduntur,
926 1636 1196 1707 quamvis
1245 1634 1303 1689 in
1336 1633 1638 1691 nonnullis
1686 1635 1862 1690 rebus
1911 1633 2086 1690 disci-

429 1723 588 1795 plina
617 1740 819 1779 eorum
867 1723 1061 1779 minor
1109 1723 1187 1779 sit
1236 1739 1413 1795 quam
1463 1722 1793 1795 gentilium,
1837 1727 1978 1794 puta
2010 1723 2086 1778 Ie-

427 1829 569 1886 gum
600 1813 1000 1878 multitudine,
1050 1812 1414 1909 caeremoniis
1471 1812 1542 1868 ad
1574 1813 1817 1909 deorum
1861 1811 2086 1868 cultum
2119 1844 2167 1909 Β

431 1907 602 1973 atque
632 1903 974 1976 religionem
1026 1901 1475 1974 pertinentibus,
1509 1899 1769 1973 templis,
1822 1903 1963 1969 aris,
1995 1918 2090 1957 sa-

425 1990 682 2060 criﬁciis,
715 1991 965 2064 pompis,
1015 2007 1364 2047 coronarum
1405 2007 1516 2046 usu
1565 1988 1817 2060 aliisque
1845 1989 2082 2063 ritibus,

425 2079 496 2136 de
516 2081 737 2152 quibus
759 2097 792 2136 a
814 2080 986 2136 nobis
1013 2079 1285 2152 superius
1307 2079 1671 2150 disputatum
1698 2084 1807 2134 est.
1831 2077 2087 2133 Videau-

423 2173 542 2224 tem
575 2184 649 2223 an
679 2167 775 2223 hic
796 2184 1009 2224 sensus
1043 2167 1231 2240 priore
1255 2167 1461 2223 melior
1490 2171 1797 2240 propterea
1826 2167 2090 2224 videatur

423 2256 582 2326 quod
612 2255 908 2312 Minucius
937 2255 1303 2313 Christianos
1324 2271 1460 2312 cum
1491 2255 1764 2322 ethnicis,
1805 2271 1921 2311 non
1953 2273 2086 2313 vero

424 2361 627 2400 secum
660 2349 995 2418 componat.

493 2443 680 2510 Quam
713 2447 911 2500 autem
944 2443 1180 2515 integri,
1231 2442 1376 2499 casti
1407 2447 1464 2498 et
1511 2441 1772 2516 religiosi
1803 2442 2086 2500 Christia-

423 2548 658 2598 norum,
680 2532 989 2605 gentilium
1020 2548 1154 2589 vero
1208 2531 1490 2603 corrupti,
1539 2531 1838 2603 depravati
1870 2531 2088 2604 impro-

423 2622 599 2693 bique
621 2625 821 2676 essent
848 2637 1059 2692 mores,
1087 2619 1245 2676 brevi
1269 2619 1728 2692 comparatione,
1754 2637 1931 2692 quam
1955 2622 2089 2677 Ter-

421 2707 710 2766 tullianus
742 2709 930 2766 fusius
960 2709 1338 2782 prosequitur
1387 2708 1748 2780 (Tertullian.
1777 2709 2084 2783 Apologet.,

424 2813 551 2870 cap.
586 2798 676 2866 46,
708 2815 840 2872 pag.
892 2799 961 2855 39
1004 2803 1054 2855 et
1082 2798 1274 2871 seqq),
1327 2797 1618 2853 Minucius
1671 2796 1796 2853 sive
1823 2799 1951 2869 ejus
1982 2815 2084 2855 no-

425 2886 584 2942 mine
604 2887 874 2943 Octavius
897 2886 1188 2942 ostendit:
1222 2906 1244 2934 c
1267 2887 1384 2944 Vos
1415 2887 1595 2956 enim,
1618 2886 1697 2942 ait
1719 2885 1838 2954 ille,
1867 2887 2088 2945 adulte'

429 2978 517 3032 ria
543 2977 886 3050 prohibetis,
920 2983 977 3034 et
1007 2977 1198 3034 facitis
1225 2995 1239 3033 :
1274 2995 1380 3033 nos
1431 2976 1711 3032 uxoribus
1742 2978 1961 3034 nostris
1992 2994 2085 3033 so-

428 3066 729 3123 lummodo
759 3067 865 3123 viri
911 3067 1231 3124 nascimur.
1278 3089 1306 3118 »
1339 3067 1501 3132 Quod
1554 3066 1792 3139 quidem
1824 3066 2086 3139 proxime

427 3155 638 3212 citatus
670 3175 705 3212 a
743 3156 913 3212 nobis
943 3155 1340 3213 Tertullianus
1370 3155 1682 3228 Speusippi
1713 3155 1977 3228 exemplo
2001 3155 2084 3211 sic

425 3245 806 3317 comprobat:
839 3268 866 3295 «
891 3245 1080 3301 Audio
1105 3245 1321 3316 inquit,
1346 3244 1662 3316 quemdam
1684 3243 2081 3316 Speusippum

425 3333 494 3388 de
525 3332 783 3390 Platonis
813 3333 1014 3390 schola
1043 3334 1101 3390 in
1147 3332 1435 3390 adulterio
1485 3332 1770 3405 periisse:
1803 3332 2083 3390 Christia-

427 3440 539 3478 nus
570 3423 735 3480 uxori
767 3441 884 3479 suae
917 3423 1026 3480 soli
1050 3426 1351 3480 masculus
1373 3421 1634 3478 nascitur
1654 3444 1683 3472 »
1711 3421 2080 3494 (Tertullian.

422 3512 523 3568 loc.
556 3514 652 3568 cit.
693 3529 822 3585 pag.
874 3514 985 3584 40).
1036 3513 1147 3569 Sed
1200 3513 1269 3568 de
1316 3511 1786 3568 Christianorum
1817 3512 2083 3568 castitate

425 3605 480 3654 et
514 3601 716 3656 infami
762 3601 1129 3657 ethnicorum
1179 3601 1552 3672 impudicitia
1603 3617 1708 3656 nos
1742 3601 1869 3672 jam
1903 3618 2084 3674 supra

425 3689 696 3759 quaedam
747 3688 1057 3746 retulimus
1088 3690 1283 3762 (Supr.
1340 3705 1465 3761 cap.
1512 3691 1598 3760 10,
1649 3693 1757 3744 art.
1795 3690 1820 3743 1
1855 3693 1911 3744 et
1938 3690 1993 3758 2,
2027 3694 2085 3746 et

426 3794 552 3849 cap.
587 3778 674 3849 16,
706 3782 816 3833 art.
848 3779 926 3849 2),
959 3785 1016 3834 et
1045 3779 1239 3834 adhuc
1268 3777 1422 3834 infra
1451 3777 1741 3835 dicemus.

502 3885 716 3941 Deinde
745 3901 878 3942 vero
927 3886 1255 3942 Minucius:
1313 3905 1339 3937 α
1382 3884 1498 3940 Vos
1555 3883 1776 3940 scelera
1824 3885 2086 3942 admissa

426 3974 671 4046 putatis,
704 3975 858 4047 apud
893 3991 998 4031 nos
1027 3979 1085 4031 et
1114 3974 1370 4047 cogitare
1393 3989 1628 4046 peccare
1658 3978 1780 4029 est:
1817 3989 1916 4030 vos
1947 3990 2084 4030 con-

427 4063 580 4119 scios
609 4063 854 4132 timetis,
889 4081 996 4120 nos
1026 4064 1202 4120 etiam
1251 4062 1669 4120 conscientiam
1713 4060 1923 4128 solam,
1957 4063 2084 4120 sine

427 4171 548 4226 qua
575 4170 704 4211 esse
737 4173 852 4210 non
879 4172 1216 4227 possumus.
1243 4177 1271 4204 »
1294 4153 1693 4211 Tertullianus
1722 4170 1853 4209 vero
1878 4170 1891 4209 :
1923 4180 1949 4204 α
1980 4156 2082 4211 De-

425 4243 709 4300 mocritus
758 4244 1100 4300 excmcando
1144 4244 1554 4316 semetipsum,
1603 4242 1759 4314 quod
1806 4242 2083 4300 mulieres

424 4331 551 4388 sine
583 4333 1058 4405 concupiscentia
1087 4334 1345 4404 aspicere
1378 4348 1490 4388 non
1538 4336 1736 4404 posset
1779 4337 1836 4388 et
1866 4331 2085 4388 doleret

423 4420 471 4475 si
506 4439 619 4477 non
652 4427 809 4478 esset
856 4422 1098 4495 potitus,
1148 4421 1631 4478 incontinentiam
1673 4421 2083 4477 emendatione

420 4511 746 4580 profitetur.
771 4513 842 4566 At
861 4511 1230 4568 Christianus
1261 4511 1437 4568 salvis
1461 4509 1647 4566 oculis
1678 4510 1928 4566 feminas
1961 4527 2077 4566 non

2191 565 2386 626 stuat;
2420 559 2786 616 Christianus
2816 561 2894 615 ibi
2927 559 3148 627 nullus,
3177 559 3292 615 nisi
3324 567 3418 616 aut
3439 579 3562 621 reus
3588 566 3780 640 religio-

2191 650 2284 704 nis
2315 666 2434 703 sum
2467 654 2569 704 aut
2615 650 2918 722 profugus.
2956 672 2984 699 ››
3025 653 3162 714 Quae
3213 649 3441 722 quidem
3490 652 3779 714 Tertulliani

2191 738 2362 792 dictis
2394 737 2536 793 adeo
2559 743 2910 810 congruunt,
2936 743 3000 794 ut
3022 740 3093 794 ab
3122 737 3222 793 illo
3245 748 3502 811 excerpta
3519 744 3788 802 translata-

2192 843 2305 896 que
2336 828 2666 882 videantur.
2694 829 2776 883 Ita
2797 828 2952 882 enim
2980 827 3075 884 ille
3098 844 3109 881 :
3144 849 3171 876 ι(
3201 828 3360 882 Tota
3383 829 3532 884 vobis
3557 840 3790 891 nocentes

2190 915 2368 970 variis
2401 915 2713 971 criminum
2747 914 2951 988 elogiis
2982 920 3396 972 recensentur:
3446 919 3568 988 quis
3596 920 3703 976 illic
3727 924 3790 978 si-

2194 1003 2407 1070 carius,
2441 1003 2593 1062 548
2627 1003 2758 1076 quis
2811 1002 3277 1071 manticularius,
3328 1002 3453 1074 quis
3494 1006 3791 1080 sacrilegus,

2194 1097 2294 1147 aut
2324 1099 2648 1164 corruptor,
2698 1096 2800 1148 aut
2846 1092 3166 1148 lavantium
3214 1093 3425 1164 praedo,
3474 1093 3618 1150 idem
3645 1097 3796 1152 etiam

2194 1181 2561 1237 Christianus
2592 1182 2908 1237 ascribitur
2927 1180 2955 1235 ’ἶ
2983 1184 3119 1247 Aut,
3142 1199 3275 1236 cum
3303 1181 3601 1238 Christiani
3629 1201 3722 1240 suo
3748 1187 3801 1241 ti~

2195 1269 2317 1326 tulo
2349 1271 2692 1338 offeruntur,
2725 1270 2862 1343 quis
2892 1288 2960 1326 ex
2991 1270 3106 1326 illis
3137 1270 3315 1326 etiam
3362 1269 3495 1326 talis
3523 1272 3708 1344 quales
3733 1279 3804 1330 tot

2195 1365 2469 1415 nocentes
2489 1359 2516 1414 ‘I
2548 1361 2628 1415 De
2661 1360 2871 1417 vestris
2903 1376 3136 1432 semper
3163 1364 3373 1415 aestuat
3402 1376 3610 1432 carcer,
3639 1361 3703 1416 de
3727 1378 3804 1418 ve-

2196 1448 2334 1504 stris
2367 1465 2597 1520 semper
2626 1448 2862 1505 metalla
2905 1449 3228 1520 suspirant,
3261 1449 3334 1504 de
3382 1449 3581 1505 vestris
3609 1467 3808 1524 semper

2196 1538 2394 1594 bestias
2452 1539 2818 1610 saginantur,
2869 1538 2940 1594 de
2984 1539 3193 1593 vestris
3243 1553 3478 1610 semper
3527 1540 3811 1595 munerarii

2198 1626 2500 1682 noxiorum
2516 1643 2720 1700 greges
2734 1631 2998 1699 pascunt.
3015 1627 3195 1682 Nemo
3208 1626 3328 1682 illic
3341 1626 3416 1681 Cb
3427 1626 3812 1692 ristianus,nisi

2197 1715 2308 1770 hoc
2338 1719 2588 1782 tantum,
2623 1721 2719 1771 aut
2749 1716 2798 1771 si
2829 1720 2886 1771 et
2915 1715 3097 1784 aliud,
3120 1716 3248 1788 jam
3287 1731 3400 1770 non
3430 1715 3813 1772 Christianus»

2198 1803 2462 1872 (Tertull.
2497 1805 2678 1876 Apol.,
2724 1821 2851 1876 cap.
2887 1805 2975 1874 45,
3027 1821 3159 1877 pag.
3193 1803 3326 1876 39):
3375 1803 3483 1860 hoc
3514 1808 3616 1874 est,
3646 1803 3814 1859 nullus

2198 1893 2567 1949 Christianus
2616 1893 2676 1949 in
2725 1910 3007 1950 carcerem
3056 1894 3337 1949 detrusus
3385 1897 3617 1965 propter
3656 1892 3816 1948 ullum

2198 1983 2444 2054 quodvis
2469 1982 2682 2050 scelus,
2705 1983 2806 2038 sed
2830 1983 2902 2038 ob
2925 1980 3116 2038 solum
3139 1997 3359 2037 nomen
3381 1979 3671 2037 christiani
3693 1981 3817 2036 chri-

2197 2074 2518 2143 stianaeque
2545 2071 2690 2144 legis
2723 2072 3164 2143 professionem.
3189 2070 3296 2125 Sin
3329 2087 3462 2126 vero
3490 2074 3709 2142 propter
3730 2070 3816 2125 ali-

2197 2161 2352 2232 quod
2385 2161 2598 2229 scelus,
2625 2162 2750 2233 jam
2782 2160 2878 2217 ille
2901 2177 3014 2216 non
3035 2165 3162 2216 erat
3193 2160 3588 2228 Christianus,
3619 2160 3670 2214 id
3702 2165 3820 2215 este

2197 2250 2530 2305 Christiana
2561 2250 2919 2322 professione
2948 2249 3259 2305 defecerat.
3295 2254 3372 2304 At
3401 2248 3512 2305 hoc
3541 2248 3723 2321 ipsum
3749 2253 3823 2302 est

2196 2340 2349 2411 quod
2381 2357 2416 2395 a
2447 2339 2703 2395 Minucio
2734 2345 2931 2395 nostro
2962 2339 3186 2394 dictum
3210 2338 3496 2394 vidimus.
3528 2337 3655 2393 Alia
3679 2352 3822 2408 porro

2194 2426 2253 2482 in
2285 2428 2696 2484 dissertatione
2742 2430 3052 2496 (Dissertat.
3100 2431 3161 2483 in
3203 2429 3558 2497 Tertullian.,
3606 2442 3721 2498 cap.
3751 2425 3822 2491 12,

2196 2520 2304 2571 art.
2335 2517 2388 2584 3,
2423 2517 2476 2587 4)
2509 2517 2887 2572 ostendemus
2919 2533 3098 2589 quam
3129 2516 3308 2590 longe
3328 2517 3520 2571 fusius
3551 2516 3698 2570 idem
3717 2515 3826 2569 Ter-

2193 2604 2478 2661 tullianus
2509 2605 2658 2660 hanc
2688 2605 3152 2661 Christianorum
3184 2606 3672 2676 ethnicorumque
3693 2619 3824 2658 com-

2196 2695 2554 2766 parationem
2580 2699 2987 2766 prosequatur.
3012 2695 3252 2751 Interim
3275 2694 3472 2766 legere
3496 2693 3699 2765 poteris
3720 2708 3826 2762 qua:

2195 2783 2254 2838 in
2279 2783 2487 2839 borum
2510 2783 3014 2840 confirmationem
3037 2782 3233 2840 abillo
3258 2801 3329 2839 ac
3355 2782 3648 2839 Lactantio
3669 2787 3721 2836 et
3743 2787 3828 2834 Eu-

2195 2871 2353 2929 sebio
2403 2871 2639 2944 scriptis
2687 2871 2964 2927 mandata
3019 2876 3159 2927 sunt
3199 2871 3480 2944 (Tertull.
3531 2871 3601 2927 ad
3641 2869 3828 2940 Scapu.,

2194 2962 2426 3034 cap.2;
2473 2961 2730 3018 Lactant.
2783 2961 2885 3016 lib.
2921 2978 2953 3014 v
3003 2963 3208 3028 Instit.,
3259 2978 3391 3032 cap.
3444 2961 3500 3029 9,
3555 2975 3679 3032 pag.
3708 2957 3830 3022 383;

2193 3051 2404 3106 Euseb.
2440 3050 2540 3106 lib.
2575 3067 2606 3105 v
2639 3052 2774 3107 Hist.
2802 3052 2954 3121 eccl.,
2987 3067 3115 3122 cap.
3146 3051 3203 3116 2,
3244 3067 3383 3123 pag.
3422 3049 3566 3121 169).

2265 3156 2459 3229 Pergit
2491 3157 2782 3213 Minucius
2812 3161 3031 3226 noster,
3055 3155 3366 3229 aliamque
3395 3156 3832 3213 Christianorum

2193 3262 2328 3301 cum
2363 3246 2614 3302 ethnicis
2645 3245 3013 3318 philosophis
3043 3246 3562 3317 comparationem
3596 3245 3739 3300 hunc
3764 3242 3836 3296 in-

2193 3335 2386 3391 stituit
2414 3336 2469 3390 in
2502 3336 2741 3391 modum
2765 3351 2778 3390 :
2808 3359 2835 3384 ‹‹
2861 3335 3366 3406 PhilosOphorum
3393 3332 3705 3407 supercilia
3730 3345 3838 3386 con-

2192 3424 2537 3494 temnimus,
2571 3441 2716 3494 quos
2749 3428 3121 3495 corruptores
3166 3428 3232 3479 et
3263 3423 3575 3479 adulteros
3604 3419 3840 3476 novimus

2193 3519 2250 3568 et
2276 3518 2576 3584 tyrannos,
2601 3519 2658 3568 et
2688 3529 2921 3583 semper
2945 3512 3234 3568 adversus
3254 3530 3370 3568 sua
3391 3513 3534 3566 vitia
3566 3509 3839 3565 facundos.

2193 3601 2308 3656 Nos
2339 3617 2455 3656 non
2487 3600 2690 3656 habitu
2716 3600 3088 3672 sapientiam,
3114 3601 3221 3656 sed
3246 3607 3451 3656 mente
3475 3596 3841 3672 praeferimus:

2193 3705 2308 3744 non
2340 3689 2673 3762 eloquimur
2695 3706 2927 3760 magna,
2955 3690 3056 3744 sed
3082 3689 3373 3745 vivimus.
3408 3689 3735 3746 Gloriamur
3756 3699 3843 3738 nos

2193 3784 2537 3834 consecutos
2569 3779 2722 3848 quod
2746 3777 2831 3833 illi
2861 3794 3096 3833 summa
3126 3779 3474 3834 intentione
3518 3774 3846 3849 quaesierunt

2193 3883 2299 3922 nec
2326 3866 2584 3924 invenire
2633 3870 2970 3940 potuerunt.
3003 3889 3032 3918 »
3084 3868 3432 3940 Cyprianus
3482 3883 3615 3922 vero
3658 3881 3723 3918 ex
3756 3861 3845 3916 hoc

2194 3955 2449 4012 auctoris
2472 3955 2654 4011 nostri
2672 3955 2795 4010 loco
2819 3955 2970 4011 hanc
2991 3955 3180 4027 ipsam
3204 3954 3717 4027 comparationem
3740 3964 3847 4022 pro-

2193 4043 2286 4100 cul
2319 4043 2494 4100 dubio
2526 4048 2830 4100 mutuatus
2860 4049 2968 4110 est,
3002 4060 3068 4100 ac
3099 4043 3282 4116 plura
3303 4045 3491 4101 etiam
3522 4043 3681 4099 illius
3703 4038 3848 4095 verba

2194 4150 2318 4206 qua:
2351 4149 2383 4188 a
2413 4133 2580 4189 nobis
2613 4132 2886 4205 superius
2916 4132 3219 4204 descripta
3255 4139 3407 4190 sunt
3436 4133 3636 4206 (Supr.
3668 4127 3844 4201 (περὶ,

2193 4228 2303 4278 art.
2337 4221 2429 4288 39,
2462 4239 2594 4294 pag.
2629 4223 2702 4294 4).

2174 4322 2182 4328 ’
2264 4321 2374 4377 Sed
2407 4321 2516 4377 hoc
2546 4327 2716 4376 antea
2747 4319 2919 4394 longe
2949 4320 3254 4392 copiosius
3279 4339 3316 4378 a
3339 4319 3710 4378 Tertulliano
3727 4320 3850 4371 trac-

2192 4415 2380 4465 tatum
2411 4411 2638 4466 fuerat:
2673 4433 2700 4461 «
2758 4409 3115 4481 Philosophi,
3168 4410 3285 4480 ait,
3341 4411 3630 4466 affectant
3664 4405 3848 4462 verita-

2191 4504 2330 4563 tem,
2363 4506 2422 4554 et
2451 4497 2773 4554 affectando
2849 4505 3267 4569 corrumpunt,
3337 4504 3405 4554 ut
3466 4497 3571 4570 qui
3629 4491 3849 4561 gloriam

419 4599 598 4666 videt,
630 4598 828 4654 animo
879 4601 1160 4656 adversus
1208 4600 1452 4656 libiuem
1501 4615 1689 4656 οωουε
1737 4604 1826 4656 est
1848 4622 1876 4649 »
1911 4600 2073 4670 (Ter-
2107 4581 2155 4647 D
2188 4591 2445 4659 captant.
2479 4586 2796 4642 Christiani
2829 4592 2890 4642 et
2918 4588 3257 4642 necessario
3307 4592 3610 4659 appetunt
3639 4590 3695 4640 ct
3719 4583 3848 4637 inte-

421 4684 650 4742 tullian.
686 4688 786 4742 loc.
837 4689 957 4753 cit,
1010 4705 1142 4760 pag.
1176 4689 1286 4760 40).
1335 4689 1444 4745 Sed
1486 4689 1827 4761 probatione
1872 4689 1927 4743 id
1964 4705 2077 4744 non

421 4775 663 4848 indiget.
686 4775 827 4839 Quis
848 4775 1004 4832 enim
1029 4778 1215 4834 nescit
1234 4783 1516 4833 statutam
1537 4795 1572 4832 a
1593 4777 1822 4834 Christo
1848 4778 2033 4850 legem
2061 4794 2074 4833 :

423 4865 613 4921 Omni:
639 4867 742 4937 qui
775 4866 969 4922 viderit
996 4867 1287 4923 mulierem
1315 4866 1385 4921 ad
1409 4867 1900 4936 concupiscendam
1928 4883 2076 4932 eam,

412 4954 539 5026 jam
566 4955 871 5014 maechatus
899 4965 977 5013 est
1024 4973 1145 5011 eam
1178 4957 1233 5010 in
1283 4955 1440 5011 corde
1468 4970 1566 5010 suo
1609 4955 1821 5024 (Matth.
1855 4973 1906 5021 v,
1937 4957 2028 5028 28)
2050 4956 2078 5011 ?

420 5047 606 5116 Atque
637 5045 773 5101 inde
814 5044 1205 5101 Tertullianus
1249 5041 1547 5098 concludit
1586 5043 1841 5097 divinam
1887 5043 2074 5115 legem

421 5132 681 5190 humana
707 5151 836 5190 esse
877 5133 1275 5206 perfectiorem
1306 5149 1318 5186 :
1353 5155 1381 5181 «
1431 5131 1578 5194 Quid
1610 5131 1946 5203 perfectius.
1979 5131 2074 5186 in-

420 5223 570 5292 quit,
605 5223 910 5296 prohibere
940 5220 1320 5284 adulterium,
1352 5236 1423 5274 an
1458 5219 1633 5274 etiam
1666 5219 1738 5274 ab
1765 5219 2072 5276 oculorum
2109 5209 2112 5212 ’

418 5310 677 5368 solitaria
707 5309 1182 5383 concupiscentia
1211 5323 1407 5364 arcere
1432 5309 1455 5362 Ρ
1483 5331 1512 5357 ι»
1544 5307 1807 5380 (Tertull.
1831 5308 2069 5382 Apolog.

415 5416 522 5469 cap
547 5400 638 5464 44,
671 5415 803 5472 pag.
836 5399 952 5466 36.)
982 5398 1091 5454 Sed
1126 5397 1197 5452 de
1239 5396 1333 5453 his
1362 5397 1532 5470 plura
1570 5397 1628 5453 in
1661 5397 2069 5471 subsequenti-

412 5487 524 5544 bus
555 5487 1070 5545 dissertationibus
1091 5487 1343 5561 (Dz'uert.
1369 5489 1429 5543 in
1455 5488 1800 5555 Tertullum,
1823 5504 1950 5559 cap.
1980 5488 2066 5559 12,

409 5584 519 5634 art.
558 5575 636 5645 4).

473 5665 741 5739 Denique
771 5668 841 5726 de
872 5667 988 5726 reis
1018 5669 1075 5728 in
1109 5682 1397 5725 carcerem
1428 5666 1686 5728 detrusis
1707 5667 1829 5726 haec
1862 5671 2069 5726 auctor

2189 4693 2290 4747 gre
2320 4681 2615 4747 praestant.
2649 4681 2715 4730 ut
2744 4675 2842 4746 qui
2863 4675 3038 4731 saluti
3071 4692 3191 4730 suae
3224 4684 3470 4732 curant.
3505 4675 3666 4729 Adeo
3687 4681 3851 4739 neque

2189 4768 2260 4821 de
2291 4767 2556 4832 scientia,
2593 4781 2780 4835 neque
2810 4765 2880 4819 de
2911 4763 3256 4836 disciplina,
3296 4771 3363 4820 ut
3404 4764 3651 4837 putatis,
3679 4773 3854 4830 aequa-

2189 4872 2323 4910 mur
2353 4877 2380 4905 ››
2404 4852 2666 4923 (Tertull.
2696 4853 2918 4924 Apolog.
2947 4869 3053 4922 cap
3087 4854 3176 4922 46,
3206 4870 3351 4925 pag.
3379 4854 3499 4923 40).
3527 4851 3700 4907 Plura
3724 4848 3852 4902 hanc

2188 4945 2248 4998 in
2272 4960 2392 4998 rem
2419 4943 2496 4998 ibi
2521 4942 2938 5014 disputat,qua3
2956 4958 2988 4996 a
3003 4941 3171 4996 nobis
3191 4959 3310 4998 suo
3326 4941 3462 4998 loco
3487 4935 3855 4998 examinanda

2185 5036 2328 5087 sunt
2357 5033 2602 5101 (Dissert.
2646 5034 2706 5086 in
2756 5031 3075 5086 Tertullinus.
3129 5046 3266 5101 cap.
3326 5033 3421 5086 12.
3478 5035 3591 5086 art.
3642 5028 3675 5082 3
3714 5023 3851 5087 eti;

2185 5125 2242 5175 et
2271 5136 2396 5191 cap.
2436 5121 2520 5187 13,
2557 5124 2664 5174 art.
2696 5123 2730 5174 2
2760 5123 2816 5175 et
2845 5120 2922 5187 3).

2255 5221 2538 5273 Praeterea
2570 5215 2904 5290 philosophi
2935 5215 3209 5290 gentiles,
3248 5217 3339 5273 ait
3360 5217 3685 5282 Minucius,
3717 5225 3853 5267 vana

2183 5306 2526 5380 eloquentiae
2559 5307 2688 5361 fuco
2721 5322 2854 5362 cum
2888 5320 3105 5377 magna
3153 5303 3640 5378 eloquebantur,
3670 5304 3853 5361 adver-

2181 5414 2284 5452 sus
2315 5400 2544 5452 suamet
2575 5395 2714 5451 vitia
2757 5394 2994 5450 facundi
3017 5398 3206 5450 erant.
3235 5395 3422 5452 Prius
3456 5400 3659 5452 autem
3689 5393 3757 5448 ab
3777 5404 3855 5444 eo-

2181 5485 2311 5541 dem
2343 5484 2700 5543 Tertulliano
2729 5481 3008 5557 appellati
3041 5485 3184 5538 sunt
3217 5506 3249 5534 «
3287 5483 3577 5542 homines
3608 5479 3792 5556 gloriae
3807 5478 3857 5532 et

2178 5573 2520 5648 eloquentiae
2565 5573 2866 5632 libidinosi
2920 5595 2948 5623 »
2997 5571 3386 5646 (Tertullian.
3443 5574 3584 5632 ibid.
3619 5566 3850 5643 cap.17.

2178 5681 2306 5738 pag.
2343 5665 2454 5736 41),
2488 5665 2626 5736 quia
2656 5681 2720 5721 ea
2767 5664 2834 5720 ad
2875 5662 3186 5719 libidinem
3245 5664 3676 5723 abutebantur.
3705 5651 3849 5718 Nihil
