  <div class='ocr_page' id='page_1' title='image "/cluster/home/n/w/nwhite01/storage/ocr_20150623/3/hvd.32044073549586/336.png"; bbox 0 0 4088 6150; ppageno 0'>
   <div class='ocr_carea' id='block_1_1' title="bbox 342 333 458 398">
    <p class='ocr_par' dir='ltr' id='par_1_1' title="bbox 342 333 458 398">
     <span class='ocr_line' id='line_1_1' title="bbox 342 333 458 398; baseline 0.009 -2"><span class='ocrx_word' id='word_1_1' title='bbox 342 333 458 398; x_wconf 76' lang='lat'><strong>365</strong></span> 
     </span>
    </p>
   </div>
   <div class='ocr_carea' id='block_1_2' title="bbox 1806 335 2354 399">
    <p class='ocr_par' dir='ltr' id='par_1_2' title="bbox 1806 335 2354 399">
     <span class='ocr_line' id='line_1_2' title="bbox 1806 335 2354 399; baseline -0.004 0"><span class='ocrx_word' id='word_1_2' title='bbox 1806 335 2354 399; x_wconf 76' lang='lat' dir='ltr'><strong>DISSERTATIO.</strong></span> 
     </span>
    </p>
   </div>
   <div class='ocr_carea' id='block_1_3' title="bbox 3627 335 3744 398">
    <p class='ocr_par' dir='ltr' id='par_1_3' title="bbox 3627 335 3744 398">
     <span class='ocr_line' id='line_1_3' title="bbox 3627 335 3744 398; baseline 0.009 -2"><span class='ocrx_word' id='word_1_3' title='bbox 3627 335 3744 398; x_wconf 74' lang='lat'><strong>866</strong></span> 
     </span>
    </p>
   </div>
   <div class='ocr_carea' id='block_1_4' title="bbox 338 466 3738 546">
    <p class='ocr_par' dir='ltr' id='par_1_4' title="bbox 338 466 3738 546">
     <span class='ocr_line' id='line_1_4' title="bbox 338 466 3738 546; baseline 0 -20"><span class='ocrx_word' id='word_1_4' title='bbox 338 485 472 545; x_wconf 90' lang='lat' dir='ltr'><strong>ergo</strong></span> <span class='ocrx_word' id='word_1_5' title='bbox 502 466 658 526; x_wconf 84' lang='lat' dir='ltr'><strong>aliud</strong></span> <span class='ocrx_word' id='word_1_6' title='bbox 695 468 808 525; x_wconf 85' lang='lat' dir='ltr'><strong>nisi</strong></span> <span class='ocrx_word' id='word_1_7' title='bbox 843 468 1150 525; x_wconf 81' lang='lat' dir='ltr'><strong>verborum</strong></span> <span class='ocrx_word' id='word_1_8' title='bbox 1185 468 1384 526; x_wconf 83' lang='lat' dir='ltr'><strong>fucum</strong></span> <span class='ocrx_word' id='word_1_9' title='bbox 1415 469 1979 541; x_wconf 83' lang='lat' dir='ltr'><strong>vendebant.Neque</strong></span> <span class='ocrx_word' id='word_1_10' title='bbox 2010 481 2056 546; x_wconf 73' lang='grc' dir='ltr'><strong>Α</strong></span> <span class='ocrx_word' id='word_1_11' title='bbox 2094 474 2282 525; x_wconf 89' lang='lat' dir='ltr'><strong>tarum</strong></span> <span class='ocrx_word' id='word_1_12' title='bbox 2343 473 2678 527; x_wconf 88' lang='lat' dir='ltr'><strong>nostrorum</strong></span> <span class='ocrx_word' id='word_1_13' title='bbox 2739 469 3270 544; x_wconf 69' lang='lat' dir='ltr'><strong>praedicationibus,</strong></span> <span class='ocrx_word' id='word_1_14' title='bbox 3329 468 3449 526; x_wconf 87' lang='lat' dir='ltr'><strong>sive</strong></span> <span class='ocrx_word' id='word_1_15' title='bbox 3523 469 3738 542; x_wconf 84' lang='lat' dir='ltr'><strong>scripto</strong></span> 
     </span>
    </p>
   </div>
   <div class='ocr_carea' id='block_1_5' title="bbox 334 557 1982 632">
    <p class='ocr_par' dir='ltr' id='par_1_5' title="bbox 334 557 1982 632">
     <span class='ocr_line' id='line_1_5' title="bbox 334 557 1982 632; baseline -0.001 -16"><span class='ocrx_word' id='word_1_16' title='bbox 334 558 475 616; x_wconf 80' lang='lat' dir='ltr'><strong>illud</strong></span> <span class='ocrx_word' id='word_1_17' title='bbox 500 559 647 631; x_wconf 83' lang='lat' dir='ltr'><strong>ipsis</strong></span> <span class='ocrx_word' id='word_1_18' title='bbox 665 557 988 631; x_wconf 79' lang='lat' dir='ltr'><strong>gentilibus</strong></span> <span class='ocrx_word' id='word_1_19' title='bbox 1012 558 1443 632; x_wconf 88' lang='lat' dir='ltr'><strong>incompertum</strong></span> <span class='ocrx_word' id='word_1_20' title='bbox 1467 559 1622 631; x_wconf 92' lang='lat' dir='ltr'><strong>quod</strong></span> <span class='ocrx_word' id='word_1_21' title='bbox 1648 557 1982 631; x_wconf 81' lang='lat' dir='ltr'><strong>Anaxippus</strong></span> 
     </span>
    </p>
   </div>
   <div class='ocr_carea' id='block_1_6' title="bbox 336 648 1694 721">
    <p class='ocr_par' dir='ltr' id='par_1_6' title="bbox 336 648 1694 721">
     <span class='ocr_line' id='line_1_6' title="bbox 336 648 1694 721; baseline -0.001 -16"><span class='ocrx_word' id='word_1_22' title='bbox 336 650 486 721; x_wconf 80' lang='lat' dir='ltr'><strong>apud</strong></span> <span class='ocrx_word' id='word_1_23' title='bbox 517 649 862 704; x_wconf 69' lang='lat' dir='ltr'><strong>Athenaeum</strong></span> <span class='ocrx_word' id='word_1_24' title='bbox 897 648 1056 704; x_wconf 89' lang='lat' dir='ltr'><strong>hisce</strong></span> <span class='ocrx_word' id='word_1_25' title='bbox 1088 649 1356 704; x_wconf 83' lang='lat' dir='ltr'><strong>versibus</strong></span> <span class='ocrx_word' id='word_1_26' title='bbox 1384 648 1694 704; x_wconf 78' lang='lat' dir='ltr'><strong>cantabat:</strong></span> 
     </span>
    </p>
   </div>
   <div class='ocr_carea' id='block_1_7' title="bbox 473 751 1756 832">
    <p class='ocr_par' dir='ltr' id='par_1_7' title="bbox 473 751 1756 832">
     <span class='ocr_line' id='line_1_7' title="bbox 473 751 1756 832; baseline 0 -26"><span class='ocrx_word' id='word_1_27' title='bbox 473 751 544 832; x_wconf 48' lang='lat'><strong>93&#39;</strong></span> <span class='ocrx_word' id='word_1_28' title='bbox 568 774 682 832; x_wconf 63' lang='lat' dir='ltr'><strong>pm,</strong></span> <span class='ocrx_word' id='word_1_29' title='bbox 718 753 1058 832; x_wconf 59' lang='grc' dir='ltr'><strong>(ξιᾈοσοφεῖς,</strong></span> <span class='ocrx_word' id='word_1_30' title='bbox 1092 751 1237 832; x_wconf 54' lang='grc' dir='ltr'>ἀλλὰ</span> <span class='ocrx_word' id='word_1_31' title='bbox 1264 752 1391 832; x_wconf 62' lang='lat' dir='ltr'><strong>robe</strong></span> <span class='ocrx_word' id='word_1_32' title='bbox 1418 752 1756 832; x_wconf 62' lang='grc' dir='ltr'><strong>φιλοσόφους</strong></span> 
     </span>
    </p>
   </div>
   <div class='ocr_carea' id='block_1_8' title="bbox 474 825 1764 902">
    <p class='ocr_par' dir='ltr' id='par_1_8' title="bbox 474 825 1764 902">
     <span class='ocr_line' id='line_1_8' title="bbox 474 825 1764 902; baseline -0.002 -22"><span class='ocrx_word' id='word_1_33' title='bbox 474 825 704 902; x_wconf 17' lang='grc' dir='ltr'><strong>ξΕνντοῖς</strong></span> <span class='ocrx_word' id='word_1_34' title='bbox 732 825 1282 902; x_wconf 49' lang='grc' dir='ltr'><strong>λέγεις’φρογρῦντας</strong></span> <span class='ocrx_word' id='word_1_35' title='bbox 1313 825 1544 902; x_wconf 57' lang='lat' dir='ltr'><strong>supinata)</strong></span> <span class='ocrx_word' id='word_1_36' title='bbox 1569 825 1764 902; x_wconf 66' lang='grc' dir='ltr'><strong>μόνον,</strong></span> 
     </span>
    </p>
   </div>
   <div class='ocr_carea' id='block_1_9' title="bbox 473 845 1692 974">
    <p class='ocr_par' dir='ltr' id='par_1_9' title="bbox 473 845 1692 974">
     <span class='ocr_line' id='line_1_9' title="bbox 475 845 1692 902; baseline -0.003 -22"><span class='ocrx_word' id='word_1_37' title='bbox 475 845 559 880; x_wconf 65' lang='grc' dir='ltr'><strong>-ισιν</strong></span> <span class='ocrx_word' id='word_1_38' title='bbox 589 847 704 886; x_wconf 82' lang='grc' dir='ltr'><strong>τοις</strong></span> <span class='ocrx_word' id='word_1_39' title='bbox 741 845 924 901; x_wconf 83' lang='grc' dir='ltr'><strong>Λογοις</strong></span> <span class='ocrx_word' id='word_1_40' title='bbox 955 847 1282 902; x_wconf 78' lang='grc' dir='ltr'>φρονουντας</span> <span class='ocrx_word' id='word_1_41' title='bbox 1313 847 1369 880; x_wconf 80' lang='grc' dir='ltr'>ευ</span> <span class='ocrx_word' id='word_1_42' title='bbox 1414 845 1544 880; x_wconf 80' lang='grc' dir='ltr'>ισκω</span> <span class='ocrx_word' id='word_1_43' title='bbox 1577 845 1692 897; x_wconf 61' lang='lat' dir='ltr'><strong>gmw</strong></span> 
     </span>
     <span class='ocr_line' id='line_1_10' title="bbox 473 845 1692 974; baseline 0.001 -22"><span class='ocrx_word' id='word_1_44' title='bbox 473 897 560 952; x_wconf 82' lang='grc' dir='ltr'><strong>Ἐν</strong></span> <span class='ocrx_word' id='word_1_45' title='bbox 591 903 734 952; x_wconf 84' lang='grc' dir='ltr'><strong>τοῖσι</strong></span> <span class='ocrx_word' id='word_1_46' title='bbox 766 895 824 953; x_wconf 76' lang='grc' dir='ltr'><strong>δὲ</strong></span> <span class='ocrx_word' id='word_1_47' title='bbox 854 896 1035 974; x_wconf 78' lang='grc' dir='ltr'><strong>ἔργοις</strong></span> <span class='ocrx_word' id='word_1_48' title='bbox 1068 891 1224 960; x_wconf 75' lang='grc' dir='ltr'>ὄντας</span> <span class='ocrx_word' id='word_1_49' title='bbox 1256 845 1520 968; x_wconf 59' lang='grc' dir='ltr'><strong>ἀνοιξτους</strong></span> <span class='ocrx_word' id='word_1_50' title='bbox 1560 899 1692 971; x_wconf 83' lang='grc' dir='ltr'>ὁρῶ.</span> 
     </span>
    </p>
   </div>
   <div class='ocr_carea' id='block_1_10' title="bbox 401 1005 1802 1078">
    <p class='ocr_par' dir='ltr' id='par_1_10' title="bbox 401 1005 1802 1078">
     <span class='ocr_line' id='line_1_11' title="bbox 401 1005 1802 1078; baseline -0.001 -16"><span class='ocrx_word' id='word_1_51' title='bbox 401 1008 516 1062; x_wconf 85' lang='lat' dir='ltr'><strong>Heu</strong></span> <span class='ocrx_word' id='word_1_52' title='bbox 545 1022 632 1061; x_wconf 88' lang='lat' dir='ltr'><strong>me</strong></span> <span class='ocrx_word' id='word_1_53' title='bbox 650 1009 675 1059; x_wconf 79' lang='lat'><strong>.&#39;</strong></span> <span class='ocrx_word' id='word_1_54' title='bbox 700 1010 760 1061; x_wconf 86' lang='lat' dir='ltr'><strong>tu</strong></span> <span class='ocrx_word' id='word_1_55' title='bbox 785 1007 1220 1076; x_wconf 76' lang='lat' dir='ltr'><strong>philosopharis:</strong></span> <span class='ocrx_word' id='word_1_56' title='bbox 1254 1013 1306 1078; x_wconf 78' lang='lat' dir='ltr'><strong>et</strong></span> <span class='ocrx_word' id='word_1_57' title='bbox 1332 1021 1428 1075; x_wconf 85' lang='lat' dir='ltr'><strong>ego</strong></span> <span class='ocrx_word' id='word_1_58' title='bbox 1457 1005 1802 1078; x_wconf 74' lang='lat' dir='ltr'><strong>philosopho:</strong></span> 
     </span>
    </p>
   </div>
   <div class='ocr_carea' id='block_1_11' title="bbox 406 1077 1481 1148">
    <p class='ocr_par' dir='ltr' id='par_1_11' title="bbox 406 1077 1481 1148">
     <span class='ocr_line' id='line_1_12' title="bbox 406 1077 1481 1148; baseline -0.001 -15"><span class='ocrx_word' id='word_1_59' title='bbox 406 1079 591 1133; x_wconf 69' lang='lat' dir='ltr'><strong>Verbis</strong></span> <span class='ocrx_word' id='word_1_60' title='bbox 621 1086 833 1132; x_wconf 81' lang='lat' dir='ltr'><strong>tantum</strong></span> <span class='ocrx_word' id='word_1_61' title='bbox 861 1093 1051 1148; x_wconf 78' lang='lat' dir='ltr'><strong><em>sapere</em></strong></span> <span class='ocrx_word' id='word_1_62' title='bbox 1079 1077 1481 1140; x_wconf 72' lang='lat' dir='ltr'><strong>animadverto,</strong></span> 
     </span>
    </p>
   </div>
   <div class='ocr_carea' id='block_1_12' title="bbox 333 1147 1894 1220">
    <p class='ocr_par' dir='ltr' id='par_1_12' title="bbox 333 1147 1894 1220">
     <span class='ocr_line' id='line_1_13' title="bbox 333 1147 1894 1220; baseline -0.003 -14"><span class='ocrx_word' id='word_1_63' title='bbox 333 1150 482 1207; x_wconf 71' lang='lat'><strong>549</strong></span> <span class='ocrx_word' id='word_1_64' title='bbox 509 1148 774 1204; x_wconf 82' lang='lat' dir='ltr'><strong>Gerendis</strong></span> <span class='ocrx_word' id='word_1_65' title='bbox 798 1147 983 1204; x_wconf 84' lang='lat' dir='ltr'><strong>autem</strong></span> <span class='ocrx_word' id='word_1_66' title='bbox 1002 1150 1164 1204; x_wconf 71' lang='lat' dir='ltr'><strong>rebus</strong></span> <span class='ocrx_word' id='word_1_67' title='bbox 1182 1151 1455 1204; x_wconf 76' lang='lat' dir='ltr'><strong>dementes</strong></span> <span class='ocrx_word' id='word_1_68' title='bbox 1476 1164 1588 1204; x_wconf 75' lang='lat' dir='ltr'><strong>esse</strong></span> <span class='ocrx_word' id='word_1_69' title='bbox 1606 1147 1894 1220; x_wconf 77' lang='lat' dir='ltr'><strong>perspicio.</strong></span> 
     </span>
    </p>
   </div>
   <div class='ocr_carea' id='block_1_13' title="bbox 331 1270 1973 1344">
    <p class='ocr_par' dir='ltr' id='par_1_13' title="bbox 331 1270 1973 1344">
     <span class='ocr_line' id='line_1_14' title="bbox 331 1270 1973 1344; baseline -0.001 -18"><span class='ocrx_word' id='word_1_70' title='bbox 331 1271 585 1342; x_wconf 80' lang='lat' dir='ltr'><strong>(Athen.,</strong></span> <span class='ocrx_word' id='word_1_71' title='bbox 611 1270 650 1326; x_wconf 92' lang='lat' dir='ltr'><strong>l.</strong></span> <span class='ocrx_word' id='word_1_72' title='bbox 688 1287 789 1327; x_wconf 87' lang='lat' dir='ltr'><strong>xm</strong></span> <span class='ocrx_word' id='word_1_73' title='bbox 817 1273 1197 1344; x_wconf 76' lang='lat' dir='ltr'><strong>DeipnosOph.,</strong></span> <span class='ocrx_word' id='word_1_74' title='bbox 1232 1288 1360 1344; x_wconf 90' lang='lat' dir='ltr'><strong>cap.</strong></span> <span class='ocrx_word' id='word_1_75' title='bbox 1391 1273 1446 1338; x_wconf 91' lang='lat'><strong>9,</strong></span> <span class='ocrx_word' id='word_1_76' title='bbox 1480 1290 1535 1344; x_wconf 90' lang='lat' dir='ltr'><strong>p.</strong></span> <span class='ocrx_word' id='word_1_77' title='bbox 1569 1273 1676 1326; x_wconf 89' lang='grc'><strong>610</strong></span> <span class='ocrx_word' id='word_1_78' title='bbox 1703 1275 1757 1328; x_wconf 86' lang='lat' dir='ltr'><strong>et</strong></span> <span class='ocrx_word' id='word_1_79' title='bbox 1783 1275 1973 1344; x_wconf 56' lang='lat' dir='ltr'><strong>seqq).</strong></span> 
     </span>
    </p>
   </div>
   <div class='ocr_carea' id='block_1_14' title="bbox 329 1359 1977 1432">
    <p class='ocr_par' dir='ltr' id='par_1_14' title="bbox 329 1359 1977 1432">
     <span class='ocr_line' id='line_1_15' title="bbox 329 1359 1977 1432; baseline 0.002 -20"><span class='ocrx_word' id='word_1_80' title='bbox 329 1359 504 1416; x_wconf 84' lang='lat' dir='ltr'><strong>Visne</strong></span> <span class='ocrx_word' id='word_1_81' title='bbox 537 1360 761 1416; x_wconf 91' lang='lat' dir='ltr'><strong>celebre</strong></span> <span class='ocrx_word' id='word_1_82' title='bbox 790 1360 968 1432; x_wconf 84' lang='lat' dir='ltr'><strong>hujus</strong></span> <span class='ocrx_word' id='word_1_83' title='bbox 1001 1359 1378 1432; x_wconf 83' lang='lat' dir='ltr'><strong>exemplum?</strong></span> <span class='ocrx_word' id='word_1_84' title='bbox 1409 1362 1580 1417; x_wconf 84' lang='lat' dir='ltr'><strong>Dabit</strong></span> <span class='ocrx_word' id='word_1_85' title='bbox 1600 1361 1706 1416; x_wconf 87' lang='lat' dir='ltr'><strong>tibi</strong></span> <span class='ocrx_word' id='word_1_86' title='bbox 1730 1361 1977 1416; x_wconf 81' lang='lat' dir='ltr'><strong>Ruﬁnus</strong></span> 
     </span>
    </p>
   </div>
   <div class='ocr_carea' id='block_1_15' title="bbox 328 1447 1977 1522">
    <p class='ocr_par' dir='ltr' id='par_1_15' title="bbox 328 1447 1977 1522">
     <span class='ocr_line' id='line_1_16' title="bbox 328 1447 1977 1522; baseline 0.002 -20"><span class='ocrx_word' id='word_1_87' title='bbox 328 1447 624 1522; x_wconf 80' lang='lat' dir='ltr'><strong>insignem</strong></span> <span class='ocrx_word' id='word_1_88' title='bbox 657 1447 1096 1522; x_wconf 90' lang='lat' dir='ltr'><strong>philosophum,</strong></span> <span class='ocrx_word' id='word_1_89' title='bbox 1142 1450 1266 1522; x_wconf 91' lang='lat' dir='ltr'><strong>qui,</strong></span> <span class='ocrx_word' id='word_1_90' title='bbox 1299 1451 1563 1521; x_wconf 85' lang='lat' dir='ltr'><strong>quamvis</strong></span> <span class='ocrx_word' id='word_1_91' title='bbox 1593 1450 1819 1505; x_wconf 64' lang='lat' dir='ltr'><strong>ceteris</strong></span> <span class='ocrx_word' id='word_1_92' title='bbox 1850 1467 1977 1505; x_wconf 90' lang='lat' dir='ltr'><strong>om-</strong></span> 
     </span>
    </p>
   </div>
   <div class='ocr_carea' id='block_1_16' title="bbox 330 1535 1975 1609">
    <p class='ocr_par' dir='ltr' id='par_1_16' title="bbox 330 1535 1975 1609">
     <span class='ocr_line' id='line_1_17' title="bbox 330 1535 1975 1609; baseline 0.001 -17"><span class='ocrx_word' id='word_1_93' title='bbox 330 1537 504 1592; x_wconf 88' lang='lat' dir='ltr'><strong>nibus</strong></span> <span class='ocrx_word' id='word_1_94' title='bbox 553 1535 885 1609; x_wconf 79' lang='lat' dir='ltr'><strong>eloquentia</strong></span> <span class='ocrx_word' id='word_1_95' title='bbox 930 1543 989 1594; x_wconf 92' lang='lat' dir='ltr'><strong>et</strong></span> <span class='ocrx_word' id='word_1_96' title='bbox 1035 1539 1300 1594; x_wconf 84' lang='lat' dir='ltr'><strong>doctrina</strong></span> <span class='ocrx_word' id='word_1_97' title='bbox 1353 1538 1678 1604; x_wconf 83' lang='lat' dir='ltr'><strong>excelleret,</strong></span> <span class='ocrx_word' id='word_1_98' title='bbox 1729 1538 1801 1594; x_wconf 89' lang='lat' dir='ltr'><strong>ab</strong></span> <span class='ocrx_word' id='word_1_99' title='bbox 1857 1554 1975 1595; x_wconf 91' lang='lat' dir='ltr'><strong>uno</strong></span> 
     </span>
    </p>
   </div>
   <div class='ocr_carea' id='block_1_17' title="bbox 325 1626 1975 1701">
    <p class='ocr_par' dir='ltr' id='par_1_17' title="bbox 325 1626 1975 1701">
     <span class='ocr_line' id='line_1_18' title="bbox 325 1626 1975 1701; baseline 0.001 -20"><span class='ocrx_word' id='word_1_100' title='bbox 325 1626 715 1682; x_wconf 85' lang='lat' dir='ltr'><strong>nihilominus</strong></span> <span class='ocrx_word' id='word_1_101' title='bbox 745 1626 977 1683; x_wconf 89' lang='lat' dir='ltr'><strong>concilii</strong></span> <span class='ocrx_word' id='word_1_102' title='bbox 1015 1627 1230 1682; x_wconf 83' lang='lat' dir='ltr'><strong>Nicaeni</strong></span> <span class='ocrx_word' id='word_1_103' title='bbox 1261 1627 1554 1701; x_wconf 90' lang='lat' dir='ltr'><strong>episcopo,</strong></span> <span class='ocrx_word' id='word_1_104' title='bbox 1583 1628 1708 1684; x_wconf 89' lang='lat' dir='ltr'><strong>sola</strong></span> <span class='ocrx_word' id='word_1_105' title='bbox 1739 1644 1804 1684; x_wconf 90' lang='lat' dir='ltr'><strong>ac</strong></span> <span class='ocrx_word' id='word_1_106' title='bbox 1830 1627 1975 1683; x_wconf 90' lang='lat' dir='ltr'><strong>sim-</strong></span> 
     </span>
    </p>
   </div>
   <div class='ocr_carea' id='block_1_18' title="bbox 322 1714 1976 1790">
    <p class='ocr_par' dir='ltr' id='par_1_18' title="bbox 322 1714 1976 1790">
     <span class='ocr_line' id='line_1_19' title="bbox 322 1714 1976 1790; baseline 0.003 -22"><span class='ocrx_word' id='word_1_107' title='bbox 322 1714 459 1788; x_wconf 90' lang='lat' dir='ltr'><strong>plici</strong></span> <span class='ocrx_word' id='word_1_108' title='bbox 511 1715 844 1772; x_wconf 65' lang='lat' dir='ltr'><strong>christiana</strong></span> <span class='ocrx_word' id='word_1_109' title='bbox 895 1717 1172 1773; x_wconf 67' lang='lat' dir='ltr'><strong>doctrinas</strong></span> <span class='ocrx_word' id='word_1_110' title='bbox 1229 1717 1590 1790; x_wconf 86' lang='lat' dir='ltr'><strong>expositione</strong></span> <span class='ocrx_word' id='word_1_111' title='bbox 1637 1721 1976 1774; x_wconf 87' lang='lat' dir='ltr'><strong>consterna-</strong></span> 
     </span>
    </p>
   </div>
   <div class='ocr_carea' id='block_1_19' title="bbox 325 1804 1974 1878">
    <p class='ocr_par' dir='ltr' id='par_1_19' title="bbox 325 1804 1974 1878">
     <span class='ocr_line' id='line_1_20' title="bbox 325 1804 1974 1878; baseline 0.002 -20"><span class='ocrx_word' id='word_1_112' title='bbox 325 1808 446 1873; x_wconf 85' lang='lat' dir='ltr'><strong>tus,</strong></span> <span class='ocrx_word' id='word_1_113' title='bbox 476 1804 698 1860; x_wconf 83' lang='lat' dir='ltr'><strong>victum</strong></span> <span class='ocrx_word' id='word_1_114' title='bbox 738 1820 800 1860; x_wconf 87' lang='lat' dir='ltr'><strong>se</strong></span> <span class='ocrx_word' id='word_1_115' title='bbox 847 1805 1041 1878; x_wconf 86' lang='lat' dir='ltr'><strong>palam</strong></span> <span class='ocrx_word' id='word_1_116' title='bbox 1085 1807 1390 1863; x_wconf 71' lang='lat' dir='ltr'><strong>confessus</strong></span> <span class='ocrx_word' id='word_1_117' title='bbox 1438 1811 1526 1862; x_wconf 92' lang='lat' dir='ltr'><strong>est</strong></span> <span class='ocrx_word' id='word_1_118' title='bbox 1555 1806 1771 1878; x_wconf 81' lang='lat' dir='ltr'><strong>(Ruﬁn.</strong></span> <span class='ocrx_word' id='word_1_119' title='bbox 1806 1805 1907 1861; x_wconf 87' lang='lat' dir='ltr'><strong>lib.</strong></span> <span class='ocrx_word' id='word_1_120' title='bbox 1940 1822 1974 1861; x_wconf 86' lang='lat' dir='ltr'><strong>x</strong></span> 
     </span>
    </p>
   </div>
   <div class='ocr_carea' id='block_1_20' title="bbox 329 1894 1072 1967">
    <p class='ocr_par' dir='ltr' id='par_1_20' title="bbox 329 1894 1072 1967">
     <span class='ocr_line' id='line_1_21' title="bbox 329 1894 1072 1967; baseline 0.003 -20"><span class='ocrx_word' id='word_1_121' title='bbox 329 1895 543 1948; x_wconf 70' lang='lat' dir='ltr'><strong>Histor.</strong></span> <span class='ocrx_word' id='word_1_122' title='bbox 575 1894 762 1950; x_wconf 74' lang='lat' dir='ltr'><strong>eccles.</strong></span> <span class='ocrx_word' id='word_1_123' title='bbox 797 1909 924 1967; x_wconf 87' lang='lat' dir='ltr'><strong>cap.</strong></span> <span class='ocrx_word' id='word_1_124' title='bbox 961 1895 1072 1966; x_wconf 89' lang='grc'><strong>13.)</strong></span> 
     </span>
    </p>
   </div>
   <div class='ocr_carea' id='block_1_21' title="bbox 398 1983 1974 2057">
    <p class='ocr_par' dir='ltr' id='par_1_21' title="bbox 398 1983 1974 2057">
     <span class='ocr_line' id='line_1_22' title="bbox 398 1983 1974 2057; baseline 0.002 -19"><span class='ocrx_word' id='word_1_125' title='bbox 398 1983 660 2039; x_wconf 84' lang='lat' dir='ltr'><strong>Tametsi</strong></span> <span class='ocrx_word' id='word_1_126' title='bbox 711 1989 907 2039; x_wconf 87' lang='lat' dir='ltr'><strong>autem</strong></span> <span class='ocrx_word' id='word_1_127' title='bbox 959 1983 1252 2040; x_wconf 88' lang='lat' dir='ltr'><strong>Minucius</strong></span> <span class='ocrx_word' id='word_1_128' title='bbox 1291 1984 1503 2041; x_wconf 82' lang='lat' dir='ltr'><strong>dixerit</strong></span> <span class='ocrx_word' id='word_1_129' title='bbox 1531 1998 1637 2040; x_wconf 91' lang='lat' dir='ltr'><strong>nec</strong></span> <span class='ocrx_word' id='word_1_130' title='bbox 1665 1984 1974 2057; x_wconf 69' lang='lat' dir='ltr'><strong>quaesitam</strong></span> 
     </span>
    </p>
   </div>
   <div class='ocr_carea' id='block_1_22' title="bbox 321 2069 1975 2145">
    <p class='ocr_par' dir='ltr' id='par_1_22' title="bbox 321 2069 1975 2145">
     <span class='ocr_line' id='line_1_23' title="bbox 321 2069 1975 2145; baseline 0.004 -22"><span class='ocrx_word' id='word_1_131' title='bbox 321 2085 431 2125; x_wconf 87' lang='lat' dir='ltr'><strong>nec</strong></span> <span class='ocrx_word' id='word_1_132' title='bbox 481 2069 778 2128; x_wconf 89' lang='lat' dir='ltr'><strong>inventam</strong></span> <span class='ocrx_word' id='word_1_133' title='bbox 825 2073 896 2127; x_wconf 88' lang='lat' dir='ltr'><strong>ab</strong></span> <span class='ocrx_word' id='word_1_134' title='bbox 945 2072 1195 2128; x_wconf 89' lang='lat' dir='ltr'><strong>ethnicis</strong></span> <span class='ocrx_word' id='word_1_135' title='bbox 1244 2072 1610 2145; x_wconf 88' lang='lat' dir='ltr'><strong>philosophis</strong></span> <span class='ocrx_word' id='word_1_136' title='bbox 1647 2074 1975 2141; x_wconf 79' lang='lat' dir='ltr'><strong>veritatem,</strong></span> 
     </span>
    </p>
   </div>
   <div class='ocr_carea' id='block_1_23' title="bbox 320 2156 1976 2233">
    <p class='ocr_par' dir='ltr' id='par_1_23' title="bbox 320 2156 1976 2233">
     <span class='ocr_line' id='line_1_24' title="bbox 320 2156 1976 2233; baseline 0.004 -23"><span class='ocrx_word' id='word_1_137' title='bbox 320 2156 504 2228; x_wconf 84' lang='lat' dir='ltr'><strong>paulo</strong></span> <span class='ocrx_word' id='word_1_138' title='bbox 534 2162 728 2215; x_wconf 89' lang='lat' dir='ltr'><strong>tamen</strong></span> <span class='ocrx_word' id='word_1_139' title='bbox 762 2164 936 2215; x_wconf 90' lang='lat' dir='ltr'><strong>antea</strong></span> <span class='ocrx_word' id='word_1_140' title='bbox 965 2160 1250 2232; x_wconf 91' lang='lat' dir='ltr'><strong>scriptum</strong></span> <span class='ocrx_word' id='word_1_141' title='bbox 1291 2161 1362 2216; x_wconf 88' lang='lat' dir='ltr'><strong>ab</strong></span> <span class='ocrx_word' id='word_1_142' title='bbox 1395 2176 1462 2217; x_wconf 91' lang='lat' dir='ltr'><strong>eo</strong></span> <span class='ocrx_word' id='word_1_143' title='bbox 1493 2160 1782 2233; x_wconf 85' lang='lat' dir='ltr'><strong>legimus:</strong></span> <span class='ocrx_word' id='word_1_144' title='bbox 1825 2183 1854 2212; x_wconf 75' lang='grc' dir='ltr'><strong>«ε</strong></span> <span class='ocrx_word' id='word_1_145' title='bbox 1889 2160 1976 2217; x_wconf 84' lang='lat' dir='ltr'><strong>illi</strong></span> 
     </span>
    </p>
   </div>
   <div class='ocr_carea' id='block_1_24' title="bbox 321 2242 1978 2319">
    <p class='ocr_par' dir='ltr' id='par_1_24' title="bbox 321 2242 1978 2319">
     <span class='ocr_line' id='line_1_25' title="bbox 321 2242 1978 2319; baseline 0.002 -20"><span class='ocrx_word' id='word_1_146' title='bbox 321 2242 396 2300; x_wconf 84' lang='lat' dir='ltr'><strong>de</strong></span> <span class='ocrx_word' id='word_1_147' title='bbox 413 2245 626 2301; x_wconf 81' lang='lat' dir='ltr'><strong>divinis</strong></span> <span class='ocrx_word' id='word_1_148' title='bbox 638 2246 1155 2319; x_wconf 68' lang='lat' dir='ltr'><strong>praedicationibus</strong></span> <span class='ocrx_word' id='word_1_149' title='bbox 1170 2247 1588 2319; x_wconf 88' lang='lat' dir='ltr'><strong>Prophetarum</strong></span> <span class='ocrx_word' id='word_1_150' title='bbox 1605 2249 1872 2303; x_wconf 87' lang='lat' dir='ltr'><strong>umbram</strong></span> <span class='ocrx_word' id='word_1_151' title='bbox 1892 2247 1978 2303; x_wconf 90' lang='lat' dir='ltr'><strong>in-</strong></span> 
     </span>
    </p>
   </div>
   <div class='ocr_carea' id='block_1_25' title="bbox 320 2333 1977 2406">
    <p class='ocr_par' dir='ltr' id='par_1_25' title="bbox 320 2333 1977 2406">
     <span class='ocr_line' id='line_1_26' title="bbox 320 2333 1977 2406; baseline 0.004 -20"><span class='ocrx_word' id='word_1_152' title='bbox 320 2333 618 2406; x_wconf 66' lang='lat' dir='ltr'><strong>terpolata:</strong></span> <span class='ocrx_word' id='word_1_153' title='bbox 631 2333 893 2390; x_wconf 85' lang='lat' dir='ltr'><strong>veritatis</strong></span> <span class='ocrx_word' id='word_1_154' title='bbox 916 2335 1139 2392; x_wconf 88' lang='lat' dir='ltr'><strong>imitati</strong></span> <span class='ocrx_word' id='word_1_155' title='bbox 1165 2336 1480 2392; x_wconf 81' lang='lat' dir='ltr'><strong>sunt.»Sed</strong></span> <span class='ocrx_word' id='word_1_156' title='bbox 1505 2335 1596 2392; x_wconf 89' lang='lat' dir='ltr'><strong>his</strong></span> <span class='ocrx_word' id='word_1_157' title='bbox 1616 2336 1808 2392; x_wconf 88' lang='lat' dir='ltr'><strong>verbis</strong></span> <span class='ocrx_word' id='word_1_158' title='bbox 1831 2336 1977 2393; x_wconf 89' lang='lat' dir='ltr'><strong>nihil</strong></span> 
     </span>
    </p>
   </div>
   <div class='ocr_carea' id='block_1_26' title="bbox 332 2421 1964 2499">
    <p class='ocr_par' dir='ltr' id='par_1_26' title="bbox 332 2421 1964 2499">
     <span class='ocr_line' id='line_1_27' title="bbox 332 2421 1964 2499; baseline 0.004 -24"><span class='ocrx_word' id='word_1_159' title='bbox 332 2421 488 2478; x_wconf 83' lang='lat' dir='ltr'><strong>aliud</strong></span> <span class='ocrx_word' id='word_1_160' title='bbox 515 2423 801 2496; x_wconf 82' lang='lat' dir='ltr'><strong>significat</strong></span> <span class='ocrx_word' id='word_1_161' title='bbox 832 2424 946 2480; x_wconf 92' lang='lat' dir='ltr'><strong>nisi</strong></span> <span class='ocrx_word' id='word_1_162' title='bbox 987 2423 1373 2497; x_wconf 89' lang='lat' dir='ltr'><strong>phllosophos</strong></span> <span class='ocrx_word' id='word_1_163' title='bbox 1401 2441 1472 2481; x_wconf 84' lang='lat' dir='ltr'><strong>ex</strong></span> <span class='ocrx_word' id='word_1_164' title='bbox 1500 2425 1683 2482; x_wconf 87' lang='lat' dir='ltr'><strong>sacris</strong></span> <span class='ocrx_word' id='word_1_165' title='bbox 1714 2426 1964 2499; x_wconf 87' lang='lat' dir='ltr'><strong>Prophe-</strong></span> 
     </span>
    </p>
   </div>
   <div class='ocr_carea' id='block_1_27' title="bbox 2006 1851 2055 1917">
    <p class='ocr_par' dir='ltr' id='par_1_27' title="bbox 2006 1851 2055 1917">
     <span class='ocr_line' id='line_1_28' title="bbox 2006 1851 2055 1917; baseline 0 0"><span class='ocrx_word' id='word_1_166' title='bbox 2006 1851 2055 1917; x_wconf 90' lang='lat' dir='ltr'><strong>B</strong></span> 
     </span>
    </p>
   </div>
   <div class='ocr_carea' id='block_1_28' title="bbox 2093 557 3737 628">
    <p class='ocr_par' dir='ltr' id='par_1_28' title="bbox 2093 557 3737 628">
     <span class='ocr_line' id='line_1_29' title="bbox 2093 557 3737 628; baseline -0.001 -13"><span class='ocrx_word' id='word_1_167' title='bbox 2093 561 2213 615; x_wconf 89' lang='lat' dir='ltr'><strong>sive</strong></span> <span class='ocrx_word' id='word_1_168' title='bbox 2240 561 2413 616; x_wconf 86' lang='lat' dir='ltr'><strong>verbo</strong></span> <span class='ocrx_word' id='word_1_169' title='bbox 2437 559 2687 628; x_wconf 87' lang='lat' dir='ltr'><strong>traditis,</strong></span> <span class='ocrx_word' id='word_1_170' title='bbox 2734 563 3002 616; x_wconf 84' lang='lat' dir='ltr'><strong>umbram</strong></span> <span class='ocrx_word' id='word_1_171' title='bbox 3035 562 3399 616; x_wconf 90' lang='lat' dir='ltr'><strong>consectatos</strong></span> <span class='ocrx_word' id='word_1_172' title='bbox 3425 574 3551 615; x_wconf 88' lang='lat' dir='ltr'><strong>esse</strong></span> <span class='ocrx_word' id='word_1_173' title='bbox 3587 557 3737 615; x_wconf 90' lang='lat' dir='ltr'><strong>veri-</strong></span> 
     </span>
    </p>
   </div>
   <div class='ocr_carea' id='block_1_29' title="bbox 2089 647 3733 722">
    <p class='ocr_par' dir='ltr' id='par_1_29' title="bbox 2089 647 3733 722">
     <span class='ocr_line' id='line_1_30' title="bbox 2089 647 3733 722; baseline -0.002 -17"><span class='ocrx_word' id='word_1_174' title='bbox 2089 649 2248 716; x_wconf 87' lang='lat' dir='ltr'><strong>tatis,</strong></span> <span class='ocrx_word' id='word_1_175' title='bbox 2284 654 2484 721; x_wconf 88' lang='lat' dir='ltr'><strong>utpote</strong></span> <span class='ocrx_word' id='word_1_176' title='bbox 2514 649 2615 721; x_wconf 91' lang='lat' dir='ltr'><strong>qui</strong></span> <span class='ocrx_word' id='word_1_177' title='bbox 2647 650 2798 706; x_wconf 91' lang='lat' dir='ltr'><strong>hanc</strong></span> <span class='ocrx_word' id='word_1_178' title='bbox 2846 649 2926 704; x_wconf 89' lang='lat' dir='ltr'><strong>ibi</strong></span> <span class='ocrx_word' id='word_1_179' title='bbox 2969 653 3263 722; x_wconf 88' lang='lat' dir='ltr'><strong>repertam</strong></span> <span class='ocrx_word' id='word_1_180' title='bbox 3312 647 3489 704; x_wconf 89' lang='lat' dir='ltr'><strong>variis</strong></span> <span class='ocrx_word' id='word_1_181' title='bbox 3521 647 3733 704; x_wconf 87' lang='lat' dir='ltr'><strong>errori-</strong></span> 
     </span>
    </p>
   </div>
   <div class='ocr_carea' id='block_1_30' title="bbox 2089 737 3733 811">
    <p class='ocr_par' dir='ltr' id='par_1_30' title="bbox 2089 737 3733 811">
     <span class='ocr_line' id='line_1_31' title="bbox 2089 737 3733 811; baseline -0.001 -18"><span class='ocrx_word' id='word_1_182' title='bbox 2089 737 2203 793; x_wconf 87' lang='lat' dir='ltr'><strong>bus</strong></span> <span class='ocrx_word' id='word_1_183' title='bbox 2233 738 2357 794; x_wconf 88' lang='lat' dir='ltr'><strong>suis</strong></span> <span class='ocrx_word' id='word_1_184' title='bbox 2388 739 2772 810; x_wconf 89' lang='lat' dir='ltr'><strong>corruperint.</strong></span> <span class='ocrx_word' id='word_1_185' title='bbox 2811 739 2968 805; x_wconf 85' lang='lat' dir='ltr'><strong>Quod</strong></span> <span class='ocrx_word' id='word_1_186' title='bbox 3005 738 3242 811; x_wconf 89' lang='lat' dir='ltr'><strong>quidem</strong></span> <span class='ocrx_word' id='word_1_187' title='bbox 3297 754 3330 792; x_wconf 90' lang='lat' dir='ltr'><strong>a</strong></span> <span class='ocrx_word' id='word_1_188' title='bbox 3361 737 3529 793; x_wconf 89' lang='lat' dir='ltr'><strong>nobis</strong></span> <span class='ocrx_word' id='word_1_189' title='bbox 3577 737 3733 793; x_wconf 91' lang='lat' dir='ltr'><strong>haud</strong></span> 
     </span>
    </p>
   </div>
   <div class='ocr_carea' id='block_1_31' title="bbox 2091 826 3734 899">
    <p class='ocr_par' dir='ltr' id='par_1_31' title="bbox 2091 826 3734 899">
     <span class='ocr_line' id='line_1_32' title="bbox 2091 826 3734 899; baseline -0.001 -17"><span class='ocrx_word' id='word_1_190' title='bbox 2091 827 2270 882; x_wconf 86' lang='lat' dir='ltr'><strong>semel</strong></span> <span class='ocrx_word' id='word_1_191' title='bbox 2294 827 2352 882; x_wconf 92' lang='lat' dir='ltr'><strong>in</strong></span> <span class='ocrx_word' id='word_1_192' title='bbox 2383 827 2517 883; x_wconf 88' lang='lat' dir='ltr'><strong>aliis</strong></span> <span class='ocrx_word' id='word_1_193' title='bbox 2545 827 3062 884; x_wconf 88' lang='lat' dir='ltr'><strong>dissertationibus</strong></span> <span class='ocrx_word' id='word_1_194' title='bbox 3093 826 3310 882; x_wconf 89' lang='lat' dir='ltr'><strong>nostris</strong></span> <span class='ocrx_word' id='word_1_195' title='bbox 3344 827 3486 882; x_wconf 81' lang='lat' dir='ltr'><strong>satis</strong></span> <span class='ocrx_word' id='word_1_196' title='bbox 3517 831 3734 899; x_wconf 85' lang='lat' dir='ltr'><strong>aperte,</strong></span> 
     </span>
    </p>
   </div>
   <div class='ocr_carea' id='block_1_32' title="bbox 2089 915 3731 988">
    <p class='ocr_par' dir='ltr' id='par_1_32' title="bbox 2089 915 3731 988">
     <span class='ocr_line' id='line_1_33' title="bbox 2089 915 3731 988; baseline 0 -18"><span class='ocrx_word' id='word_1_197' title='bbox 2089 915 2202 970; x_wconf 83' lang='lat' dir='ltr'><strong>nisi</strong></span> <span class='ocrx_word' id='word_1_198' title='bbox 2226 916 3228 984; x_wconf 81' lang='lat' dir='ltr'><strong>fallimur,demonstratum(tom.l</strong></span> <span class='ocrx_word' id='word_1_199' title='bbox 3266 916 3553 987; x_wconf 82' lang='lat' dir='ltr'><strong>Apparat.,</strong></span> <span class='ocrx_word' id='word_1_200' title='bbox 3599 931 3731 988; x_wconf 89' lang='lat' dir='ltr'><strong>pag.</strong></span> 
     </span>
    </p>
   </div>
   <div class='ocr_carea' id='block_1_33' title="bbox 2087 1003 3734 1078">
    <p class='ocr_par' dir='ltr' id='par_1_33' title="bbox 2087 1003 3734 1078">
     <span class='ocr_line' id='line_1_34' title="bbox 2087 1003 3734 1078; baseline 0 -20"><span class='ocrx_word' id='word_1_201' title='bbox 2087 1004 2212 1073; x_wconf 83' lang='lat'><strong>327,</strong></span> <span class='ocrx_word' id='word_1_202' title='bbox 2246 1005 2369 1076; x_wconf 92' lang='grc'><strong>423,</strong></span> <span class='ocrx_word' id='word_1_203' title='bbox 2406 1006 2560 1076; x_wconf 82' lang='grc'><strong>1104,</strong></span> <span class='ocrx_word' id='word_1_204' title='bbox 2597 1005 2778 1078; x_wconf 88' lang='grc'><strong>1112),</strong></span> <span class='ocrx_word' id='word_1_205' title='bbox 2811 1010 2985 1078; x_wconf 90' lang='lat' dir='ltr'><strong>atque</strong></span> <span class='ocrx_word' id='word_1_206' title='bbox 3017 1005 3075 1060; x_wconf 92' lang='lat' dir='ltr'><strong>in</strong></span> <span class='ocrx_word' id='word_1_207' title='bbox 3105 1006 3493 1077; x_wconf 84' lang='lat' dir='ltr'><strong>sequentibus</strong></span> <span class='ocrx_word' id='word_1_208' title='bbox 3543 1003 3734 1060; x_wconf 89' lang='lat' dir='ltr'><strong>adhuc</strong></span> 
     </span>
    </p>
   </div>
   <div class='ocr_carea' id='block_1_34' title="bbox 2087 1092 2608 1149">
    <p class='ocr_par' dir='ltr' id='par_1_34' title="bbox 2087 1092 2608 1149">
     <span class='ocr_line' id='line_1_35' title="bbox 2087 1092 2608 1149; baseline 0.002 -2"><span class='ocrx_word' id='word_1_209' title='bbox 2087 1092 2608 1149; x_wconf 88' lang='lat' dir='ltr'><strong>demoustrahitur.</strong></span> 
     </span>
    </p>
   </div>
   <div class='ocr_carea' id='block_1_35' title="bbox 2157 1180 3732 1255">
    <p class='ocr_par' dir='ltr' id='par_1_35' title="bbox 2157 1180 3732 1255">
     <span class='ocr_line' id='line_1_36' title="bbox 2157 1180 3732 1255; baseline -0.001 -19"><span class='ocrx_word' id='word_1_210' title='bbox 2157 1181 2471 1237; x_wconf 89' lang='lat' dir='ltr'><strong>Summum</strong></span> <span class='ocrx_word' id='word_1_211' title='bbox 2505 1197 2676 1254; x_wconf 89' lang='lat' dir='ltr'><strong>porro</strong></span> <span class='ocrx_word' id='word_1_212' title='bbox 2698 1181 2975 1238; x_wconf 64' lang='lat' dir='ltr'><strong>doctrinas</strong></span> <span class='ocrx_word' id='word_1_213' title='bbox 3008 1197 3362 1255; x_wconf 90' lang='lat' dir='ltr'><strong>morumque</strong></span> <span class='ocrx_word' id='word_1_214' title='bbox 3388 1181 3541 1238; x_wconf 87' lang='lat' dir='ltr'><strong>inter</strong></span> <span class='ocrx_word' id='word_1_215' title='bbox 3569 1180 3732 1238; x_wconf 88' lang='lat' dir='ltr'><strong>Chri-</strong></span> 
     </span>
    </p>
   </div>
   <div class='ocr_carea' id='block_1_36' title="bbox 2086 1269 3735 1343">
    <p class='ocr_par' dir='ltr' id='par_1_36' title="bbox 2086 1269 3735 1343">
     <span class='ocr_line' id='line_1_37' title="bbox 2086 1269 3735 1343; baseline -0.001 -18"><span class='ocrx_word' id='word_1_216' title='bbox 2086 1269 2306 1327; x_wconf 89' lang='lat' dir='ltr'><strong>stianos</strong></span> <span class='ocrx_word' id='word_1_217' title='bbox 2337 1275 2394 1326; x_wconf 92' lang='lat' dir='ltr'><strong>et</strong></span> <span class='ocrx_word' id='word_1_218' title='bbox 2435 1270 2683 1343; x_wconf 83' lang='lat' dir='ltr'><strong>gentiles</strong></span> <span class='ocrx_word' id='word_1_219' title='bbox 2715 1271 3033 1328; x_wconf 90' lang='lat' dir='ltr'><strong>discrimen</strong></span> <span class='ocrx_word' id='word_1_220' title='bbox 3065 1288 3181 1327; x_wconf 92' lang='lat' dir='ltr'><strong>non</strong></span> <span class='ocrx_word' id='word_1_221' title='bbox 3242 1269 3548 1342; x_wconf 86' lang='lat' dir='ltr'><strong>impedivit</strong></span> <span class='ocrx_word' id='word_1_222' title='bbox 3596 1285 3735 1342; x_wconf 81' lang='lat' dir='ltr'><strong>quo-</strong></span> 
     </span>
    </p>
   </div>
   <div class='ocr_carea' id='block_1_37' title="bbox 2087 1359 3732 1432">
    <p class='ocr_par' dir='ltr' id='par_1_37' title="bbox 2087 1359 3732 1432">
     <span class='ocr_line' id='line_1_38' title="bbox 2087 1359 3732 1432; baseline 0 -18"><span class='ocrx_word' id='word_1_223' title='bbox 2087 1359 2286 1415; x_wconf 89' lang='lat' dir='ltr'><strong>minus</strong></span> <span class='ocrx_word' id='word_1_224' title='bbox 2317 1361 2376 1415; x_wconf 89' lang='lat' dir='ltr'><strong>in</strong></span> <span class='ocrx_word' id='word_1_225' title='bbox 2405 1360 2607 1416; x_wconf 88' lang='lat' dir='ltr'><strong>eadem</strong></span> <span class='ocrx_word' id='word_1_226' title='bbox 2636 1360 2952 1432; x_wconf 87' lang='lat' dir='ltr'><strong>aliquando</strong></span> <span class='ocrx_word' id='word_1_227' title='bbox 3005 1359 3344 1416; x_wconf 88' lang='lat' dir='ltr'><strong>habitarent</strong></span> <span class='ocrx_word' id='word_1_228' title='bbox 3392 1359 3588 1427; x_wconf 91' lang='lat' dir='ltr'><strong>domo,</strong></span> <span class='ocrx_word' id='word_1_229' title='bbox 3639 1374 3732 1414; x_wconf 75' lang='lat' dir='ltr'><strong>se-</strong></span> 
     </span>
    </p>
   </div>
   <div class='ocr_carea' id='block_1_38' title="bbox 2085 1447 3734 1520">
    <p class='ocr_par' dir='ltr' id='par_1_38' title="bbox 2085 1447 3734 1520">
     <span class='ocr_line' id='line_1_39' title="bbox 2085 1447 3734 1520; baseline -0.001 -17"><span class='ocrx_word' id='word_1_230' title='bbox 2085 1464 2267 1520; x_wconf 90' lang='lat' dir='ltr'><strong>seque</strong></span> <span class='ocrx_word' id='word_1_231' title='bbox 2299 1451 2504 1504; x_wconf 88' lang='lat' dir='ltr'><strong>mutuo</strong></span> <span class='ocrx_word' id='word_1_232' title='bbox 2536 1448 2784 1504; x_wconf 86' lang='lat' dir='ltr'><strong>fratrum</strong></span> <span class='ocrx_word' id='word_1_233' title='bbox 2816 1449 3054 1504; x_wconf 89' lang='lat' dir='ltr'><strong>nomine</strong></span> <span class='ocrx_word' id='word_1_234' title='bbox 3083 1448 3522 1520; x_wconf 87' lang='lat' dir='ltr'><strong>compellareut.</strong></span> <span class='ocrx_word' id='word_1_235' title='bbox 3569 1447 3734 1502; x_wconf 86' lang='lat' dir='ltr'><strong>Vidi-</strong></span> 
     </span>
    </p>
   </div>
   <div class='ocr_carea' id='block_1_39' title="bbox 2085 1533 3736 1608">
    <p class='ocr_par' dir='ltr' id='par_1_39' title="bbox 2085 1533 3736 1608">
     <span class='ocr_line' id='line_1_40' title="bbox 2085 1533 3736 1608; baseline 0 -18"><span class='ocrx_word' id='word_1_236' title='bbox 2085 1551 2218 1591; x_wconf 89' lang='lat' dir='ltr'><strong>mus</strong></span> <span class='ocrx_word' id='word_1_237' title='bbox 2269 1536 2422 1592; x_wconf 91' lang='lat' dir='ltr'><strong>enim</strong></span> <span class='ocrx_word' id='word_1_238' title='bbox 2485 1536 2779 1592; x_wconf 75' lang='lat' dir='ltr'><strong>Caecilium</strong></span> <span class='ocrx_word' id='word_1_239' title='bbox 2830 1536 3131 1593; x_wconf 90' lang='lat' dir='ltr'><strong>ethnicum</strong></span> <span class='ocrx_word' id='word_1_240' title='bbox 3177 1535 3372 1592; x_wconf 63' lang='lat' dir='ltr'><strong>Romae</strong></span> <span class='ocrx_word' id='word_1_241' title='bbox 3423 1535 3576 1608; x_wconf 92' lang='lat' dir='ltr'><strong>apud</strong></span> <span class='ocrx_word' id='word_1_242' title='bbox 3626 1533 3736 1592; x_wconf 85' lang='lat' dir='ltr'><strong>Mi-</strong></span> 
     </span>
    </p>
   </div>
   <div class='ocr_carea' id='block_1_40' title="bbox 2085 1623 3734 1697">
    <p class='ocr_par' dir='ltr' id='par_1_40' title="bbox 2085 1623 3734 1697">
     <span class='ocr_line' id='line_1_41' title="bbox 2085 1623 3734 1697; baseline 0 -17"><span class='ocrx_word' id='word_1_243' title='bbox 2085 1623 2324 1680; x_wconf 90' lang='lat' dir='ltr'><strong>nucium</strong></span> <span class='ocrx_word' id='word_1_244' title='bbox 2359 1624 2603 1680; x_wconf 83' lang='lat' dir='ltr'><strong>Felicem</strong></span> <span class='ocrx_word' id='word_1_245' title='bbox 2633 1625 2956 1694; x_wconf 87' lang='lat' dir='ltr'><strong>habitasse,</strong></span> <span class='ocrx_word' id='word_1_246' title='bbox 2989 1629 3231 1697; x_wconf 87' lang='lat' dir='ltr'><strong>tamque</strong></span> <span class='ocrx_word' id='word_1_247' title='bbox 3259 1624 3424 1680; x_wconf 90' lang='lat' dir='ltr'><strong>illum</strong></span> <span class='ocrx_word' id='word_1_248' title='bbox 3459 1625 3532 1680; x_wconf 91' lang='lat' dir='ltr'><strong>ab</strong></span> <span class='ocrx_word' id='word_1_249' title='bbox 3571 1624 3734 1680; x_wconf 81' lang='lat' dir='ltr'><strong>Octa-</strong></span> 
     </span>
    </p>
   </div>
   <div class='ocr_carea' id='block_1_41' title="bbox 2082 1712 3724 1787">
    <p class='ocr_par' dir='ltr' id='par_1_41' title="bbox 2082 1712 3724 1787">
     <span class='ocr_line' id='line_1_42' title="bbox 2082 1712 3724 1787; baseline -0.001 -19"><span class='ocrx_word' id='word_1_250' title='bbox 2082 1713 2174 1769; x_wconf 90' lang='lat' dir='ltr'><strong>vio</strong></span> <span class='ocrx_word' id='word_1_251' title='bbox 2205 1730 2383 1787; x_wconf 87' lang='lat' dir='ltr'><strong>quam</strong></span> <span class='ocrx_word' id='word_1_252' title='bbox 2415 1713 2714 1770; x_wconf 84' lang='lat' dir='ltr'><strong>Octavium</strong></span> <span class='ocrx_word' id='word_1_253' title='bbox 2746 1717 2818 1770; x_wconf 91' lang='lat' dir='ltr'><strong>ab</strong></span> <span class='ocrx_word' id='word_1_254' title='bbox 2877 1714 2977 1770; x_wconf 92' lang='lat' dir='ltr'><strong>illo</strong></span> <span class='ocrx_word' id='word_1_255' title='bbox 3037 1714 3276 1770; x_wconf 76' lang='lat' dir='ltr'><strong>fratrem</strong></span> <span class='ocrx_word' id='word_1_256' title='bbox 3321 1712 3513 1770; x_wconf 89' lang='lat' dir='ltr'><strong>vocari</strong></span> <span class='ocrx_word' id='word_1_257' title='bbox 3565 1712 3724 1785; x_wconf 89' lang='lat' dir='ltr'><strong>(Sup.</strong></span> 
     </span>
    </p>
   </div>
   <div class='ocr_carea' id='block_1_42' title="bbox 2083 1803 3020 1875">
    <p class='ocr_par' dir='ltr' id='par_1_42' title="bbox 2083 1803 3020 1875">
     <span class='ocr_line' id='line_1_43' title="bbox 2083 1803 3020 1875; baseline 0 -17"><span class='ocrx_word' id='word_1_258' title='bbox 2083 1818 2209 1875; x_wconf 92' lang='lat' dir='ltr'><strong>cap.</strong></span> <span class='ocrx_word' id='word_1_259' title='bbox 2242 1803 2296 1873; x_wconf 91' lang='lat'><strong>3,</strong></span> <span class='ocrx_word' id='word_1_260' title='bbox 2329 1807 2438 1859; x_wconf 90' lang='lat' dir='ltr'><strong>art.</strong></span> <span class='ocrx_word' id='word_1_261' title='bbox 2471 1805 2527 1868; x_wconf 85' lang='lat'><strong>2,</strong></span> <span class='ocrx_word' id='word_1_262' title='bbox 2560 1819 2693 1875; x_wconf 85' lang='lat' dir='ltr'><strong>pag.</strong></span> <span class='ocrx_word' id='word_1_263' title='bbox 2727 1803 2788 1858; x_wconf 88' lang='lat'><strong>11</strong></span> <span class='ocrx_word' id='word_1_264' title='bbox 2823 1807 2880 1860; x_wconf 92' lang='lat' dir='ltr'><strong>et</strong></span> <span class='ocrx_word' id='word_1_265' title='bbox 2915 1803 3020 1873; x_wconf 86' lang='lat' dir='ltr'><strong>l2).</strong></span> 
     </span>
    </p>
   </div>
   <div class='ocr_carea' id='block_1_43' title="bbox 2155 1891 3728 1964">
    <p class='ocr_par' dir='ltr' id='par_1_43' title="bbox 2155 1891 3728 1964">
     <span class='ocr_line' id='line_1_44' title="bbox 2155 1891 3728 1964; baseline -0.003 -16"><span class='ocrx_word' id='word_1_266' title='bbox 2155 1892 2353 1964; x_wconf 86' lang='lat' dir='ltr'><strong>Neque</strong></span> <span class='ocrx_word' id='word_1_267' title='bbox 2379 1891 2596 1948; x_wconf 87' lang='lat' dir='ltr'><strong>dixeris</strong></span> <span class='ocrx_word' id='word_1_268' title='bbox 2619 1891 2915 1948; x_wconf 65' lang='lat' dir='ltr'><strong>Caecilium</strong></span> <span class='ocrx_word' id='word_1_269' title='bbox 2947 1897 3003 1948; x_wconf 92' lang='lat' dir='ltr'><strong>et</strong></span> <span class='ocrx_word' id='word_1_270' title='bbox 3048 1891 3350 1948; x_wconf 88' lang='lat' dir='ltr'><strong>Octavium</strong></span> <span class='ocrx_word' id='word_1_271' title='bbox 3400 1908 3516 1947; x_wconf 90' lang='lat' dir='ltr'><strong>non</strong></span> <span class='ocrx_word' id='word_1_272' title='bbox 3561 1906 3728 1946; x_wconf 86' lang='lat' dir='ltr'><strong>veros</strong></span> 
     </span>
    </p>
   </div>
   <div class='ocr_carea' id='block_1_44' title="bbox 2086 1979 3730 2053">
    <p class='ocr_par' dir='ltr' id='par_1_44' title="bbox 2086 1979 3730 2053">
     <span class='ocr_line' id='line_1_45' title="bbox 2086 1979 3730 2053; baseline -0.002 -17"><span class='ocrx_word' id='word_1_273' title='bbox 2086 1981 2188 2037; x_wconf 91' lang='lat' dir='ltr'><strong>sed</strong></span> <span class='ocrx_word' id='word_1_274' title='bbox 2237 1986 2579 2053; x_wconf 81' lang='lat' dir='ltr'><strong>personatos</strong></span> <span class='ocrx_word' id='word_1_275' title='bbox 2625 1980 2806 2037; x_wconf 89' lang='lat' dir='ltr'><strong>fuisse</strong></span> <span class='ocrx_word' id='word_1_276' title='bbox 2861 1980 3172 2050; x_wconf 85' lang='lat' dir='ltr'><strong>homines;</strong></span> <span class='ocrx_word' id='word_1_277' title='bbox 3230 1979 3464 2037; x_wconf 86' lang='lat' dir='ltr'><strong>tametsi</strong></span> <span class='ocrx_word' id='word_1_278' title='bbox 3515 1979 3730 2052; x_wconf 90' lang='lat' dir='ltr'><strong>quippe</strong></span> 
     </span>
    </p>
   </div>
   <div class='ocr_carea' id='block_1_45' title="bbox 2085 2067 3733 2137">
    <p class='ocr_par' dir='ltr' id='par_1_45' title="bbox 2085 2067 3733 2137">
     <span class='ocr_line' id='line_1_46' title="bbox 2085 2067 3733 2137; baseline -0.004 -11"><span class='ocrx_word' id='word_1_279' title='bbox 2085 2086 2179 2126; x_wconf 89' lang='lat' dir='ltr'><strong>res</strong></span> <span class='ocrx_word' id='word_1_280' title='bbox 2209 2069 2289 2126; x_wconf 87' lang='lat' dir='ltr'><strong>ita</strong></span> <span class='ocrx_word' id='word_1_281' title='bbox 2322 2085 2384 2125; x_wconf 90' lang='lat' dir='ltr'><strong>se</strong></span> <span class='ocrx_word' id='word_1_282' title='bbox 2413 2069 2674 2137; x_wconf 90' lang='lat' dir='ltr'><strong>haberet,</strong></span> <span class='ocrx_word' id='word_1_283' title='bbox 2703 2074 2926 2125; x_wconf 88' lang='lat' dir='ltr'><strong>certum</strong></span> <span class='ocrx_word' id='word_1_284' title='bbox 2957 2069 3344 2126; x_wconf 88' lang='lat' dir='ltr'><strong>nihilominus</strong></span> <span class='ocrx_word' id='word_1_285' title='bbox 3386 2085 3514 2126; x_wconf 90' lang='lat' dir='ltr'><strong>esse</strong></span> <span class='ocrx_word' id='word_1_286' title='bbox 3562 2067 3733 2122; x_wconf 83' lang='lat' dir='ltr'><strong>debet</strong></span> 
     </span>
    </p>
   </div>
   <div class='ocr_carea' id='block_1_46' title="bbox 2084 2157 3735 2233">
    <p class='ocr_par' dir='ltr' id='par_1_46' title="bbox 2084 2157 3735 2233">
     <span class='ocr_line' id='line_1_47' title="bbox 2084 2157 3735 2233; baseline -0.002 -18"><span class='ocrx_word' id='word_1_287' title='bbox 2084 2157 2206 2215; x_wconf 62' lang='lat' dir='ltr'><strong>hac</strong></span> <span class='ocrx_word' id='word_1_288' title='bbox 2237 2175 2271 2214; x_wconf 90' lang='lat' dir='ltr'><strong>a</strong></span> <span class='ocrx_word' id='word_1_289' title='bbox 2301 2159 2556 2214; x_wconf 85' lang='lat' dir='ltr'><strong>Minucio</strong></span> <span class='ocrx_word' id='word_1_290' title='bbox 2587 2159 2743 2215; x_wconf 89' lang='lat' dir='ltr'><strong>dicta</strong></span> <span class='ocrx_word' id='word_1_291' title='bbox 2772 2176 2888 2215; x_wconf 91' lang='lat' dir='ltr'><strong>non</strong></span> <span class='ocrx_word' id='word_1_292' title='bbox 2920 2160 3121 2228; x_wconf 89' lang='lat' dir='ltr'><strong>fuisse,</strong></span> <span class='ocrx_word' id='word_1_293' title='bbox 3174 2159 3285 2216; x_wconf 92' lang='lat' dir='ltr'><strong>nisi</strong></span> <span class='ocrx_word' id='word_1_294' title='bbox 3319 2159 3457 2233; x_wconf 88' lang='lat' dir='ltr'><strong>quia</strong></span> <span class='ocrx_word' id='word_1_295' title='bbox 3485 2157 3735 2229; x_wconf 84' lang='lat' dir='ltr'><strong>hujusce</strong></span> 
     </span>
    </p>
   </div>
   <div class='ocr_carea' id='block_1_47' title="bbox 2086 2245 3735 2320">
    <p class='ocr_par' dir='ltr' id='par_1_47' title="bbox 2086 2245 3735 2320">
     <span class='ocr_line' id='line_1_48' title="bbox 2086 2245 3735 2320; baseline -0.002 -16"><span class='ocrx_word' id='word_1_296' title='bbox 2086 2245 2496 2320; x_wconf 86' lang='lat' dir='ltr'><strong>appellationis</strong></span> <span class='ocrx_word' id='word_1_297' title='bbox 2526 2251 2696 2319; x_wconf 89' lang='lat' dir='ltr'><strong>atque</strong></span> <span class='ocrx_word' id='word_1_298' title='bbox 2726 2247 3109 2305; x_wconf 87' lang='lat' dir='ltr'><strong>habitationis</strong></span> <span class='ocrx_word' id='word_1_299' title='bbox 3139 2265 3268 2306; x_wconf 89' lang='lat' dir='ltr'><strong>mos</strong></span> <span class='ocrx_word' id='word_1_300' title='bbox 3307 2251 3367 2305; x_wconf 90' lang='lat' dir='ltr'><strong>et</strong></span> <span class='ocrx_word' id='word_1_301' title='bbox 3419 2249 3735 2303; x_wconf 87' lang='lat' dir='ltr'><strong>consuetu-</strong></span> 
     </span>
    </p>
   </div>
   <div class='ocr_carea' id='block_1_48' title="bbox 2086 2335 3032 2409">
    <p class='ocr_par' dir='ltr' id='par_1_48' title="bbox 2086 2335 3032 2409">
     <span class='ocr_line' id='line_1_49' title="bbox 2086 2335 3032 2409; baseline 0.002 -18"><span class='ocrx_word' id='word_1_302' title='bbox 2086 2338 2228 2394; x_wconf 92' lang='lat' dir='ltr'><strong>tudo</strong></span> <span class='ocrx_word' id='word_1_303' title='bbox 2259 2353 2365 2393; x_wconf 93' lang='lat' dir='ltr'><strong>suo</strong></span> <span class='ocrx_word' id='word_1_304' title='bbox 2396 2340 2659 2409; x_wconf 87' lang='lat' dir='ltr'><strong>tempore</strong></span> <span class='ocrx_word' id='word_1_305' title='bbox 2688 2335 3032 2394; x_wconf 89' lang='lat' dir='ltr'><strong>invaluerat.</strong></span> 
     </span>
    </p>
   </div>
   <div class='ocr_carea' id='block_1_49' title="bbox 1800 2579 2256 2644">
    <p class='ocr_par' dir='ltr' id='par_1_49' title="bbox 1800 2579 2256 2644">
     <span class='ocr_line' id='line_1_50' title="bbox 1800 2579 2256 2644; baseline 0.002 -5"><span class='ocrx_word' id='word_1_306' title='bbox 1800 2579 2059 2644; x_wconf 76' lang='lat' dir='ltr'><strong>CAPUT</strong></span> <span class='ocrx_word' id='word_1_307' title='bbox 2100 2580 2256 2642; x_wconf 86' lang='lat' dir='ltr'><strong>XIV.</strong></span> 
     </span>
    </p>
   </div>
   <div class='ocr_carea' id='block_1_50' title="bbox 344 2687 3739 2775">
    <p class='ocr_par' dir='ltr' id='par_1_50' title="bbox 344 2687 3739 2775">
     <span class='ocr_line' id='line_1_51' title="bbox 344 2687 3739 2775; baseline 0 -25"><span class='ocrx_word' id='word_1_308' title='bbox 344 2687 736 2752; x_wconf 83' lang='lat' dir='ltr'><strong>Excutiuntur</strong></span> <span class='ocrx_word' id='word_1_309' title='bbox 784 2690 1018 2753; x_wconf 80' lang='lat' dir='ltr'><strong>Caecilii</strong></span> <span class='ocrx_word' id='word_1_310' title='bbox 1065 2697 1441 2772; x_wconf 87' lang='lat' dir='ltr'><strong>argumenta</strong></span> <span class='ocrx_word' id='word_1_311' title='bbox 1487 2693 1715 2773; x_wconf 87' lang='lat' dir='ltr'><strong>quibus</strong></span> <span class='ocrx_word' id='word_1_312' title='bbox 1763 2696 2034 2774; x_wconf 87' lang='lat' dir='ltr'><strong>probare</strong></span> <span class='ocrx_word' id='word_1_313' title='bbox 2082 2699 2348 2756; x_wconf 90' lang='lat' dir='ltr'><strong>conatur</strong></span> <span class='ocrx_word' id='word_1_314' title='bbox 2373 2694 2544 2775; x_wconf 87' lang='lat' dir='ltr'><strong>deos</strong></span> <span class='ocrx_word' id='word_1_315' title='bbox 2585 2713 2733 2756; x_wconf 81' lang='lat' dir='ltr'><strong>suos</strong></span> <span class='ocrx_word' id='word_1_316' title='bbox 2763 2714 2984 2759; x_wconf 88' lang='lat' dir='ltr'><strong>revera</strong></span> <span class='ocrx_word' id='word_1_317' title='bbox 3012 2697 3333 2775; x_wconf 84' lang='lat' dir='ltr'><strong>exsistere,</strong></span> <span class='ocrx_word' id='word_1_318' title='bbox 3367 2711 3441 2756; x_wconf 90' lang='lat' dir='ltr'><strong>ac</strong></span> <span class='ocrx_word' id='word_1_319' title='bbox 3468 2691 3739 2774; x_wconf 88' lang='lat' dir='ltr'><strong>proinde</strong></span> 
     </span>
    </p>
   </div>
   <div class='ocr_carea' id='block_1_51' title="bbox 1435 2774 2596 2855">
    <p class='ocr_par' dir='ltr' id='par_1_51' title="bbox 1435 2774 2596 2855">
     <span class='ocr_line' id='line_1_52' title="bbox 1435 2774 2596 2855; baseline 0.003 -22"><span class='ocrx_word' id='word_1_320' title='bbox 1435 2792 1649 2834; x_wconf 82' lang='lat' dir='ltr'><strong>veram</strong></span> <span class='ocrx_word' id='word_1_321' title='bbox 1681 2794 1813 2837; x_wconf 90' lang='lat' dir='ltr'><strong>esse</strong></span> <span class='ocrx_word' id='word_1_322' title='bbox 1844 2776 2173 2855; x_wconf 88' lang='lat' dir='ltr'><strong>gentilium</strong></span> <span class='ocrx_word' id='word_1_323' title='bbox 2206 2774 2596 2854; x_wconf 87' lang='lat' dir='ltr'><strong>religionem.</strong></span> 
     </span>
    </p>
   </div>
   <div class='ocr_carea' id='block_1_52' title="bbox 773 2914 1516 2974">
    <p class='ocr_par' dir='ltr' id='par_1_52' title="bbox 773 2914 1516 2974">
     <span class='ocr_line' id='line_1_53' title="bbox 773 2914 1516 2974; baseline 0.005 -4"><span class='ocrx_word' id='word_1_324' title='bbox 773 2914 1036 2971; x_wconf 82' lang='lat' dir='ltr'><strong>ARTICU</strong></span> <span class='ocrx_word' id='word_1_325' title='bbox 1048 2914 1173 2973; x_wconf 87' lang='lat' dir='ltr'><strong>LUS</strong></span> <span class='ocrx_word' id='word_1_326' title='bbox 1223 2915 1516 2974; x_wconf 83' lang='lat' dir='ltr'><strong>PRIMUS.</strong></span> 
     </span>
    </p>
   </div>
   <div class='ocr_carea' id='block_1_53' title="bbox 333 2998 1975 3078">
    <p class='ocr_par' dir='ltr' id='par_1_53' title="bbox 333 2998 1975 3078">
     <span class='ocr_line' id='line_1_54' title="bbox 333 2998 1975 3078; baseline 0.006 -25"><span class='ocrx_word' id='word_1_327' title='bbox 333 2998 648 3078; x_wconf 63' lang='lat' dir='ltr'><strong>Explicatur</strong></span> <span class='ocrx_word' id='word_1_328' title='bbox 695 3004 936 3074; x_wconf 85' lang='lat' dir='ltr'><strong>primum</strong></span> <span class='ocrx_word' id='word_1_329' title='bbox 971 3004 1189 3060; x_wconf 70' lang='lat' dir='ltr'><strong>Caecilii</strong></span> <span class='ocrx_word' id='word_1_330' title='bbox 1216 3011 1603 3074; x_wconf 77' lang='lat' dir='ltr'><strong>argumentum</strong></span> <span class='ocrx_word' id='word_1_331' title='bbox 1642 3022 1746 3077; x_wconf 84' lang='lat' dir='ltr'><strong>quo</strong></span> <span class='ocrx_word' id='word_1_332' title='bbox 1770 3007 1975 3078; x_wconf 86' lang='lat' dir='ltr'><strong>proba—</strong></span> 
     </span>
    </p>
   </div>
   <div class='ocr_carea' id='block_1_54' title="bbox 406 3075 1976 3150">
    <p class='ocr_par' dir='ltr' id='par_1_54' title="bbox 406 3075 1976 3150">
     <span class='ocr_line' id='line_1_55' title="bbox 406 3075 1976 3150; baseline 0.004 -25"><span class='ocrx_word' id='word_1_333' title='bbox 406 3087 457 3150; x_wconf 72' lang='lat' dir='ltr'><strong>re</strong></span> <span class='ocrx_word' id='word_1_334' title='bbox 499 3075 696 3129; x_wconf 76' lang='lat' dir='ltr'><strong>nititur</strong></span> <span class='ocrx_word' id='word_1_335' title='bbox 719 3089 871 3150; x_wconf 75' lang='lat' dir='ltr'><strong>veros</strong></span> <span class='ocrx_word' id='word_1_336' title='bbox 895 3090 1034 3150; x_wconf 62' lang='lat' dir='ltr'><strong>esse</strong></span> <span class='ocrx_word' id='word_1_337' title='bbox 1061 3077 1186 3132; x_wconf 82' lang='lat' dir='ltr'><strong>deos</strong></span> <span class='ocrx_word' id='word_1_338' title='bbox 1230 3093 1359 3150; x_wconf 77' lang='lat' dir='ltr'><strong>suos</strong></span> <span class='ocrx_word' id='word_1_339' title='bbox 1389 3094 1459 3132; x_wconf 68' lang='lat' dir='ltr'><strong>ea:</strong></span> <span class='ocrx_word' id='word_1_340' title='bbox 1491 3075 1976 3150; x_wconf 42' lang='lat' dir='ltr'><strong>majorum—tradi-</strong></span> 
     </span>
    </p>
   </div>
   <div class='ocr_carea' id='block_1_55' title="bbox 402 3143 1978 3218">
    <p class='ocr_par' dir='ltr' id='par_1_55' title="bbox 402 3143 1978 3218">
     <span class='ocr_line' id='line_1_56' title="bbox 402 3143 1978 3218; baseline 0.006 -22"><span class='ocrx_word' id='word_1_341' title='bbox 402 3143 537 3199; x_wconf 82' lang='lat' dir='ltr'><strong>tione</strong></span> <span class='ocrx_word' id='word_1_342' title='bbox 583 3153 647 3218; x_wconf 82' lang='lat' dir='ltr'><strong>et</strong></span> <span class='ocrx_word' id='word_1_343' title='bbox 679 3147 1069 3218; x_wconf 76' lang='lat' dir='ltr'><strong>antiquissimo</strong></span> <span class='ocrx_word' id='word_1_344' title='bbox 1113 3151 1266 3203; x_wconf 87' lang='lat' dir='ltr'><strong>cultu</strong></span> <span class='ocrx_word' id='word_1_345' title='bbox 1295 3148 1545 3216; x_wconf 85' lang='lat' dir='ltr'><strong>deorum,</strong></span> <span class='ocrx_word' id='word_1_346' title='bbox 1576 3143 1850 3205; x_wconf 64' lang='lat' dir='ltr'><strong>nimirum</strong></span> <span class='ocrx_word' id='word_1_347' title='bbox 1883 3149 1978 3205; x_wconf 82' lang='lat' dir='ltr'><strong>Ce-</strong></span> 
     </span>
    </p>
   </div>
   <div class='ocr_carea' id='block_1_56' title="bbox 401 3217 1980 3293">
    <p class='ocr_par' dir='ltr' id='par_1_56' title="bbox 401 3217 1980 3293">
     <span class='ocr_line' id='line_1_57' title="bbox 401 3217 1980 3293; baseline 0.006 -25"><span class='ocrx_word' id='word_1_348' title='bbox 401 3219 534 3293; x_wconf 63' lang='lat' dir='ltr'><strong>reris</strong></span> <span class='ocrx_word' id='word_1_349' title='bbox 563 3217 909 3293; x_wconf 54' lang='lat' dir='ltr'><strong>_Eleasiliiae,</strong></span> <span class='ocrx_word' id='word_1_350' title='bbox 984 3219 1248 3293; x_wconf 71' lang='lat' dir='ltr'><strong>Phrygiae</strong></span> <span class='ocrx_word' id='word_1_351' title='bbox 1285 3222 1503 3293; x_wconf 64' lang='lat' dir='ltr'><strong>matris</strong></span> <span class='ocrx_word' id='word_1_352' title='bbox 1557 3237 1654 3276; x_wconf 77' lang='lat' dir='ltr'><strong>seu</strong></span> <span class='ocrx_word' id='word_1_353' title='bbox 1731 3221 1980 3293; x_wconf 76' lang='lat' dir='ltr'><strong>Cybeles,</strong></span> 
     </span>
    </p>
   </div>
   <div class='ocr_carea' id='block_1_57' title="bbox 403 3287 1985 3365">
    <p class='ocr_par' dir='ltr' id='par_1_57' title="bbox 403 3287 1985 3365">
     <span class='ocr_line' id='line_1_58' title="bbox 403 3287 1985 3365; baseline 0.006 -25"><span class='ocrx_word' id='word_1_354' title='bbox 403 3287 708 3365; x_wconf 52' lang='lat' dir='ltr'><strong>ﬁsculapii</strong></span> <span class='ocrx_word' id='word_1_355' title='bbox 725 3361 734 3365; x_wconf 90' lang='lat'><em>_</em></span> <span class='ocrx_word' id='word_1_356' title='bbox 757 3291 1072 3365; x_wconf 61' lang='lat' dir='ltr'><strong>Epidaurii,</strong></span> <span class='ocrx_word' id='word_1_357' title='bbox 1100 3287 1226 3346; x_wconf 67' lang='grc' dir='ltr'><strong>Ἠειὶ</strong></span> <span class='ocrx_word' id='word_1_358' title='bbox 1257 3291 1570 3365; x_wconf 76' lang='lat' dir='ltr'><strong>Chaldaici,</strong></span> <span class='ocrx_word' id='word_1_359' title='bbox 1601 3287 1850 3348; x_wconf 73' lang='lat' dir='ltr'><strong>Astartes</strong></span> <span class='ocrx_word' id='word_1_360' title='bbox 1877 3287 1985 3365; x_wconf 51' lang='lat' dir='ltr'><strong>Sy:-</strong></span> 
     </span>
    </p>
   </div>
   <div class='ocr_carea' id='block_1_58' title="bbox 413 3361 1656 3426">
    <p class='ocr_par' dir='ltr' id='par_1_58' title="bbox 413 3361 1656 3426">
     <span class='ocr_line' id='line_1_59' title="bbox 413 3361 1656 3426; baseline 0.006 -14"><span class='ocrx_word' id='word_1_361' title='bbox 413 3361 537 3426; x_wconf 72' lang='lat' dir='ltr'><strong>riav,</strong></span> <span class='ocrx_word' id='word_1_362' title='bbox 570 3361 816 3418; x_wconf 71' lang='lat' dir='ltr'><strong>Tauricae</strong></span> <span class='ocrx_word' id='word_1_363' title='bbox 842 3361 1032 3417; x_wconf 60' lang='lat' dir='ltr'><strong>Diana</strong></span> <span class='ocrx_word' id='word_1_364' title='bbox 1060 3365 1112 3416; x_wconf 86' lang='lat' dir='ltr'><strong>et</strong></span> <span class='ocrx_word' id='word_1_365' title='bbox 1141 3364 1408 3419; x_wconf 77' lang='lat' dir='ltr'><strong>Mercurii</strong></span> <span class='ocrx_word' id='word_1_366' title='bbox 1438 3362 1656 3419; x_wconf 82' lang='lat' dir='ltr'><strong>Gallici.</strong></span> 
     </span>
    </p>
   </div>
   <div class='ocr_carea' id='block_1_59' title="bbox 401 3443 1969 3524">
    <p class='ocr_par' dir='ltr' id='par_1_59' title="bbox 401 3443 1969 3524">
     <span class='ocr_line' id='line_1_60' title="bbox 401 3443 1969 3524; baseline 0.006 -25"><span class='ocrx_word' id='word_1_367' title='bbox 401 3443 521 3501; x_wconf 87' lang='lat' dir='ltr'><strong>Huc</strong></span> <span class='ocrx_word' id='word_1_368' title='bbox 553 3463 740 3519; x_wconf 89' lang='lat' dir='ltr'><strong>usque</strong></span> <span class='ocrx_word' id='word_1_369' title='bbox 770 3447 1062 3504; x_wconf 67' lang='lat' dir='ltr'><strong>Caecilium</strong></span> <span class='ocrx_word' id='word_1_370' title='bbox 1095 3455 1298 3506; x_wconf 88' lang='lat' dir='ltr'><strong>contra</strong></span> <span class='ocrx_word' id='word_1_371' title='bbox 1327 3450 1669 3524; x_wconf 88' lang='lat' dir='ltr'><strong>religionem</strong></span> <span class='ocrx_word' id='word_1_372' title='bbox 1700 3451 1969 3508; x_wconf 89' lang='lat' dir='ltr'><strong>christia-</strong></span> 
     </span>
    </p>
   </div>
   <div class='ocr_carea' id='block_1_60' title="bbox 318 3535 1971 3612">
    <p class='ocr_par' dir='ltr' id='par_1_60' title="bbox 318 3535 1971 3612">
     <span class='ocr_line' id='line_1_61' title="bbox 318 3535 1971 3612; baseline 0.005 -24"><span class='ocrx_word' id='word_1_373' title='bbox 318 3548 451 3589; x_wconf 69' lang='grc' dir='ltr'><strong>οδω</strong></span> <span class='ocrx_word' id='word_1_374' title='bbox 490 3535 650 3591; x_wconf 89' lang='lat' dir='ltr'><strong>irrito</strong></span> <span class='ocrx_word' id='word_1_375' title='bbox 683 3553 916 3608; x_wconf 89' lang='lat' dir='ltr'><strong>semper</strong></span> <span class='ocrx_word' id='word_1_376' title='bbox 952 3542 1161 3594; x_wconf 89' lang='lat' dir='ltr'><strong>conatu</strong></span> <span class='ocrx_word' id='word_1_377' title='bbox 1208 3539 1630 3612; x_wconf 89' lang='lat' dir='ltr'><strong>disputantem,</strong></span> <span class='ocrx_word' id='word_1_378' title='bbox 1675 3557 1742 3596; x_wconf 90' lang='lat' dir='ltr'><strong>ac</strong></span> <span class='ocrx_word' id='word_1_379' title='bbox 1771 3542 1842 3596; x_wconf 90' lang='lat' dir='ltr'><strong>de</strong></span> <span class='ocrx_word' id='word_1_380' title='bbox 1873 3540 1971 3596; x_wconf 93' lang='lat' dir='ltr'><strong>illo</strong></span> 
     </span>
    </p>
   </div>
   <div class='ocr_carea' id='block_1_61' title="bbox 311 3622 1969 3696">
    <p class='ocr_par' dir='ltr' id='par_1_61' title="bbox 311 3622 1969 3696">
     <span class='ocr_line' id='line_1_62' title="bbox 311 3622 1969 3696; baseline 0.005 -19"><span class='ocrx_word' id='word_1_381' title='bbox 311 3622 782 3696; x_wconf 87' lang='lat' dir='ltr'><strong>triumphantem</strong></span> <span class='ocrx_word' id='word_1_382' title='bbox 830 3624 1130 3683; x_wconf 88' lang='lat' dir='ltr'><strong>Octavium</strong></span> <span class='ocrx_word' id='word_1_383' title='bbox 1179 3629 1539 3684; x_wconf 88' lang='lat' dir='ltr'><strong>audivimus.</strong></span> <span class='ocrx_word' id='word_1_384' title='bbox 1573 3629 1737 3685; x_wconf 86' lang='lat' dir='ltr'><strong>Nunc</strong></span> <span class='ocrx_word' id='word_1_385' title='bbox 1768 3629 1969 3686; x_wconf 90' lang='lat' dir='ltr'><strong>viden-</strong></span> 
     </span>
    </p>
   </div>
   <div class='ocr_carea' id='block_1_62' title="bbox 302 3711 1969 3791">
    <p class='ocr_par' dir='ltr' id='par_1_62' title="bbox 302 3711 1969 3791">
     <span class='ocr_line' id='line_1_63' title="bbox 302 3711 1969 3791; baseline 0.005 -24"><span class='ocrx_word' id='word_1_386' title='bbox 302 3711 454 3769; x_wconf 87' lang='lat' dir='ltr'><strong>dum</strong></span> <span class='ocrx_word' id='word_1_387' title='bbox 506 3719 596 3770; x_wconf 91' lang='lat' dir='ltr'><strong>est</strong></span> <span class='ocrx_word' id='word_1_388' title='bbox 645 3719 848 3770; x_wconf 91' lang='lat' dir='ltr'><strong>utrum</strong></span> <span class='ocrx_word' id='word_1_389' title='bbox 900 3714 1000 3771; x_wconf 90' lang='lat' dir='ltr'><strong>ille</strong></span> <span class='ocrx_word' id='word_1_390' title='bbox 1029 3733 1132 3789; x_wconf 92' lang='lat' dir='ltr'><strong>pro</strong></span> <span class='ocrx_word' id='word_1_391' title='bbox 1180 3718 1400 3773; x_wconf 89' lang='lat' dir='ltr'><strong>tuenda</strong></span> <span class='ocrx_word' id='word_1_392' title='bbox 1444 3717 1651 3790; x_wconf 89' lang='lat' dir='ltr'><strong>gentili</strong></span> <span class='ocrx_word' id='word_1_393' title='bbox 1689 3717 1969 3791; x_wconf 87' lang='lat' dir='ltr'><strong>religione</strong></span> 
     </span>
    </p>
   </div>
   <div class='ocr_carea' id='block_1_63' title="bbox 295 3793 1966 3882">
    <p class='ocr_par' dir='ltr' id='par_1_63' title="bbox 295 3793 1966 3882">
     <span class='ocr_line' id='line_1_64' title="bbox 295 3793 1966 3882; baseline 0.004 -24"><span class='ocrx_word' id='word_1_394' title='bbox 295 3818 415 3858; x_wconf 82' lang='lat' dir='ltr'><strong>sua</strong></span> <span class='ocrx_word' id='word_1_395' title='bbox 450 3793 698 3860; x_wconf 75' lang='lat' dir='ltr'><strong>feliCiori</strong></span> <span class='ocrx_word' id='word_1_396' title='bbox 730 3821 1005 3861; x_wconf 88' lang='lat' dir='ltr'><strong>successu</strong></span> <span class='ocrx_word' id='word_1_397' title='bbox 1038 3807 1404 3879; x_wconf 86' lang='lat' dir='ltr'><strong>pugnaverit.</strong></span> <span class='ocrx_word' id='word_1_398' title='bbox 1441 3807 1704 3863; x_wconf 83' lang='lat' dir='ltr'><strong>Primum</strong></span> <span class='ocrx_word' id='word_1_399' title='bbox 1748 3813 1966 3882; x_wconf 87' lang='lat' dir='ltr'><strong>autem,</strong></span> 
     </span>
    </p>
   </div>
   <div class='ocr_carea' id='block_1_64' title="bbox 296 3892 1970 3969">
    <p class='ocr_par' dir='ltr' id='par_1_64' title="bbox 296 3892 1970 3969">
     <span class='ocr_line' id='line_1_65' title="bbox 296 3892 1970 3969; baseline 0.005 -23"><span class='ocrx_word' id='word_1_400' title='bbox 296 3895 358 3947; x_wconf 88' lang='lat' dir='ltr'><strong>et</strong></span> <span class='ocrx_word' id='word_1_401' title='bbox 413 3893 578 3965; x_wconf 88' lang='lat' dir='ltr'><strong>quod</strong></span> <span class='ocrx_word' id='word_1_402' title='bbox 624 3892 1059 3950; x_wconf 85' lang='lat' dir='ltr'><strong>validissimum</strong></span> <span class='ocrx_word' id='word_1_403' title='bbox 1108 3900 1295 3969; x_wconf 91' lang='lat' dir='ltr'><strong>putat,</strong></span> <span class='ocrx_word' id='word_1_404' title='bbox 1335 3897 1407 3952; x_wconf 90' lang='lat' dir='ltr'><strong>ab</strong></span> <span class='ocrx_word' id='word_1_405' title='bbox 1435 3896 1594 3953; x_wconf 89' lang='lat' dir='ltr'><strong>illius</strong></span> <span class='ocrx_word' id='word_1_406' title='bbox 1623 3898 1970 3968; x_wconf 86' lang='lat' dir='ltr'><strong>antiquitate</strong></span> 
     </span>
    </p>
   </div>
   <div class='ocr_carea' id='block_1_65' title="bbox 286 3981 1964 4060">
    <p class='ocr_par' dir='ltr' id='par_1_65' title="bbox 286 3981 1964 4060">
     <span class='ocr_line' id='line_1_66' title="bbox 286 3981 1964 4060; baseline 0.005 -26"><span class='ocrx_word' id='word_1_407' title='bbox 286 3981 454 4051; x_wconf 87' lang='lat' dir='ltr'><strong>petit</strong></span> <span class='ocrx_word' id='word_1_408' title='bbox 493 3987 938 4056; x_wconf 87' lang='lat' dir='ltr'><strong>argumentum.</strong></span> <span class='ocrx_word' id='word_1_409' title='bbox 988 3984 1077 4039; x_wconf 85' lang='lat' dir='ltr'><strong>Ab</strong></span> <span class='ocrx_word' id='word_1_410' title='bbox 1120 3985 1246 4058; x_wconf 90' lang='lat' dir='ltr'><strong>ipso</strong></span> <span class='ocrx_word' id='word_1_411' title='bbox 1279 3986 1436 4042; x_wconf 89' lang='lat' dir='ltr'><strong>enim</strong></span> <span class='ocrx_word' id='word_1_412' title='bbox 1469 3985 1676 4042; x_wconf 91' lang='lat' dir='ltr'><strong>mundi</strong></span> <span class='ocrx_word' id='word_1_413' title='bbox 1707 3988 1964 4060; x_wconf 89' lang='lat' dir='ltr'><strong>exordio,</strong></span> 
     </span>
    </p>
   </div>
   <div class='ocr_carea' id='block_1_66' title="bbox 281 4069 1969 4144">
    <p class='ocr_par' dir='ltr' id='par_1_66' title="bbox 281 4069 1969 4144">
     <span class='ocr_line' id='line_1_67' title="bbox 281 4069 1969 4144; baseline 0.007 -22"><span class='ocrx_word' id='word_1_414' title='bbox 281 4069 386 4124; x_wconf 82' lang='lat' dir='ltr'><strong>vel</strong></span> <span class='ocrx_word' id='word_1_415' title='bbox 424 4072 588 4126; x_wconf 89' lang='lat' dir='ltr'><strong>sicut</strong></span> <span class='ocrx_word' id='word_1_416' title='bbox 618 4071 744 4144; x_wconf 90' lang='lat' dir='ltr'><strong>ipse</strong></span> <span class='ocrx_word' id='word_1_417' title='bbox 772 4073 1034 4129; x_wconf 67' lang='lat' dir='ltr'><strong>Caecilius</strong></span> <span class='ocrx_word' id='word_1_418' title='bbox 1069 4073 1174 4142; x_wconf 88' lang='lat' dir='ltr'><strong>ait,</strong></span> <span class='ocrx_word' id='word_1_419' title='bbox 1207 4097 1234 4125; x_wconf 76' lang='grc' dir='ltr'><em>α</em></span> <span class='ocrx_word' id='word_1_420' title='bbox 1280 4075 1407 4131; x_wconf 88' lang='lat' dir='ltr'><strong>rudi</strong></span> <span class='ocrx_word' id='word_1_421' title='bbox 1442 4075 1635 4132; x_wconf 90' lang='lat' dir='ltr'><strong>adhuc</strong></span> <span class='ocrx_word' id='word_1_422' title='bbox 1665 4076 1878 4134; x_wconf 69' lang='lat' dir='ltr'><strong>saeculo</strong></span> <span class='ocrx_word' id='word_1_423' title='bbox 1910 4081 1969 4134; x_wconf 91' lang='lat' dir='ltr'><strong>et</strong></span> 
     </span>
    </p>
   </div>
   <div class='ocr_carea' id='block_1_67' title="bbox 287 4158 1965 4236">
    <p class='ocr_par' dir='ltr' id='par_1_67' title="bbox 287 4158 1965 4236">
     <span class='ocr_line' id='line_1_68' title="bbox 287 4158 1965 4236; baseline 0.006 -23"><span class='ocrx_word' id='word_1_424' title='bbox 287 4158 352 4212; x_wconf 87' lang='lat' dir='ltr'><strong>in</strong></span> <span class='ocrx_word' id='word_1_425' title='bbox 392 4159 590 4231; x_wconf 88' lang='lat' dir='ltr'><strong>ipsius</strong></span> <span class='ocrx_word' id='word_1_426' title='bbox 613 4162 820 4216; x_wconf 88' lang='lat' dir='ltr'><strong>mundi</strong></span> <span class='ocrx_word' id='word_1_427' title='bbox 840 4162 1194 4234; x_wconf 78' lang='lat' dir='ltr'><strong>natalibus,»</strong></span> <span class='ocrx_word' id='word_1_428' title='bbox 1214 4166 1464 4236; x_wconf 85' lang='lat' dir='ltr'><strong>majores</strong></span> <span class='ocrx_word' id='word_1_429' title='bbox 1489 4165 1672 4222; x_wconf 88' lang='lat' dir='ltr'><strong>nostri</strong></span> <span class='ocrx_word' id='word_1_430' title='bbox 1703 4167 1841 4223; x_wconf 89' lang='lat' dir='ltr'><strong>deos</strong></span> <span class='ocrx_word' id='word_1_431' title='bbox 1864 4170 1965 4223; x_wconf 87' lang='lat' dir='ltr'><strong>aut</strong></span> 
     </span>
    </p>
   </div>
   <div class='ocr_carea' id='block_1_68' title="bbox 292 4248 1964 4324">
    <p class='ocr_par' dir='ltr' id='par_1_68' title="bbox 292 4248 1964 4324">
     <span class='ocr_line' id='line_1_69' title="bbox 292 4248 1964 4324; baseline 0.006 -23"><span class='ocrx_word' id='word_1_432' title='bbox 292 4268 325 4296; x_wconf 74' lang='grc' dir='ltr'>«ι</span> <span class='ocrx_word' id='word_1_433' title='bbox 365 4248 579 4304; x_wconf 82' lang='lat' dir='ltr'><strong>faciles</strong></span> <span class='ocrx_word' id='word_1_434' title='bbox 615 4271 642 4298; x_wconf 76' lang='grc' dir='ltr'><strong>η</strong></span> <span class='ocrx_word' id='word_1_435' title='bbox 674 4255 776 4306; x_wconf 90' lang='lat' dir='ltr'><strong>aut</strong></span> <span class='ocrx_word' id='word_1_436' title='bbox 807 4252 962 4309; x_wconf 76' lang='lat'><strong>530</strong></span> <span class='ocrx_word' id='word_1_437' title='bbox 1008 4276 1036 4303; x_wconf 84' lang='lat'><strong>«</strong></span> <span class='ocrx_word' id='word_1_438' title='bbox 1072 4269 1257 4324; x_wconf 79' lang='lat' dir='ltr'><strong>reges,</strong></span> <span class='ocrx_word' id='word_1_439' title='bbox 1294 4277 1322 4304; x_wconf 88' lang='lat'>»</span> <span class='ocrx_word' id='word_1_440' title='bbox 1354 4254 1570 4311; x_wconf 89' lang='lat' dir='ltr'><strong>habere</strong></span> <span class='ocrx_word' id='word_1_441' title='bbox 1603 4260 1964 4323; x_wconf 89' lang='lat' dir='ltr'><strong>meruerunt,</strong></span> 
     </span>
    </p>
   </div>
   <div class='ocr_carea' id='block_1_69' title="bbox 293 4335 1963 4415">
    <p class='ocr_par' dir='ltr' id='par_1_69' title="bbox 293 4335 1963 4415">
     <span class='ocr_line' id='line_1_70' title="bbox 293 4335 1963 4415; baseline 0.008 -26"><span class='ocrx_word' id='word_1_442' title='bbox 293 4335 474 4391; x_wconf 79' lang='lat' dir='ltr'><strong>Dixit</strong></span> <span class='ocrx_word' id='word_1_443' title='bbox 503 4343 693 4394; x_wconf 86' lang='lat' dir='ltr'><strong>autem</strong></span> <span class='ocrx_word' id='word_1_444' title='bbox 723 4341 938 4411; x_wconf 75' lang='lat' dir='ltr'><strong>faciles,</strong></span> <span class='ocrx_word' id='word_1_445' title='bbox 970 4341 1240 4398; x_wconf 88' lang='lat' dir='ltr'><strong>Ovidium</strong></span> <span class='ocrx_word' id='word_1_446' title='bbox 1273 4347 1534 4412; x_wconf 90' lang='lat' dir='ltr'><strong>secutus,</strong></span> <span class='ocrx_word' id='word_1_447' title='bbox 1566 4343 1666 4415; x_wconf 90' lang='lat' dir='ltr'><strong>qui</strong></span> <span class='ocrx_word' id='word_1_448' title='bbox 1715 4343 1963 4402; x_wconf 89' lang='lat' dir='ltr'><strong>cecinit:</strong></span> 
     </span>
    </p>
   </div>
   <div class='ocr_carea' id='block_1_70' title="bbox 543 4442 1563 4510">
    <p class='ocr_par' dir='ltr' id='par_1_70' title="bbox 543 4442 1563 4510">
     <span class='ocr_line' id='line_1_71' title="bbox 543 4442 1563 4510; baseline 0.008 -19"><span class='ocrx_word' id='word_1_449' title='bbox 543 4442 751 4510; x_wconf 78' lang='lat' dir='ltr'><strong>Optatis,</strong></span> <span class='ocrx_word' id='word_1_450' title='bbox 782 4447 1072 4510; x_wconf 69' lang='lat' dir='ltr'><strong>facilesque</strong></span> <span class='ocrx_word' id='word_1_451' title='bbox 1107 4449 1239 4498; x_wconf 85' lang='lat' dir='ltr'><strong>deos</strong></span> <span class='ocrx_word' id='word_1_452' title='bbox 1267 4449 1563 4510; x_wconf 87' lang='lat' dir='ltr'><strong>habuistis;</strong></span> 
     </span>
    </p>
   </div>
   <div class='ocr_carea' id='block_1_71' title="bbox 571 4506 1697 4574">
    <p class='ocr_par' dir='ltr' id='par_1_71' title="bbox 571 4506 1697 4574">
     <span class='ocr_line' id='line_1_72' title="bbox 571 4506 1697 4574; baseline 0.006 -19"><span class='ocrx_word' id='word_1_453' title='bbox 571 4506 754 4568; x_wconf 82' lang='lat' dir='ltr'><strong>(Ovid.,</strong></span> <span class='ocrx_word' id='word_1_454' title='bbox 782 4509 817 4557; x_wconf 90' lang='lat' dir='ltr'><strong>l.</strong></span> <span class='ocrx_word' id='word_1_455' title='bbox 852 4524 880 4558; x_wconf 87' lang='lat' dir='ltr'><strong>v</strong></span> <span class='ocrx_word' id='word_1_456' title='bbox 908 4506 1265 4574; x_wconf 62' lang='lat' dir='ltr'><strong>Metamorph,</strong></span> <span class='ocrx_word' id='word_1_457' title='bbox 1295 4515 1319 4571; x_wconf 70' lang='lat'>5</span> <span class='ocrx_word' id='word_1_458' title='bbox 1347 4506 1697 4574; x_wconf 82' lang='lat' dir='ltr'><strong>antepenult.)</strong></span> 
     </span>
    </p>
   </div>
   <div class='ocr_carea' id='block_1_72' title="bbox 318 4598 1966 4682">
    <p class='ocr_par' dir='ltr' id='par_1_72' title="bbox 318 4598 1966 4682">
     <span class='ocr_line' id='line_1_73' title="bbox 318 4598 1966 4682; baseline 0.009 -28"><span class='ocrx_word' id='word_1_459' title='bbox 318 4598 382 4654; x_wconf 89' lang='lat' dir='ltr'><strong>id</strong></span> <span class='ocrx_word' id='word_1_460' title='bbox 437 4606 518 4657; x_wconf 85' lang='lat' dir='ltr'><strong>est</strong></span> <span class='ocrx_word' id='word_1_461' title='bbox 570 4620 916 4676; x_wconf 89' lang='lat' dir='ltr'><strong>propensos,</strong></span> <span class='ocrx_word' id='word_1_462' title='bbox 967 4606 1276 4664; x_wconf 89' lang='lat' dir='ltr'><strong>benevolos</strong></span> <span class='ocrx_word' id='word_1_463' title='bbox 1321 4612 1377 4664; x_wconf 90' lang='lat' dir='ltr'><strong>et</strong></span> <span class='ocrx_word' id='word_1_464' title='bbox 1421 4609 1522 4680; x_wconf 90' lang='lat' dir='ltr'><strong>qui</strong></span> <span class='ocrx_word' id='word_1_465' title='bbox 1572 4614 1768 4682; x_wconf 91' lang='lat' dir='ltr'><strong>optata</strong></span> <span class='ocrx_word' id='word_1_466' title='bbox 1799 4611 1966 4670; x_wconf 85' lang='lat' dir='ltr'><strong>facile</strong></span> 
     </span>
    </p>
   </div>
   <div class='ocr_carea' id='block_1_73' title="bbox 320 4691 2044 4794">
    <p class='ocr_par' dir='ltr' id='par_1_73' title="bbox 320 4691 2044 4794">
     <span class='ocr_line' id='line_1_74' title="bbox 320 4691 2044 4794; baseline 0.008 -52"><span class='ocrx_word' id='word_1_467' title='bbox 320 4691 687 4748; x_wconf 88' lang='lat' dir='ltr'><strong>concedebat.</strong></span> <span class='ocrx_word' id='word_1_468' title='bbox 741 4695 882 4750; x_wconf 86' lang='lat' dir='ltr'><strong>Inde</strong></span> <span class='ocrx_word' id='word_1_469' title='bbox 910 4712 1044 4751; x_wconf 90' lang='lat' dir='ltr'><strong>vero</strong></span> <span class='ocrx_word' id='word_1_470' title='bbox 1076 4696 1310 4752; x_wconf 90' lang='lat' dir='ltr'><strong>illorum</strong></span> <span class='ocrx_word' id='word_1_471' title='bbox 1342 4697 1538 4753; x_wconf 90' lang='lat' dir='ltr'><strong>cultus</strong></span> <span class='ocrx_word' id='word_1_472' title='bbox 1571 4698 1629 4754; x_wconf 92' lang='lat' dir='ltr'><strong>in</strong></span> <span class='ocrx_word' id='word_1_473' title='bbox 1663 4699 1966 4756; x_wconf 89' lang='lat' dir='ltr'><strong>univeras</strong></span> <span class='ocrx_word' id='word_1_474' title='bbox 1997 4729 2044 4794; x_wconf 83' lang='lat' dir='ltr'><strong>D</strong></span> 
     </span>
    </p>
   </div>
   <div class='ocr_carea' id='block_1_74' title="bbox 323 4781 1968 4852">
    <p class='ocr_par' dir='ltr' id='par_1_74' title="bbox 323 4781 1968 4852">
     <span class='ocr_line' id='line_1_75' title="bbox 323 4781 1968 4852; baseline 0.007 -20"><span class='ocrx_word' id='word_1_475' title='bbox 323 4781 490 4835; x_wconf 61' lang='lat' dir='ltr'><strong>terra;</strong></span> <span class='ocrx_word' id='word_1_476' title='bbox 545 4786 740 4852; x_wconf 87' lang='lat' dir='ltr'><strong>partes</strong></span> <span class='ocrx_word' id='word_1_477' title='bbox 797 4783 1074 4840; x_wconf 89' lang='lat' dir='ltr'><strong>manavit.</strong></span> <span class='ocrx_word' id='word_1_478' title='bbox 1130 4789 1276 4840; x_wconf 88' lang='lat' dir='ltr'><strong>Nam</strong></span> <span class='ocrx_word' id='word_1_479' title='bbox 1336 4785 1616 4842; x_wconf 89' lang='lat' dir='ltr'><strong>Eleusinii</strong></span> <span class='ocrx_word' id='word_1_480' title='bbox 1664 4786 1968 4843; x_wconf 91' lang='lat' dir='ltr'><strong>coluerunt</strong></span> 
     </span>
    </p>
   </div>
   <div class='ocr_carea' id='block_1_75' title="bbox 329 4864 1965 4949">
    <p class='ocr_par' dir='ltr' id='par_1_75' title="bbox 329 4864 1965 4949">
     <span class='ocr_line' id='line_1_76' title="bbox 329 4864 1965 4949; baseline 0.006 -28"><span class='ocrx_word' id='word_1_481' title='bbox 329 4864 606 4938; x_wconf 68' lang='lat' dir='ltr'><strong>Celerem,</strong></span> <span class='ocrx_word' id='word_1_482' title='bbox 649 4870 930 4945; x_wconf 83' lang='lat' dir='ltr'><strong>Phryges,</strong></span> <span class='ocrx_word' id='word_1_483' title='bbox 970 4873 1238 4942; x_wconf 86' lang='lat' dir='ltr'><strong>Matrem,</strong></span> <span class='ocrx_word' id='word_1_484' title='bbox 1268 4873 1326 4929; x_wconf 92' lang='lat' dir='ltr'><strong>id</strong></span> <span class='ocrx_word' id='word_1_485' title='bbox 1358 4879 1466 4940; x_wconf 87' lang='lat' dir='ltr'><strong>est,</strong></span> <span class='ocrx_word' id='word_1_486' title='bbox 1508 4874 1797 4949; x_wconf 88' lang='lat' dir='ltr'><strong>Cybelem,</strong></span> <span class='ocrx_word' id='word_1_487' title='bbox 1830 4876 1965 4949; x_wconf 87' lang='lat' dir='ltr'><strong>Epi-</strong></span> 
     </span>
    </p>
   </div>
   <div class='ocr_carea' id='block_1_76' title="bbox 335 4955 1968 5035">
    <p class='ocr_par' dir='ltr' id='par_1_76' title="bbox 335 4955 1968 5035">
     <span class='ocr_line' id='line_1_77' title="bbox 335 4955 1968 5035; baseline 0.007 -27"><span class='ocrx_word' id='word_1_488' title='bbox 335 4955 510 5012; x_wconf 84' lang='lat' dir='ltr'><strong>daurii</strong></span> <span class='ocrx_word' id='word_1_489' title='bbox 556 4960 978 5034; x_wconf 69' lang='lat' dir='ltr'><strong>rEsculapium,</strong></span> <span class='ocrx_word' id='word_1_490' title='bbox 1030 4961 1230 5018; x_wconf 89' lang='lat' dir='ltr'><strong>Belum</strong></span> <span class='ocrx_word' id='word_1_491' title='bbox 1285 4961 1557 5032; x_wconf 61' lang='lat' dir='ltr'><strong>Chaldaei,</strong></span> <span class='ocrx_word' id='word_1_492' title='bbox 1608 4963 1736 5035; x_wconf 87' lang='lat' dir='ltr'><strong>Syri</strong></span> <span class='ocrx_word' id='word_1_493' title='bbox 1769 4969 1968 5021; x_wconf 82' lang='lat' dir='ltr'><strong>Astar-</strong></span> 
     </span>
    </p>
   </div>
   <div class='ocr_carea' id='block_1_77' title="bbox 331 5046 1968 5120">
    <p class='ocr_par' dir='ltr' id='par_1_77' title="bbox 331 5046 1968 5120">
     <span class='ocr_line' id='line_1_78' title="bbox 331 5046 1968 5120; baseline 0.01 -25"><span class='ocrx_word' id='word_1_494' title='bbox 331 5047 458 5114; x_wconf 78' lang='lat' dir='ltr'><strong>tem,</strong></span> <span class='ocrx_word' id='word_1_495' title='bbox 487 5046 728 5106; x_wconf 86' lang='lat' dir='ltr'><strong>Dianam</strong></span> <span class='ocrx_word' id='word_1_496' title='bbox 761 5051 958 5118; x_wconf 88' lang='lat' dir='ltr'><strong>Tauri,</strong></span> <span class='ocrx_word' id='word_1_497' title='bbox 990 5051 1135 5108; x_wconf 84' lang='lat' dir='ltr'><strong>Galli</strong></span> <span class='ocrx_word' id='word_1_498' title='bbox 1184 5051 1558 5120; x_wconf 86' lang='lat' dir='ltr'><strong>Mercurium,</strong></span> <span class='ocrx_word' id='word_1_499' title='bbox 1599 5069 1803 5109; x_wconf 91' lang='lat' dir='ltr'><strong>omnes</strong></span> <span class='ocrx_word' id='word_1_500' title='bbox 1831 5055 1968 5111; x_wconf 91' lang='lat' dir='ltr'><strong>deos</strong></span> 
     </span>
    </p>
   </div>
   <div class='ocr_carea' id='block_1_78' title="bbox 335 5131 1965 5215">
    <p class='ocr_par' dir='ltr' id='par_1_78' title="bbox 335 5131 1965 5215">
     <span class='ocr_line' id='line_1_79' title="bbox 335 5131 1965 5215; baseline 0.007 -29"><span class='ocrx_word' id='word_1_501' title='bbox 335 5131 578 5192; x_wconf 80' lang='lat' dir='ltr'><strong>Romani.</strong></span> <span class='ocrx_word' id='word_1_502' title='bbox 633 5139 701 5194; x_wconf 80' lang='lat' dir='ltr'><strong>Et</strong></span> <span class='ocrx_word' id='word_1_503' title='bbox 751 5139 811 5196; x_wconf 91' lang='lat' dir='ltr'><strong>hi</strong></span> <span class='ocrx_word' id='word_1_504' title='bbox 858 5140 1117 5212; x_wconf 85' lang='lat' dir='ltr'><strong>quidem,</strong></span> <span class='ocrx_word' id='word_1_505' title='bbox 1152 5141 1288 5214; x_wconf 88' lang='lat' dir='ltr'><strong>quia</strong></span> <span class='ocrx_word' id='word_1_506' title='bbox 1319 5141 1500 5198; x_wconf 90' lang='lat' dir='ltr'><strong>sacris</strong></span> <span class='ocrx_word' id='word_1_507' title='bbox 1529 5143 1793 5199; x_wconf 91' lang='lat' dir='ltr'><strong>omnium</strong></span> <span class='ocrx_word' id='word_1_508' title='bbox 1827 5159 1965 5215; x_wconf 83' lang='lat' dir='ltr'><strong>gen-</strong></span> 
     </span>
    </p>
   </div>
   <div class='ocr_carea' id='block_1_79' title="bbox 339 5220 1968 5302">
    <p class='ocr_par' dir='ltr' id='par_1_79' title="bbox 339 5220 1968 5302">
     <span class='ocr_line' id='line_1_80' title="bbox 339 5220 1968 5302; baseline 0.008 -29"><span class='ocrx_word' id='word_1_509' title='bbox 339 5220 465 5279; x_wconf 86' lang='lat' dir='ltr'><strong>tium</strong></span> <span class='ocrx_word' id='word_1_510' title='bbox 515 5225 727 5283; x_wconf 90' lang='lat' dir='ltr'><strong>ritibus</strong></span> <span class='ocrx_word' id='word_1_511' title='bbox 772 5227 1066 5301; x_wconf 89' lang='lat' dir='ltr'><strong>castisque</strong></span> <span class='ocrx_word' id='word_1_512' title='bbox 1113 5228 1442 5302; x_wconf 88' lang='lat' dir='ltr'><strong>virginibus</strong></span> <span class='ocrx_word' id='word_1_513' title='bbox 1491 5235 1548 5286; x_wconf 91' lang='lat' dir='ltr'><strong>et</strong></span> <span class='ocrx_word' id='word_1_514' title='bbox 1594 5232 1968 5288; x_wconf 89' lang='lat' dir='ltr'><strong>sacerdotum</strong></span> 
     </span>
    </p>
   </div>
   <div class='ocr_carea' id='block_1_80' title="bbox 342 5308 1970 5391">
    <p class='ocr_par' dir='ltr' id='par_1_80' title="bbox 342 5308 1970 5391">
     <span class='ocr_line' id='line_1_81' title="bbox 342 5308 1970 5391; baseline 0.007 -26"><span class='ocrx_word' id='word_1_515' title='bbox 342 5308 638 5371; x_wconf 87' lang='lat' dir='ltr'><strong>honoribus</strong></span> <span class='ocrx_word' id='word_1_516' title='bbox 680 5317 890 5375; x_wconf 89' lang='lat' dir='ltr'><strong>urbem</strong></span> <span class='ocrx_word' id='word_1_517' title='bbox 943 5337 1112 5376; x_wconf 89' lang='lat' dir='ltr'><strong>suam</strong></span> <span class='ocrx_word' id='word_1_518' title='bbox 1154 5320 1478 5391; x_wconf 90' lang='lat' dir='ltr'><strong>munivere,</strong></span> <span class='ocrx_word' id='word_1_519' title='bbox 1527 5322 1708 5378; x_wconf 87' lang='lat' dir='ltr'><strong>totius</strong></span> <span class='ocrx_word' id='word_1_520' title='bbox 1764 5321 1970 5378; x_wconf 88' lang='lat' dir='ltr'><strong>mundi</strong></span> 
     </span>
    </p>
   </div>
   <div class='ocr_carea' id='block_1_81' title="bbox 343 5399 1970 5483">
    <p class='ocr_par' dir='ltr' id='par_1_81' title="bbox 343 5399 1970 5483">
     <span class='ocr_line' id='line_1_82' title="bbox 343 5399 1970 5483; baseline 0.009 -29"><span class='ocrx_word' id='word_1_521' title='bbox 343 5399 508 5474; x_wconf 73' lang='lat' dir='ltr'><strong>adepti</strong></span> <span class='ocrx_word' id='word_1_522' title='bbox 555 5409 696 5462; x_wconf 89' lang='lat' dir='ltr'><strong>sunt</strong></span> <span class='ocrx_word' id='word_1_523' title='bbox 747 5406 1086 5482; x_wconf 90' lang='lat' dir='ltr'><strong>imperium.</strong></span> <span class='ocrx_word' id='word_1_524' title='bbox 1132 5409 1212 5466; x_wconf 85' lang='lat' dir='ltr'><strong>Ex</strong></span> <span class='ocrx_word' id='word_1_525' title='bbox 1261 5410 1474 5483; x_wconf 88' lang='lat' dir='ltr'><strong>quibus</strong></span> <span class='ocrx_word' id='word_1_526' title='bbox 1522 5410 1785 5470; x_wconf 67' lang='lat' dir='ltr'><strong>Caecilius</strong></span> <span class='ocrx_word' id='word_1_527' title='bbox 1829 5429 1970 5470; x_wconf 89' lang='lat' dir='ltr'><strong>con-</strong></span> 
     </span>
    </p>
   </div>
   <div class='ocr_carea' id='block_1_82' title="bbox 347 5486 1973 5568">
    <p class='ocr_par' dir='ltr' id='par_1_82' title="bbox 347 5486 1973 5568">
     <span class='ocr_line' id='line_1_83' title="bbox 347 5486 1973 5568; baseline 0.01 -27"><span class='ocrx_word' id='word_1_528' title='bbox 347 5486 519 5562; x_wconf 85' lang='lat' dir='ltr'><strong>cludit,</strong></span> <span class='ocrx_word' id='word_1_529' title='bbox 570 5510 708 5552; x_wconf 89' lang='lat' dir='ltr'><strong>cum</strong></span> <span class='ocrx_word' id='word_1_530' title='bbox 758 5497 958 5556; x_wconf 88' lang='lat' dir='ltr'><strong>omnia</strong></span> <span class='ocrx_word' id='word_1_531' title='bbox 1001 5498 1224 5556; x_wconf 84' lang='lat' dir='ltr'><strong>incerta</strong></span> <span class='ocrx_word' id='word_1_532' title='bbox 1253 5499 1392 5568; x_wconf 90' lang='lat' dir='ltr'><strong>sint,</strong></span> <span class='ocrx_word' id='word_1_533' title='bbox 1424 5500 1612 5558; x_wconf 89' lang='lat' dir='ltr'><strong>satius</strong></span> <span class='ocrx_word' id='word_1_534' title='bbox 1641 5518 1769 5559; x_wconf 89' lang='lat' dir='ltr'><strong>esse</strong></span> <span class='ocrx_word' id='word_1_535' title='bbox 1799 5501 1973 5559; x_wconf 87' lang='lat' dir='ltr'><strong>tradi-</strong></span> 
     </span>
    </p>
   </div>
   <div class='ocr_carea' id='block_1_83' title="bbox 352 5579 1970 5658">
    <p class='ocr_par' dir='ltr' id='par_1_83' title="bbox 352 5579 1970 5658">
     <span class='ocr_line' id='line_1_84' title="bbox 352 5579 1970 5658; baseline 0.01 -25"><span class='ocrx_word' id='word_1_536' title='bbox 352 5579 419 5635; x_wconf 80' lang='lat' dir='ltr'><strong>tas</strong></span> <span class='ocrx_word' id='word_1_537' title='bbox 445 5597 476 5638; x_wconf 89' lang='lat' dir='ltr'><strong>a</strong></span> <span class='ocrx_word' id='word_1_538' title='bbox 505 5585 835 5658; x_wconf 85' lang='lat' dir='ltr'><strong>majoribus</strong></span> <span class='ocrx_word' id='word_1_539' title='bbox 867 5589 938 5644; x_wconf 92' lang='lat' dir='ltr'><strong>ab</strong></span> <span class='ocrx_word' id='word_1_540' title='bbox 970 5588 1175 5644; x_wconf 86' lang='lat' dir='ltr'><strong>mundi</strong></span> <span class='ocrx_word' id='word_1_541' title='bbox 1209 5589 1581 5648; x_wconf 79' lang='lat' dir='ltr'><strong>incunabulis</strong></span> <span class='ocrx_word' id='word_1_542' title='bbox 1610 5595 1668 5647; x_wconf 90' lang='lat' dir='ltr'><strong>et</strong></span> <span class='ocrx_word' id='word_1_543' title='bbox 1700 5593 1767 5648; x_wconf 89' lang='lat' dir='ltr'><strong>ad</strong></span> <span class='ocrx_word' id='word_1_544' title='bbox 1803 5607 1970 5650; x_wconf 86' lang='lat' dir='ltr'><strong>suam</strong></span> 
     </span>
    </p>
   </div>
   <div class='ocr_carea' id='block_1_84' title="bbox 347 5678 1971 5755">
    <p class='ocr_par' dir='ltr' id='par_1_84' title="bbox 347 5678 1971 5755">
     <span class='ocr_line' id='line_1_85' title="bbox 347 5678 1971 5755; baseline 0.009 -31"><span class='ocrx_word' id='word_1_545' title='bbox 347 5683 510 5742; x_wconf 80' lang='lat' dir='ltr'><strong>usque</strong></span> <span class='ocrx_word' id='word_1_546' title='bbox 587 5678 818 5734; x_wconf 68' lang='lat' dir='ltr'><strong>etatem</strong></span> <span class='ocrx_word' id='word_1_547' title='bbox 905 5683 1363 5752; x_wconf 87' lang='lat' dir='ltr'><strong>perseverantes,</strong></span> <span class='ocrx_word' id='word_1_548' title='bbox 1450 5679 1556 5738; x_wconf 85' lang='lat' dir='ltr'><strong>has</strong></span> <span class='ocrx_word' id='word_1_549' title='bbox 1645 5681 1971 5755; x_wconf 84' lang='lat' dir='ltr'><strong>religiones,</strong></span> 
     </span>
    </p>
   </div>
   <div class='ocr_carea' id='block_1_85' title="bbox 2082 2912 3740 2992">
    <p class='ocr_par' dir='ltr' id='par_1_85' title="bbox 2082 2912 3740 2992">
     <span class='ocr_line' id='line_1_86' title="bbox 2082 2912 3740 2992; baseline -0.005 -16"><span class='ocrx_word' id='word_1_550' title='bbox 2082 2919 2231 2976; x_wconf 90' lang='lat' dir='ltr'><strong>ritus</strong></span> <span class='ocrx_word' id='word_1_551' title='bbox 2264 2933 2330 2974; x_wconf 90' lang='lat' dir='ltr'><strong>ac</strong></span> <span class='ocrx_word' id='word_1_552' title='bbox 2364 2917 2609 2974; x_wconf 91' lang='lat' dir='ltr'><strong>deorum</strong></span> <span class='ocrx_word' id='word_1_553' title='bbox 2648 2919 2872 2975; x_wconf 92' lang='lat' dir='ltr'><strong>cultum</strong></span> <span class='ocrx_word' id='word_1_554' title='bbox 2931 2919 3120 2992; x_wconf 91' lang='lat' dir='ltr'><strong>sequi,</strong></span> <span class='ocrx_word' id='word_1_555' title='bbox 3179 2931 3360 2990; x_wconf 89' lang='lat' dir='ltr'><strong>quam</strong></span> <span class='ocrx_word' id='word_1_556' title='bbox 3403 2931 3561 2972; x_wconf 67' lang='lat' dir='ltr'><strong>novas</strong></span> <span class='ocrx_word' id='word_1_557' title='bbox 3609 2912 3740 2970; x_wconf 74' lang='lat' dir='ltr'><strong>reli‘</strong></span> 
     </span>
    </p>
   </div>
   <div class='ocr_carea' id='block_1_86' title="bbox 2085 3003 3732 3080">
    <p class='ocr_par' dir='ltr' id='par_1_86' title="bbox 2085 3003 3732 3080">
     <span class='ocr_line' id='line_1_87' title="bbox 2085 3003 3732 3080; baseline -0.002 -20"><span class='ocrx_word' id='word_1_558' title='bbox 2085 3006 2266 3080; x_wconf 90' lang='lat' dir='ltr'><strong>gioni,</strong></span> <span class='ocrx_word' id='word_1_559' title='bbox 2288 3005 2658 3072; x_wconf 89' lang='lat' dir='ltr'><strong>secretis,sed</strong></span> <span class='ocrx_word' id='word_1_560' title='bbox 2677 3023 2841 3064; x_wconf 91' lang='lat' dir='ltr'><strong>corru</strong></span> <span class='ocrx_word' id='word_1_561' title='bbox 2850 3008 3140 3080; x_wconf 90' lang='lat' dir='ltr'><strong>ptissimis</strong></span> <span class='ocrx_word' id='word_1_562' title='bbox 3152 3005 3471 3062; x_wconf 89' lang='lat' dir='ltr'><strong>sceleribus</strong></span> <span class='ocrx_word' id='word_1_563' title='bbox 3484 3003 3732 3068; x_wconf 67' lang='lat' dir='ltr'><strong>fmdatm.</strong></span> 
     </span>
    </p>
   </div>
   <div class='ocr_carea' id='block_1_87' title="bbox 2089 3092 3736 3169">
    <p class='ocr_par' dir='ltr' id='par_1_87' title="bbox 2089 3092 3736 3169">
     <span class='ocr_line' id='line_1_88' title="bbox 2089 3092 3736 3169; baseline -0.004 -17"><span class='ocrx_word' id='word_1_564' title='bbox 2089 3113 2240 3152; x_wconf 66' lang='lat' dir='ltr'><strong>amca</strong></span> <span class='ocrx_word' id='word_1_565' title='bbox 2296 3092 2658 3151; x_wconf 88' lang='lat' dir='ltr'><strong>volubilitate</strong></span> <span class='ocrx_word' id='word_1_566' title='bbox 2716 3096 3060 3169; x_wconf 87' lang='lat' dir='ltr'><strong>mancipari.</strong></span> <span class='ocrx_word' id='word_1_567' title='bbox 3120 3096 3335 3152; x_wconf 85' lang='lat' dir='ltr'><strong>Eadem</strong></span> <span class='ocrx_word' id='word_1_568' title='bbox 3393 3099 3484 3150; x_wconf 91' lang='lat' dir='ltr'><strong>est</strong></span> <span class='ocrx_word' id='word_1_569' title='bbox 3559 3093 3736 3149; x_wconf 77' lang='lat' dir='ltr'><strong>Cottas</strong></span> 
     </span>
    </p>
   </div>
   <div class='ocr_carea' id='block_1_88' title="bbox 2089 3179 3737 3256">
    <p class='ocr_par' dir='ltr' id='par_1_88' title="bbox 2089 3179 3737 3256">
     <span class='ocr_line' id='line_1_89' title="bbox 2089 3179 3737 3256; baseline -0.005 -14"><span class='ocrx_word' id='word_1_570' title='bbox 2089 3185 2422 3243; x_wconf 87' lang='lat' dir='ltr'><strong>Academici</strong></span> <span class='ocrx_word' id='word_1_571' title='bbox 2482 3186 2637 3256; x_wconf 84' lang='lat' dir='ltr'><strong>apud</strong></span> <span class='ocrx_word' id='word_1_572' title='bbox 2695 3185 3053 3253; x_wconf 88' lang='lat' dir='ltr'><strong>Ciceronem,</strong></span> <span class='ocrx_word' id='word_1_573' title='bbox 3098 3185 3302 3240; x_wconf 90' lang='lat' dir='ltr'><strong>eadem</strong></span> <span class='ocrx_word' id='word_1_574' title='bbox 3352 3182 3500 3240; x_wconf 89' lang='lat' dir='ltr'><strong>Celsi</strong></span> <span class='ocrx_word' id='word_1_575' title='bbox 3578 3179 3737 3253; x_wconf 88' lang='lat' dir='ltr'><strong>apud</strong></span> 
     </span>
    </p>
   </div>
   <div class='ocr_carea' id='block_1_89' title="bbox 2095 3270 3736 3350">
    <p class='ocr_par' dir='ltr' id='par_1_89' title="bbox 2095 3270 3736 3350">
     <span class='ocr_line' id='line_1_90' title="bbox 2095 3270 3736 3350; baseline -0.003 -20"><span class='ocrx_word' id='word_1_576' title='bbox 2095 3274 2429 3348; x_wconf 90' lang='lat' dir='ltr'><strong>Origenem,</strong></span> <span class='ocrx_word' id='word_1_577' title='bbox 2450 3275 2786 3350; x_wconf 82' lang='lat' dir='ltr'><strong>Symmachi</strong></span> <span class='ocrx_word' id='word_1_578' title='bbox 2800 3276 2955 3347; x_wconf 92' lang='lat' dir='ltr'><strong>apud</strong></span> <span class='ocrx_word' id='word_1_579' title='bbox 2975 3274 3373 3341; x_wconf 85' lang='lat' dir='ltr'><strong>Ambrosium,</strong></span> <span class='ocrx_word' id='word_1_580' title='bbox 3392 3277 3448 3328; x_wconf 88' lang='lat' dir='ltr'><strong>et</strong></span> <span class='ocrx_word' id='word_1_581' title='bbox 3463 3270 3736 3338; x_wconf 88' lang='lat' dir='ltr'><strong>aliorum,</strong></span> 
     </span>
    </p>
   </div>
   <div class='ocr_carea' id='block_1_90' title="bbox 2017 3353 3740 3436">
    <p class='ocr_par' dir='ltr' id='par_1_90' title="bbox 2017 3353 3740 3436">
     <span class='ocr_line' id='line_1_91' title="bbox 2017 3353 3740 3436; baseline -0.003 -16"><span class='ocrx_word' id='word_1_582' title='bbox 2017 3353 2061 3420; x_wconf 86' lang='lat' dir='ltr'><strong><em>C</em></strong></span> <span class='ocrx_word' id='word_1_583' title='bbox 2097 3366 2348 3423; x_wconf 88' lang='lat' dir='ltr'><strong>testibus</strong></span> <span class='ocrx_word' id='word_1_584' title='bbox 2375 3367 2629 3422; x_wconf 86' lang='lat' dir='ltr'><strong>Arnobio</strong></span> <span class='ocrx_word' id='word_1_585' title='bbox 2655 3369 2713 3420; x_wconf 89' lang='lat' dir='ltr'><strong>et</strong></span> <span class='ocrx_word' id='word_1_586' title='bbox 2736 3364 3058 3431; x_wconf 88' lang='lat' dir='ltr'><strong>Lactantio,</strong></span> <span class='ocrx_word' id='word_1_587' title='bbox 3086 3363 3398 3436; x_wconf 88' lang='lat' dir='ltr'><strong>gentilium</strong></span> <span class='ocrx_word' id='word_1_588' title='bbox 3437 3357 3740 3417; x_wconf 88' lang='lat' dir='ltr'><strong>conclusio</strong></span> 
     </span>
    </p>
   </div>
   <div class='ocr_carea' id='block_1_91' title="bbox 2081 3447 3734 3526">
    <p class='ocr_par' dir='ltr' id='par_1_91' title="bbox 2081 3447 3734 3526">
     <span class='ocr_line' id='line_1_92' title="bbox 2081 3447 3734 3526; baseline -0.004 -16"><span class='ocrx_word' id='word_1_589' title='bbox 2081 3455 2216 3526; x_wconf 89' lang='lat' dir='ltr'><strong>(Cic.</strong></span> <span class='ocrx_word' id='word_1_590' title='bbox 2245 3455 2346 3510; x_wconf 91' lang='lat' dir='ltr'><strong>lib.</strong></span> <span class='ocrx_word' id='word_1_591' title='bbox 2373 3473 2435 3512; x_wconf 87' lang='grc' dir='ltr'><strong>ιιι</strong></span> <span class='ocrx_word' id='word_1_592' title='bbox 2460 3456 2526 3512; x_wconf 83' lang='lat' dir='ltr'><strong>de</strong></span> <span class='ocrx_word' id='word_1_593' title='bbox 2573 3457 2769 3510; x_wconf 85' lang='lat' dir='ltr'><strong>Natur.</strong></span> <span class='ocrx_word' id='word_1_594' title='bbox 2822 3457 2982 3510; x_wconf 90' lang='lat' dir='ltr'><strong>Deor.</strong></span> <span class='ocrx_word' id='word_1_595' title='bbox 3034 3451 3190 3519; x_wconf 90' lang='lat' dir='ltr'><strong>init.,</strong></span> <span class='ocrx_word' id='word_1_596' title='bbox 3233 3467 3368 3524; x_wconf 88' lang='lat' dir='ltr'><strong>pag.</strong></span> <span class='ocrx_word' id='word_1_597' title='bbox 3396 3451 3541 3518; x_wconf 81' lang='grc' dir='ltr'><strong>24ος</strong></span> <span class='ocrx_word' id='word_1_598' title='bbox 3575 3447 3734 3520; x_wconf 84' lang='lat' dir='ltr'><strong>Orig.</strong></span> 
     </span>
    </p>
   </div>
   <div class='ocr_carea' id='block_1_92' title="bbox 2079 3539 3729 3617">
    <p class='ocr_par' dir='ltr' id='par_1_92' title="bbox 2079 3539 3729 3617">
     <span class='ocr_line' id='line_1_93' title="bbox 2079 3539 3729 3617; baseline -0.003 -19"><span class='ocrx_word' id='word_1_599' title='bbox 2079 3543 2181 3601; x_wconf 89' lang='lat' dir='ltr'><strong>lib.</strong></span> <span class='ocrx_word' id='word_1_600' title='bbox 2212 3561 2246 3598; x_wconf 91' lang='lat' dir='ltr'><strong>v</strong></span> <span class='ocrx_word' id='word_1_601' title='bbox 2277 3549 2454 3601; x_wconf 82' lang='lat' dir='ltr'><strong>contr.</strong></span> <span class='ocrx_word' id='word_1_602' title='bbox 2493 3544 2629 3602; x_wconf 67' lang='lat' dir='ltr'><strong>Cels.</strong></span> <span class='ocrx_word' id='word_1_603' title='bbox 2683 3559 2814 3617; x_wconf 86' lang='lat' dir='ltr'><strong>pag.</strong></span> <span class='ocrx_word' id='word_1_604' title='bbox 2871 3543 2978 3598; x_wconf 86' lang='grc'><strong>254</strong></span> <span class='ocrx_word' id='word_1_605' title='bbox 3034 3550 3091 3598; x_wconf 84' lang='lat' dir='ltr'><strong>et</strong></span> <span class='ocrx_word' id='word_1_606' title='bbox 3143 3556 3331 3614; x_wconf 69' lang='lat' dir='ltr'><strong>seqq.:</strong></span> <span class='ocrx_word' id='word_1_607' title='bbox 3389 3539 3729 3612; x_wconf 85' lang='lat' dir='ltr'><strong>Symmacb.</strong></span> 
     </span>
    </p>
   </div>
   <div class='ocr_carea' id='block_1_93' title="bbox 2079 3626 3732 3704">
    <p class='ocr_par' dir='ltr' id='par_1_93' title="bbox 2079 3626 3732 3704">
     <span class='ocr_line' id='line_1_94' title="bbox 2079 3626 3732 3704; baseline -0.002 -18"><span class='ocrx_word' id='word_1_608' title='bbox 2079 3631 2254 3688; x_wconf 85' lang='lat' dir='ltr'><strong>Relat.</strong></span> <span class='ocrx_word' id='word_1_609' title='bbox 2302 3631 2453 3701; x_wconf 84' lang='lat' dir='ltr'><strong>apud</strong></span> <span class='ocrx_word' id='word_1_610' title='bbox 2501 3633 2690 3688; x_wconf 77' lang='lat' dir='ltr'><strong>Ambr.</strong></span> <span class='ocrx_word' id='word_1_611' title='bbox 2723 3632 2835 3704; x_wconf 86' lang='lat'><strong>§3,</strong></span> <span class='ocrx_word' id='word_1_612' title='bbox 2865 3631 2902 3687; x_wconf 87' lang='grc'><strong>5</strong></span> <span class='ocrx_word' id='word_1_613' title='bbox 2937 3633 2994 3685; x_wconf 90' lang='lat' dir='ltr'><strong>et</strong></span> <span class='ocrx_word' id='word_1_614' title='bbox 3035 3631 3090 3685; x_wconf 91' lang='lat'><strong>8.</strong></span> <span class='ocrx_word' id='word_1_615' title='bbox 3142 3645 3274 3702; x_wconf 88' lang='lat' dir='ltr'><strong>pag.</strong></span> <span class='ocrx_word' id='word_1_616' title='bbox 3319 3627 3462 3694; x_wconf 86' lang='lat'><strong>829;</strong></span> <span class='ocrx_word' id='word_1_617' title='bbox 3513 3626 3732 3682; x_wconf 88' lang='lat' dir='ltr'><strong>Arnob.</strong></span> 
     </span>
    </p>
   </div>
   <div class='ocr_carea' id='block_1_94' title="bbox 2078 3713 3729 3792">
    <p class='ocr_par' dir='ltr' id='par_1_94' title="bbox 2078 3713 3729 3792">
     <span class='ocr_line' id='line_1_95' title="bbox 2078 3713 3729 3792; baseline -0.001 -18"><span class='ocrx_word' id='word_1_618' title='bbox 2078 3719 2181 3776; x_wconf 91' lang='lat' dir='ltr'><strong>lib.</strong></span> <span class='ocrx_word' id='word_1_619' title='bbox 2215 3737 2254 3776; x_wconf 92' lang='grc' dir='ltr'><strong>ιι</strong></span> <span class='ocrx_word' id='word_1_620' title='bbox 2285 3722 2416 3777; x_wconf 88' lang='lat' dir='ltr'><strong>adv.</strong></span> <span class='ocrx_word' id='word_1_621' title='bbox 2450 3721 2679 3789; x_wconf 84' lang='lat' dir='ltr'><strong>Gentil.,</strong></span> <span class='ocrx_word' id='word_1_622' title='bbox 2714 3736 2845 3792; x_wconf 88' lang='lat' dir='ltr'><strong>pag.</strong></span> <span class='ocrx_word' id='word_1_623' title='bbox 2878 3719 2949 3775; x_wconf 91' lang='lat'><strong>30</strong></span> <span class='ocrx_word' id='word_1_624' title='bbox 2977 3728 3028 3775; x_wconf 76' lang='lat' dir='ltr'><strong>et</strong></span> <span class='ocrx_word' id='word_1_625' title='bbox 3062 3733 3250 3791; x_wconf 75' lang='lat' dir='ltr'><strong>seqq.;</strong></span> <span class='ocrx_word' id='word_1_626' title='bbox 3309 3717 3570 3772; x_wconf 85' lang='lat' dir='ltr'><strong>Lactant.</strong></span> <span class='ocrx_word' id='word_1_627' title='bbox 3623 3713 3729 3772; x_wconf 92' lang='lat' dir='ltr'><strong>lib.</strong></span> 
     </span>
    </p>
   </div>
   <div class='ocr_carea' id='block_1_95' title="bbox 2081 3809 2734 3882">
    <p class='ocr_par' dir='ltr' id='par_1_95' title="bbox 2081 3809 2734 3882">
     <span class='ocr_line' id='line_1_96' title="bbox 2081 3809 2734 3882; baseline 0.002 -18"><span class='ocrx_word' id='word_1_628' title='bbox 2081 3827 2144 3878; x_wconf 88' lang='grc' dir='ltr'>ιι,</span> <span class='ocrx_word' id='word_1_629' title='bbox 2176 3826 2303 3882; x_wconf 91' lang='lat' dir='ltr'><strong>cap.</strong></span> <span class='ocrx_word' id='word_1_630' title='bbox 2333 3812 2388 3865; x_wconf 89' lang='lat'><strong>6.</strong></span> <span class='ocrx_word' id='word_1_631' title='bbox 2422 3827 2552 3882; x_wconf 89' lang='lat' dir='ltr'><strong>pag.</strong></span> <span class='ocrx_word' id='word_1_632' title='bbox 2590 3809 2734 3882; x_wconf 87' lang='grc'><strong>171).</strong></span> 
     </span>
    </p>
   </div>
   <div class='ocr_carea' id='block_1_96' title="bbox 2149 3893 3730 3969">
    <p class='ocr_par' dir='ltr' id='par_1_96' title="bbox 2149 3893 3730 3969">
     <span class='ocr_line' id='line_1_97' title="bbox 2149 3893 3730 3969; baseline -0.004 -13"><span class='ocrx_word' id='word_1_633' title='bbox 2149 3900 2297 3964; x_wconf 90' lang='lat' dir='ltr'><strong>Quia</strong></span> <span class='ocrx_word' id='word_1_634' title='bbox 2326 3916 2458 3956; x_wconf 88' lang='lat' dir='ltr'><strong>vero</strong></span> <span class='ocrx_word' id='word_1_635' title='bbox 2499 3898 2765 3956; x_wconf 67' lang='lat' dir='ltr'><strong>Caecilius</strong></span> <span class='ocrx_word' id='word_1_636' title='bbox 2809 3896 3029 3968; x_wconf 90' lang='lat' dir='ltr'><strong>omnia,</strong></span> <span class='ocrx_word' id='word_1_637' title='bbox 3083 3912 3210 3969; x_wconf 66' lang='lat' dir='ltr'><strong>quas</strong></span> <span class='ocrx_word' id='word_1_638' title='bbox 3251 3895 3322 3952; x_wconf 90' lang='lat' dir='ltr'><strong>de</strong></span> <span class='ocrx_word' id='word_1_639' title='bbox 3362 3893 3474 3951; x_wconf 87' lang='lat' dir='ltr'><strong>diis</strong></span> <span class='ocrx_word' id='word_1_640' title='bbox 3522 3893 3646 3952; x_wconf 87' lang='lat' dir='ltr'><strong>suis</strong></span> <span class='ocrx_word' id='word_1_641' title='bbox 3697 3909 3730 3949; x_wconf 85' lang='lat' dir='ltr'><strong>a</strong></span> 
     </span>
    </p>
   </div>
   <div class='ocr_carea' id='block_1_97' title="bbox 2081 3983 3730 4059">
    <p class='ocr_par' dir='ltr' id='par_1_97' title="bbox 2081 3983 3730 4059">
     <span class='ocr_line' id='line_1_98' title="bbox 2081 3983 3730 4059; baseline -0.004 -15"><span class='ocrx_word' id='word_1_642' title='bbox 2081 3988 2249 4046; x_wconf 91' lang='lat' dir='ltr'><strong>nobis</strong></span> <span class='ocrx_word' id='word_1_643' title='bbox 2307 3988 2597 4045; x_wconf 89' lang='lat' dir='ltr'><strong>recensita</strong></span> <span class='ocrx_word' id='word_1_644' title='bbox 2656 3986 2920 4059; x_wconf 88' lang='lat' dir='ltr'><strong>protulit,</strong></span> <span class='ocrx_word' id='word_1_645' title='bbox 2969 3984 3193 4041; x_wconf 90' lang='lat' dir='ltr'><strong>nemini</strong></span> <span class='ocrx_word' id='word_1_646' title='bbox 3250 3983 3546 4056; x_wconf 90' lang='lat' dir='ltr'><strong>incognita</strong></span> <span class='ocrx_word' id='word_1_647' title='bbox 3601 3997 3730 4037; x_wconf 89' lang='lat' dir='ltr'><strong>esse</strong></span> 
     </span>
    </p>
   </div>
   <div class='ocr_carea' id='block_1_98' title="bbox 2079 4070 3730 4147">
    <p class='ocr_par' dir='ltr' id='par_1_98' title="bbox 2079 4070 3730 4147">
     <span class='ocr_line' id='line_1_99' title="bbox 2079 4070 3730 4147; baseline -0.007 -14"><span class='ocrx_word' id='word_1_648' title='bbox 2079 4078 2370 4141; x_wconf 88' lang='lat' dir='ltr'><strong>credebat,</strong></span> <span class='ocrx_word' id='word_1_649' title='bbox 2402 4093 2470 4132; x_wconf 90' lang='lat' dir='ltr'><strong>ea</strong></span> <span class='ocrx_word' id='word_1_650' title='bbox 2501 4075 2843 4147; x_wconf 88' lang='lat' dir='ltr'><strong>singillatim</strong></span> <span class='ocrx_word' id='word_1_651' title='bbox 2897 4075 3146 4146; x_wconf 89' lang='lat' dir='ltr'><strong>probare</strong></span> <span class='ocrx_word' id='word_1_652' title='bbox 3199 4089 3314 4129; x_wconf 92' lang='lat' dir='ltr'><strong>non</strong></span> <span class='ocrx_word' id='word_1_653' title='bbox 3363 4070 3608 4126; x_wconf 89' lang='lat' dir='ltr'><strong>curavit.</strong></span> <span class='ocrx_word' id='word_1_654' title='bbox 3660 4071 3730 4124; x_wconf 88' lang='lat' dir='ltr'><strong>At</strong></span> 
     </span>
    </p>
   </div>
   <div class='ocr_carea' id='block_1_99' title="bbox 2081 4157 3727 4239">
    <p class='ocr_par' dir='ltr' id='par_1_99' title="bbox 2081 4157 3727 4239">
     <span class='ocr_line' id='line_1_100' title="bbox 2081 4157 3727 4239; baseline -0.005 -17"><span class='ocrx_word' id='word_1_655' title='bbox 2081 4167 2128 4222; x_wconf 90' lang='lat' dir='ltr'><strong>si</strong></span> <span class='ocrx_word' id='word_1_656' title='bbox 2161 4166 2294 4239; x_wconf 90' lang='lat' dir='ltr'><strong>quis</strong></span> <span class='ocrx_word' id='word_1_657' title='bbox 2325 4166 2396 4222; x_wconf 91' lang='lat' dir='ltr'><strong>de</strong></span> <span class='ocrx_word' id='word_1_658' title='bbox 2422 4165 2518 4236; x_wconf 87' lang='lat' dir='ltr'><strong>iis,</strong></span> <span class='ocrx_word' id='word_1_659' title='bbox 2554 4165 2666 4220; x_wconf 90' lang='lat' dir='ltr'><strong>sibi</strong></span> <span class='ocrx_word' id='word_1_660' title='bbox 2729 4180 2884 4220; x_wconf 92' lang='lat' dir='ltr'><strong>nunc</strong></span> <span class='ocrx_word' id='word_1_661' title='bbox 2933 4162 3175 4219; x_wconf 81' lang='lat' dir='ltr'><strong>forsitan</strong></span> <span class='ocrx_word' id='word_1_662' title='bbox 3230 4159 3569 4232; x_wconf 90' lang='lat' dir='ltr'><strong>incognitis,</strong></span> <span class='ocrx_word' id='word_1_663' title='bbox 3623 4157 3727 4214; x_wconf 84' lang='lat' dir='ltr'><strong>ali-</strong></span> 
     </span>
    </p>
   </div>
   <div class='ocr_carea' id='block_1_100' title="bbox 2075 4247 3728 4328">
    <p class='ocr_par' dir='ltr' id='par_1_100' title="bbox 2075 4247 3728 4328">
     <span class='ocr_line' id='line_1_101' title="bbox 2075 4247 3728 4328; baseline -0.005 -18"><span class='ocrx_word' id='word_1_664' title='bbox 2075 4257 2214 4328; x_wconf 91' lang='lat' dir='ltr'><strong>quid</strong></span> <span class='ocrx_word' id='word_1_665' title='bbox 2273 4255 2423 4311; x_wconf 78' lang='lat' dir='ltr'><strong>scire</strong></span> <span class='ocrx_word' id='word_1_666' title='bbox 2481 4258 2670 4323; x_wconf 85' lang='lat' dir='ltr'><strong>aveat,</strong></span> <span class='ocrx_word' id='word_1_667' title='bbox 2732 4252 3178 4310; x_wconf 90' lang='lat' dir='ltr'><strong>observabimus</strong></span> <span class='ocrx_word' id='word_1_668' title='bbox 3234 4249 3472 4306; x_wconf 91' lang='lat' dir='ltr'><strong>Eleusin</strong></span> <span class='ocrx_word' id='word_1_669' title='bbox 3530 4247 3728 4304; x_wconf 69' lang='lat' dir='ltr'><strong>Attica:</strong></span> 
     </span>
    </p>
   </div>
   <div class='ocr_carea' id='block_1_101' title="bbox 2074 4335 3724 4413">
    <p class='ocr_par' dir='ltr' id='par_1_101' title="bbox 2074 4335 3724 4413">
     <span class='ocr_line' id='line_1_102' title="bbox 2074 4335 3724 4413; baseline -0.007 -12"><span class='ocrx_word' id='word_1_670' title='bbox 2074 4345 2368 4400; x_wconf 88' lang='lat' dir='ltr'><strong>civitatem</strong></span> <span class='ocrx_word' id='word_1_671' title='bbox 2403 4343 2604 4413; x_wconf 91' lang='lat' dir='ltr'><strong>fuisse,</strong></span> <span class='ocrx_word' id='word_1_672' title='bbox 2639 4359 2754 4398; x_wconf 87' lang='lat' dir='ltr'><strong>non</strong></span> <span class='ocrx_word' id='word_1_673' title='bbox 2783 4341 2953 4412; x_wconf 89' lang='lat' dir='ltr'><strong>longe</strong></span> <span class='ocrx_word' id='word_1_674' title='bbox 2982 4340 3056 4396; x_wconf 90' lang='lat' dir='ltr'><strong>ab</strong></span> <span class='ocrx_word' id='word_1_675' title='bbox 3085 4338 3326 4395; x_wconf 86' lang='lat' dir='ltr'><strong>Athenis</strong></span> <span class='ocrx_word' id='word_1_676' title='bbox 3377 4338 3576 4408; x_wconf 87' lang='lat' dir='ltr'><strong>sitam,</strong></span> <span class='ocrx_word' id='word_1_677' title='bbox 3629 4335 3724 4391; x_wconf 90' lang='lat' dir='ltr'><strong>ubi</strong></span> 
     </span>
    </p>
   </div>
   <div class='ocr_carea' id='block_1_102' title="bbox 2074 4427 3724 4497">
    <p class='ocr_par' dir='ltr' id='par_1_102' title="bbox 2074 4427 3724 4497">
     <span class='ocr_line' id='line_1_103' title="bbox 2074 4427 3724 4497; baseline -0.005 -8"><span class='ocrx_word' id='word_1_678' title='bbox 2074 4437 2398 4490; x_wconf 89' lang='lat' dir='ltr'><strong>memorata</strong></span> <span class='ocrx_word' id='word_1_679' title='bbox 2428 4449 2462 4488; x_wconf 89' lang='lat' dir='ltr'><strong>a</strong></span> <span class='ocrx_word' id='word_1_680' title='bbox 2490 4429 2719 4486; x_wconf 74' lang='lat' dir='ltr'><strong>Czscilio</strong></span> <span class='ocrx_word' id='word_1_681' title='bbox 2751 4431 2916 4487; x_wconf 77' lang='lat' dir='ltr'><strong>Ceres</strong></span> <span class='ocrx_word' id='word_1_682' title='bbox 2974 4427 3159 4483; x_wconf 79' lang='lat' dir='ltr'><strong>filiam</strong></span> <span class='ocrx_word' id='word_1_683' title='bbox 3217 4443 3387 4483; x_wconf 89' lang='lat' dir='ltr'><strong>suam</strong></span> <span class='ocrx_word' id='word_1_684' title='bbox 3436 4440 3724 4497; x_wconf 68' lang='lat' dir='ltr'><strong>quaerens,</strong></span> 
     </span>
    </p>
   </div>
   <div class='ocr_carea' id='block_1_103' title="bbox 2075 4515 3728 4592">
    <p class='ocr_par' dir='ltr' id='par_1_103' title="bbox 2075 4515 3728 4592">
     <span class='ocr_line' id='line_1_104' title="bbox 2075 4515 3728 4592; baseline -0.005 -14"><span class='ocrx_word' id='word_1_685' title='bbox 2075 4523 2147 4578; x_wconf 87' lang='lat' dir='ltr'><strong>ab</strong></span> <span class='ocrx_word' id='word_1_686' title='bbox 2187 4520 2420 4578; x_wconf 85' lang='lat' dir='ltr'><strong>Eleusin</strong></span> <span class='ocrx_word' id='word_1_687' title='bbox 2473 4519 2551 4574; x_wconf 91' lang='lat' dir='ltr'><strong>ibi</strong></span> <span class='ocrx_word' id='word_1_688' title='bbox 2613 4519 2941 4592; x_wconf 88' lang='lat' dir='ltr'><strong>imperante</strong></span> <span class='ocrx_word' id='word_1_689' title='bbox 2987 4516 3244 4588; x_wconf 89' lang='lat' dir='ltr'><strong>hospitio</strong></span> <span class='ocrx_word' id='word_1_690' title='bbox 3301 4515 3728 4588; x_wconf 83' lang='lat' dir='ltr'><strong>benignissime</strong></span> 
     </span>
    </p>
   </div>
   <div class='ocr_carea' id='block_1_104' title="bbox 2074 4603 3722 4683">
    <p class='ocr_par' dir='ltr' id='par_1_104' title="bbox 2074 4603 3722 4683">
     <span class='ocr_line' id='line_1_105' title="bbox 2074 4603 3722 4683; baseline -0.005 -16"><span class='ocrx_word' id='word_1_691' title='bbox 2074 4615 2349 4683; x_wconf 86' lang='lat' dir='ltr'><strong>suscepta</strong></span> <span class='ocrx_word' id='word_1_692' title='bbox 2378 4613 2489 4665; x_wconf 89' lang='lat' dir='ltr'><strong>est.</strong></span> <span class='ocrx_word' id='word_1_693' title='bbox 2523 4607 2803 4664; x_wconf 88' lang='lat' dir='ltr'><strong>Eleusinii</strong></span> <span class='ocrx_word' id='word_1_694' title='bbox 2834 4622 2967 4662; x_wconf 89' lang='lat' dir='ltr'><strong>vero</strong></span> <span class='ocrx_word' id='word_1_695' title='bbox 3006 4605 3065 4661; x_wconf 92' lang='lat' dir='ltr'><strong>in</strong></span> <span class='ocrx_word' id='word_1_696' title='bbox 3109 4606 3319 4662; x_wconf 91' lang='lat' dir='ltr'><strong>borum</strong></span> <span class='ocrx_word' id='word_1_697' title='bbox 3378 4603 3722 4660; x_wconf 88' lang='lat' dir='ltr'><strong>memoriam</strong></span> 
     </span>
    </p>
   </div>
   <div class='ocr_carea' id='block_1_105' title="bbox 2075 4693 3724 4772">
    <p class='ocr_par' dir='ltr' id='par_1_105' title="bbox 2075 4693 3724 4772">
     <span class='ocr_line' id='line_1_106' title="bbox 2075 4693 3724 4772; baseline -0.005 -17"><span class='ocrx_word' id='word_1_698' title='bbox 2075 4699 2328 4772; x_wconf 89' lang='lat' dir='ltr'><strong>agebant</strong></span> <span class='ocrx_word' id='word_1_699' title='bbox 2357 4713 2541 4762; x_wconf 88' lang='lat' dir='ltr'><strong>sacra,</strong></span> <span class='ocrx_word' id='word_1_700' title='bbox 2566 4713 2691 4767; x_wconf 71' lang='lat' dir='ltr'><strong>quas</strong></span> <span class='ocrx_word' id='word_1_701' title='bbox 2715 4695 3013 4751; x_wconf 87' lang='lat' dir='ltr'><strong>Eleusinia</strong></span> <span class='ocrx_word' id='word_1_702' title='bbox 3042 4699 3344 4762; x_wconf 88' lang='lat' dir='ltr'><strong>vocantur,</strong></span> <span class='ocrx_word' id='word_1_703' title='bbox 3389 4693 3460 4749; x_wconf 89' lang='lat' dir='ltr'><strong>de</strong></span> <span class='ocrx_word' id='word_1_704' title='bbox 3508 4693 3724 4765; x_wconf 82' lang='lat' dir='ltr'><strong>quibus</strong></span> 
     </span>
    </p>
   </div>
   <div class='ocr_carea' id='block_1_106' title="bbox 2075 4783 3723 4857">
    <p class='ocr_par' dir='ltr' id='par_1_106' title="bbox 2075 4783 3723 4857">
     <span class='ocr_line' id='line_1_107' title="bbox 2075 4783 3723 4857; baseline -0.004 -13"><span class='ocrx_word' id='word_1_705' title='bbox 2075 4787 2211 4845; x_wconf 90' lang='lat' dir='ltr'><strong>alibi</strong></span> <span class='ocrx_word' id='word_1_706' title='bbox 2237 4785 2630 4843; x_wconf 90' lang='lat' dir='ltr'><strong>disseruimus</strong></span> <span class='ocrx_word' id='word_1_707' title='bbox 2650 4785 2816 4856; x_wconf 88' lang='lat' dir='ltr'><strong>(tom.</strong></span> <span class='ocrx_word' id='word_1_708' title='bbox 2843 4784 2862 4840; x_wconf 83' lang='grc' dir='ltr'><strong>Ι</strong></span> <span class='ocrx_word' id='word_1_709' title='bbox 2888 4785 3143 4857; x_wconf 77' lang='lat' dir='ltr'><strong>Apparat.</strong></span> <span class='ocrx_word' id='word_1_710' title='bbox 3167 4783 3271 4840; x_wconf 89' lang='lat' dir='ltr'><strong>lib.</strong></span> <span class='ocrx_word' id='word_1_711' title='bbox 3293 4801 3376 4853; x_wconf 85' lang='grc' dir='ltr'><strong>ιιι,</strong></span> <span class='ocrx_word' id='word_1_712' title='bbox 3408 4783 3644 4841; x_wconf 76' lang='lat' dir='ltr'><strong>dissert.</strong></span> <span class='ocrx_word' id='word_1_713' title='bbox 3672 4785 3723 4848; x_wconf 89' lang='lat'><strong>1,</strong></span> 
     </span>
    </p>
   </div>
   <div class='ocr_carea' id='block_1_107' title="bbox 2075 4873 3724 4950">
    <p class='ocr_par' dir='ltr' id='par_1_107' title="bbox 2075 4873 3724 4950">
     <span class='ocr_line' id='line_1_108' title="bbox 2075 4873 3724 4950; baseline -0.004 -16"><span class='ocrx_word' id='word_1_714' title='bbox 2075 4894 2201 4950; x_wconf 89' lang='lat' dir='ltr'><strong>cap.</strong></span> <span class='ocrx_word' id='word_1_715' title='bbox 2233 4877 2287 4938; x_wconf 89' lang='lat'><strong>9,</strong></span> <span class='ocrx_word' id='word_1_716' title='bbox 2319 4879 2428 4930; x_wconf 91' lang='lat' dir='ltr'><strong>art.</strong></span> <span class='ocrx_word' id='word_1_717' title='bbox 2477 4877 2514 4930; x_wconf 88' lang='lat'><strong>2</strong></span> <span class='ocrx_word' id='word_1_718' title='bbox 2567 4890 2698 4946; x_wconf 91' lang='lat' dir='ltr'><strong>pag.</strong></span> <span class='ocrx_word' id='word_1_719' title='bbox 2759 4874 2885 4942; x_wconf 88' lang='lat'><strong>789,</strong></span> <span class='ocrx_word' id='word_1_720' title='bbox 2946 4877 2997 4930; x_wconf 85' lang='lat' dir='ltr'><strong>et</strong></span> <span class='ocrx_word' id='word_1_721' title='bbox 3045 4875 3237 4946; x_wconf 74' lang='lat' dir='ltr'><strong>eeqq.).</strong></span> <span class='ocrx_word' id='word_1_722' title='bbox 3300 4873 3573 4929; x_wconf 89' lang='lat' dir='ltr'><strong>Testatur</strong></span> <span class='ocrx_word' id='word_1_723' title='bbox 3621 4889 3724 4928; x_wconf 88' lang='lat' dir='ltr'><strong>au-</strong></span> 
     </span>
    </p>
   </div>
   <div class='ocr_carea' id='block_1_108' title="bbox 2074 4961 3729 5036">
    <p class='ocr_par' dir='ltr' id='par_1_108' title="bbox 2074 4961 3729 5036">
     <span class='ocr_line' id='line_1_109' title="bbox 2074 4961 3729 5036; baseline -0.004 -16"><span class='ocrx_word' id='word_1_724' title='bbox 2074 4970 2192 5022; x_wconf 90' lang='lat' dir='ltr'><strong>tem</strong></span> <span class='ocrx_word' id='word_1_725' title='bbox 2224 4964 2553 5021; x_wconf 89' lang='lat' dir='ltr'><strong>Herodotus</strong></span> <span class='ocrx_word' id='word_1_726' title='bbox 2585 4963 2665 5019; x_wconf 92' lang='lat' dir='ltr'><strong>ibi</strong></span> <span class='ocrx_word' id='word_1_727' title='bbox 2713 4962 3005 5036; x_wconf 90' lang='lat' dir='ltr'><strong>templum</strong></span> <span class='ocrx_word' id='word_1_728' title='bbox 3062 4962 3286 5018; x_wconf 86' lang='lat' dir='ltr'><strong>Cereris</strong></span> <span class='ocrx_word' id='word_1_729' title='bbox 3333 4961 3663 5027; x_wconf 69' lang='lat' dir='ltr'><strong>Eleusinia,</strong></span> <span class='ocrx_word' id='word_1_730' title='bbox 3695 4978 3729 5014; x_wconf 87' lang='lat' dir='ltr'><strong>a</strong></span> 
     </span>
    </p>
   </div>
   <div class='ocr_carea' id='block_1_109' title="bbox 2075 5048 3731 5110">
    <p class='ocr_par' dir='ltr' id='par_1_109' title="bbox 2075 5048 3731 5110">
     <span class='ocr_line' id='line_1_110' title="bbox 2075 5048 3731 5110; baseline -0.004 0"><span class='ocrx_word' id='word_1_731' title='bbox 2075 5052 2320 5110; x_wconf 90' lang='lat' dir='ltr'><strong>Philisto</strong></span> <span class='ocrx_word' id='word_1_732' title='bbox 2366 5052 2608 5108; x_wconf 87' lang='lat' dir='ltr'><strong>Pasiclis</strong></span> <span class='ocrx_word' id='word_1_733' title='bbox 2664 5052 2782 5108; x_wconf 82' lang='lat' dir='ltr'><strong>tilio</strong></span> <span class='ocrx_word' id='word_1_734' title='bbox 2833 5051 3135 5108; x_wconf 89' lang='lat' dir='ltr'><strong>conditum</strong></span> <span class='ocrx_word' id='word_1_735' title='bbox 3187 5050 3390 5106; x_wconf 87' lang='lat' dir='ltr'><strong>fuisse.</strong></span> <span class='ocrx_word' id='word_1_736' title='bbox 3441 5050 3613 5104; x_wconf 88' lang='lat' dir='ltr'><strong>Plura</strong></span> <span class='ocrx_word' id='word_1_737' title='bbox 3653 5048 3731 5103; x_wconf 85' lang='lat' dir='ltr'><strong>le-</strong></span> 
     </span>
    </p>
   </div>
   <div class='ocr_carea' id='block_1_110' title="bbox 2076 5137 3725 5215">
    <p class='ocr_par' dir='ltr' id='par_1_110' title="bbox 2076 5137 3725 5215">
     <span class='ocr_line' id='line_1_111' title="bbox 2076 5137 3725 5215; baseline -0.004 -16"><span class='ocrx_word' id='word_1_738' title='bbox 2076 5159 2209 5213; x_wconf 76' lang='lat' dir='ltr'><strong>gere</strong></span> <span class='ocrx_word' id='word_1_739' title='bbox 2241 5142 2460 5215; x_wconf 89' lang='lat' dir='ltr'><strong>poteris</strong></span> <span class='ocrx_word' id='word_1_740' title='bbox 2491 5144 2646 5215; x_wconf 89' lang='lat' dir='ltr'><strong>apud</strong></span> <span class='ocrx_word' id='word_1_741' title='bbox 2681 5141 2998 5199; x_wconf 90' lang='lat' dir='ltr'><strong>Diodorum</strong></span> <span class='ocrx_word' id='word_1_742' title='bbox 3031 5139 3316 5210; x_wconf 88' lang='lat' dir='ltr'><strong>Siculum,</strong></span> <span class='ocrx_word' id='word_1_743' title='bbox 3359 5137 3725 5201; x_wconf 89' lang='lat' dir='ltr'><strong>Strabonem,</strong></span> 
     </span>
    </p>
   </div>
   <div class='ocr_carea' id='block_1_111' title="bbox 2078 5225 3729 5303">
    <p class='ocr_par' dir='ltr' id='par_1_111' title="bbox 2078 5225 3729 5303">
     <span class='ocr_line' id='line_1_112' title="bbox 2078 5225 3729 5303; baseline -0.004 -16"><span class='ocrx_word' id='word_1_744' title='bbox 2078 5231 2314 5302; x_wconf 89' lang='lat' dir='ltr'><strong>Melam,</strong></span> <span class='ocrx_word' id='word_1_745' title='bbox 2347 5232 2721 5299; x_wconf 87' lang='lat' dir='ltr'><strong>Pausaniam,</strong></span> <span class='ocrx_word' id='word_1_746' title='bbox 2757 5236 2931 5303; x_wconf 90' lang='lat' dir='ltr'><strong>atque</strong></span> <span class='ocrx_word' id='word_1_747' title='bbox 2963 5245 3051 5297; x_wconf 89' lang='lat' dir='ltr'><strong>ea,</strong></span> <span class='ocrx_word' id='word_1_748' title='bbox 3097 5229 3144 5286; x_wconf 91' lang='lat' dir='ltr'><strong>si</strong></span> <span class='ocrx_word' id='word_1_749' title='bbox 3193 5227 3359 5294; x_wconf 90' lang='lat' dir='ltr'><strong>velis,</strong></span> <span class='ocrx_word' id='word_1_750' title='bbox 3415 5243 3541 5298; x_wconf 60' lang='lat' dir='ltr'><strong>quae</strong></span> <span class='ocrx_word' id='word_1_751' title='bbox 3589 5225 3729 5282; x_wconf 85' lang='lat' dir='ltr'><strong>alibi</strong></span> 
     </span>
    </p>
   </div>
   <div class='ocr_carea' id='block_1_112' title="bbox 2080 5314 3728 5394">
    <p class='ocr_par' dir='ltr' id='par_1_112' title="bbox 2080 5314 3728 5394">
     <span class='ocr_line' id='line_1_113' title="bbox 2080 5314 3728 5394; baseline -0.004 -18"><span class='ocrx_word' id='word_1_752' title='bbox 2080 5321 2488 5377; x_wconf 84' lang='lat' dir='ltr'><strong>annotavimus</strong></span> <span class='ocrx_word' id='word_1_753' title='bbox 2519 5321 2817 5394; x_wconf 85' lang='lat' dir='ltr'><strong>(Herodot.</strong></span> <span class='ocrx_word' id='word_1_754' title='bbox 2856 5318 3065 5394; x_wconf 32' lang='lat' dir='ltr'><strong>lib.‘1x,</strong></span> <span class='ocrx_word' id='word_1_755' title='bbox 3104 5316 3229 5391; x_wconf 69' lang='lat'><strong>§64</strong></span> <span class='ocrx_word' id='word_1_756' title='bbox 3259 5319 3317 5372; x_wconf 91' lang='lat' dir='ltr'><strong>et</strong></span> <span class='ocrx_word' id='word_1_757' title='bbox 3344 5316 3445 5385; x_wconf 80' lang='lat'><strong>96;</strong></span> <span class='ocrx_word' id='word_1_758' title='bbox 3494 5314 3728 5372; x_wconf 88' lang='lat' dir='ltr'><strong>Diodor.</strong></span> 
     </span>
    </p>
   </div>
   <div class='ocr_carea' id='block_1_113' title="bbox 2078 5405 3727 5482">
    <p class='ocr_par' dir='ltr' id='par_1_113' title="bbox 2078 5405 3727 5482">
     <span class='ocr_line' id='line_1_114' title="bbox 2078 5405 3727 5482; baseline -0.003 -14"><span class='ocrx_word' id='word_1_759' title='bbox 2078 5409 2260 5468; x_wconf 84' lang='lat' dir='ltr'><strong>Sicul.</strong></span> <span class='ocrx_word' id='word_1_760' title='bbox 2294 5409 2397 5465; x_wconf 88' lang='lat' dir='ltr'><strong>lib.</strong></span> <span class='ocrx_word' id='word_1_761' title='bbox 2432 5425 2447 5464; x_wconf 91' lang='grc' dir='ltr'><strong>ι</strong></span> <span class='ocrx_word' id='word_1_762' title='bbox 2482 5410 2768 5477; x_wconf 84' lang='lat' dir='ltr'><strong>Biblioth.,</strong></span> <span class='ocrx_word' id='word_1_763' title='bbox 2800 5425 2931 5482; x_wconf 90' lang='lat' dir='ltr'><strong>pag.</strong></span> <span class='ocrx_word' id='word_1_764' title='bbox 2969 5408 3090 5476; x_wconf 91' lang='grc'><strong>117,</strong></span> <span class='ocrx_word' id='word_1_765' title='bbox 3123 5411 3181 5463; x_wconf 90' lang='lat' dir='ltr'><strong>et</strong></span> <span class='ocrx_word' id='word_1_766' title='bbox 3210 5405 3312 5463; x_wconf 91' lang='lat' dir='ltr'><strong>lib.</strong></span> <span class='ocrx_word' id='word_1_767' title='bbox 3344 5423 3399 5473; x_wconf 93' lang='lat' dir='ltr'><strong>v,</strong></span> <span class='ocrx_word' id='word_1_768' title='bbox 3433 5422 3565 5481; x_wconf 85' lang='lat' dir='ltr'><strong>pag.</strong></span> <span class='ocrx_word' id='word_1_769' title='bbox 3589 5407 3727 5476; x_wconf 90' lang='lat'><strong>200;</strong></span> 
     </span>
    </p>
   </div>
   <div class='ocr_carea' id='block_1_114' title="bbox 2083 5495 3726 5572">
    <p class='ocr_par' dir='ltr' id='par_1_114' title="bbox 2083 5495 3726 5572">
     <span class='ocr_line' id='line_1_115' title="bbox 2083 5495 3726 5572; baseline -0.004 -15"><span class='ocrx_word' id='word_1_770' title='bbox 2083 5499 2272 5558; x_wconf 73' lang='lat' dir='ltr'><strong>Strab-</strong></span> <span class='ocrx_word' id='word_1_771' title='bbox 2305 5497 2406 5556; x_wconf 92' lang='lat' dir='ltr'><strong>lib.</strong></span> <span class='ocrx_word' id='word_1_772' title='bbox 2471 5517 2527 5555; x_wconf 84' lang='lat' dir='ltr'><strong>Ix</strong></span> <span class='ocrx_word' id='word_1_773' title='bbox 2584 5498 2908 5572; x_wconf 77' lang='lat' dir='ltr'><strong>Geoyraph.,</strong></span> <span class='ocrx_word' id='word_1_774' title='bbox 2955 5512 3088 5570; x_wconf 85' lang='lat' dir='ltr'><strong>pag.</strong></span> <span class='ocrx_word' id='word_1_775' title='bbox 3143 5496 3287 5566; x_wconf 86' lang='lat'><strong>395;</strong></span> <span class='ocrx_word' id='word_1_776' title='bbox 3344 5495 3479 5554; x_wconf 90' lang='lat' dir='ltr'><strong>Mel.</strong></span> <span class='ocrx_word' id='word_1_777' title='bbox 3533 5496 3726 5554; x_wconf 85' lang='lat' dir='ltr'><strong>deSit.</strong></span> 
     </span>
    </p>
   </div>
   <div class='ocr_carea' id='block_1_115' title="bbox 2083 5585 3728 5662">
    <p class='ocr_par' dir='ltr' id='par_1_115' title="bbox 2083 5585 3728 5662">
     <span class='ocr_line' id='line_1_116' title="bbox 2083 5585 3728 5662; baseline -0.002 -15"><span class='ocrx_word' id='word_1_778' title='bbox 2083 5591 2197 5648; x_wconf 85' lang='lat' dir='ltr'><strong>arb.</strong></span> <span class='ocrx_word' id='word_1_779' title='bbox 2224 5606 2350 5662; x_wconf 88' lang='lat' dir='ltr'><strong>cap.</strong></span> <span class='ocrx_word' id='word_1_780' title='bbox 2383 5588 2454 5658; x_wconf 89' lang='lat'><strong>3;</strong></span> <span class='ocrx_word' id='word_1_781' title='bbox 2493 5593 2740 5646; x_wconf 88' lang='lat' dir='ltr'><strong>Pausan.</strong></span> <span class='ocrx_word' id='word_1_782' title='bbox 2772 5589 2871 5645; x_wconf 91' lang='lat' dir='ltr'><strong>lib.</strong></span> <span class='ocrx_word' id='word_1_783' title='bbox 2906 5605 2982 5657; x_wconf 80' lang='lat' dir='ltr'><strong>v1,</strong></span> <span class='ocrx_word' id='word_1_784' title='bbox 3018 5603 3149 5662; x_wconf 85' lang='lat' dir='ltr'><strong>pag.</strong></span> <span class='ocrx_word' id='word_1_785' title='bbox 3183 5587 3305 5656; x_wconf 87' lang='grc'><strong>103,</strong></span> <span class='ocrx_word' id='word_1_786' title='bbox 3347 5591 3404 5642; x_wconf 92' lang='lat' dir='ltr'><strong>et</strong></span> <span class='ocrx_word' id='word_1_787' title='bbox 3447 5585 3552 5643; x_wconf 90' lang='lat' dir='ltr'><strong>lib.</strong></span> <span class='ocrx_word' id='word_1_788' title='bbox 3605 5604 3728 5654; x_wconf 83' lang='lat' dir='ltr'><strong>vm,</strong></span> 
     </span>
    </p>
   </div>
   <div class='ocr_carea' id='block_1_116' title="bbox 2083 5677 3731 5754">
    <p class='ocr_par' dir='ltr' id='par_1_116' title="bbox 2083 5677 3731 5754">
     <span class='ocr_line' id='line_1_117' title="bbox 2083 5677 3731 5754; baseline -0.004 -18"><span class='ocrx_word' id='word_1_789' title='bbox 2083 5695 2214 5753; x_wconf 84' lang='lat' dir='ltr'><strong>pag.</strong></span> <span class='ocrx_word' id='word_1_790' title='bbox 2245 5678 2351 5734; x_wconf 85' lang='grc'><strong>249</strong></span> <span class='ocrx_word' id='word_1_791' title='bbox 2382 5683 2440 5734; x_wconf 90' lang='lat' dir='ltr'><strong>et</strong></span> <span class='ocrx_word' id='word_1_792' title='bbox 2462 5679 2571 5736; x_wconf 83' lang='grc'><strong>256</strong></span> <span class='ocrx_word' id='word_1_793' title='bbox 2594 5695 2613 5740; x_wconf 89' lang='grc'><strong><em>;</em></strong></span> <span class='ocrx_word' id='word_1_794' title='bbox 2635 5682 2776 5736; x_wconf 87' lang='lat' dir='ltr'><strong>tom.</strong></span> <span class='ocrx_word' id='word_1_795' title='bbox 2806 5679 3124 5754; x_wconf 80' lang='lat' dir='ltr'><strong>lApparal.</strong></span> <span class='ocrx_word' id='word_1_796' title='bbox 3174 5693 3288 5751; x_wconf 86' lang='lat' dir='ltr'><strong>pag</strong></span> <span class='ocrx_word' id='word_1_797' title='bbox 3347 5677 3459 5732; x_wconf 83' lang='lat'><strong>759</strong></span> <span class='ocrx_word' id='word_1_798' title='bbox 3487 5679 3537 5732; x_wconf 82' lang='lat' dir='ltr'><strong>et</strong></span> <span class='ocrx_word' id='word_1_799' title='bbox 3573 5677 3731 5747; x_wconf 60' lang='grc' dir='ltr'><strong>περ).</strong></span> 
     </span>
    </p>
   </div>
  </div>
