3942 6162
394 326 515 388 567

1687 321 1788 382 DE
1833 323 1885 384 M
1899 323 1972 383 ΙΝ
1981 322 2137 387 UCII
2187 322 2530 389 OCTAVIO

3644 343 3739 407 568
3821 191 3888 384 1

463 461 664 517 Disces
693 461 889 514 autem
921 473 954 513 a
977 455 1102 528 jam
1133 455 1311 513 citato
1343 455 1762 527 Pausania,cur
1793 477 1820 506 α
1853 457 2049 514 ίΕεοιι-
2079 459 2133 526 Α
2233 459 2380 526 Quid
2412 468 2604 516 autem
2639 458 2853 515 mirum
2881 457 2929 515 si
2961 481 2988 510 «
3015 459 3319 532 Astartem,
3353 484 3372 512 υ
3403 465 3556 537 cujus
3581 473 3741 534 adhuc

393 548 607 622 lapius,
642 570 671 598 »
707 552 770 602 ut
797 547 878 603 ait
908 546 1194 614 Caecilius,
1231 547 1304 603 ab
1350 545 1682 618 Epidauriis
1740 545 2050 615 coleretur,

395 642 454 695 et
511 637 609 692 ubi
666 636 844 692 situm
902 635 1076 691 fuerit
1130 635 1291 690 illius
1348 633 1657 707 templum.
1694 635 1891 692 Livius
1921 652 2050 693 vero

398 726 639 784 scribit:
672 747 705 779 α
764 715 928 782 Haud
979 741 1178 797 parem
1237 724 1448 796 opibus
1496 724 1728 796 Sicyoni
1785 730 1842 781 et
1900 731 2050 796 Argo

398 817 778 889 Epidaurum,
810 815 912 871 sed
943 814 1217 887 inclytam
1247 812 1560 884 [Esculapii
1595 813 1772 869 nobili
1809 814 2048 885 templo,

396 906 552 978 quod
586 904 842 976 quinque
873 903 1134 959 millibus
1191 919 1474 976 passuum
1505 903 1580 958 ab
1613 903 1753 958 urbe
1798 903 2050 971 distans,

396 1011 553 1050 nunc
609 993 874 1065 vestigiis
933 992 1301 1048 revulsorum
1346 992 1656 1056 donorum,
1712 997 1836 1047 tum
1880 992 2051 1047 donis

395 1085 554 1140 dives
625 1087 771 1150 erat,
850 1098 979 1153 qua
1054 1081 1446 1136 remediorum
1506 1081 1853 1136 salutarium
1915 1081 2052 1153 aegri

396 1172 724 1228 mercedem
779 1173 1155 1226 sacraverant
1213 1169 1350 1225 Deo.
1411 1191 1439 1219 ››
1498 1169 1579 1225 De
1631 1169 1811 1241 hujus
1855 1175 2052 1226 autem

395 1259 597 1332 templi
647 1259 1028 1332 inscriptione
1074 1257 1292 1330 aliquid
1339 1257 1479 1314 alibi
1509 1275 1543 1314 a
1571 1259 1740 1314 nobis
1782 1259 2052 1314 observa-

397 1355 523 1404 tum
554 1352 643 1405 est
690 1349 963 1421 (Pausan.
1019 1347 1124 1403 lib.
1186 1352 1247 1414 li,
1305 1363 1439 1419 pag.
1471 1347 1578 1403 68:
1639 1347 1758 1402 Liv.
1788 1346 1893 1403 lib.
1926 1363 2054 1416 va,

397 1437 428 1510 §
457 1436 548 1506 48,
577 1441 718 1494 tom.
753 1439 772 1492 l
802 1437 1090 1509 Apparat.,
1129 1452 1260 1509 pag.
1295 1436 1479 1507 4093).

468 1543 728 1617 Phryges
776 1560 930 1614 vero,
999 1542 1194 1615 inquit
1240 1543 1434 1599 adhuc
1493 1541 1780 1609 Caecilius,
1827 1543 2058 1598 Matrem

397 1633 848 1701 venerabantur,
907 1634 1057 1690 551
1133 1631 1635 1703 quemadmodum
1697 1631 1904 1687 Strabo
1962 1631 2056 1688 his

397 1721 742 1777 testificatur
797 1721 989 1777 verbis
1018 1737 1031 1776 :
1066 1743 1094 1770 «
1153 1723 1502 1793 Berecyntos
1547 1719 1799 1793 Phrygia
1827 1735 1971 1792 gens
2001 1724 2058 1776 et

396 1811 455 1865 in
532 1809 874 1866 universum
950 1808 1228 1882 Phryges,
1287 1824 1354 1864 ac
1413 1808 1655 1878 Troum,
1743 1808 1844 1880 qui
1903 1809 2136 1896 circaB

394 1901 558 1955 Idam
587 1898 891 1955 accolunt:
924 1896 1070 1951 Ῥέαν
1109 1897 1204 1970 μὶν
1236 1894 1326 1951 καὶ
1369 1895 1522 1951 αὐτοί
1569 1899 1774 1969 τιμῶσι
1825 1897 1916 1951 καὶ
1968 1896 2058 1973 ὀρ·

392 1987 636 2064 γιιὶζουσι
691 1985 879 2059 ταύτῃ,
943 1985 1151 2062 μητέρα
1215 1983 1510 2048 καλοῦντες
1595 1987 1748 2058 Θεῶν,
1833 1986 2056 2044 Rheam

391 2077 508 2151 ipsi
540 2094 774 2150 quoque
809 2077 1027 2143 colunt,
1078 2077 1250 2149 eique
1278 2077 1444 2149 orgia
1472 2080 1780 2148 peragunt,
1811 2076 2054 2133 Matrem

396 2166 762 2239 appellantes
823 2167 1090 2232 deorum,
1152 2169 1211 2222 et
1267 2166 1574 2239 Agdestin,
1632 2171 1690 2220 et
1720 2165 2052 2238 Phrygiam,

394 2257 668 2328 Magnam
689 2256 857 2311 deam
887 2271 902 2310 :
927 2273 961 2310 a
980 2254 1126 2311 locis
1149 2255 1360 2311 andem
1379 2256 1609 2321 Idaeam,
1625 2253 2054 2326 Dindymenen,

396 2343 672 2415 Bylenen,
721 2343 1157 2409 Pessinuntida,
1220 2343 1488 2417 Cybelem
1547 2366 1577 2392 »
1633 2343 1849 2414 (Strab.
1886 2342 1988 2398 lib.
2019 2360 2055 2398 x

396 2433 580 2503 Geogr.
641 2449 774 2506 pag.
825 2433 970 2504 469).
1032 2432 1262 2488 Videsis
1321 2435 1594 2504 praeterea
1625 2448 1751 2502 quae
1792 2449 1827 2487 a
1885 2431 2053 2487 nobis

395 2523 672 2576 annotata
727 2519 868 2576 alibi
923 2519 1162 2576 fuerunt
1219 2522 1382 2592 (tom.
1444 2521 1466 2576 Ι
1523 2521 1781 2591 Apparet.
1817 2519 1920 2576 lib.
1966 2537 2051 2580 ιιι,

397 2611 693 2666 dissertet.
731 2626 770 2676 ι,
797 2625 926 2682 cap.
956 2610 1013 2680 9,
1047 2626 1180 2682 pag.
1208 2609 1358 2682 758).

466 2717 695 2782 Quanta
723 2731 856 2772 vero
888 2715 1259 2772 observantia
1287 2714 1542 2770 Chaldaei
1581 2716 1773 2771 Belum
1822 2714 2052 2771 reveriti

399 2805 541 2875 sint,
572 2802 741 2860 facile
799 2803 1042 2877 colligas
1089 2820 1158 2860 ex
1201 2802 1427 2876 templi,
1490 2803 1550 2858 in
1581 2803 1743 2859 illius
1771 2803 2052 2859 honorem

392 2892 740 2959 constructi,
774 2891 1184 2964 amplitudine.
1244 2891 1324 2948 De
1374 2909 1440 2948 eo
1468 2892 1757 2965 siquidem
1789 2892 1909 2948 hinc
1944 2894 2053 2950 lle-

392 2983 655 3047 rodotus,
690 2981 773 3037 uti
807 2981 878 3038 de
907 2980 1200 3054 Babylone
1231 2980 1507 3037 tradidit:
1543 2981 1628 3036 'Ev
1665 2977 1723 3036 8‘s
1776 2985 1856 3053 τῷ
1886 2979 2053 3054 ἑτέρῳ

393 3070 518 3131 Διὸς
568 3067 754 3139 Βήλου
800 3069 916 3143 ἱρὸν
967 3067 1349 3144 χαλκόπυλον,
1393 3067 1482 3124 καὶ
1533 3068 1586 3132 ἐς
1627 3069 1725 3143 ἐμὲ
1769 3073 1928 3125 τοῦτο
1974 3067 2053 3125 ἔτι

394 3158 504 3227 ἐὸν,
555 3155 650 3213 δύο
694 3155 946 3230 σταδίων,
978 3157 1150 3233 πάντῃ
1191 3157 1276 3214 ἐὸν
1334 3159 1694 3234 τετράγωνον.
1743 3165 1827 3215 Ἐν
1898 3159 2047 3233 μὲσῳ

395 3246 456 3302 δὲ
505 3251 602 3303 τοῦ
647 3248 769 3322 ’1ροῦ
816 3247 1024 3325 πύργος
1065 3249 1278 3322 στερεὸς
1309 3245 1691 3322 οἰκοδόμηται.
1728 3293 1739 3306 .
1780 3293 1793 3306 .
1829 3289 1842 3304 .
1877 3291 1890 3306 .
1925 3247 2052 3304 οὖδὶ

391 3337 556 3392 νῦκτα
609 3335 787 3402 οὐδεὶς
844 3336 1178 3407 ἐναυλίζεται
1235 3338 1553 3414 ἀνθρώπων,
1616 3336 1700 3394 ὅτι
1774 3340 1849 3412 μὴ
1909 3339 2047 3414 γυνὴ

397 3426 570 3498 μοοόνη
619 3431 724 3482 τῶν
775 3425 1228 3504 ὶριχωρίων,τὴν
1282 3425 1341 3482 ἃν
1375 3427 1403 3481 ὁ
1448 3425 1577 3491 Θεὸς
1629 3423 1819 3498 ἕληται
1851 3427 1910 3483 ἐκ
1955 3449 2052 3484 πα-

393 3513 552 3588 σέων,
588 3514 664 3578 ὡς
716 3513 964 3592 λέγουσιν
1019 3515 1070 3572 οἱ
1118 3514 1387 3572 Χαλδαῖοι
1418 3514 1591 3579 ἰόντες
1639 3518 1804 3592 ἱερέες
1849 3517 2050 3574 τούτου

393 3607 493 3657 τοῦ
546 3607 700 3661 Θεοῦ.
758 3629 786 3657 ‹‹
824 3609 886 3662 In
943 3606 1124 3663 altero
1181 3606 1340 3664 Jovis
1399 3606 1517 3663 Beli
1565 3607 1854 3680 templum
1887 3607 2052 3664 aareis

396 3692 620 3764 portis:
675 3693 734 3748 id
792 3695 947 3766 quod
982 3711 1110 3750 mea
1140 3694 1315 3751 etiam
1373 3713 1530 3751 nunc
1587 3700 1755 3751 etate
1801 3698 2049 3767 exsistit,

395 3783 648 3838 duorum
669 3781 1059 3855 undequaque
1089 3784 1414 3839 stadiorum
1445 3784 2053 3858 amplitudine,figura

395 3871 700 3944 quadrata.
733 3871 796 3926 In
830 3871 979 3928 sacri
1012 3872 1204 3928 medio
1226 3873 1405 3928 turris
1437 3873 1689 3929 solida...
1721 3873 1920 3946 Neque
1957 3875 2052 3931 hic

396 3967 572 4020 noctu
605 3963 780 4020 cubat
811 3961 1048 4036 aliquis,
1079 3967 1306 4037 praeter
1326 3964 1632 4021 mulierem
1656 3982 1832 4022 unam
1863 3983 1932 4022 ex
1957 3967 2050 4024 in-

394 4052 647 4124 digenis,
680 4069 857 4125 quam
884 4069 952 4109 ex
981 4053 1259 4110 omnibus
1289 4053 1435 4109 deus
1477 4052 1774 4126 delegerit,
1808 4055 1894 4110 uti
1917 4073 2049 4111 nar-

395 4148 527 4201 rant
550 4142 826 4212 Chaldaai,
858 4143 1038 4215 hujus
1067 4143 1159 4200 dei
1192 4144 1521 4201 sacerdotes
1548 4145 1843 4217 (Herodot.
1877 4145 1980 4201 lib.
2009 4163 2050 4217 ι,

395 4233 594 4306 8181).
657 4233 829 4290 Plura
884 4231 1058 4289 etiam
1118 4234 1190 4290 de
1249 4234 1354 4290 hoc
1401 4233 1621 4307 templo
1653 4234 1938 4290 Diodorus
1968 4237 2053 4292 Si-

399 4322 588 4394 culus,
617 4321 718 4394 qui
751 4321 1017 4395 perhibet
1055 4320 1200 4378 illud
1233 4340 1266 4378 a
1293 4323 1675 4380 Semiramide
1701 4324 2053 4382 aedificatum

399 4411 602 4479 fuisse,
636 4413 737 4468 sed
768 4415 1050 4468 vetustate
1105 4411 1429 4484 collapsum
1483 4412 1737 4484 (Diodor.
1788 4414 2051 4471 Biblioth.

402 4499 503 4555 lib.
539 4517 670 4572 pag.
697 4501 810 4573 69).
862 4504 1275 4557 Verumtamen
1327 4501 1550 4558 Plinius
1580 4501 1736 4557 idem
1769 4502 2054 4574 templum

404 4605 510 4644 suo
540 4589 733 4645 adhuc
789 4594 1052 4661 tempore
1109 4591 1506 4664 permansisse
1563 4598 1858 4649 asseverat
1886 4593 2058 4665 (Plin.

401 4675 502 4732 lib.
561 4693 594 4731 v
645 4678 841 4733 Natur.
899 4679 1035 4734 Hist.
1096 4696 1222 4753 cap.
1274 4681 1363 4751 26,
1411 4698 1544 4755 pag.
1573 4682 1699 4754 712)
1763 4681 2057 4755 Quidquid

400 4768 597 4822 autem
629 4767 707 4822 sit
735 4766 806 4822 de
838 4765 996 4822 illius
1024 4768 1225 4840 templi
1257 4770 1675 4838 destructione,
1689 4771 1825 4827 alibi
1860 4777 2056 4829 osten-

398 4853 616 4921 dimus,
676 4854 1069 4926 Theophilum
1140 4858 1582 4931 Antiocgenum,
1655 4879 1690 4916 a
1762 4861 2056 4918 Lactantio

396 4944 722 5010 laudatum,
781 4943 1088 5016 scripsisse
1134 4946 1424 5018 Assyrios,
1456 4953 1516 5002 et
1544 4948 1891 5021 Babylonios
1927 4950 2054 5006 Belo

395 5033 620 5090 cultum
649 5032 980 5090 exhibuisse
1010 5051 1075 5089 ac
1105 5035 1560 5092 venerationem.
1595 5038 1827 5110 Legesis
1850 5055 2054 5096 rursus

395 5124 753 5179 Herodotum
784 5123 886 5178 lib.
922 5139 1006 5189 ιιι,
1039 5123 1068 5190 §
1100 5123 1219 5191 153,
1255 5139 1386 5195 pag.
1425 5125 1531 5180 223
1560 5141 1572 5179 :
1635 5125 2052 5199 Hieronymum

395 5213 454 5268 in
504 5228 632 5285 cap.
689 5229 820 5269 xxv:
851 5211 1135 5277 Ezechiel,
1189 5230 1241 5268 v.
1304 5213 1387 5284 11,
1448 5218 1506 5267 et
1537 5213 1594 5268 in
1629 5231 1755 5286 cap.
1793 5232 1830 5270 ιι
1870 5216 2050 5284 Οερω,

395 5318 449 5364 v,
485 5301 588 5358 l6:
623 5301 1033 5366 Claudianum,
1069 5304 1400 5375 Panegyr.l
1435 5304 1496 5357 in
1523 5303 1750 5359 laudem
1771 5303 2054 5362 Sliliconi:

396 5389 671 5446 Vossium
697 5391 799 5446 lib.
835 5407 852 5446 ι
883 5392 955 5448 de
978 5390 1203 5461 Origine
1231 5395 1282 5448 et
1314 5393 1506 5464 Progr.
1542 5392 1728 5448 idolol.
1781 5409 1906 5465 cap.
1957 5396 2048 5464 24,

402 5491 536 5547 pag.
566 5477 675 5547 93;
731 5479 1056 5545 Giraldum,
1119 5482 1319 5538 Histor.
1378 5482 1528 5538 deor.
1558 5488 1786 5556 syntag.
1818 5485 1872 5549 2,
1917 5498 2048 5556 pag.

403 5565 505 5619 108
536 5571 589 5620 et
615 5582 763 5639 seqq.
794 5567 960 5640 (tom.
993 5569 1015 5627 Ι
1042 5569 1302 5644 Apparat.
1364 5569 1444 5629 lib
1476 5589 1536 5642 ιι,
1570 5572 1802 5631 dissert.
1835 5574 1887 5640 4,
1921 5589 2048 5646 cap.

399 5652 456 5724 2,
493 5653 522 5725 ξ
557 5653 603 5721 1,
639 5671 770 5728 pag.
796 5655 945 5729 502).

2161 551 2431 606 meminit
2477 549 2764 616 Caecilius,
2814 549 2941 620 Syri
2989 547 3290 619 coluerint,
3322 557 3740 630 quandoquidem

2160 643 2225 695 ut
2254 639 2421 694 testis
2455 639 2623 694 nobis
2653 642 2743 693 est
2789 636 3208 694 Tertullianus.
3259 662 3284 688 α
3320 641 3608 716 Unicuique
3636 667 3740 720 pro.

2159 726 2358 781 vinciaa
2403 731 2460 782 et
2505 726 2726 782 civitati
2775 743 2921 780 suus
2970 731 3060 780 est
3104 724 3268 790 deus,
3301 733 3360 782 ut
3391 731 3552 800 Syriae
3579 737 3741 792 Astar-

2159 818 2265 870 tes.
2307 839 2325 867 ι
2365 814 2514 870 Alibi
2535 815 2848 881 tamen,uti
2871 831 2977 870 suo
3011 814 3136 868 loco
3163 815 3564 884 videbimus,ab
3587 839 3642 878 eo
3663 841 3742 896 ap-

2161 903 2408 976 pellatur
2438 927 2467 954 «
2493 905 2809 974 Atagartis,
2844 925 2871 952 »
2903 909 2961 958 et
2990 921 3024 958 a
3052 903 3315 959 Cicerone
3345 913 3539 976 quarta
3559 910 3747 968 Venus:

2162 1016 2188 1043 ‹‹
2224 995 2442 1059 Quarta
2471 993 3060 1064 enim,inquit,8yria,
3093 993 3345 1063 'l‘yroque
3374 1004 3749 1071 conceptaque

2164 1085 2386 1137 Astarte
2417 1088 2679 1151 vocatur,
2711 1098 2884 1152 quam
2915 1080 3163 1136 Adonidi
3207 1083 3469 1154 nupsisse
3513 1087 3751 1144 traditum

2161 1177 2268 1227 est.
2303 1194 2332 1219 δν
2362 1170 2528 1227 Philo
2552 1188 2788 1243 quoque
2813 1171 3030 1226 Biblius
3064 1186 3131 1225 ex
3159 1170 3601 1229 Sanchoniatone
3631 1179 3752 1248 apud

2161 1261 2520 1316 Eusebium:
2570 1284 2598 1311 «
2646 1259 2826 1331 Hanc,
2879 1260 3086 1332 inquit,
3121 1259 3304 1330 ipsam
3335 1263 3597 1317 Astartem
3627 1263 3754 1320 Phis-

2163 1350 2324 1406 nices
2375 1351 2660 1406 Venerem
2716 1365 2845 1406 esse
2886 1353 3232 1404 memorant.
3268 1369 3297 1397 ››
3327 1353 3399 1402 At
3429 1349 3656 1406 Luciano
3681 1369 3756 1408 ea-

2163 1439 2295 1494 dem
2327 1455 2393 1495 ac
2424 1438 2566 1494 luna
2593 1439 2861 1506 videtur;
2895 1436 3160 1510 quamvis
3191 1453 3257 1491 ex
3287 1438 3571 1494 sacerdote
3596 1439 3756 1513 aliquo

2165 1534 2340 1601 atque
2373 1545 2406 1585 a
2437 1528 2809 1583 Phoenicibus
2859 1529 3150 1598 Europam
3184 1526 3366 1582 fuisse
3394 1528 3671 1599 acceperit.
3695 1529 3759 1585 Ex

2164 1616 2346 1672 sacris
2414 1631 2584 1688 porro
2659 1615 2996 1688 Scripturis,
3053 1614 3292 1686 quidam
3345 1613 3610 1686 colligunt
3655 1633 3757 1674 eam

2164 1721 2294 1761 esse
2349 1707 2637 1760 Astartem
2690 1705 2858 1759 deam
2923 1703 3319 1775 Sidoniorum,
3391 1719 3551 1775 quam
3616 1706 3761 1760 coluit

2165 1809 2265 1849 rex
2320 1792 2610 1860 Salomon,
2679 1794 2832 1851 552
2911 1792 3081 1865 eique
3151 1791 3377 1848 excelsa
3443 1793 3650 1863 statuit,
3708 1795 3761 1849 ab

2166 1882 2329 1940 Josia
2360 1898 2493 1955 rege
2524 1883 2898 1956 postmodum
2931 1882 3230 1938 destructa
3277 1879 3532 1951 (Tertull.
3584 1883 3762 1953 Apolog.

2167 1989 2293 2044 cap.
2351 1973 2444 2040 24,
2503 1989 2634 2044 pag.
2693 1973 2784 2039 26,
2839 1975 2898 2027 et
2953 1971 3055 2026 lib.
3113 1987 3154 2026 ιι
3211 1970 3286 2026 ad
3321 1972 3532 2027 Nalion.
3589 1986 3696 2042 cap.
3719 1970 3759 2035 8,

2167 2077 2298 2134 pag.
2357 2062 2467 2128 70;
2534 2062 2754 2116 Disserl.
2807 2061 2866 2116 in
2927 2060 3150 2116 Tertull.
3213 2059 3480 2130 Apologet.
3533 2075 3646 2130 cap.
3693 2060 3763 2124 27,

2165 2154 2276 2206 art.
2311 2167 2368 2218 1;
2402 2150 2518 2206 Cic.
2576 2149 2677 2205 lib.
2733 2166 2795 2204 ιιι
2841 2148 2907 2228 de
2953 2149 3151 2204 Nalur.
3191 2153 3347 2204 Deor.
3385 2165 3510 2219 pag.
3538 2148 3652 2212 248,
3680 2145 3759 2200 lin.

2164 2239 2271 2306 30;
2305 2240 2472 2310 Apud
2531 2239 2740 2295 Euseb.
2797 2237 2898 2296 lib.
2947 2257 2986 2307 ι,
3017 2240 3274 2310 Praepar.
3307 2240 3502 2308 Evang.
3556 2251 3667 2306 cap.
3698 2237 3762 2303 10,

2166 2344 2297 2399 pag.
2331 2328 2441 2394 38;
2474 2328 2704 2385 Lucian.
2759 2328 2857 2384 lib.
2911 2329 2978 2384 de
3021 2329 3128 2383 Dea
3180 2329 3345 2399 Syria
3373 2327 3499 2381 init.
3527 2344 3540 2392 ;
3571 2327 3637 2381 lll
3662 2325 3762 2392 Reg.

2162 2418 2334 2487 11,5;
2396 2419 2468 2474 IV
2524 2419 2651 2486 Reg.
2713 2435 2872 2484 xvm,
2929 2418 3040 2484 l3).
3101 2417 3254 2473 Vide
3310 2416 3518 2481 adhuc,
3547 2414 3591 2468 si
3630 2412 3761 2481 velis,

2161 2505 2501 2570 Varronem,
2532 2511 2591 2562 et
2639 2507 2915 2578 Scaligeri
2963 2506 3022 2560 in
3052 2508 3187 2576 ejus
3219 2506 3391 2561 verba
3414 2509 3591 2568 notas,
3619 2502 3763 2556 Euse-

2165 2595 2351 2663 bium,
2383 2597 2650 2664 Suidam,
2681 2597 3022 2668 Gyraldum.
3057 2595 3507 2664 Salmasium,et
3533 2591 3762 2648 Vossium

2162 2685 2350 2756 (Varr.
2385 2686 2487 2741 lib.
2537 2703 2593 2740 ιν
2643 2687 2711 2741 de
2758 2687 2910 2757 Ling.
2963 2686 3059 2740 lat.
3113 2702 3250 2758 pag.
3286 2685 3388 2750 14;
3423 2683 3615 2738 Euseb.
3645 2679 3766 2734 lib.i

2165 2776 2418 2846 Przpar.
2479 2777 2710 2844 Evang.,
2766 2791 2892 2843 cap.
2952 2775 3041 2840 10,
3099 2790 3239 2846 pag.
3300 2774 3408 2839 37;
3462 2770 3613 2827 Suid.
3643 2767 3765 2822 adv.

2161 2864 2435 2930 Astarte;
2491 2863 2726 2936 Gyrald.
2788 2863 3018 2936 Syntag.
3072 2863 3160 2928 13,
3198 2878 3331 2934 pag.
3363 2861 3504 2928 375;
3559 2856 3768 2913 Salinas.

2163 2954 2398 3008 Exercit.
2435 2955 2492 3008 in
2527 2953 2700 3024 Solin,
2733 2969 2867 3026 pag.
2902 2953 3008 3007 574
3038 2970 3049 3006 :
3084 2951 3258 3008 Voss.
3297 2951 3393 3019 lib,
3429 2967 3467 3016 ι,
3499 2948 3559 3002 de
3586 2946 3714 3011 Orig.
3734 2952 3771 2999 el

2159 3043 2412 3114 Progres.
2446 3041 2731 3098 idololalr.
2766 3059 2892 3114 cap.
2925 3041 3015 3110 28,
3051 3058 3102 3112 p.
3142 3042 3239 3112 88,
3271 3046 3328 3096 et
3359 3040 3459 3094 lib.
3491 3055 3548 3107 ιι,
3577 3053 3626 3107 p.
3652 3032 3772 3098 206).

2232 3132 2407 3187 Addit
2461 3131 2725 3187 Caecilius
2775 3131 3002 3187 divinos
3052 3130 3310 3186 honores
3355 3152 3382 3177 ‹‹
3417 3123 3674 3182 Mercurio
3703 3145 3719 3167 -
3749 3136 3774 3173 a

2081 3201 2123 3266 Ο
2161 3219 2344 3277 Gallis
2394 3220 2672 3289 redditos,
2725 3219 3232 3292 quemadmodum
3294 3218 3385 3272 his
3442 3215 3774 3270 conﬁrmatur

2157 3309 2399 3366 Cesaris
2428 3309 2618 3366 verbis
2645 3327 2657 3364 :
2699 3332 2718 3359 ι
2763 3310 3017 3366 Deorum
3050 3311 3310 3364 maxime
3343 3301 3667 3361 Mercurium
3695 3313 3770 3352 co-

2158 3397 2307 3454 lunt.
2341 3399 2526 3472 Hujus
2547 3403 2686 3455 sunt
2717 3398 2971 3472 plurima
3001 3396 3513 3454 simulacra.Hunc
3543 3388 3768 3472 omnium

2157 3489 2516 3545 inventorem
2577 3491 2790 3544 artium
2851 3487 3110 3556 faciunt;
3166 3488 3326 3542 hunc
3356 3486 3574 3540 viarum
3626 3469 3768 3548 atque

2159 3577 2437 3634 itinerum
2485 3579 2716 3647 ducem,
2775 3577 2933 3634 hunc
2963 3577 3032 3632 ad
3062 3582 3329 3649 quaestus
3365 3569 3625 3646 pecuniae,
3655 3579 3774 3620 mer-

2158 3673 2506 3738 caturasque
2537 3667 2748 3722 habere
2777 3667 2894 3721 vim
2927 3666 3274 3722 maximam.
3315 3688 3333 3713 η
3371 3658 3572 3718 Caesari
3601 3654 3775 3712 suifra-

2160 3763 2332 3829 gatur
2375 3755 2634 3822 Tacitus,
2688 3758 2787 3828 qui
2835 3761 3032 3810 narrat
3077 3754 3280 3810 Gallos
3323 3752 3508 3808 eidem
3538 3739 3780 3801 Mercurio

2161 3843 2459 3916 humanis,
2523 3848 2587 3900 ut
2634 3861 2812 3915 supra
2864 3842 3304 3911 annotavimus,
3367 3837 3569 3896 hostiis
3617 3833 3783 3888 litasse

2159 3933 2390 4017 (Caesar.
2427 3932 2529 3991 lib.
2563 3949 2638 4003 v1,
2668 3933 2734 3989 de
2762 3933 2909 3988 Bello
2943 3932 3139 3988 Gallic.
3177 3933 3352 4004 longe
3385 3921 3781 4017 postginitium‘;

2161 4010 2345 4088 Tacit,
2391 4023 2455 4079 de
2492 4024 2680 4079 Morib.
2749 4022 3000 4079 German.
3061 4028 3196 4094 post
3258 4021 3437 4091 init.).
3495 4014 3690 4070 Videre
3713 4010 3783 4062 est

2163 4112 2337 4168 etiam
2369 4111 2664 4180 Vossium,
2699 4112 2794 4182 qui
2827 4129 2861 4167 a
2905 4111 3269 4183 quibusdam
3301 4114 3494 4165 tamen
3523 4105 3784 4177 propterea

2165 4203 2450 4274 arguitur,
2501 4204 2657 4274 quod
2702 4203 2816 4258 Titi
2863 4201 3005 4256 Livii
3056 4200 3398 4257 testimonio
3457 4194 3684 4270 probare
3707 4201 3783 4240 v0-

2163 4290 2339 4346 luerit
2391 4297 2686 4363 repertum
2735 4291 2917 4346 fuisse
2955 4291 3126 4361 juxta
3173 4287 3584 4359 Carthaginem
3613 4289 3784 4335 novam

2166 4362 2756 4437 MercuriiiTeutalis
2818 4379 3138 4436 tumulum.
3202 4381 3341 4445 Qum
3419 4375 3571 4431 enim
3623 4362 3787 4424 citavit

2163 4471 2427 4542 ejusdem
2464 4470 2606 4526 Livii
2639 4469 2836 4538 verba,
2861 4470 2918 4524 in
2951 4469 3360 4524 vetustissimo
3391 4463 3583 4521 codice
3613 4459 3786 4512 Putea-

2092 4577 2137 4642 Ι)
2170 4577 2243 4615 no
2297 4576 2412 4615 non
2467 4559 2761 4631 leguntur.
2817 4556 2884 4612 Et
2927 4558 2983 4612 id
3017 4557 3260 4628 quidem
3295 4555 3484 4612 obiter
3513 4549 3787 4642 adnotasse

2169 4647 2386 4704 nemini
2447 4648 2709 4716 fortasse,
2769 4646 2867 4718 qui
2919 4645 3194 4702 Vossium
3245 4645 3407 4700 adire
3453 4638 3657 4709 cupiat,
3689 4644 3788 4686 m0-

2166 4735 2380 4792 lestum
2411 4736 2520 4792 erit
2549 4735 2812 4808 (Vossius
2846 4735 2945 4789 lib.
2983 4753 2999 4789 ι
3033 4736 3098 4790 de
3157 4737 3309 4805 Orig.
3363 4728 3627 4787 idololalr.
3683 4731 3785 4808 cap:

2169 4826 2252 4893 13,
2289 4842 2418 4898 pag.
2457 4804 2574 4893 134,
2609 4843 2736 4897 cap.
2767 4827 2858 4894 37,
2891 4840 3024 4896 pag.
3078 4825 3197 4892 140,
3233 4804 3292 4878 et
3326 4821 3427 4877 lib.
3464 4834 3523 4885 ιι,
3555 4804 3786 4887 {183.233

2164 4919 2216 4970 et
2245 4932 2392 4988 seqq.

2235 5040 2462 5096 Nemini
2521 5039 2773 5110 denique
2825 5039 3257 5111 incompertum
3319 5039 3407 5090 est
3463 5047 3588 5087 eam
3633 5021 3784 5117 fuisse

2165 5131 2561 5185 Romanorum
2593 5110 3089 5198 superstitionem,
3132 5133 3196 5182 ut
3226 5140 3454 5187 omnes,
3487 5121 3555 5175 de
3600 5110 3783 5186 quibus

2163 5217 2423 5274 Caecilius
2465 5218 2766 5290 gloriatur,
2821 5217 2960 5273 deos
3020 5216 3326 5272 coluerint.
3363 5213 3566 5267 Eorum
3598 5200 3782 5274 (ιυῑρρθ

2162 5307 2386 5375 civitas,
2421 5329 2449 5356 «
2481 5323 2612 5362 cum
2648 5320 2792 5377 pene
2821 5305 3119 5374 omnibus,
3174 5305 3256 5359 uti
3296 5301 3378 5357 ait
3409 5300 3516 5355 Leo
3548 5293 3779 5377 Magnus;

2162 5397 2562 5453 dominaretur
2613 5376 2911 5467 gentibus,
2945 5410 3208 5450 omnium
3237 5389 3502 5465 gentium
3531 5376 3781 5474 serviet)!t

2161 5487 2490 5554 erroribus;
2525 5490 2581 5542 et
2633 5500 2905 5557 magnam
2947 5484 3058 5540 sibi
3091 5483 3397 5539 videbatur
3426 5474 3780 5542 assumpstm

2161 5575 2523 5648 religionem,
2583 5574 2719 5648 quia
2772 5571 2995 5632 nullam
3055 5573 3367 5646 respuebat
3424 5565 3774 5648 falsitatemﬁ

2167 5664 2173 5674 r

2159 5641 2446 5737 (Lchap.
2481 5641 2702 5721 scrin!
2759 5664 2816 5718 in
2864 5663 3046 5720 Natat.
3091 5641 3256 5736 rip—ost.
3319 5657 3472 5714 Petri
3513 5641 3768 5712 elPauli).
