3942 6162
25 2319 136 6006 ἒ

267 345 366 406 569

1671 341 2220 407 DISSERTATIO.

3545 344 3664 404 570

265 477 449 535 Utrum
499 477 720 542 autem,
753 475 860 533 hoc
887 477 1003 549 pio,
1048 480 1112 532 ut
1166 474 1428 549 loquitur
1484 475 1899 549 contenditque
1929 483 1982 550 Α
2013 477 2234 536 scilicet
2262 477 2644 552 philosOphos
2686 477 2966 552 pleraque
3004 495 3114 534 sua
3139 477 3356 550 placita
3381 493 3450 534 ex
3480 479 3666 534 sacri!

265 567 523 631 Cecilius,
559 566 722 622 cultu
786 567 1107 622 meruerint
1136 567 1316 623 totius
1367 565 1526 624 orbis
1559 567 1895 640 imperium,

265 656 421 732 paulo
451 662 579 728 post
618 657 1040 728 expendemus.

325 747 396 800 Ex
430 745 515 799 his
565 761 737 816 porro
789 746 1067 801 omnibus
1101 745 1199 802 ille
1256 746 1525 803 concludi
1577 763 1749 820 posse
1780 746 1897 802 exi-

265 834 442 890 stimat
488 833 629 889 deos
679 834 984 906 gentilium
1033 851 1229 891 revera
1285 837 1585 905 exsistere,
1615 853 1683 891 ac
1723 837 1793 892 de
1825 836 1896 892 iis

263 928 398 977 ortas
419 939 452 977 a
475 923 681 977 mundi
729 923 962 978 exordio
987 924 1332 981 traditiones
1357 924 1594 981 minime
1625 926 1894 980 deseren-

260 1012 365 1079 das,
421 1012 523 1066 sed
585 1012 643 1066 in
696 1011 806 1066 hae
859 1015 1145 1082 majorum
1221 1020 1555 1071 nOstrorum
1615 1014 1894 1086 religione

259 1103 579 1155 constanter
609 1102 1122 1172 perseverandum.
1155 1103 1419 1168 Quonam
1470 1109 1663 1159 autem
1698 1104 1891 1172 modo,

257 1192 304 1244 et
328 1188 542 1259 quibus
575 1188 870 1244 rationum
920 1192 1232 1246 momentis
1269 1192 1558 1247 Minucius
1615 1208 1748 1247 eum
1781 1192 1890 1247 im-

256 1283 452 1349 pugnet
482 1293 551 1332 ae
584 1277 827 1347 refellat,
857 1278 1027 1335 solito
1086 1296 1246 1336 more
1304 1286 1503 1337 nostro
1549 1282 1889 1338 examinan-

257 1367 375 1421 dum
398 1371 505 1421 est.

803 1537 1206 1595 ARTICULUS
1248 1539 1315 1595 II.

249 1650 508 1726 Quomodo
574 1650 830 1708 Octavius
863 1724 871 1726 _
909 1652 1117 1709 Cecilit
1192 1661 1585 1726 argumentum
1638 1657 1880 1726 refellat,

304 1723 650 1799 ostendatque
695 1740 793 1799 nec
837 1724 1063 1799 deorum
1110 1725 1323 1782 cultum
1376 1731 1550 1784 tantae
1579 1723 1706 1783 esse
1734 1723 1880 1783 anui

303 1797 541 1870 quiitatis,
573 1810 673 1870 nec
701 1797 995 1870 sectanda:
1037 1799 1312 1870 maiorum
1342 1801 1548 1870 impias
1597 1815 1662 1853 ac
1689 1815 1878 1870 super-

307 1858 562 1943 ititiosai
585 1866 935 1943 traditiones,
970 1858 1164 1943 quales
1212 1880 1372 1926 erant
1419 1858 1488 1926 'de
1517 1869 1722 1943 Scylla,
1752 1858 1885 1926 'Chi-
1919 1858 1962 1922 Β

306 1954 484 2007 mra,
514 1939 716 2010 Hydra
744 1945 798 1994 et
822 1939 1138 1996 Centauris.

301 2116 431 2170 Duae
463 2120 603 2171 sunt
659 2115 980 2173 Cecilianae
1029 2118 1555 2190 argumentationis
1601 2119 1883 2177 acaateris

238 2204 378 2262 558
412 2222 651 2276 quoque
699 2206 1020 2277 gentilibus
1070 2225 1371 2280 nunquam
1424 2225 1536 2264 non
1587 2214 1881 2282 usurpatas

237 2300 437 2366 partes.
478 2294 670 2349 Prima
697 2312 900 2352 omnes
944 2297 1181 2352 omnino
1229 2296 1476 2368 gentiles
1509 2304 1752 2370 spectat,
1785 2315 1880 2354 se-

239 2382 604 2452 cuudaipsos
661 2385 965 2456 speciatim
1024 2386 1336 2442 Romanos.
1372 2386 1626 2459 Utraque
1681 2393 1878 2443 autem

240 2472 466 2528 totidem
498 2473 737 2528 Minucii
791 2475 1112 2545 responsis,
1160 2475 1450 2546 variisque
1508 2493 1574 2531 ac
1602 2475 1879 2548 gravissi-

241 2561 337 2616 mis
367 2561 659 2617 rationum
705 2564 1018 2619 momentis
1076 2564 1342 2621 funditus
1398 2563 1692 2620 evertitur.
1727 2566 1878 2632 Qua-

245 2655 459 2720 propter
489 2655 552 2703 ut
583 2656 740 2707 recto
769 2651 972 2707 ordine
1024 2653 1219 2707 omnia
1264 2658 1605 2718 tractentur,
1640 2654 1814 2710 ducto
1846 2671 1880 2709 a

245 2740 429 2810 primis
461 2739 691 2794 dicendi
727 2739 915 2808 initio,
951 2741 1022 2796 ad
1057 2740 1169 2796 alia
1200 2748 1400 2812 postea
1428 2742 1750 2798 veniemus.

300 2827 552 2882 Primum
570 2828 767 2900 itaque
783 2829 999 2884 nemini
1014 2847 1236 2903 ea,quaa
1251 2830 1875 2900 hactenusdictasunt,

248 2932 344 2972 non
375 2917 576 2990 iniquo
608 2935 853 2989 prorsus
887 2919 1084 2974 animo
1108 2919 1525 2985 consideranti,
1558 2921 1875 2978 obscurum

248 3021 354 3059 esse
386 3006 555 3061 debet
587 3012 900 3079 utramque
922 3007 1083 3062 illam
1115 3008 1425 3064 Cmcilianm
1458 3010 1876 3082 disputationis

247 3099 445 3164 partem
463 3096 586 3164 jam
608 3096 682 3152 iis
705 3097 1068 3169 argumentis
1087 3115 1328 3170 prorsus
1351 3099 1705 3156 infirmatam
1733 3102 1875 3157 frac-

247 3187 460 3254 tamque
488 3183 692 3252 fuisse,
728 3187 942 3256 quibus
973 3187 1282 3259 Minucius,
1318 3189 1399 3243 uti
1446 3189 1722 3256 vidimus,
1757 3207 1872 3245 non

248 3272 418 3338 plures
447 3273 606 3341 deos,
643 3276 743 3330 sed
781 3292 961 3331 unum
995 3276 1185 3332 solum
1221 3293 1370 3348 esse,
1404 3295 1657 3350 eumque
1688 3279 1873 3334 omni-

248 3362 335 3413 bis
363 3366 416 3415 et
445 3361 695 3433 singulis
727 3364 901 3418 rebus
943 3365 1139 3420 divina
1190 3383 1298 3421 sua
1344 3366 1704 3438 providentia
1734 3383 1868 3424 con-

245 3447 426 3519 sulere,
461 3451 844 3506 invictissime
873 3454 1317 3510 demonstravit.

299 3537 672 3600 Quamobrem
716 3547 1099 3613 posteaquam
1154 3549 1471 3614 utrumque
1527 3544 1668 3600 illud
1726 3562 1871 3602 veras

247 3624 512 3698 religionis
545 3629 993 3686 fundamentum
1019 3631 1460 3705 inexpugnabili
1485 3635 1874 3703 rationum,ex

249 3713 368 3783 ipsis
396 3721 456 3771 ut
485 3717 806 3790 plurimum
859 3719 1172 3793 gentilium
1225 3721 1707 3794 philosophorum
1741 3741 1872 3780 sen-

253 3805 418 3860 tentiis
452 3808 787 3879 petitarum,
849 3811 1288 3883 propugnaculo
1341 3811 1609 3880 munivit,
1642 3818 1766 3869 tum
1801 3816 1872 3871 ad

255 3893 470 3961 primam
491 3897 805 3954 Cecilianaa
856 3899 1326 3955 ratiocinationis
1351 3907 1574 3973 partem
1609 3903 1875 3960 refellen-

255 3979 365 4038 dam
393 3987 989 4058 aggreditur.Dixerat
1018 3994 1214 4045 autem
1250 3989 1514 4045 Caecilius
1543 3991 1878 4064 antiquissi-

257 4070 366 4137 mis,
395 4079 444 4129 et
474 4077 692 4132 mundo
725 4077 950 4147 coaevis,
985 4079 1280 4150 majorum
1313 4084 1670 4147 nostrorum,
1710 4082 1811 4154 qui
1843 4099 1876 4137 a

255 4164 426 4218 mundi
459 4166 772 4236 primordio
803 4168 944 4223 deos
991 4185 1132 4224 suos
1183 4167 1515 4238 coluerunt,
1549 4171 1877 4226 tri..'itioni-

251 4245 364 4320 bus,
393 4255 858 4312 constantissime
889 4257 1320 4314 inhaerendum.

311 4344 373 4393 At
399 4342 445 4396 id
478 4343 769 4399 Minucius
803 4351 1005 4401 noster
1034 4347 1354 4402 absurdum
1387 4351 1444 4402 et
1477 4354 1643 4406 rectm
1667 4350 1878 4407 rationi

252 4439 456 4493 prorsus
499 4433 864 4489 contrarium
916 4451 1046 4491 esse
1080 4435 1550 4493 luculentissime
1581 4440 1873 4495 ostendit:

255 4534 274 4557 α
306 4517 425 4573 Nam
455 4521 500 4575 si
535 4522 926 4593 providentia,
985 4524 1199 4596 inquit,
1232 4527 1496 4582 mundus
1546 4529 1789 4600 regitur,
1821 4533 1879 4585 et

253 4606 403 4660 unius
431 4609 524 4666 Dei
557 4614 705 4666 nutu
741 4614 1252 4684 gubernatur,non
1283 4632 1392 4671 nos
1424 4617 1595 4672 debet
1623 4618 1874 4688 anliqui-
1905 4600 1950 4664 Π

245 4694 332 4749 tas
353 4694 744 4770 imperitorum
781 4702 1012 4758 fabellis
1043 4704 1166 4760 suis
1226 4704 1533 4772 delectata,
1563 4706 1649 4761 vel
1683 4714 1854 4779 capta

243 4785 304 4836 ad
333 4799 566 4844 errorem
603 4791 798 4846 mutui
831 4808 1036 4864 rapere
1085 4809 1430 4860 consensus,
1453 4811 1588 4852 cum
1623 4775 1875 4869 philoso:

244 4870 466 4941 phorum
495 4896 741 4936 suorum
773 4881 1080 4938 sententiis
1111 4883 1433 4953 refellatur,
1455 4885 1672 4957 quibus
1701 4891 1754 4942 et
1784 4903 1874 4943 ra-

239 4959 390 5020 tionis
417 4971 470 5022 et
505 4969 812 5024 vetustatis
873 4971 1099 5026 assistit
1157 4973 1493 5028 auctoritas.
1539 4995 1568 5024 »
1619 4974 1865 5047 Duplici,

235 5050 308 5104 uti
339 5052 697 5118 vides,ariete
727 5058 1086 5112 venditatam
1111 5059 1184 5113 ab
1206 5058 1471 5114 Ethnicis
1494 5077 1614 5116 sua:
1645 5061 1870 5134 religio-

2011 570 2229 625 nostris
2255 570 2594 639 Scripturis,
2629 571 2730 624 sed
2767 587 2800 624 a
2829 586 2891 625 se
2923 569 3301 642 postmodum
3333 569 3664 641 depravatis

2008 675 2075 714 ac
2101 659 2415 730 corruptis,
2449 659 2738 714 hausisse.

2084 749 2296 804 Deinde
2321 765 2453 804 vero
2468 765 2498 819 q
2511 748 2847 804 uantumvis
2861 747 3102 820 antiqua
3123 752 3276 804 esset
3293 747 3656 804 ethnicorum

2006 839 2232 912 religio.
2266 840 2537 895 nuntium
2573 839 2955 895 nihilominus
2985 840 3037 895 ei
3069 856 3272 896 omnes
3305 841 3433 897 ideo
3465 840 3658 896 remit-

2003 933 2124 985 tere
2154 930 2464 996 debebant,
2501 929 2638 1002 quia
2668 935 2784 983 tota
2820 929 3068 992 fabellis,
3096 931 3419 986 mendaciis
3453 933 3657 986 absur-

2003 1018 2285 1084 dissimis,
2339 1019 2686 1074 monstrosis
2729 1017 3128 1089 opinionibus,
3163 1019 3656 1090 delirantiumque

2003 1107 2307 1162 hominum
2349 1107 2595 1161 somniis
2629 1113 2929 1178 compacta
2955 1109 3078 1161 fuit.
3117 1108 3341 1162 Etenim
3377 1111 3655 1179 quemad-

2001 1197 2243 1252 modum
2273 1196 2642 1260 Ambrosius,
2673 1196 2824 1250 idem
2858 1196 3194 1267 Symmachi
3243 1207 3655 1267 argumentum

1999 1285 2334 1351 refellendo,
2395 1285 2666 1356 praeclare
2717 1286 2924 1340 docet:
2985 1285 3302 1340 Erubescat
3357 1292 3654 1354 senectus,

1998 1390 2126 1446 quae
2155 1374 2468 1430 emendare
2498 1391 2561 1429 se
2592 1391 2706 1430 non
2739 1379 2947 1444 potest,
2983 1389 3099 1429 non
3157 1390 3448 1430 annorum
3498 1378 3657 1431 cani-

1995 1463 2106 1518 ties
2136 1467 2226 1518 est
2256 1464 2512 1530 laudata,
2548 1465 2646 1519 sed
2701 1481 2952 1532 morum,
2989 1462 3186 1518 nullus
3244 1464 3432 1535 pudor
3460 1469 3548 1520 est
3578 1467 3650 1520 ad

1997 1551 2237 1607 meliora
2273 1553 2524 1608 transire
2554 1555 2842 1623 (Ambros.
2870 1554 3040 1624 epist.
3079 1553 3164 1617 18,
3196 1556 3223 1621 §
3252 1554 3306 1621 7,
3335 1569 3466 1626 pag.
3499 1554 3650 1628 834).

1992 1640 2167 1696 Plura
2193 1657 2322 1696 eam
2354 1640 2410 1695 in
2445 1658 2564 1696 rem
2599 1640 2787 1711 legere
2826 1641 3040 1712 poteris
3086 1643 3240 1712 apud
3287 1641 3643 1700 Clementem

1990 1729 2469 1797 Alexandrinum,
2502 1731 2846 1798 Aruobium,
2879 1731 2950 1784 de
2981 1747 3096 1801 quo
3141 1747 3249 1786 nos
3277 1747 3383 1787 suo
3409 1731 3558 1803 loco,
3590 1738 3646 1788 et

1993 1818 2373 1874 Prudentium
2405 1817 2608 1886 (Clem.
2643 1818 2805 1874 Alex.
2839 1820 3051 1876 Cohort.
3085 1820 3161 1874 ad
3189 1829 3334 1888 gent.
3369 1837 3500 1892 pag.
3532 1822 3638 1889 57;

1990 1908 2206 1963 Arnob.
2239 1907 2342 1963 lih.
2377 1925 2417 1963 ιι
2447 1909 2572 1964 adv.
2607 1913 2762 1964 Gent.
2799 1924 2928 1981 pag.
2957 1908 3028 1964 90
3057 1919 3109 1965 et
3138 1925 3284 1982 seqq.
3309 1931 3330 1978 ;
3359 1909 3638 1967 Prudent.

1990 1995 2094 2052 lib.
2129 2014 2170 2052 ιι
2201 1999 2261 2052 in
2293 1996 2655 2069 Symmach.).

2061 2088 2132 2142 At
2174 2087 2601 2143 Tertullianum
2633 2087 3072 2158 pratermittere
3127 2104 3242 2144 non
3301 2104 3640 2160 possumus,

1991 2175 2090 2247 qui
2123 2174 2356 2247 longius
2388 2177 2578 2232 adhuc
2612 2193 2977 2249 progressus,
3010 2177 3275 2232 ethnicos
3319 2180 3460 2234 scite
3493 2179 3640 2234 acri-

1989 2269 2193 2336 terque
2222 2265 2353 2321 ideo
2386 2267 2650 2338 castigat,
2675 2267 2830 2339 quod
2864 2268 3155 2336 majorum
3187 2284 3431 2323 suorum
3465 2269 3646 2324 tradi-

1987 2353 2198 2420 tiones,
2232 2354 2463 2427 magnis
2515 2356 2668 2412 554
2717 2357 3048 2427 saepiusque
3106 2357 3366 2428 repetitis
3425 2356 3642 2412 clamo-

1989 2441 2153 2498 ribus
2179 2443 2453 2514 jactatas,
2487 2444 2834 2500 Christianis
2865 2445 2933 2499 ad
2989 2461 3267 2500 nauseam
3302 2462 3489 2516 usque
3538 2447 3637 2501 ob-

1979 2531 2252 2602 jicerent.
2282 2549 2427 2604 quas
2478 2533 2589 2605 ipsi
2641 2533 3103 2604 pessumdabant
3148 2540 3203 2589 et
3242 2535 3639 2605 aspernaban-

1987 2626 2120 2678 tur:
2159 2644 2186 2672 ιι
2214 2621 2319 2678 Ubi
2354 2623 2578 2695 religio,
2611 2623 2818 2694 inquit,
2854 2623 2952 2678 ubi
2996 2623 3288 2678 veneratio
3318 2624 3638 2694 majoribus

1988 2710 2484 2767 debitaavobis?
2541 2711 2776 2782 Habitu,
2832 2713 3007 2778 victu,
3065 2712 3378 2778 instructu,
3439 2729 3641 2778 censu,

1987 2799 2116 2870 ipso
2148 2801 2406 2872 denique
2436 2816 2726 2866 sermone,
2771 2799 2998 2872 proavis
3047 2801 3448 2856 renuntiastis.
3489 2803 3640 2856 Lau-

1987 2888 2140 2944 datis
2171 2903 2401 2959 semper
2431 2892 2726 2960 antiquos,
2758 2891 2861 2945 sed
2895 2907 3040 2945 nove
3075 2891 3144 2945 de
3175 2890 3266 2945 die
3299 2890 3356 2944 in
3389 2891 3542 2946 diem
3566 2891 3642 2945 vi-

1987 2978 2140 3044 vitis,
2173 2995 2274 3051 per
2305 2996 2453 3050 quos
2505 2978 2836 3034 ostenditur
2884 2979 3024 3033 dum
3070 2997 3103 3034 a
3149 2980 3317 3035 bonis
3351 2981 3639 3049 majorum

1984 3051 2279 3124 institutis
2327 3067 2636 3135 deceditis,
2666 3085 2734 3124 ea
2779 3083 2880 3123 vos
2930 3068 3178 3123 retinere
3227 3073 3284 3123 et
3345 3069 3641 3123 custodire

1984 3172 2112 3226 quis
2145 3174 2260 3212 non
2294 3157 2603 3222 debuistis,
2638 3173 2772 3212 cum
2807 3173 2931 3229 quae
2963 3157 3407 3224 debuistis,non
3441 3161 3640 3212 custoo

1905 3229 1948 3296 C
1987 3245 2178 3300 distis.
2209 3268 2238 3296 ››
2272 3247 2381 3303 Sed
2415 3247 2484 3302 de
2508 3247 2582 3302 iis
2613 3245 2781 3317 plura
2813 3263 2917 3302 nos
2949 3263 3054 3301 suo
3085 3245 3232 3314 loco,
3257 3247 3354 3300 ubi
3387 3245 3640 3328 deillius

1980 3334 2148 3391 libris
2178 3335 2536 3390 disseremus
2570 3334 2832 3406 (Tertull.
2866 3336 3085 3406 Apolog.
3140 3352 3266 3406 cap.
3312 3338 3367 3406 6,
3399 3352 3532 3407 pag.
3565 3339 3597 3388 7
3625 3354 3637 3401 ;

1980 3423 2208 3479 Dissert.
2242 3426 2303 3478 in
2338 3425 2664 3480 Tertullian.
2697 3440 2824 3495 cap.
2862 3425 2948 3489 18,
2984 3440 3115 3496 pag.
3149 3425 3259 3494 15).

2057 3513 2356 3568 Ridiculus
2387 3521 2580 3568 autem
2616 3513 2904 3585 planeque
2933 3513 3219 3567 absurdae
3253 3513 3433 3568 fuisse
3458 3511 3642 3583 genti-

1983 3602 2129 3659 lium
2149 3603 2427 3676 antiquas
2447 3603 3018 3674 opiniones,tumetsi
3041 3601 3257 3657 nemini
3274 3602 3637 3673 incognitum

1983 3709 2111 3748 esse
2143 3697 2392 3764 poterat,
2426 3692 2720 3748 Minucius
2775 3699 2988 3758 tamen,
3026 3697 3087 3746 ut
3118 3691 3394 3747 omnibus
3431 3708 3638 3746 cumu-

1984 3780 2098 3836 late
2126 3781 2508 3849 satisfaceret,
2542 3781 2812 3852 pluribus
2842 3780 2899 3836 id
2939 3782 3304 3836 demonstrat
3333 3781 3637 3852 exemplis.

1987 3869 2242 3926 Gentiles
2273 3870 2430 3926 enim
2458 3871 2791 3939 credebant,
2825 3871 3036 3943 inquit,
3069 3871 3348 3926 exsistere
3387 3870 3636 3942 Scyllam

1988 3958 2738 4032 multiplicem,cbima3ram
2771 3960 3214 4028 multiformem,
3243 3960 3492 4032 Hydram
3517 3957 3640 4012 vul-

1987 4049 2224 4104 neribus
2257 4057 2678 4118 renascentem,
2711 4054 2767 4104 et
2799 4049 3118 4105 Centauros
3167 4065 3348 4121 equos
3380 4046 3635 4101 homini-

1985 4139 2096 4195 bus
2125 4137 2430 4208 implexos.
2464 4137 2716 4210 Scyllam
2767 4155 2898 4195 vero
2927 4138 3208 4210 Virgilius
3247 4137 3338 4192 his
3369 4135 3634 4192 versibus

1985 4226 2293 4298 descripsit
2315 4244 2329 4284 :

2114 4345 2182 4392 At
2209 4341 2436 4405 Scyllam
2469 4343 2626 4392 cmcis
2656 4343 2868 4392 cohibet
2897 4343 3151 4404 spelunca
3179 4342 3411 4405 latebris.

2111 4406 2212 4454 Ora
2242 4404 2601 4456 exsertantem
2632 4410 2684 4454 et
2714 4420 2875 4454 naves
2905 4406 2957 4452 in
2989 4419 3116 4453 saxa
3145 4404 3464 4453 trahentem.

2111 4469 2284 4517 Prima
2313 4467 2542 4516 hominis
2571 4469 2749 4523 facies,
2778 4472 2830 4515 et
2859 4467 3082 4530 pulchro
3115 4472 3327 4529 pectore
3351 4468 3498 4524 virgo

2111 4531 2251 4579 Pube
2279 4535 2470 4590 tenus;
2507 4535 2772 4590 postrema
2803 4531 3021 4578 immani
3050 4544 3243 4592 corpor
3306 4531 3504 4590 Pistris,

2108 4593 2427 4656 Delphinum
2459 4593 2658 4641 caudas
2681 4604 2833 4642 mero
2863 4594 3149 4642 --ommissa
3178 4594 3444 4656 luporum.

2387 4671 2615 4734 (Virgil.,
2645 4671 2682 4721 ι.
2714 4685 2766 4720 ιιι
2796 4671 3022 4732 ίΕηείᾱη
3054 4687 3101 4722 υ.
3133 4675 3222 4723 42ι
3251 4676 3298 4723 et
3327 4676 3490 4739 seqq.)

1981 4794 2163 4852 Aliter
2191 4799 2410 4864 tamen,
2443 4797 2540 4851 sed
2571 4812 2684 4852 non
2720 4797 2915 4852 minus
2947 4803 3279 4869 portentosa
3311 4817 3632 4872 repraesen-

1979 4889 2140 4941 tatur
2178 4887 2248 4941 ab
2275 4889 2541 4954 Homero,
2575 4902 2751 4958 quem
2785 4887 2944 4942 adire
2971 4888 3206 4962 poteris,
3242 4891 3394 4945 sicut
3423 4897 3476 4945 ct
3498 4891 3629 4945 Ovi-

1980 4975 2167 5041 dium,
2200 4976 2548 5046 Ausonium,
2593 4975 2859 5032 Natalem
2908 4978 3195 5034 Comitem
3245 4984 3300 5033 et
3352 4978 3626 5034 Vossium

1976 5065 2257 5136 (Homer.,
2293 5065 2494 5138 Odyss.
2553 5065 2650 5122 lib.
2705 5084 2802 5135 xu,
2856 5084 2988 5139 pag.
3044 5070 3180 5134 172;
3234 5067 3419 5131 0vid.,
3462 5067 3626 5122 Meta-

236 5138 328 5208 nis,
359 5148 411 5198 et
441 5145 684 5200 deorum
715 5145 910 5202 cultus
960 5147 1370 5219 antiquitatem
1407 5148 1486 5202 ibi
1520 5151 1770 5220 percutit
1801 5168 1866 5207 ac
1973 5154 2245 5227 morphos.
2307 5155 2406 5211 lib.
2459 5173 2536 5220 ιν,
2596 5155 2714 5212 fab.
2779 5138 3121 5226 lgwAusonq
3180 5156 3318 5228 Idyl.
3384 5157 3450 5223 li;
3494 5156 3622 5212 Nat.

233 5230 508 5288 subvertit.
547 5234 738 5289 Primo
768 5236 924 5291 enim
967 5236 1455 5309 philosophorum
1502 5239 1860 5311 auctoritate,

234 5316 308 5372 cui
335 5322 608 5395 refragari
661 5341 830 5380 nemo
891 5325 1130 5398 gentilis
1160 5326 1334 5382 homo
1397 5331 1639 5398 poterat,
1674 5329 1859 5384 mani-

1972 5243 2156 5313 Com.,
2191 5244 2292 5300 lib.
2326 5261 2425 5300 vm
2480 5245 2797 5317 MyIIwIOg.,
2850 5261 2976 5316 cap.
3037 5246 3140 5308 12;
3201 5245 3391 5310 Voss,
3438 5244 3536 5300 lib.
3575 5263 3629 5299 ιν

1969 5333 2035 5389 de
2067 5335 2219 5402 Orig.
2252 5342 2304 5389 et
2344 5351 2529 5406 progr.
2584 5333 2720 5390 ἰιιοι.
2755 5350 2880 5404 cap.
2941 5334 3023 5392 17,
3063 5350 3193 5405 pag.
3225 5333 3356 5404 34)..
3385 5334 3626 5391 Chiime‘

232 5405 411 5494 festam
445 5412 583 5468 facit
613 5413 793 5485 hujus
841 5416 1146 5471 vetustatis
1206 5416 1541 5472 falsitatem.
1583 5418 1770 5489 Atque
1801 5417 1860 5474 in
1967 5440 2094 5479 ram
2127 5440 2261 5478 vero
2307 5405 2694 5494 depinxerunt
2749 5422 2902 5477 idem
2961 5422 3267 5486 Homerus,
3310 5423 3621 5492 Hesiodus,

229 5493 448 5569 hujusce
481 5503 826 5560 asset-tionis
855 5503 1355 5562 confirmationem
1405 5521 1472 5561 ea
1502 5521 1614 5560 non
1648 5522 1855 5577 parum
1969 5512 2299 5576 Lucretius,
2332 5493 2590 5576 0vidius,
2625 5511 2722 5582 qui
2760 5511 2863 5566 tibi
2895 5511 2944 5567 si
2969 5529 3082 5566 non
3115 5512 3434 5581 sufficiant,
3467 5516 3626 5572 adire

227 5590 460 5656 profecto
524 5591 834 5660 faciebant,
867 5610 996 5664 quae
1045 5595 1118 5649 ab
1181 5595 1330 5666 ipso,
1361 5600 1417 5650 et
1471 5611 1504 5650 a
1561 5593 1858 5654 Clemente
1964 5607 2247 5672 praeterea
2276 5602 2492 5672 poteris
2539 5597 2874 5672 Virgilium,
2925 5617 2990 5654 ac
3025 5599 3286 5656 Natalem
3341 5603 3626 5660 Comitem

225 5675 593 5736 Alexandrino
645 5683 850 5738 tradita
903 5683 1258 5755 probataque
1305 5684 1580 5754 vidimus,
1616 5685 1851 5742 eosdem

1965 5689 2243 5761 (flumen,
2306 5688 2465 5744 Iliad.
2526 5707 2600 5758 VI,
2660 5706 2790 5762 pag.
2849 5690 2990 5760 106;
3052 5689 3286 5749 Hesiod.
3357 5693 3620 5766 Theogon.
