  <div class='ocr_page' id='page_1' title='image "/cluster/home/n/w/nwhite01/storage/ocr_20150623/3/hvd.32044073549586/339.png"; bbox 0 0 3942 6162; ppageno 0'>
   <div class='ocr_carea' id='block_1_1' title="bbox 403 324 518 386">
    <p class='ocr_par' dir='ltr' id='par_1_1' title="bbox 403 324 518 386">
     <span class='ocr_line' id='line_1_1' title="bbox 403 324 518 386; baseline 0.009 -1"><span class='ocrx_word' id='word_1_1' title='bbox 403 324 518 386; x_wconf 78' lang='lat'>571</span> 
     </span>
    </p>
   </div>
   <div class='ocr_carea' id='block_1_2' title="bbox 1697 330 3725 398">
    <p class='ocr_par' dir='ltr' id='par_1_2' title="bbox 1697 330 3725 398">
     <span class='ocr_line' id='line_1_2' title="bbox 1697 330 3725 398; baseline 0.002 -6"><span class='ocrx_word' id='word_1_2' title='bbox 1697 331 1798 393; x_wconf 85' lang='lat' dir='ltr'>DE</span> <span class='ocrx_word' id='word_1_3' title='bbox 1843 330 2140 395; x_wconf 86' lang='lat' dir='ltr'>MlNUCIl</span> <span class='ocrx_word' id='word_1_4' title='bbox 2188 332 2525 396; x_wconf 78' lang='lat' dir='ltr'>OCTAVIO</span> <span class='ocrx_word' id='word_1_5' title='bbox 3628 338 3725 398; x_wconf 72' lang='lat'><strong>572</strong></span> 
     </span>
    </p>
   </div>
   <div class='ocr_carea' id='block_1_3' title="bbox 403 454 3728 540">
    <p class='ocr_par' dir='ltr' id='par_1_3' title="bbox 403 454 3728 540">
     <span class='ocr_line' id='line_1_3' title="bbox 403 454 3728 540; baseline 0.004 -26"><span class='ocrx_word' id='word_1_6' title='bbox 403 471 538 532; x_wconf 88' lang='lat' dir='ltr'>pag.</span> <span class='ocrx_word' id='word_1_7' title='bbox 568 454 709 528; x_wconf 70' lang='lat'>469;</span> <span class='ocrx_word' id='word_1_8' title='bbox 744 460 966 516; x_wconf 80' lang='lat' dir='ltr'>Lucret.</span> <span class='ocrx_word' id='word_1_9' title='bbox 999 459 1100 518; x_wconf 99' lang='lat' dir='ltr'>lib.</span> <span class='ocrx_word' id='word_1_10' title='bbox 1153 477 1207 529; x_wconf 82' lang='grc' dir='ltr'>ν,</span> <span class='ocrx_word' id='word_1_11' title='bbox 1262 479 1394 536; x_wconf 87' lang='lat' dir='ltr'>pag.</span> <span class='ocrx_word' id='word_1_12' title='bbox 1452 465 1558 531; x_wconf 84' lang='lat'><strong>57;</strong></span> <span class='ocrx_word' id='word_1_13' title='bbox 1619 463 1780 521; x_wconf 88' lang='lat' dir='ltr'>Ovid.</span> <span class='ocrx_word' id='word_1_14' title='bbox 1830 462 1934 522; x_wconf 91' lang='lat' dir='ltr'>lib.</span> <span class='ocrx_word' id='word_1_15' title='bbox 1997 482 2050 523; x_wconf 82' lang='lat' dir='ltr'>Ix</span> <span class='ocrx_word' id='word_1_16' title='bbox 2079 465 2135 534; x_wconf 83' lang='grc' dir='ltr'><strong>Α</strong></span> <span class='ocrx_word' id='word_1_17' title='bbox 2163 467 2316 540; x_wconf 89' lang='lat' dir='ltr'>quod</span> <span class='ocrx_word' id='word_1_18' title='bbox 2354 465 2746 540; x_wconf 69' lang='lat' dir='ltr'>Palephatum</span> <span class='ocrx_word' id='word_1_19' title='bbox 2775 461 2835 521; x_wconf 89' lang='lat' dir='ltr'>in</span> <span class='ocrx_word' id='word_1_20' title='bbox 2867 458 3159 536; x_wconf 89' lang='lat' dir='ltr'>opinionis</span> <span class='ocrx_word' id='word_1_21' title='bbox 3200 460 3367 536; x_wconf 82' lang='lat' dir='ltr'>hujus</span> <span class='ocrx_word' id='word_1_22' title='bbox 3394 464 3728 526; x_wconf 74' lang='lat' dir='ltr'>conﬁrmatio-</span> 
     </span>
    </p>
   </div>
   <div class='ocr_carea' id='block_1_4' title="bbox 401 547 2046 624">
    <p class='ocr_par' dir='ltr' id='par_1_4' title="bbox 401 547 2046 624">
     <span class='ocr_line' id='line_1_4' title="bbox 401 547 2046 624; baseline 0.005 -22"><span class='ocrx_word' id='word_1_23' title='bbox 401 547 782 620; x_wconf 73' lang='lat' dir='ltr'>Metamorpli.,</span> <span class='ocrx_word' id='word_1_24' title='bbox 815 552 844 617; x_wconf 89' lang='lat'>§</span> <span class='ocrx_word' id='word_1_25' title='bbox 875 551 970 614; x_wconf 88' lang='lat'>11;</span> <span class='ocrx_word' id='word_1_26' title='bbox 1005 550 1186 623; x_wconf 63' lang='lat' dir='ltr'>Virg,</span> <span class='ocrx_word' id='word_1_27' title='bbox 1222 549 1322 609; x_wconf 82' lang='lat' dir='ltr'>lib.</span> <span class='ocrx_word' id='word_1_28' title='bbox 1359 571 1412 608; x_wconf 77' lang='grc' dir='ltr'>ιν</span> <span class='ocrx_word' id='word_1_29' title='bbox 1451 555 1690 621; x_wconf 42' lang='lat' dir='ltr'>dinem”</span> <span class='ocrx_word' id='word_1_30' title='bbox 1717 556 1824 624; x_wconf 79' lang='lat'>28;</span> <span class='ocrx_word' id='word_1_31' title='bbox 1861 555 2046 612; x_wconf 87' lang='lat' dir='ltr'>Natal.</span> 
     </span>
    </p>
   </div>
   <div class='ocr_carea' id='block_1_5' title="bbox 404 637 1300 712">
    <p class='ocr_par' dir='ltr' id='par_1_5' title="bbox 404 637 1300 712">
     <span class='ocr_line' id='line_1_5' title="bbox 404 637 1300 712; baseline 0.003 -20"><span class='ocrx_word' id='word_1_32' title='bbox 404 639 587 703; x_wconf 89' lang='lat' dir='ltr'>Com.,</span> <span class='ocrx_word' id='word_1_33' title='bbox 618 637 721 694; x_wconf 89' lang='lat' dir='ltr'>lib.</span> <span class='ocrx_word' id='word_1_34' title='bbox 753 655 807 693; x_wconf 85' lang='grc' dir='ltr'>ιν</span> <span class='ocrx_word' id='word_1_35' title='bbox 837 640 1033 710; x_wconf 52' lang='lat' dir='ltr'>Myth,</span> <span class='ocrx_word' id='word_1_36' title='bbox 1067 656 1192 712; x_wconf 87' lang='lat' dir='ltr'>cap.</span> <span class='ocrx_word' id='word_1_37' title='bbox 1228 642 1300 703; x_wconf 82' lang='grc'>4).</span> 
     </span>
    </p>
   </div>
   <div class='ocr_carea' id='block_1_6' title="bbox 473 725 2047 804">
    <p class='ocr_par' dir='ltr' id='par_1_6' title="bbox 473 725 2047 804">
     <span class='ocr_line' id='line_1_6' title="bbox 473 725 2047 804; baseline 0.007 -26"><span class='ocrx_word' id='word_1_38' title='bbox 473 725 658 781; x_wconf 69' lang='lat' dir='ltr'>Variis</span> <span class='ocrx_word' id='word_1_39' title='bbox 701 731 893 782; x_wconf 88' lang='lat' dir='ltr'>autem</span> <span class='ocrx_word' id='word_1_40' title='bbox 952 728 1186 783; x_wconf 87' lang='lat' dir='ltr'>fuerunt</span> <span class='ocrx_word' id='word_1_41' title='bbox 1244 731 1312 785; x_wconf 87' lang='lat' dir='ltr'>de</span> <span class='ocrx_word' id='word_1_42' title='bbox 1365 732 1669 789; x_wconf 81' lang='lat' dir='ltr'>Centauris</span> <span class='ocrx_word' id='word_1_43' title='bbox 1725 733 2047 804; x_wconf 81' lang='lat' dir='ltr'>opiniones,</span> 
     </span>
    </p>
   </div>
   <div class='ocr_carea' id='block_1_7' title="bbox 405 817 2048 889">
    <p class='ocr_par' dir='ltr' id='par_1_7' title="bbox 405 817 2048 889">
     <span class='ocr_line' id='line_1_7' title="bbox 405 817 2048 889; baseline 0.004 -18"><span class='ocrx_word' id='word_1_44' title='bbox 405 833 552 889; x_wconf 88' lang='lat' dir='ltr'>quas</span> <span class='ocrx_word' id='word_1_45' title='bbox 584 817 676 873; x_wconf 91' lang='lat' dir='ltr'>his</span> <span class='ocrx_word' id='word_1_46' title='bbox 702 819 894 874; x_wconf 81' lang='lat' dir='ltr'>verbis</span> <span class='ocrx_word' id='word_1_47' title='bbox 943 821 1117 874; x_wconf 83' lang='lat' dir='ltr'>refert</span> <span class='ocrx_word' id='word_1_48' title='bbox 1175 821 1453 878; x_wconf 83' lang='lat' dir='ltr'>Diodorus</span> <span class='ocrx_word' id='word_1_49' title='bbox 1513 823 1784 880; x_wconf 89' lang='lat' dir='ltr'>Siculus:</span> <span class='ocrx_word' id='word_1_50' title='bbox 1821 846 1849 874; x_wconf 89' lang='lat'><strong>«</strong></span> <span class='ocrx_word' id='word_1_51' title='bbox 1892 825 2048 878; x_wconf 87' lang='lat' dir='ltr'>Ixion</span> 
     </span>
    </p>
   </div>
   <div class='ocr_carea' id='block_1_8' title="bbox 403 905 2054 985">
    <p class='ocr_par' dir='ltr' id='par_1_8' title="bbox 403 905 2054 985">
     <span class='ocr_line' id='line_1_8' title="bbox 403 905 2054 985; baseline 0.004 -26"><span class='ocrx_word' id='word_1_52' title='bbox 403 905 656 961; x_wconf 85' lang='lat' dir='ltr'>Junonis</span> <span class='ocrx_word' id='word_1_53' title='bbox 688 924 884 962; x_wconf 89' lang='lat' dir='ltr'>amore</span> <span class='ocrx_word' id='word_1_54' title='bbox 915 908 1210 977; x_wconf 90' lang='lat' dir='ltr'>incensus,</span> <span class='ocrx_word' id='word_1_55' title='bbox 1245 911 1315 965; x_wconf 92' lang='lat' dir='ltr'>de</span> <span class='ocrx_word' id='word_1_56' title='bbox 1346 916 1549 983; x_wconf 84' lang='lat' dir='ltr'>stupro</span> <span class='ocrx_word' id='word_1_57' title='bbox 1606 913 1775 968; x_wconf 91' lang='lat' dir='ltr'>deam</span> <span class='ocrx_word' id='word_1_58' title='bbox 1805 911 2054 985; x_wconf 89' lang='lat' dir='ltr'>compel-</span> 
     </span>
    </p>
   </div>
   <div class='ocr_carea' id='block_1_9' title="bbox 402 993 2052 1071">
    <p class='ocr_par' dir='ltr' id='par_1_9' title="bbox 402 993 2052 1071">
     <span class='ocr_line' id='line_1_9' title="bbox 402 993 2052 1071; baseline 0.003 -22"><span class='ocrx_word' id='word_1_59' title='bbox 402 993 524 1049; x_wconf 91' lang='lat' dir='ltr'>lare</span> <span class='ocrx_word' id='word_1_60' title='bbox 546 1011 661 1050; x_wconf 89' lang='lat' dir='ltr'>non</span> <span class='ocrx_word' id='word_1_61' title='bbox 683 995 1222 1069; x_wconf 82' lang='lat' dir='ltr'>dubitavit.Jupiter</span> <span class='ocrx_word' id='word_1_62' title='bbox 1242 998 1352 1071; x_wconf 86' lang='grc' dir='ltr'>(τὸν</span> <span class='ocrx_word' id='word_1_63' title='bbox 1381 998 1474 1070; x_wconf 78' lang='grc' dir='ltr'>μὶν</span> <span class='ocrx_word' id='word_1_64' title='bbox 1508 998 1605 1053; x_wconf 80' lang='grc' dir='ltr'>Δία</span> <span class='ocrx_word' id='word_1_65' title='bbox 1633 996 1860 1055; x_wconf 77' lang='grc' dir='ltr'>εἷ’δωλον</span> <span class='ocrx_word' id='word_1_66' title='bbox 1891 999 2052 1069; x_wconf 83' lang='grc' dir='ltr'>ποιή-</span> 
     </span>
    </p>
   </div>
   <div class='ocr_carea' id='block_1_10' title="bbox 403 1083 2054 1160">
    <p class='ocr_par' dir='ltr' id='par_1_10' title="bbox 403 1083 2054 1160">
     <span class='ocr_line' id='line_1_10' title="bbox 403 1083 2054 1160; baseline 0.005 -24"><span class='ocrx_word' id='word_1_67' title='bbox 403 1102 567 1137; x_wconf 82' lang='grc' dir='ltr'>σαντα</span> <span class='ocrx_word' id='word_1_68' title='bbox 632 1089 734 1152; x_wconf 81' lang='grc' dir='ltr'>τῆς</span> <span class='ocrx_word' id='word_1_69' title='bbox 807 1086 980 1157; x_wconf 73' lang='grc' dir='ltr'>’Ἡραις</span> <span class='ocrx_word' id='word_1_70' title='bbox 1053 1083 1284 1160; x_wconf 73' lang='grc' dir='ltr'>νεφέλην</span> <span class='ocrx_word' id='word_1_71' title='bbox 1361 1086 1736 1157; x_wconf 79' lang='grc' dir='ltr'>ἐξαπὸστεῖλαι</span> <span class='ocrx_word' id='word_1_72' title='bbox 1768 1107 1780 1122; x_wconf 87' lang='grc'><strong>·</strong></span> <span class='ocrx_word' id='word_1_73' title='bbox 1841 1089 1932 1143; x_wconf 88' lang='grc' dir='ltr'>τὸν</span> <span class='ocrx_word' id='word_1_74' title='bbox 1994 1086 2054 1143; x_wconf 67' lang='grc' dir='ltr'>δὲ</span> 
     </span>
    </p>
   </div>
   <div class='ocr_carea' id='block_1_11' title="bbox 405 1170 2053 1250">
    <p class='ocr_par' dir='ltr' id='par_1_11' title="bbox 405 1170 2053 1250">
     <span class='ocr_line' id='line_1_11' title="bbox 405 1170 2053 1250; baseline 0.002 -23"><span class='ocrx_word' id='word_1_75' title='bbox 405 1170 596 1242; x_wconf 74' lang='grc' dir='ltr'>Ἰξίονα</span> <span class='ocrx_word' id='word_1_76' title='bbox 639 1172 711 1244; x_wconf 80' lang='grc' dir='ltr'>τῇ</span> <span class='ocrx_word' id='word_1_77' title='bbox 758 1171 952 1249; x_wconf 74' lang='grc' dir='ltr'>νεφέλῃ</span> <span class='ocrx_word' id='word_1_78' title='bbox 1012 1173 1234 1248; x_wconf 71' lang='grc' dir='ltr'><strong>μιγέντα</strong></span> <span class='ocrx_word' id='word_1_79' title='bbox 1289 1183 1541 1250; x_wconf 75' lang='grc' dir='ltr'>γεννῆσαι</span> <span class='ocrx_word' id='word_1_80' title='bbox 1596 1177 1722 1238; x_wconf 82' lang='grc' dir='ltr'>τοὺς</span> <span class='ocrx_word' id='word_1_81' title='bbox 1782 1177 2053 1250; x_wconf 79' lang='grc' dir='ltr'>ὀνομαζο-</span> 
     </span>
    </p>
   </div>
   <div class='ocr_carea' id='block_1_12' title="bbox 407 1259 2052 1342">
    <p class='ocr_par' dir='ltr' id='par_1_12' title="bbox 407 1259 2052 1342">
     <span class='ocr_line' id='line_1_12' title="bbox 407 1259 2052 1342; baseline 0.005 -29"><span class='ocrx_word' id='word_1_82' title='bbox 407 1259 600 1332; x_wconf 77' lang='grc' dir='ltr'>μένους</span> <span class='ocrx_word' id='word_1_83' title='bbox 657 1261 983 1338; x_wconf 79' lang='grc' dir='ltr'>Κενταύρους</span> <span class='ocrx_word' id='word_1_84' title='bbox 1041 1263 1469 1342; x_wconf 75' lang='grc' dir='ltr'>ἀνθρωποφυεῖς)</span> <span class='ocrx_word' id='word_1_85' title='bbox 1517 1267 1692 1324; x_wconf 90' lang='lat' dir='ltr'>nubis</span> <span class='ocrx_word' id='word_1_86' title='bbox 1757 1273 2052 1339; x_wconf 89' lang='lat' dir='ltr'>spectrum</span> 
     </span>
    </p>
   </div>
   <div class='ocr_carea' id='block_1_13' title="bbox 402 1351 2056 1427">
    <p class='ocr_par' dir='ltr' id='par_1_13' title="bbox 402 1351 2056 1427">
     <span class='ocr_line' id='line_1_13' title="bbox 402 1351 2056 1427; baseline 0.003 -20"><span class='ocrx_word' id='word_1_87' title='bbox 402 1351 652 1407; x_wconf 88' lang='lat' dir='ltr'>Junonis</span> <span class='ocrx_word' id='word_1_88' title='bbox 681 1351 804 1407; x_wconf 93' lang='lat' dir='ltr'>loco</span> <span class='ocrx_word' id='word_1_89' title='bbox 848 1351 898 1407; x_wconf 90' lang='lat' dir='ltr'>ei</span> <span class='ocrx_word' id='word_1_90' title='bbox 949 1354 1216 1424; x_wconf 82' lang='lat' dir='ltr'>subjecit,</span> <span class='ocrx_word' id='word_1_91' title='bbox 1249 1371 1363 1427; x_wconf 92' lang='lat' dir='ltr'>quo</span> <span class='ocrx_word' id='word_1_92' title='bbox 1415 1357 1561 1412; x_wconf 89' lang='lat' dir='ltr'>inito</span> <span class='ocrx_word' id='word_1_93' title='bbox 1617 1360 1932 1414; x_wconf 82' lang='lat' dir='ltr'>Centauros</span> <span class='ocrx_word' id='word_1_94' title='bbox 1987 1373 2056 1412; x_wconf 81' lang='lat' dir='ltr'>ex</span> 
     </span>
    </p>
   </div>
   <div class='ocr_carea' id='block_1_14' title="bbox 407 1439 2054 1517">
    <p class='ocr_par' dir='ltr' id='par_1_14' title="bbox 407 1439 2054 1517">
     <span class='ocr_line' id='line_1_14' title="bbox 407 1439 2054 1517; baseline 0.003 -23"><span class='ocrx_word' id='word_1_95' title='bbox 407 1445 569 1512; x_wconf 90' lang='lat' dir='ltr'>parte</span> <span class='ocrx_word' id='word_1_96' title='bbox 601 1439 868 1496; x_wconf 85' lang='lat' dir='ltr'>homines</span> <span class='ocrx_word' id='word_1_97' title='bbox 917 1443 1303 1512; x_wconf 81' lang='lat' dir='ltr'>procreavit...</span> <span class='ocrx_word' id='word_1_98' title='bbox 1355 1444 1463 1499; x_wconf 88' lang='lat' dir='ltr'>Alii</span> <span class='ocrx_word' id='word_1_99' title='bbox 1513 1444 1831 1501; x_wconf 80' lang='lat' dir='ltr'>Centauros</span> <span class='ocrx_word' id='word_1_100' title='bbox 1864 1445 2054 1517; x_wconf 92' lang='lat' dir='ltr'>perhi-</span> 
     </span>
    </p>
   </div>
   <div class='ocr_carea' id='block_1_15' title="bbox 405 1528 2058 1606">
    <p class='ocr_par' dir='ltr' id='par_1_15' title="bbox 405 1528 2058 1606">
     <span class='ocr_line' id='line_1_15' title="bbox 405 1528 2058 1606; baseline 0.004 -24"><span class='ocrx_word' id='word_1_101' title='bbox 405 1528 547 1582; x_wconf 87' lang='lat' dir='ltr'>bent</span> <span class='ocrx_word' id='word_1_102' title='bbox 601 1529 658 1583; x_wconf 89' lang='lat' dir='ltr'>in</span> <span class='ocrx_word' id='word_1_103' title='bbox 719 1528 867 1584; x_wconf 87' lang='lat' dir='ltr'>Pelio</span> <span class='ocrx_word' id='word_1_104' title='bbox 925 1547 958 1585; x_wconf 93' lang='lat' dir='ltr'>a</span> <span class='ocrx_word' id='word_1_105' title='bbox 1004 1533 1289 1604; x_wconf 87' lang='lat' dir='ltr'>Nymphis</span> <span class='ocrx_word' id='word_1_106' title='bbox 1336 1535 1636 1601; x_wconf 84' lang='lat' dir='ltr'>educatos,</span> <span class='ocrx_word' id='word_1_107' title='bbox 1670 1534 1872 1589; x_wconf 90' lang='lat' dir='ltr'>adulta</span> <span class='ocrx_word' id='word_1_108' title='bbox 1924 1536 2058 1606; x_wconf 90' lang='lat' dir='ltr'>post</span> 
     </span>
    </p>
   </div>
   <div class='ocr_carea' id='block_1_16' title="bbox 405 1620 2058 1695">
    <p class='ocr_par' dir='ltr' id='par_1_16' title="bbox 405 1620 2058 1695">
     <span class='ocr_line' id='line_1_16' title="bbox 405 1620 2058 1695; baseline 0.004 -25"><span class='ocrx_word' id='word_1_109' title='bbox 405 1621 572 1672; x_wconf 76' lang='lat' dir='ltr'>astate</span> <span class='ocrx_word' id='word_1_110' title='bbox 600 1634 667 1672; x_wconf 85' lang='lat' dir='ltr'>ex</span> <span class='ocrx_word' id='word_1_111' title='bbox 697 1634 980 1688; x_wconf 89' lang='lat' dir='ltr'>equarum</span> <span class='ocrx_word' id='word_1_112' title='bbox 1004 1620 1276 1677; x_wconf 87' lang='lat' dir='ltr'>inscensu</span> <span class='ocrx_word' id='word_1_113' title='bbox 1299 1621 1546 1678; x_wconf 86' lang='lat' dir='ltr'>biforme</span> <span class='ocrx_word' id='word_1_114' title='bbox 1567 1622 2058 1695; x_wconf 82' lang='lat' dir='ltr'>Hippocentauru-</span> 
     </span>
    </p>
   </div>
   <div class='ocr_carea' id='block_1_17' title="bbox 407 1710 2056 1782">
    <p class='ocr_par' dir='ltr' id='par_1_17' title="bbox 407 1710 2056 1782">
     <span class='ocr_line' id='line_1_17' title="bbox 407 1710 2056 1782; baseline 0.004 -21"><span class='ocrx_word' id='word_1_115' title='bbox 407 1722 562 1771; x_wconf 89' lang='lat' dir='ltr'>rum,</span> <span class='ocrx_word' id='word_1_116' title='bbox 597 1710 663 1760; x_wconf 92' lang='lat' dir='ltr'>ut</span> <span class='ocrx_word' id='word_1_117' title='bbox 712 1713 937 1777; x_wconf 89' lang='lat' dir='ltr'>vocant,</span> <span class='ocrx_word' id='word_1_118' title='bbox 971 1725 1158 1780; x_wconf 89' lang='lat' dir='ltr'>genus</span> <span class='ocrx_word' id='word_1_119' title='bbox 1208 1711 1658 1782; x_wconf 89' lang='lat' dir='ltr'>proseminasse.</span> <span class='ocrx_word' id='word_1_120' title='bbox 1691 1712 1940 1778; x_wconf 88' lang='lat' dir='ltr'>Quidam</span> <span class='ocrx_word' id='word_1_121' title='bbox 1973 1711 2056 1768; x_wconf 87' lang='lat' dir='ltr'>af-</span> 
     </span>
    </p>
   </div>
   <div class='ocr_carea' id='block_1_18' title="bbox 409 1795 2138 1899">
    <p class='ocr_par' dir='ltr' id='par_1_18' title="bbox 409 1795 2138 1899">
     <span class='ocr_line' id='line_1_18' title="bbox 409 1795 2138 1899; baseline 0.005 -51"><span class='ocrx_word' id='word_1_122' title='bbox 409 1795 649 1899; x_wconf 74' lang='lat' dir='ltr'>ﬁrmant</span> <span class='ocrx_word' id='word_1_123' title='bbox 678 1795 931 1867; x_wconf 81' lang='lat' dir='ltr'>Nephele</span> <span class='ocrx_word' id='word_1_124' title='bbox 981 1803 1037 1854; x_wconf 89' lang='lat' dir='ltr'>et</span> <span class='ocrx_word' id='word_1_125' title='bbox 1094 1798 1288 1855; x_wconf 85' lang='lat' dir='ltr'>Ixione</span> <span class='ocrx_word' id='word_1_126' title='bbox 1346 1807 1659 1874; x_wconf 81' lang='lat' dir='ltr'>prognatos</span> <span class='ocrx_word' id='word_1_127' title='bbox 1719 1806 2054 1870; x_wconf 85' lang='lat' dir='ltr'>Centauros,</span> <span class='ocrx_word' id='word_1_128' title='bbox 2092 1836 2138 1899; x_wconf 81' lang='grc' dir='ltr'>Β</span> 
     </span>
    </p>
   </div>
   <div class='ocr_carea' id='block_1_19' title="bbox 409 1883 2058 1962">
    <p class='ocr_par' dir='ltr' id='par_1_19' title="bbox 409 1883 2058 1962">
     <span class='ocr_line' id='line_1_19' title="bbox 409 1883 2058 1962; baseline 0.004 -25"><span class='ocrx_word' id='word_1_129' title='bbox 409 1883 566 1955; x_wconf 91' lang='lat' dir='ltr'>quod</span> <span class='ocrx_word' id='word_1_130' title='bbox 599 1885 890 1956; x_wconf 90' lang='lat' dir='ltr'>principes</span> <span class='ocrx_word' id='word_1_131' title='bbox 909 1887 1208 1958; x_wconf 84' lang='lat' dir='ltr'>equitandi</span> <span class='ocrx_word' id='word_1_132' title='bbox 1231 1890 1493 1945; x_wconf 90' lang='lat' dir='ltr'>studium</span> <span class='ocrx_word' id='word_1_133' title='bbox 1529 1890 1788 1962; x_wconf 85' lang='lat' dir='ltr'>aggressi</span> <span class='ocrx_word' id='word_1_134' title='bbox 1820 1890 2058 1956; x_wconf 83' lang='lat' dir='ltr'>fuerint,</span> 
     </span>
    </p>
   </div>
   <div class='ocr_carea' id='block_1_20' title="bbox 409 1971 2060 2046">
    <p class='ocr_par' dir='ltr' id='par_1_20' title="bbox 409 1971 2060 2046">
     <span class='ocr_line' id='line_1_20' title="bbox 409 1971 2060 2046; baseline 0.005 -21"><span class='ocrx_word' id='word_1_135' title='bbox 409 1971 546 2026; x_wconf 87' lang='lat' dir='ltr'>inde</span> <span class='ocrx_word' id='word_1_136' title='bbox 577 1989 788 2028; x_wconf 90' lang='lat' dir='ltr'>nomen</span> <span class='ocrx_word' id='word_1_137' title='bbox 849 1973 1442 2046; x_wconf 88' lang='lat' dir='ltr'>hippocentaurorum</span> <span class='ocrx_word' id='word_1_138' title='bbox 1495 1979 1784 2045; x_wconf 89' lang='lat' dir='ltr'>retulisse,</span> <span class='ocrx_word' id='word_1_139' title='bbox 1819 1985 1877 2034; x_wconf 90' lang='lat' dir='ltr'>et</span> <span class='ocrx_word' id='word_1_140' title='bbox 1923 1980 2060 2034; x_wconf 90' lang='lat' dir='ltr'>inde</span> 
     </span>
    </p>
   </div>
   <div class='ocr_carea' id='block_1_21' title="bbox 410 2060 2057 2135">
    <p class='ocr_par' dir='ltr' id='par_1_21' title="bbox 410 2060 2057 2135">
     <span class='ocr_line' id='line_1_21' title="bbox 410 2060 2057 2135; baseline 0.006 -20"><span class='ocrx_word' id='word_1_141' title='bbox 410 2060 758 2131; x_wconf 82' lang='lat' dir='ltr'>figmentum</span> <span class='ocrx_word' id='word_1_142' title='bbox 790 2063 862 2118; x_wconf 90' lang='lat' dir='ltr'>de</span> <span class='ocrx_word' id='word_1_143' title='bbox 892 2063 1107 2135; x_wconf 87' lang='lat' dir='ltr'>duplici</span> <span class='ocrx_word' id='word_1_144' title='bbox 1143 2071 1353 2120; x_wconf 86' lang='lat' dir='ltr'>natura</span> <span class='ocrx_word' id='word_1_145' title='bbox 1384 2067 1441 2122; x_wconf 92' lang='lat' dir='ltr'>in</span> <span class='ocrx_word' id='word_1_146' title='bbox 1474 2067 1734 2123; x_wconf 89' lang='lat' dir='ltr'>fabulam</span> <span class='ocrx_word' id='word_1_147' title='bbox 1782 2068 1998 2124; x_wconf 86' lang='lat' dir='ltr'>abiisse</span> <span class='ocrx_word' id='word_1_148' title='bbox 2029 2089 2057 2118; x_wconf 85' lang='grc'><strong>››</strong></span> 
     </span>
    </p>
   </div>
   <div class='ocr_carea' id='block_1_22' title="bbox 411 2149 2057 2228">
    <p class='ocr_par' dir='ltr' id='par_1_22' title="bbox 411 2149 2057 2228">
     <span class='ocr_line' id='line_1_22' title="bbox 411 2149 2057 2228; baseline 0.005 -25"><span class='ocrx_word' id='word_1_149' title='bbox 411 2149 668 2220; x_wconf 92' lang='lat' dir='ltr'>(Diodor.</span> <span class='ocrx_word' id='word_1_150' title='bbox 701 2150 902 2221; x_wconf 89' lang='lat' dir='ltr'>Sicul.,</span> <span class='ocrx_word' id='word_1_151' title='bbox 949 2151 1044 2207; x_wconf 91' lang='lat' dir='ltr'>liv.</span> <span class='ocrx_word' id='word_1_152' title='bbox 1093 2171 1148 2207; x_wconf 84' lang='lat' dir='ltr'>1v</span> <span class='ocrx_word' id='word_1_153' title='bbox 1193 2155 1474 2220; x_wconf 81' lang='lat' dir='ltr'>Biblioth.,</span> <span class='ocrx_word' id='word_1_154' title='bbox 1528 2172 1659 2228; x_wconf 91' lang='lat' dir='ltr'>pag.</span> <span class='ocrx_word' id='word_1_155' title='bbox 1720 2158 1842 2212; x_wconf 90' lang='lat'>189.</span> <span class='ocrx_word' id='word_1_156' title='bbox 1877 2157 2057 2226; x_wconf 87' lang='lat' dir='ltr'>Idem,</span> 
     </span>
    </p>
   </div>
   <div class='ocr_carea' id='block_1_23' title="bbox 411 2237 2060 2316">
    <p class='ocr_par' dir='ltr' id='par_1_23' title="bbox 411 2237 2060 2316">
     <span class='ocr_line' id='line_1_23' title="bbox 411 2237 2060 2316; baseline 0.007 -26"><span class='ocrx_word' id='word_1_157' title='bbox 411 2252 544 2309; x_wconf 85' lang='lat' dir='ltr'>pag.</span> <span class='ocrx_word' id='word_1_158' title='bbox 572 2237 714 2306; x_wconf 83' lang='lat'>153).</span> <span class='ocrx_word' id='word_1_159' title='bbox 752 2240 916 2295; x_wconf 87' lang='lat' dir='ltr'>Prius</span> <span class='ocrx_word' id='word_1_160' title='bbox 946 2256 1081 2297; x_wconf 89' lang='lat' dir='ltr'>vero</span> <span class='ocrx_word' id='word_1_161' title='bbox 1127 2249 1462 2299; x_wconf 84' lang='lat' dir='ltr'>narraverat</span> <span class='ocrx_word' id='word_1_162' title='bbox 1508 2247 1800 2316; x_wconf 91' lang='lat' dir='ltr'>quomodo</span> <span class='ocrx_word' id='word_1_163' title='bbox 1841 2245 2060 2301; x_wconf 87' lang='lat' dir='ltr'>Hercu-</span> 
     </span>
    </p>
   </div>
   <div class='ocr_carea' id='block_1_24' title="bbox 406 2323 2062 2403">
    <p class='ocr_par' dir='ltr' id='par_1_24' title="bbox 406 2323 2062 2403">
     <span class='ocr_line' id='line_1_24' title="bbox 406 2323 2062 2403; baseline 0.007 -25"><span class='ocrx_word' id='word_1_164' title='bbox 406 2323 494 2380; x_wconf 87' lang='lat' dir='ltr'>les</span> <span class='ocrx_word' id='word_1_165' title='bbox 525 2326 762 2382; x_wconf 84' lang='lat' dir='ltr'>eosdem</span> <span class='ocrx_word' id='word_1_166' title='bbox 792 2329 1108 2386; x_wconf 83' lang='lat' dir='ltr'>Centauros</span> <span class='ocrx_word' id='word_1_167' title='bbox 1137 2337 1343 2403; x_wconf 90' lang='lat' dir='ltr'>quarto</span> <span class='ocrx_word' id='word_1_168' title='bbox 1391 2335 1706 2389; x_wconf 85' lang='lat' dir='ltr'>certamine</span> <span class='ocrx_word' id='word_1_169' title='bbox 1735 2333 2062 2390; x_wconf 89' lang='lat' dir='ltr'>debellasse</span> 
     </span>
    </p>
   </div>
   <div class='ocr_carea' id='block_1_25' title="bbox 412 2414 2062 2492">
    <p class='ocr_par' dir='ltr' id='par_1_25' title="bbox 412 2414 2062 2492">
     <span class='ocr_line' id='line_1_25' title="bbox 412 2414 2062 2492; baseline 0.006 -25"><span class='ocrx_word' id='word_1_170' title='bbox 412 2414 807 2484; x_wconf 86' lang='lat' dir='ltr'>perhibeatur.</span> <span class='ocrx_word' id='word_1_171' title='bbox 842 2416 1098 2474; x_wconf 86' lang='lat' dir='ltr'>Primam</span> <span class='ocrx_word' id='word_1_172' title='bbox 1123 2425 1320 2475; x_wconf 91' lang='lat' dir='ltr'>autem</span> <span class='ocrx_word' id='word_1_173' title='bbox 1349 2437 1419 2476; x_wconf 84' lang='lat' dir='ltr'>ex</span> <span class='ocrx_word' id='word_1_174' title='bbox 1445 2421 1538 2477; x_wconf 93' lang='lat' dir='ltr'>his</span> <span class='ocrx_word' id='word_1_175' title='bbox 1569 2421 1943 2492; x_wconf 90' lang='lat' dir='ltr'>opinionibus</span> <span class='ocrx_word' id='word_1_176' title='bbox 1967 2439 2062 2477; x_wconf 87' lang='lat' dir='ltr'>no-</span> 
     </span>
    </p>
   </div>
   <div class='ocr_carea' id='block_1_26' title="bbox 412 2505 2059 2578">
    <p class='ocr_par' dir='ltr' id='par_1_26' title="bbox 412 2505 2059 2578">
     <span class='ocr_line' id='line_1_26' title="bbox 412 2505 2059 2578; baseline 0.004 -19"><span class='ocrx_word' id='word_1_177' title='bbox 412 2506 502 2559; x_wconf 86' lang='lat' dir='ltr'>tat</span> <span class='ocrx_word' id='word_1_178' title='bbox 531 2505 685 2574; x_wconf 91' lang='lat' dir='ltr'>apud</span> <span class='ocrx_word' id='word_1_179' title='bbox 718 2505 1051 2562; x_wconf 85' lang='lat' dir='ltr'>Ciceronem</span> <span class='ocrx_word' id='word_1_180' title='bbox 1083 2507 1271 2578; x_wconf 88' lang='lat' dir='ltr'>Cotta,</span> <span class='ocrx_word' id='word_1_181' title='bbox 1306 2510 1406 2564; x_wconf 89' lang='lat' dir='ltr'>ubi</span> <span class='ocrx_word' id='word_1_182' title='bbox 1461 2511 1576 2566; x_wconf 85' lang='lat' dir='ltr'>ait:</span> <span class='ocrx_word' id='word_1_183' title='bbox 1621 2533 1650 2561; x_wconf 88' lang='lat'><strong>«</strong></span> <span class='ocrx_word' id='word_1_184' title='bbox 1703 2509 1830 2566; x_wconf 90' lang='lat' dir='ltr'>Una</span> <span class='ocrx_word' id='word_1_185' title='bbox 1884 2511 2059 2566; x_wconf 88' lang='lat' dir='ltr'>etiam</span> 
     </span>
    </p>
   </div>
   <div class='ocr_carea' id='block_1_27' title="bbox 413 2591 2061 2671">
    <p class='ocr_par' dir='ltr' id='par_1_27' title="bbox 413 2591 2061 2671">
     <span class='ocr_line' id='line_1_27' title="bbox 413 2591 2061 2671; baseline 0.005 -25"><span class='ocrx_word' id='word_1_186' title='bbox 413 2591 601 2648; x_wconf 91' lang='lat' dir='ltr'>nubes</span> <span class='ocrx_word' id='word_1_187' title='bbox 653 2593 970 2650; x_wconf 89' lang='lat' dir='ltr'>Centauros</span> <span class='ocrx_word' id='word_1_188' title='bbox 1026 2598 1320 2669; x_wconf 85' lang='lat' dir='ltr'>peperisse</span> <span class='ocrx_word' id='word_1_189' title='bbox 1350 2600 1502 2657; x_wconf 90' lang='lat'>555</span> <span class='ocrx_word' id='word_1_190' title='bbox 1564 2599 1780 2655; x_wconf 89' lang='lat' dir='ltr'>dicitur</span> <span class='ocrx_word' id='word_1_191' title='bbox 1836 2620 1865 2651; x_wconf 87' lang='lat'><strong>»</strong></span> <span class='ocrx_word' id='word_1_192' title='bbox 1898 2599 2061 2671; x_wconf 85' lang='lat' dir='ltr'>(Cic.,</span> 
     </span>
    </p>
   </div>
   <div class='ocr_carea' id='block_1_28' title="bbox 415 2679 1494 2760">
    <p class='ocr_par' dir='ltr' id='par_1_28' title="bbox 415 2679 1494 2760">
     <span class='ocr_line' id='line_1_28' title="bbox 415 2679 1494 2760; baseline 0.007 -25"><span class='ocrx_word' id='word_1_193' title='bbox 415 2679 517 2736; x_wconf 88' lang='lat' dir='ltr'>lib.</span> <span class='ocrx_word' id='word_1_194' title='bbox 551 2698 614 2736; x_wconf 77' lang='grc' dir='ltr'><strong>ιιι</strong></span> <span class='ocrx_word' id='word_1_195' title='bbox 643 2682 711 2737; x_wconf 85' lang='lat' dir='ltr'>de</span> <span class='ocrx_word' id='word_1_196' title='bbox 737 2687 937 2740; x_wconf 80' lang='lat' dir='ltr'>Natur.</span> <span class='ocrx_word' id='word_1_197' title='bbox 968 2686 1148 2756; x_wconf 87' lang='lat' dir='ltr'>deor.,</span> <span class='ocrx_word' id='word_1_198' title='bbox 1179 2703 1310 2759; x_wconf 85' lang='lat' dir='ltr'>pag.</span> <span class='ocrx_word' id='word_1_199' title='bbox 1345 2689 1494 2760; x_wconf 88' lang='grc'>247).</span> 
     </span>
    </p>
   </div>
   <div class='ocr_carea' id='block_1_29' title="bbox 483 2771 2056 2845">
    <p class='ocr_par' dir='ltr' id='par_1_29' title="bbox 483 2771 2056 2845">
     <span class='ocr_line' id='line_1_29' title="bbox 483 2771 2056 2845; baseline 0.006 -21"><span class='ocrx_word' id='word_1_200' title='bbox 483 2771 796 2826; x_wconf 87' lang='lat' dir='ltr'>Eusebiani</span> <span class='ocrx_word' id='word_1_201' title='bbox 841 2789 974 2828; x_wconf 88' lang='lat' dir='ltr'>vero</span> <span class='ocrx_word' id='word_1_202' title='bbox 1023 2775 1290 2831; x_wconf 90' lang='lat' dir='ltr'>Chronici</span> <span class='ocrx_word' id='word_1_203' title='bbox 1352 2783 1590 2834; x_wconf 87' lang='lat' dir='ltr'>auctor:</span> <span class='ocrx_word' id='word_1_204' title='bbox 1628 2800 1656 2828; x_wconf 83' lang='lat'><strong><em>«</em></strong></span> <span class='ocrx_word' id='word_1_205' title='bbox 1691 2777 1939 2845; x_wconf 89' lang='lat' dir='ltr'>Bellum,</span> <span class='ocrx_word' id='word_1_206' title='bbox 1971 2778 2056 2834; x_wconf 89' lang='lat' dir='ltr'>in-</span> 
     </span>
    </p>
   </div>
   <div class='ocr_carea' id='block_1_30' title="bbox 414 2859 2060 2940">
    <p class='ocr_par' dir='ltr' id='par_1_30' title="bbox 414 2859 2060 2940">
     <span class='ocr_line' id='line_1_30' title="bbox 414 2859 2060 2940; baseline 0.007 -28"><span class='ocrx_word' id='word_1_207' title='bbox 414 2860 561 2931; x_wconf 87' lang='lat' dir='ltr'>quit,</span> <span class='ocrx_word' id='word_1_208' title='bbox 581 2859 954 2931; x_wconf 89' lang='lat' dir='ltr'>Lapitharum</span> <span class='ocrx_word' id='word_1_209' title='bbox 975 2867 1031 2918; x_wconf 91' lang='lat' dir='ltr'>et</span> <span class='ocrx_word' id='word_1_210' title='bbox 1049 2868 1470 2922; x_wconf 87' lang='lat' dir='ltr'>Centaurorum</span> <span class='ocrx_word' id='word_1_211' title='bbox 1493 2868 1602 2923; x_wconf 79' lang='lat' dir='ltr'>sub</span> <span class='ocrx_word' id='word_1_212' title='bbox 1628 2867 1735 2923; x_wconf 90' lang='lat' dir='ltr'>hoc</span> <span class='ocrx_word' id='word_1_213' title='bbox 1757 2872 2020 2940; x_wconf 90' lang='lat' dir='ltr'>tempore</span> <span class='ocrx_word' id='word_1_214' title='bbox 2046 2883 2060 2924; x_wconf 92' lang='lat'><strong>:</strong></span> 
     </span>
    </p>
   </div>
   <div class='ocr_carea' id='block_1_31' title="bbox 413 2949 2065 3025">
    <p class='ocr_par' dir='ltr' id='par_1_31' title="bbox 413 2949 2065 3025">
     <span class='ocr_line' id='line_1_31' title="bbox 413 2949 2065 3025; baseline 0.005 -22"><span class='ocrx_word' id='word_1_215' title='bbox 413 2964 561 3018; x_wconf 89' lang='lat' dir='ltr'>quos</span> <span class='ocrx_word' id='word_1_216' title='bbox 590 2949 796 3005; x_wconf 89' lang='lat' dir='ltr'>scribit</span> <span class='ocrx_word' id='word_1_217' title='bbox 824 2951 1192 3025; x_wconf 80' lang='lat' dir='ltr'>Palaephatus</span> <span class='ocrx_word' id='word_1_218' title='bbox 1221 2954 1369 3011; x_wconf 93' lang='lat' dir='ltr'>libro</span> <span class='ocrx_word' id='word_1_219' title='bbox 1399 2956 1464 3012; x_wconf 86' lang='lat' dir='ltr'>de</span> <span class='ocrx_word' id='word_1_220' title='bbox 1511 2957 1922 3013; x_wconf 74' lang='lat' dir='ltr'>Inrredibilibus</span> <span class='ocrx_word' id='word_1_221' title='bbox 1961 2973 2065 3012; x_wconf 81' lang='lat' dir='ltr'>no-</span> 
     </span>
    </p>
   </div>
   <div class='ocr_carea' id='block_1_32' title="bbox 413 3037 2063 3112">
    <p class='ocr_par' dir='ltr' id='par_1_32' title="bbox 413 3037 2063 3112">
     <span class='ocr_line' id='line_1_32' title="bbox 413 3037 2063 3112; baseline 0.007 -21"><span class='ocrx_word' id='word_1_222' title='bbox 413 3037 561 3092; x_wconf 89' lang='lat' dir='ltr'>biles</span> <span class='ocrx_word' id='word_1_223' title='bbox 593 3038 774 3096; x_wconf 88' lang='lat' dir='ltr'>fuisse</span> <span class='ocrx_word' id='word_1_224' title='bbox 804 3041 1032 3112; x_wconf 88' lang='lat' dir='ltr'>equites</span> <span class='ocrx_word' id='word_1_225' title='bbox 1051 3043 1511 3102; x_wconf 82' lang='lat' dir='ltr'>Thessalorum»</span> <span class='ocrx_word' id='word_1_226' title='bbox 1535 3046 1744 3102; x_wconf 90' lang='lat' dir='ltr'>Euseb.</span> <span class='ocrx_word' id='word_1_227' title='bbox 1781 3046 2063 3103; x_wconf 82' lang='lat' dir='ltr'>Chron.ad</span> 
     </span>
    </p>
   </div>
   <div class='ocr_carea' id='block_1_33' title="bbox 414 3127 2064 3202">
    <p class='ocr_par' dir='ltr' id='par_1_33' title="bbox 414 3127 2064 3202">
     <span class='ocr_line' id='line_1_33' title="bbox 414 3127 2064 3202; baseline 0.005 -21"><span class='ocrx_word' id='word_1_228' title='bbox 414 3142 551 3181; x_wconf 85' lang='lat' dir='ltr'>ann.</span> <span class='ocrx_word' id='word_1_229' title='bbox 583 3127 732 3200; x_wconf 89' lang='lat'>772).</span> <span class='ocrx_word' id='word_1_230' title='bbox 753 3129 1012 3202; x_wconf 86' lang='lat' dir='ltr'>Scaliger</span> <span class='ocrx_word' id='word_1_231' title='bbox 1030 3136 1224 3188; x_wconf 90' lang='lat' dir='ltr'>tamen</span> <span class='ocrx_word' id='word_1_232' title='bbox 1249 3134 1307 3189; x_wconf 92' lang='lat' dir='ltr'>in</span> <span class='ocrx_word' id='word_1_233' title='bbox 1343 3135 1467 3190; x_wconf 89' lang='lat' dir='ltr'>suis</span> <span class='ocrx_word' id='word_1_234' title='bbox 1499 3136 1569 3190; x_wconf 88' lang='lat' dir='ltr'>ad</span> <span class='ocrx_word' id='word_1_235' title='bbox 1597 3135 1718 3191; x_wconf 66' lang='lat' dir='ltr'>base</span> <span class='ocrx_word' id='word_1_236' title='bbox 1737 3137 1912 3192; x_wconf 89' lang='lat' dir='ltr'>verba</span> <span class='ocrx_word' id='word_1_237' title='bbox 1940 3134 2064 3190; x_wconf 67' lang='lat' dir='ltr'>snio</span> 
     </span>
    </p>
   </div>
   <div class='ocr_carea' id='block_1_34' title="bbox 2160 551 3732 626">
    <p class='ocr_par' dir='ltr' id='par_1_34' title="bbox 2160 551 3732 626">
     <span class='ocr_line' id='line_1_34' title="bbox 2160 551 3732 626; baseline 0.001 -14"><span class='ocrx_word' id='word_1_238' title='bbox 2160 573 2293 612; x_wconf 92' lang='lat' dir='ltr'>nem</span> <span class='ocrx_word' id='word_1_239' title='bbox 2326 557 2604 620; x_wconf 73' lang='lat' dir='ltr'>citaverit,</span> <span class='ocrx_word' id='word_1_240' title='bbox 2638 573 2671 610; x_wconf 91' lang='lat' dir='ltr'>a</span> <span class='ocrx_word' id='word_1_241' title='bbox 2701 571 2819 626; x_wconf 88' lang='lat' dir='ltr'>qua</span> <span class='ocrx_word' id='word_1_242' title='bbox 2850 553 3021 625; x_wconf 89' lang='lat' dir='ltr'>longe</span> <span class='ocrx_word' id='word_1_243' title='bbox 3051 551 3452 624; x_wconf 84' lang='lat' dir='ltr'>discrepat.Alii</span> <span class='ocrx_word' id='word_1_244' title='bbox 3477 554 3732 614; x_wconf 88' lang='lat' dir='ltr'>nihilomi-</span> 
     </span>
    </p>
   </div>
   <div class='ocr_carea' id='block_1_35' title="bbox 2159 640 3731 716">
    <p class='ocr_par' dir='ltr' id='par_1_35' title="bbox 2159 640 3731 716">
     <span class='ocr_line' id='line_1_35' title="bbox 2159 640 3731 716; baseline -0.001 -16"><span class='ocrx_word' id='word_1_245' title='bbox 2159 662 2271 701; x_wconf 90' lang='lat' dir='ltr'>nus</span> <span class='ocrx_word' id='word_1_246' title='bbox 2300 643 2460 698; x_wconf 89' lang='lat' dir='ltr'>illam</span> <span class='ocrx_word' id='word_1_247' title='bbox 2515 661 2629 699; x_wconf 90' lang='lat' dir='ltr'>non</span> <span class='ocrx_word' id='word_1_248' title='bbox 2689 641 2878 698; x_wconf 91' lang='lat' dir='ltr'>solum</span> <span class='ocrx_word' id='word_1_249' title='bbox 2935 640 3244 712; x_wconf 69' lang='lat' dir='ltr'>Palaephati</span> <span class='ocrx_word' id='word_1_250' title='bbox 3297 642 3601 700; x_wconf 85' lang='lat' dir='ltr'>auctoritate</span> <span class='ocrx_word' id='word_1_251' title='bbox 3627 661 3731 716; x_wconf 88' lang='lat' dir='ltr'>pro-</span> 
     </span>
    </p>
   </div>
   <div class='ocr_carea' id='block_1_36' title="bbox 2158 730 3738 804">
    <p class='ocr_par' dir='ltr' id='par_1_36' title="bbox 2158 730 3738 804">
     <span class='ocr_line' id='line_1_36' title="bbox 2158 730 3738 804; baseline -0.001 -15"><span class='ocrx_word' id='word_1_252' title='bbox 2158 735 2298 789; x_wconf 89' lang='lat' dir='ltr'>bare</span> <span class='ocrx_word' id='word_1_253' title='bbox 2326 739 2632 797; x_wconf 89' lang='lat' dir='ltr'>conantur,</span> <span class='ocrx_word' id='word_1_254' title='bbox 2663 734 2762 787; x_wconf 91' lang='lat' dir='ltr'>sed</span> <span class='ocrx_word' id='word_1_255' title='bbox 2826 733 3045 787; x_wconf 72' lang='lat' dir='ltr'>Tzetzaa</span> <span class='ocrx_word' id='word_1_256' title='bbox 3094 730 3285 794; x_wconf 88' lang='lat' dir='ltr'>etiam,</span> <span class='ocrx_word' id='word_1_257' title='bbox 3340 733 3394 784; x_wconf 87' lang='lat' dir='ltr'>et</span> <span class='ocrx_word' id='word_1_258' title='bbox 3442 733 3628 794; x_wconf 72' lang='lat' dir='ltr'>Orosii,</span> <span class='ocrx_word' id='word_1_259' title='bbox 3657 735 3738 804; x_wconf 85' lang='lat' dir='ltr'>qui</span> 
     </span>
    </p>
   </div>
   <div class='ocr_carea' id='block_1_37' title="bbox 2162 817 3740 892">
    <p class='ocr_par' dir='ltr' id='par_1_37' title="bbox 2162 817 3740 892">
     <span class='ocr_line' id='line_1_37' title="bbox 2162 817 3740 892; baseline 0 -16"><span class='ocrx_word' id='word_1_260' title='bbox 2162 823 2403 892; x_wconf 90' lang='lat' dir='ltr'>insuper</span> <span class='ocrx_word' id='word_1_261' title='bbox 2442 823 2533 877; x_wconf 89' lang='lat' dir='ltr'>his</span> <span class='ocrx_word' id='word_1_262' title='bbox 2591 820 2801 891; x_wconf 89' lang='lat' dir='ltr'>adjecit</span> <span class='ocrx_word' id='word_1_263' title='bbox 2851 820 3129 890; x_wconf 88' lang='lat' dir='ltr'>Lapithas</span> <span class='ocrx_word' id='word_1_264' title='bbox 3184 835 3216 872; x_wconf 89' lang='lat' dir='ltr'>a</span> <span class='ocrx_word' id='word_1_265' title='bbox 3263 817 3536 873; x_wconf 87' lang='lat' dir='ltr'>Thessalis</span> <span class='ocrx_word' id='word_1_266' title='bbox 3585 819 3740 876; x_wconf 88' lang='lat' dir='ltr'>dictos</span> 
     </span>
    </p>
   </div>
   <div class='ocr_carea' id='block_1_38' title="bbox 2161 906 3742 981">
    <p class='ocr_par' dir='ltr' id='par_1_38' title="bbox 2161 906 3742 981">
     <span class='ocr_line' id='line_1_38' title="bbox 2161 906 3742 981; baseline -0.001 -15"><span class='ocrx_word' id='word_1_267' title='bbox 2161 911 2344 966; x_wconf 85' lang='lat' dir='ltr'>fuisse</span> <span class='ocrx_word' id='word_1_268' title='bbox 2371 914 2707 980; x_wconf 90' lang='lat' dir='ltr'>Centauros,</span> <span class='ocrx_word' id='word_1_269' title='bbox 2742 909 2881 981; x_wconf 88' lang='lat' dir='ltr'>quia</span> <span class='ocrx_word' id='word_1_270' title='bbox 2929 923 2998 962; x_wconf 80' lang='lat' dir='ltr'>ex</span> <span class='ocrx_word' id='word_1_271' title='bbox 3044 906 3212 979; x_wconf 88' lang='lat' dir='ltr'>equis</span> <span class='ocrx_word' id='word_1_272' title='bbox 3237 912 3554 976; x_wconf 76' lang='lat' dir='ltr'>pugnantes,</span> <span class='ocrx_word' id='word_1_273' title='bbox 3590 923 3742 964; x_wconf 86' lang='lat' dir='ltr'>unum</span> 
     </span>
    </p>
   </div>
   <div class='ocr_carea' id='block_1_39' title="bbox 2162 993 3740 1070">
    <p class='ocr_par' dir='ltr' id='par_1_39' title="bbox 2162 993 3740 1070">
     <span class='ocr_line' id='line_1_39' title="bbox 2162 993 3740 1070; baseline -0.003 -14"><span class='ocrx_word' id='word_1_274' title='bbox 2162 1017 2294 1056; x_wconf 91' lang='lat' dir='ltr'>cum</span> <span class='ocrx_word' id='word_1_275' title='bbox 2345 1000 2429 1055; x_wconf 91' lang='lat' dir='ltr'>eis</span> <span class='ocrx_word' id='word_1_276' title='bbox 2475 1015 2688 1070; x_wconf 89' lang='lat' dir='ltr'>corpus</span> <span class='ocrx_word' id='word_1_277' title='bbox 2745 998 2974 1052; x_wconf 83' lang='lat' dir='ltr'>efficere</span> <span class='ocrx_word' id='word_1_278' title='bbox 3027 995 3356 1050; x_wconf 89' lang='lat' dir='ltr'>viderentur</span> <span class='ocrx_word' id='word_1_279' title='bbox 3408 993 3595 1065; x_wconf 84' lang='lat' dir='ltr'>(Tzetz.</span> <span class='ocrx_word' id='word_1_280' title='bbox 3625 997 3740 1051; x_wconf 76' lang='lat' dir='ltr'>Hist.</span> 
     </span>
    </p>
   </div>
   <div class='ocr_carea' id='block_1_40' title="bbox 2163 1083 3744 1158">
    <p class='ocr_par' dir='ltr' id='par_1_40' title="bbox 2163 1083 3744 1158">
     <span class='ocr_line' id='line_1_40' title="bbox 2163 1083 3744 1158; baseline -0.004 -13"><span class='ocrx_word' id='word_1_281' title='bbox 2163 1089 2308 1146; x_wconf 77' lang='lat' dir='ltr'>Chii.</span> <span class='ocrx_word' id='word_1_282' title='bbox 2342 1106 2442 1155; x_wconf 82' lang='lat' dir='ltr'>vn,</span> <span class='ocrx_word' id='word_1_283' title='bbox 2475 1105 2600 1158; x_wconf 91' lang='lat' dir='ltr'>cap.</span> <span class='ocrx_word' id='word_1_284' title='bbox 2633 1089 2739 1154; x_wconf 85' lang='lat'>99;</span> <span class='ocrx_word' id='word_1_285' title='bbox 2799 1086 2986 1154; x_wconf 76' lang='lat' dir='ltr'>Oros,</span> <span class='ocrx_word' id='word_1_286' title='bbox 3028 1083 3130 1141; x_wconf 90' lang='lat' dir='ltr'>lib.</span> <span class='ocrx_word' id='word_1_287' title='bbox 3188 1084 3228 1150; x_wconf 90' lang='lat' dir='ltr'>i,</span> <span class='ocrx_word' id='word_1_288' title='bbox 3285 1099 3405 1153; x_wconf 89' lang='lat' dir='ltr'>cap.</span> <span class='ocrx_word' id='word_1_289' title='bbox 3463 1084 3560 1150; x_wconf 88' lang='lat'>13).</span> <span class='ocrx_word' id='word_1_290' title='bbox 3586 1083 3744 1139; x_wconf 81' lang='lat' dir='ltr'>Adisis</span> 
     </span>
    </p>
   </div>
   <div class='ocr_carea' id='block_1_41' title="bbox 2159 1172 3742 1247">
    <p class='ocr_par' dir='ltr' id='par_1_41' title="bbox 2159 1172 3742 1247">
     <span class='ocr_line' id='line_1_41' title="bbox 2159 1172 3742 1247; baseline -0.005 -13"><span class='ocrx_word' id='word_1_291' title='bbox 2159 1179 2449 1247; x_wconf 89' lang='lat' dir='ltr'>Ovidium,</span> <span class='ocrx_word' id='word_1_292' title='bbox 2507 1175 2771 1232; x_wconf 90' lang='lat' dir='ltr'>Natalem</span> <span class='ocrx_word' id='word_1_293' title='bbox 2827 1173 3128 1239; x_wconf 88' lang='lat' dir='ltr'>Comitem,</span> <span class='ocrx_word' id='word_1_294' title='bbox 3183 1176 3239 1227; x_wconf 92' lang='lat' dir='ltr'>et</span> <span class='ocrx_word' id='word_1_295' title='bbox 3298 1172 3549 1227; x_wconf 89' lang='lat' dir='ltr'>Vossium</span> <span class='ocrx_word' id='word_1_296' title='bbox 3593 1173 3742 1240; x_wconf 90' lang='lat' dir='ltr'>(Ovid.</span> 
     </span>
    </p>
   </div>
   <div class='ocr_carea' id='block_1_42' title="bbox 2161 1259 3745 1337">
    <p class='ocr_par' dir='ltr' id='par_1_42' title="bbox 2161 1259 3745 1337">
     <span class='ocr_line' id='line_1_42' title="bbox 2161 1259 3745 1337; baseline -0.005 -15"><span class='ocrx_word' id='word_1_297' title='bbox 2161 1267 2262 1323; x_wconf 90' lang='lat' dir='ltr'>lib.</span> <span class='ocrx_word' id='word_1_298' title='bbox 2295 1284 2372 1322; x_wconf 83' lang='lat' dir='ltr'>xu</span> <span class='ocrx_word' id='word_1_299' title='bbox 2404 1265 2756 1337; x_wconf 83' lang='lat' dir='ltr'>Metamorph.</span> <span class='ocrx_word' id='word_1_300' title='bbox 2791 1265 2908 1320; x_wconf 88' lang='lat' dir='ltr'>fab.</span> <span class='ocrx_word' id='word_1_301' title='bbox 2942 1265 3010 1327; x_wconf 69' lang='lat'>4;</span> <span class='ocrx_word' id='word_1_302' title='bbox 3045 1265 3267 1329; x_wconf 82' lang='lat' dir='ltr'>Comes,</span> <span class='ocrx_word' id='word_1_303' title='bbox 3325 1259 3421 1315; x_wconf 91' lang='lat' dir='ltr'>lib.</span> <span class='ocrx_word' id='word_1_304' title='bbox 3467 1276 3534 1314; x_wconf 82' lang='lat' dir='ltr'>vn</span> <span class='ocrx_word' id='word_1_305' title='bbox 3565 1260 3745 1331; x_wconf 83' lang='lat' dir='ltr'>Mythol.</span> 
     </span>
    </p>
   </div>
   <div class='ocr_carea' id='block_1_43' title="bbox 2163 1347 3747 1428">
    <p class='ocr_par' dir='ltr' id='par_1_43' title="bbox 2163 1347 3747 1428">
     <span class='ocr_line' id='line_1_43' title="bbox 2163 1347 3747 1428; baseline -0.006 -16"><span class='ocrx_word' id='word_1_306' title='bbox 2163 1373 2290 1428; x_wconf 89' lang='lat' dir='ltr'>cap.</span> <span class='ocrx_word' id='word_1_307' title='bbox 2351 1356 2418 1423; x_wconf 71' lang='lat'>4;</span> <span class='ocrx_word' id='word_1_308' title='bbox 2470 1355 2662 1422; x_wconf 90' lang='lat' dir='ltr'>Voss.,</span> <span class='ocrx_word' id='word_1_309' title='bbox 2720 1353 2822 1408; x_wconf 88' lang='lat' dir='ltr'>lib.</span> <span class='ocrx_word' id='word_1_310' title='bbox 2876 1369 2894 1408; x_wconf 82' lang='grc' dir='ltr'><strong>ι</strong></span> <span class='ocrx_word' id='word_1_311' title='bbox 2949 1352 3014 1407; x_wconf 82' lang='lat' dir='ltr'>de</span> <span class='ocrx_word' id='word_1_312' title='bbox 3071 1350 3223 1419; x_wconf 80' lang='lat' dir='ltr'>Orig.</span> <span class='ocrx_word' id='word_1_313' title='bbox 3263 1357 3312 1404; x_wconf 76' lang='lat' dir='ltr'>et</span> <span class='ocrx_word' id='word_1_314' title='bbox 3364 1365 3546 1422; x_wconf 84' lang='lat' dir='ltr'>progr.</span> <span class='ocrx_word' id='word_1_315' title='bbox 3599 1347 3747 1403; x_wconf 82' lang='lat' dir='ltr'>idolol.</span> 
     </span>
    </p>
   </div>
   <div class='ocr_carea' id='block_1_44' title="bbox 2166 1443 2725 1516">
    <p class='ocr_par' dir='ltr' id='par_1_44' title="bbox 2166 1443 2725 1516">
     <span class='ocr_line' id='line_1_44' title="bbox 2166 1443 2725 1516; baseline -0.007 -15"><span class='ocrx_word' id='word_1_316' title='bbox 2166 1461 2292 1516; x_wconf 90' lang='lat' dir='ltr'>cap.</span> <span class='ocrx_word' id='word_1_317' title='bbox 2327 1445 2414 1514; x_wconf 88' lang='lat'>15,</span> <span class='ocrx_word' id='word_1_318' title='bbox 2449 1461 2580 1516; x_wconf 88' lang='lat' dir='ltr'>pag.</span> <span class='ocrx_word' id='word_1_319' title='bbox 2612 1443 2725 1516; x_wconf 81' lang='lat'>62).</span> 
     </span>
    </p>
   </div>
   <div class='ocr_carea' id='block_1_45' title="bbox 2236 1526 3754 1605">
    <p class='ocr_par' dir='ltr' id='par_1_45' title="bbox 2236 1526 3754 1605">
     <span class='ocr_line' id='line_1_45' title="bbox 2236 1526 3754 1605; baseline -0.007 -15"><span class='ocrx_word' id='word_1_320' title='bbox 2236 1535 2410 1590; x_wconf 87' lang='lat' dir='ltr'>Addit</span> <span class='ocrx_word' id='word_1_321' title='bbox 2438 1533 2691 1605; x_wconf 91' lang='lat' dir='ltr'>denique</span> <span class='ocrx_word' id='word_1_322' title='bbox 2732 1529 3026 1587; x_wconf 90' lang='lat' dir='ltr'>Minucius</span> <span class='ocrx_word' id='word_1_323' title='bbox 3084 1530 3155 1584; x_wconf 91' lang='lat' dir='ltr'>ab</span> <span class='ocrx_word' id='word_1_324' title='bbox 3215 1527 3458 1583; x_wconf 87' lang='lat' dir='ltr'>ethnicis</span> <span class='ocrx_word' id='word_1_325' title='bbox 3505 1526 3754 1581; x_wconf 83' lang='lat' dir='ltr'>decantari</span> 
     </span>
    </p>
   </div>
   <div class='ocr_carea' id='block_1_46' title="bbox 2166 1613 3756 1690">
    <p class='ocr_par' dir='ltr' id='par_1_46' title="bbox 2166 1613 3756 1690">
     <span class='ocr_line' id='line_1_46' title="bbox 2166 1613 3756 1690; baseline -0.008 -10"><span class='ocrx_word' id='word_1_326' title='bbox 2166 1641 2233 1680; x_wconf 86' lang='lat' dir='ltr'>ex</span> <span class='ocrx_word' id='word_1_327' title='bbox 2264 1623 2604 1679; x_wconf 89' lang='lat' dir='ltr'>hominibus</span> <span class='ocrx_word' id='word_1_328' title='bbox 2650 1637 2806 1687; x_wconf 88' lang='lat' dir='ltr'>aves,</span> <span class='ocrx_word' id='word_1_329' title='bbox 2858 1620 3052 1690; x_wconf 86' lang='lat' dir='ltr'>ﬂores,</span> <span class='ocrx_word' id='word_1_330' title='bbox 3103 1618 3360 1683; x_wconf 89' lang='lat' dir='ltr'>arbores,</span> <span class='ocrx_word' id='word_1_331' title='bbox 3391 1631 3458 1670; x_wconf 83' lang='lat' dir='ltr'>ex</span> <span class='ocrx_word' id='word_1_332' title='bbox 3511 1613 3612 1669; x_wconf 90' lang='lat' dir='ltr'>alia</span> <span class='ocrx_word' id='word_1_333' title='bbox 3631 1615 3756 1683; x_wconf 84' lang='lat' dir='ltr'>ejus-</span> 
     </span>
    </p>
   </div>
   <div class='ocr_carea' id='block_1_47' title="bbox 2168 1701 3758 1780">
    <p class='ocr_par' dir='ltr' id='par_1_47' title="bbox 2168 1701 3758 1780">
     <span class='ocr_line' id='line_1_47' title="bbox 2168 1701 3758 1780; baseline -0.009 -9"><span class='ocrx_word' id='word_1_334' title='bbox 2168 1715 2326 1771; x_wconf 90' lang='lat' dir='ltr'>modi</span> <span class='ocrx_word' id='word_1_335' title='bbox 2376 1714 2527 1768; x_wconf 90' lang='lat' dir='ltr'>facta</span> <span class='ocrx_word' id='word_1_336' title='bbox 2576 1711 2774 1766; x_wconf 87' lang='lat' dir='ltr'>fuisse.</span> <span class='ocrx_word' id='word_1_337' title='bbox 2811 1711 2945 1776; x_wconf 64' lang='lat' dir='ltr'>Quae</span> <span class='ocrx_word' id='word_1_338' title='bbox 3003 1706 3243 1780; x_wconf 88' lang='lat' dir='ltr'>quidem</span> <span class='ocrx_word' id='word_1_339' title='bbox 3300 1705 3358 1761; x_wconf 90' lang='lat' dir='ltr'>in</span> <span class='ocrx_word' id='word_1_340' title='bbox 3400 1703 3573 1760; x_wconf 85' lang='lat' dir='ltr'>Ovidii</span> <span class='ocrx_word' id='word_1_341' title='bbox 3626 1701 3758 1758; x_wconf 84' lang='lat' dir='ltr'>libris</span> 
     </span>
    </p>
   </div>
   <div class='ocr_carea' id='block_1_48' title="bbox 2168 1792 3756 1874">
    <p class='ocr_par' dir='ltr' id='par_1_48' title="bbox 2168 1792 3756 1874">
     <span class='ocr_line' id='line_1_48' title="bbox 2168 1792 3756 1874; baseline -0.008 -14"><span class='ocrx_word' id='word_1_342' title='bbox 2168 1801 2712 1874; x_wconf 89' lang='lat' dir='ltr'>Metamorphoseon</span> <span class='ocrx_word' id='word_1_343' title='bbox 2747 1798 2967 1870; x_wconf 87' lang='lat' dir='ltr'>passim</span> <span class='ocrx_word' id='word_1_344' title='bbox 2999 1811 3300 1873; x_wconf 85' lang='lat' dir='ltr'>occurrere</span> <span class='ocrx_word' id='word_1_345' title='bbox 3333 1792 3520 1848; x_wconf 90' lang='lat' dir='ltr'>nullus</span> <span class='ocrx_word' id='word_1_346' title='bbox 3551 1792 3756 1863; x_wconf 81' lang='lat' dir='ltr'>ignorat.</span> 
     </span>
    </p>
   </div>
   <div class='ocr_carea' id='block_1_49' title="bbox 2167 1879 3759 1959">
    <p class='ocr_par' dir='ltr' id='par_1_49' title="bbox 2167 1879 3759 1959">
     <span class='ocr_line' id='line_1_49' title="bbox 2167 1879 3759 1959; baseline -0.01 -9"><span class='ocrx_word' id='word_1_347' title='bbox 2167 1895 2240 1950; x_wconf 85' lang='lat' dir='ltr'>At</span> <span class='ocrx_word' id='word_1_348' title='bbox 2269 1894 2390 1947; x_wconf 79' lang='lat' dir='ltr'>haec</span> <span class='ocrx_word' id='word_1_349' title='bbox 2420 1889 2617 1946; x_wconf 89' lang='lat' dir='ltr'>omnia</span> <span class='ocrx_word' id='word_1_350' title='bbox 2647 1889 3054 1959; x_wconf 87' lang='lat' dir='ltr'>Hieronymus,</span> <span class='ocrx_word' id='word_1_351' title='bbox 3086 1883 3189 1939; x_wconf 91' lang='lat' dir='ltr'>ubi</span> <span class='ocrx_word' id='word_1_352' title='bbox 3247 1884 3317 1938; x_wconf 92' lang='lat' dir='ltr'>de</span> <span class='ocrx_word' id='word_1_353' title='bbox 3354 1879 3759 1937; x_wconf 87' lang='lat' dir='ltr'>Nabuchodono-</span> 
     </span>
    </p>
   </div>
   <div class='ocr_carea' id='block_1_50' title="bbox 2167 1967 3758 2050">
    <p class='ocr_par' dir='ltr' id='par_1_50' title="bbox 2167 1967 3758 2050">
     <span class='ocr_line' id='line_1_50' title="bbox 2167 1967 3758 2050; baseline -0.01 -12"><span class='ocrx_word' id='word_1_354' title='bbox 2167 1999 2264 2038; x_wconf 91' lang='lat' dir='ltr'>sor</span> <span class='ocrx_word' id='word_1_355' title='bbox 2292 1979 2550 2044; x_wconf 89' lang='lat' dir='ltr'>disserit,</span> <span class='ocrx_word' id='word_1_356' title='bbox 2582 1978 2782 2050; x_wconf 88' lang='lat' dir='ltr'>paucis</span> <span class='ocrx_word' id='word_1_357' title='bbox 2831 1975 3020 2032; x_wconf 90' lang='lat' dir='ltr'>verbis</span> <span class='ocrx_word' id='word_1_358' title='bbox 3065 1971 3503 2045; x_wconf 84' lang='lat' dir='ltr'>complectitur:</span> <span class='ocrx_word' id='word_1_359' title='bbox 3531 1991 3557 2018; x_wconf 88' lang='lat'><strong>«</strong></span> <span class='ocrx_word' id='word_1_360' title='bbox 3594 1967 3758 2036; x_wconf 76' lang='lat' dir='ltr'>Multo,</span> 
     </span>
    </p>
   </div>
   <div class='ocr_carea' id='block_1_51' title="bbox 2167 2057 3762 2141">
    <p class='ocr_par' dir='ltr' id='par_1_51' title="bbox 2167 2057 3762 2141">
     <span class='ocr_line' id='line_1_51' title="bbox 2167 2057 3762 2141; baseline -0.009 -16"><span class='ocrx_word' id='word_1_361' title='bbox 2167 2070 2380 2141; x_wconf 89' lang='lat' dir='ltr'>inquit,</span> <span class='ocrx_word' id='word_1_362' title='bbox 2410 2065 2862 2129; x_wconf 88' lang='lat' dir='ltr'>incredibiliora,</span> <span class='ocrx_word' id='word_1_363' title='bbox 2891 2068 2950 2120; x_wconf 92' lang='lat' dir='ltr'>et</span> <span class='ocrx_word' id='word_1_364' title='bbox 2987 2062 3219 2130; x_wconf 63' lang='lat' dir='ltr'>Graecas,</span> <span class='ocrx_word' id='word_1_365' title='bbox 3249 2065 3306 2116; x_wconf 90' lang='lat' dir='ltr'>et</span> <span class='ocrx_word' id='word_1_366' title='bbox 3334 2061 3588 2115; x_wconf 64' lang='lat' dir='ltr'>Romanis</span> <span class='ocrx_word' id='word_1_367' title='bbox 3618 2057 3762 2111; x_wconf 82' lang='lat' dir='ltr'>histo-</span> 
     </span>
    </p>
   </div>
   <div class='ocr_carea' id='block_1_52' title="bbox 2168 2144 3760 2224">
    <p class='ocr_par' dir='ltr' id='par_1_52' title="bbox 2168 2144 3760 2224">
     <span class='ocr_line' id='line_1_52' title="bbox 2168 2144 3760 2224; baseline -0.01 -11"><span class='ocrx_word' id='word_1_368' title='bbox 2168 2158 2264 2213; x_wconf 75' lang='lat' dir='ltr'>riae</span> <span class='ocrx_word' id='word_1_369' title='bbox 2322 2156 2603 2212; x_wconf 89' lang='lat' dir='ltr'>accidisse</span> <span class='ocrx_word' id='word_1_370' title='bbox 2660 2153 3000 2209; x_wconf 89' lang='lat' dir='ltr'>hominibus</span> <span class='ocrx_word' id='word_1_371' title='bbox 3086 2150 3498 2224; x_wconf 90' lang='lat' dir='ltr'>prodiderunt:</span> <span class='ocrx_word' id='word_1_372' title='bbox 3551 2144 3760 2216; x_wconf 83' lang='lat' dir='ltr'>Scyllam</span> 
     </span>
    </p>
   </div>
   <div class='ocr_carea' id='block_1_53' title="bbox 2169 2233 3765 2319">
    <p class='ocr_par' dir='ltr' id='par_1_53' title="bbox 2169 2233 3765 2319">
     <span class='ocr_line' id='line_1_53' title="bbox 2169 2233 3765 2319; baseline -0.009 -17"><span class='ocrx_word' id='word_1_373' title='bbox 2169 2263 2420 2319; x_wconf 90' lang='lat' dir='ltr'>quoque,</span> <span class='ocrx_word' id='word_1_374' title='bbox 2455 2251 2512 2300; x_wconf 91' lang='lat' dir='ltr'>et</span> <span class='ocrx_word' id='word_1_375' title='bbox 2549 2243 2915 2309; x_wconf 65' lang='lat' dir='ltr'>Chimaeram,</span> <span class='ocrx_word' id='word_1_376' title='bbox 2950 2241 3231 2313; x_wconf 82' lang='lat' dir='ltr'>Hydram,</span> <span class='ocrx_word' id='word_1_377' title='bbox 3264 2241 3433 2309; x_wconf 89' lang='lat' dir='ltr'>atque</span> <span class='ocrx_word' id='word_1_378' title='bbox 3474 2233 3765 2296; x_wconf 85' lang='lat' dir='ltr'>Centauros,</span> 
     </span>
    </p>
   </div>
   <div class='ocr_carea' id='block_1_54' title="bbox 2169 2320 3772 2400">
    <p class='ocr_par' dir='ltr' id='par_1_54' title="bbox 2169 2320 3772 2400">
     <span class='ocr_line' id='line_1_54' title="bbox 2169 2320 3772 2400; baseline -0.011 -9"><span class='ocrx_word' id='word_1_379' title='bbox 2169 2352 2301 2391; x_wconf 90' lang='lat' dir='ltr'>aves</span> <span class='ocrx_word' id='word_1_380' title='bbox 2331 2339 2388 2390; x_wconf 89' lang='lat' dir='ltr'>et</span> <span class='ocrx_word' id='word_1_381' title='bbox 2419 2334 2592 2400; x_wconf 87' lang='lat' dir='ltr'>feras,</span> <span class='ocrx_word' id='word_1_382' title='bbox 2624 2331 2795 2387; x_wconf 84' lang='lat' dir='ltr'>ﬂores</span> <span class='ocrx_word' id='word_1_383' title='bbox 2851 2335 2908 2386; x_wconf 91' lang='lat' dir='ltr'>et</span> <span class='ocrx_word' id='word_1_384' title='bbox 2954 2331 3220 2394; x_wconf 87' lang='lat' dir='ltr'>arbores,</span> <span class='ocrx_word' id='word_1_385' title='bbox 3267 2325 3467 2384; x_wconf 85' lang='lat' dir='ltr'>stellas</span> <span class='ocrx_word' id='word_1_386' title='bbox 3507 2328 3563 2380; x_wconf 90' lang='lat' dir='ltr'>et</span> <span class='ocrx_word' id='word_1_387' title='bbox 3589 2320 3772 2394; x_wconf 85' lang='lat' dir='ltr'>lapides</span> 
     </span>
    </p>
   </div>
   <div class='ocr_carea' id='block_1_55' title="bbox 2169 2412 3771 2485">
    <p class='ocr_par' dir='ltr' id='par_1_55' title="bbox 2169 2412 3771 2485">
     <span class='ocr_line' id='line_1_55' title="bbox 2169 2412 3771 2485; baseline -0.011 -6"><span class='ocrx_word' id='word_1_388' title='bbox 2169 2425 2354 2479; x_wconf 87' lang='lat' dir='ltr'>factos</span> <span class='ocrx_word' id='word_1_389' title='bbox 2385 2438 2455 2477; x_wconf 81' lang='lat' dir='ltr'>ex</span> <span class='ocrx_word' id='word_1_390' title='bbox 2482 2420 2823 2476; x_wconf 91' lang='lat' dir='ltr'>hominibus</span> <span class='ocrx_word' id='word_1_391' title='bbox 2853 2422 3096 2474; x_wconf 83' lang='lat' dir='ltr'>narrant</span> <span class='ocrx_word' id='word_1_392' title='bbox 3125 2416 3341 2473; x_wconf 68' lang='lat' dir='ltr'>fabulas</span> <span class='ocrx_word' id='word_1_393' title='bbox 3372 2435 3400 2465; x_wconf 86' lang='lat'><strong>»</strong></span> <span class='ocrx_word' id='word_1_394' title='bbox 3440 2412 3771 2485; x_wconf 65' lang='lat' dir='ltr'>(Hieronym,</span> 
     </span>
    </p>
   </div>
   <div class='ocr_carea' id='block_1_56' title="bbox 2169 2508 2910 2585">
    <p class='ocr_par' dir='ltr' id='par_1_56' title="bbox 2169 2508 2910 2585">
     <span class='ocr_line' id='line_1_56' title="bbox 2169 2508 2910 2585; baseline -0.009 -16"><span class='ocrx_word' id='word_1_395' title='bbox 2169 2516 2231 2570; x_wconf 85' lang='lat' dir='ltr'>in</span> <span class='ocrx_word' id='word_1_396' title='bbox 2257 2529 2375 2585; x_wconf 84' lang='lat' dir='ltr'>cap.</span> <span class='ocrx_word' id='word_1_397' title='bbox 2403 2528 2460 2568; x_wconf 86' lang='lat' dir='ltr'>1v</span> <span class='ocrx_word' id='word_1_398' title='bbox 2490 2508 2716 2567; x_wconf 80' lang='lat' dir='ltr'>Daniel.</span> <span class='ocrx_word' id='word_1_399' title='bbox 2741 2527 2798 2575; x_wconf 88' lang='lat' dir='ltr'>v,</span> <span class='ocrx_word' id='word_1_400' title='bbox 2837 2509 2910 2577; x_wconf 92' lang='lat'>1).</span> 
     </span>
    </p>
   </div>
   <div class='ocr_carea' id='block_1_57' title="bbox 2239 2585 3780 2670">
    <p class='ocr_par' dir='ltr' id='par_1_57' title="bbox 2239 2585 3780 2670">
     <span class='ocr_line' id='line_1_57' title="bbox 2239 2585 3780 2670; baseline -0.01 -15"><span class='ocrx_word' id='word_1_401' title='bbox 2239 2601 2417 2656; x_wconf 86' lang='lat' dir='ltr'>Vides</span> <span class='ocrx_word' id='word_1_402' title='bbox 2443 2601 2639 2670; x_wconf 88' lang='lat' dir='ltr'>itaque</span> <span class='ocrx_word' id='word_1_403' title='bbox 2670 2613 2850 2670; x_wconf 90' lang='lat' dir='ltr'>quam</span> <span class='ocrx_word' id='word_1_404' title='bbox 2873 2597 3008 2668; x_wconf 85' lang='lat' dir='ltr'>jure</span> <span class='ocrx_word' id='word_1_405' title='bbox 3040 2596 3259 2650; x_wconf 84' lang='lat' dir='ltr'>merito</span> <span class='ocrx_word' id='word_1_406' title='bbox 3293 2590 3592 2653; x_wconf 88' lang='lat' dir='ltr'>Minucius,</span> <span class='ocrx_word' id='word_1_407' title='bbox 3621 2603 3680 2642; x_wconf 82' lang='lat' dir='ltr'>ex</span> <span class='ocrx_word' id='word_1_408' title='bbox 3705 2585 3780 2640; x_wconf 86' lang='lat' dir='ltr'>his</span> 
     </span>
    </p>
   </div>
   <div class='ocr_carea' id='block_1_58' title="bbox 2171 2671 3780 2761">
    <p class='ocr_par' dir='ltr' id='par_1_58' title="bbox 2171 2671 3780 2761">
     <span class='ocr_line' id='line_1_58' title="bbox 2171 2671 3780 2761; baseline -0.012 -14"><span class='ocrx_word' id='word_1_409' title='bbox 2171 2695 2229 2747; x_wconf 87' lang='lat' dir='ltr'>et</span> <span class='ocrx_word' id='word_1_410' title='bbox 2257 2689 2389 2745; x_wconf 85' lang='lat' dir='ltr'>aliis</span> <span class='ocrx_word' id='word_1_411' title='bbox 2421 2688 2689 2761; x_wconf 88' lang='lat' dir='ltr'>pluribus</span> <span class='ocrx_word' id='word_1_412' title='bbox 2721 2686 2876 2741; x_wconf 90' lang='lat' dir='ltr'>infra</span> <span class='ocrx_word' id='word_1_413' title='bbox 2922 2683 3328 2748; x_wconf 86' lang='lat' dir='ltr'>recensendis,</span> <span class='ocrx_word' id='word_1_414' title='bbox 3376 2677 3663 2736; x_wconf 87' lang='lat' dir='ltr'>concludat</span> <span class='ocrx_word' id='word_1_415' title='bbox 3694 2671 3780 2729; x_wconf 84' lang='lat' dir='ltr'>fal-</span> 
     </span>
    </p>
   </div>
   <div class='ocr_carea' id='block_1_59' title="bbox 2173 2771 3781 2842">
    <p class='ocr_par' dir='ltr' id='par_1_59' title="bbox 2173 2771 3781 2842">
     <span class='ocr_line' id='line_1_59' title="bbox 2173 2771 3781 2842; baseline -0.012 -7"><span class='ocrx_word' id='word_1_416' title='bbox 2173 2797 2305 2836; x_wconf 90' lang='lat' dir='ltr'>sum</span> <span class='ocrx_word' id='word_1_417' title='bbox 2335 2778 2576 2835; x_wconf 90' lang='lat' dir='ltr'>omnino</span> <span class='ocrx_word' id='word_1_418' title='bbox 2634 2792 2760 2830; x_wconf 91' lang='lat' dir='ltr'>esse</span> <span class='ocrx_word' id='word_1_419' title='bbox 2815 2773 3131 2841; x_wconf 66' lang='lat' dir='ltr'>Caecilium,</span> <span class='ocrx_word' id='word_1_420' title='bbox 3163 2771 3435 2842; x_wconf 86' lang='lat' dir='ltr'>aliosque</span> <span class='ocrx_word' id='word_1_421' title='bbox 3488 2779 3671 2823; x_wconf 88' lang='lat' dir='ltr'>omnes</span> <span class='ocrx_word' id='word_1_422' title='bbox 3711 2778 3781 2816; x_wconf 87' lang='lat' dir='ltr'>er-</span> 
     </span>
    </p>
   </div>
   <div class='ocr_carea' id='block_1_60' title="bbox 2174 2854 3783 2937">
    <p class='ocr_par' dir='ltr' id='par_1_60' title="bbox 2174 2854 3783 2937">
     <span class='ocr_line' id='line_1_60' title="bbox 2174 2854 3783 2937; baseline -0.012 -12"><span class='ocrx_word' id='word_1_423' title='bbox 2174 2884 2302 2924; x_wconf 87' lang='lat' dir='ltr'>rare</span> <span class='ocrx_word' id='word_1_424' title='bbox 2331 2867 2614 2932; x_wconf 89' lang='lat' dir='ltr'>ethnicos,</span> <span class='ocrx_word' id='word_1_425' title='bbox 2645 2865 2744 2937; x_wconf 91' lang='lat' dir='ltr'>qui</span> <span class='ocrx_word' id='word_1_426' title='bbox 2797 2864 3083 2918; x_wconf 90' lang='lat' dir='ltr'>docebant</span> <span class='ocrx_word' id='word_1_427' title='bbox 3128 2860 3455 2930; x_wconf 89' lang='lat' dir='ltr'>unicuique</span> <span class='ocrx_word' id='word_1_428' title='bbox 3481 2854 3652 2912; x_wconf 89' lang='lat' dir='ltr'>satius</span> <span class='ocrx_word' id='word_1_429' title='bbox 3679 2865 3783 2906; x_wconf 78' lang='lat' dir='ltr'>esse</span> 
     </span>
    </p>
   </div>
   <div class='ocr_carea' id='block_1_61' title="bbox 2175 2944 3780 3030">
    <p class='ocr_par' dir='ltr' id='par_1_61' title="bbox 2175 2944 3780 3030">
     <span class='ocr_line' id='line_1_61' title="bbox 2175 2944 3780 3030; baseline -0.014 -16"><span class='ocrx_word' id='word_1_430' title='bbox 2175 2959 2336 3030; x_wconf 88' lang='lat' dir='ltr'>sequi</span> <span class='ocrx_word' id='word_1_431' title='bbox 2372 2957 2658 3027; x_wconf 88' lang='lat' dir='ltr'>majorum</span> <span class='ocrx_word' id='word_1_432' title='bbox 2694 2957 3026 3008; x_wconf 91' lang='lat' dir='ltr'>nostrorum</span> <span class='ocrx_word' id='word_1_433' title='bbox 3060 2954 3130 3006; x_wconf 91' lang='lat' dir='ltr'>de</span> <span class='ocrx_word' id='word_1_434' title='bbox 3160 2951 3283 3006; x_wconf 90' lang='lat' dir='ltr'>diis</span> <span class='ocrx_word' id='word_1_435' title='bbox 3313 2966 3379 3005; x_wconf 90' lang='lat' dir='ltr'>ac</span> <span class='ocrx_word' id='word_1_436' title='bbox 3409 2944 3663 3018; x_wconf 90' lang='lat' dir='ltr'>religione</span> <span class='ocrx_word' id='word_1_437' title='bbox 3687 2945 3780 3030; x_wconf 81' lang='lat' dir='ltr'>tra-</span> 
     </span>
    </p>
   </div>
   <div class='ocr_carea' id='block_1_62' title="bbox 2175 3027 3781 3112">
    <p class='ocr_par' dir='ltr' id='par_1_62' title="bbox 2175 3027 3781 3112">
     <span class='ocr_line' id='line_1_62' title="bbox 2175 3027 3781 3112; baseline -0.011 -12"><span class='ocrx_word' id='word_1_438' title='bbox 2175 3027 2446 3109; x_wconf 82' lang='lat' dir='ltr'>ditiones,</span> <span class='ocrx_word' id='word_1_439' title='bbox 2478 3047 2536 3098; x_wconf 91' lang='lat' dir='ltr'>et</span> <span class='ocrx_word' id='word_1_440' title='bbox 2559 3042 2697 3097; x_wconf 90' lang='lat' dir='ltr'>deos</span> <span class='ocrx_word' id='word_1_441' title='bbox 2729 3041 2801 3095; x_wconf 91' lang='lat' dir='ltr'>ab</span> <span class='ocrx_word' id='word_1_442' title='bbox 2831 3038 2949 3096; x_wconf 90' lang='lat' dir='ltr'>illis</span> <span class='ocrx_word' id='word_1_443' title='bbox 2997 3038 3235 3112; x_wconf 84' lang='lat' dir='ltr'>agnilos</span> <span class='ocrx_word' id='word_1_444' title='bbox 3283 3036 3469 3108; x_wconf 89' lang='lat' dir='ltr'>magis</span> <span class='ocrx_word' id='word_1_445' title='bbox 3513 3027 3781 3094; x_wconf 82' lang='lat' dir='ltr'>timendos,</span> 
     </span>
    </p>
   </div>
   <div class='ocr_carea' id='block_1_63' title="bbox 2177 3123 3781 3205">
    <p class='ocr_par' dir='ltr' id='par_1_63' title="bbox 2177 3123 3781 3205">
     <span class='ocr_line' id='line_1_63' title="bbox 2177 3123 3781 3205; baseline -0.011 -16"><span class='ocrx_word' id='word_1_446' title='bbox 2177 3149 2349 3205; x_wconf 91' lang='lat' dir='ltr'>quem</span> <span class='ocrx_word' id='word_1_447' title='bbox 2381 3131 2728 3187; x_wconf 83' lang='lat' dir='ltr'>familiarius</span> <span class='ocrx_word' id='word_1_448' title='bbox 2760 3144 2955 3198; x_wconf 86' lang='lat' dir='ltr'>nosse,</span> <span class='ocrx_word' id='word_1_449' title='bbox 2987 3132 3161 3200; x_wconf 91' lang='lat' dir='ltr'>atque</span> <span class='ocrx_word' id='word_1_450' title='bbox 3215 3127 3290 3183; x_wconf 90' lang='lat' dir='ltr'>de</span> <span class='ocrx_word' id='word_1_451' title='bbox 3337 3125 3453 3181; x_wconf 89' lang='lat' dir='ltr'>illis</span> <span class='ocrx_word' id='word_1_452' title='bbox 3495 3123 3630 3178; x_wconf 85' lang='lat' dir='ltr'>ferre</span> <span class='ocrx_word' id='word_1_453' title='bbox 3672 3131 3781 3174; x_wconf 89' lang='lat' dir='ltr'>sen-</span> 
     </span>
    </p>
   </div>
   <div class='ocr_carea' id='block_1_64' title="bbox 417 3200 2448 3297">
    <p class='ocr_par' dir='ltr' id='par_1_64' title="bbox 417 3200 2448 3297">
     <span class='ocr_line' id='line_1_64' title="bbox 417 3200 2448 3297; baseline 0.003 -28"><span class='ocrx_word' id='word_1_454' title='bbox 417 3200 937 3278; x_wconf 40' lang='lat' dir='ltr'>madversionibus‘</span> <span class='ocrx_word' id='word_1_455' title='bbox 955 3220 1121 3277; x_wconf 89' lang='lat' dir='ltr'>illum</span> <span class='ocrx_word' id='word_1_456' title='bbox 1156 3222 1332 3279; x_wconf 87' lang='lat' dir='ltr'>libere</span> <span class='ocrx_word' id='word_1_457' title='bbox 1364 3225 1756 3296; x_wconf 84' lang='lat' dir='ltr'>audacterque</span> <span class='ocrx_word' id='word_1_458' title='bbox 1795 3226 2065 3297; x_wconf 86' lang='lat' dir='ltr'>castigat,</span> <span class='ocrx_word' id='word_1_459' title='bbox 2098 3200 2142 3269; x_wconf 66' lang='grc' dir='ltr'>α</span> <span class='ocrx_word' id='word_1_460' title='bbox 2181 3200 2448 3279; x_wconf 72' lang='lat' dir='ltr'>tentiam.</span> 
     </span>
    </p>
   </div>
   <div class='ocr_carea' id='block_1_65' title="bbox 1909 3369 2332 3434">
    <p class='ocr_par' dir='ltr' id='par_1_65' title="bbox 1909 3369 2332 3434">
     <span class='ocr_line' id='line_1_65' title="bbox 1909 3369 2332 3434; baseline -0.012 -2"><span class='ocrx_word' id='word_1_461' title='bbox 1909 3371 2164 3434; x_wconf 86' lang='lat' dir='ltr'>CAPUT</span> <span class='ocrx_word' id='word_1_462' title='bbox 2206 3369 2332 3430; x_wconf 86' lang='lat' dir='ltr'>XV.</span> 
     </span>
    </p>
   </div>
   <div class='ocr_carea' id='block_1_66' title="bbox 760 3468 3483 3558">
    <p class='ocr_par' dir='ltr' id='par_1_66' title="bbox 760 3468 3483 3558">
     <span class='ocr_line' id='line_1_66' title="bbox 760 3468 3483 3558; baseline -0.003 -25"><span class='ocrx_word' id='word_1_463' title='bbox 760 3473 1223 3551; x_wconf 87' lang='lat' dir='ltr'>Expenduntur</span> <span class='ocrx_word' id='word_1_464' title='bbox 1253 3483 1627 3556; x_wconf 89' lang='lat' dir='ltr'>argumenta</span> <span class='ocrx_word' id='word_1_465' title='bbox 1652 3477 1880 3558; x_wconf 88' lang='lat' dir='ltr'>quibus</span> <span class='ocrx_word' id='word_1_466' title='bbox 1911 3476 2220 3540; x_wconf 87' lang='lat' dir='ltr'>Minucius</span> <span class='ocrx_word' id='word_1_467' title='bbox 2250 3473 2520 3536; x_wconf 90' lang='lat' dir='ltr'>ostendit</span> <span class='ocrx_word' id='word_1_468' title='bbox 2551 3473 2742 3534; x_wconf 88' lang='lat' dir='ltr'>falsos</span> <span class='ocrx_word' id='word_1_469' title='bbox 2773 3490 2906 3532; x_wconf 89' lang='lat' dir='ltr'>esse</span> <span class='ocrx_word' id='word_1_470' title='bbox 2938 3469 3277 3550; x_wconf 89' lang='lat' dir='ltr'>gentilium</span> <span class='ocrx_word' id='word_1_471' title='bbox 3309 3468 3483 3529; x_wconf 90' lang='lat' dir='ltr'>deos.</span> 
     </span>
    </p>
   </div>
   <div class='ocr_carea' id='block_1_67' title="bbox 889 3607 1598 3667">
    <p class='ocr_par' dir='ltr' id='par_1_67' title="bbox 889 3607 1598 3667">
     <span class='ocr_line' id='line_1_67' title="bbox 889 3607 1598 3667; baseline 0.007 -6"><span class='ocrx_word' id='word_1_472' title='bbox 889 3607 1276 3664; x_wconf 83' lang='lat' dir='ltr'>ARTICULUS</span> <span class='ocrx_word' id='word_1_473' title='bbox 1317 3610 1598 3667; x_wconf 80' lang='lat' dir='ltr'>PRIMUS.</span> 
     </span>
    </p>
   </div>
   <div class='ocr_carea' id='block_1_68' title="bbox 419 3692 2071 3770">
    <p class='ocr_par' dir='ltr' id='par_1_68' title="bbox 419 3692 2071 3770">
     <span class='ocr_line' id='line_1_68' title="bbox 419 3692 2071 3770; baseline 0.007 -26"><span class='ocrx_word' id='word_1_474' title='bbox 419 3692 557 3760; x_wconf 73' lang='lat' dir='ltr'>Quae</span> <span class='ocrx_word' id='word_1_475' title='bbox 614 3693 928 3770; x_wconf 70' lang='lat' dir='ltr'>insulsitate</span> <span class='ocrx_word' id='word_1_476' title='bbox 982 3698 1212 3770; x_wconf 75' lang='lat' dir='ltr'>gentiles</span> <span class='ocrx_word' id='word_1_477' title='bbox 1263 3699 1637 3770; x_wconf 78' lang='lat' dir='ltr'>praedicabant</span> <span class='ocrx_word' id='word_1_478' title='bbox 1707 3701 1951 3756; x_wconf 78' lang='lat' dir='ltr'>homines</span> <span class='ocrx_word' id='word_1_479' title='bbox 2006 3702 2071 3755; x_wconf 90' lang='lat' dir='ltr'>ob</span> 
     </span>
    </p>
   </div>
   <div class='ocr_carea' id='block_1_69' title="bbox 491 3765 2069 3840">
    <p class='ocr_par' dir='ltr' id='par_1_69' title="bbox 491 3765 2069 3840">
     <span class='ocr_line' id='line_1_69' title="bbox 491 3765 2069 3840; baseline 0.008 -25"><span class='ocrx_word' id='word_1_480' title='bbox 491 3765 704 3840; x_wconf 31' lang='lat' dir='ltr'>inerit-Aa</span> <span class='ocrx_word' id='word_1_481' title='bbox 728 3765 1083 3840; x_wconf 56' lang='lat' dir='ltr'>virtutis,&#39;vel</span> <span class='ocrx_word' id='word_1_482' title='bbox 1129 3765 1390 3840; x_wconf 73' lang='lat' dir='ltr'>beneﬁcia</span> <span class='ocrx_word' id='word_1_483' title='bbox 1438 3772 1570 3826; x_wconf 84' lang='lat' dir='ltr'>aliis</span> <span class='ocrx_word' id='word_1_484' title='bbox 1618 3771 1934 3828; x_wconf 80' lang='lat' dir='ltr'>hominibus</span> <span class='ocrx_word' id='word_1_485' title='bbox 1961 3773 2069 3828; x_wconf 82' lang='lat' dir='ltr'>col-</span> 
     </span>
    </p>
   </div>
   <div class='ocr_carea' id='block_1_70' title="bbox 496 3832 1183 3909">
    <p class='ocr_par' dir='ltr' id='par_1_70' title="bbox 496 3832 1183 3909">
     <span class='ocr_line' id='line_1_70' title="bbox 496 3832 1183 3909; baseline 0.01 -22"><span class='ocrx_word' id='word_1_486' title='bbox 496 3832 612 3889; x_wconf 78' lang='lat' dir='ltr'>lata</span> <span class='ocrx_word' id='word_1_487' title='bbox 639 3836 809 3905; x_wconf 82' lang='lat' dir='ltr'>factos</span> <span class='ocrx_word' id='word_1_488' title='bbox 835 3832 1007 3909; x_wconf 77' lang='lat' dir='ltr'>fuisse</span> <span class='ocrx_word' id='word_1_489' title='bbox 1036 3840 1183 3896; x_wconf 82' lang='lat' dir='ltr'>deos.</span> 
     </span>
    </p>
   </div>
   <div class='ocr_carea' id='block_1_71' title="bbox 494 3958 2073 4040">
    <p class='ocr_par' dir='ltr' id='par_1_71' title="bbox 494 3958 2073 4040">
     <span class='ocr_line' id='line_1_71' title="bbox 494 3958 2073 4040; baseline 0.005 -25"><span class='ocrx_word' id='word_1_490' title='bbox 494 3958 643 4015; x_wconf 87' lang='lat' dir='ltr'>Falsi</span> <span class='ocrx_word' id='word_1_491' title='bbox 677 3961 918 4018; x_wconf 90' lang='lat' dir='ltr'>deorum</span> <span class='ocrx_word' id='word_1_492' title='bbox 964 3963 1157 4021; x_wconf 90' lang='lat' dir='ltr'>cultus</span> <span class='ocrx_word' id='word_1_493' title='bbox 1205 3965 1334 4022; x_wconf 88' lang='lat' dir='ltr'>fons</span> <span class='ocrx_word' id='word_1_494' title='bbox 1386 3967 1662 4040; x_wconf 86' lang='lat' dir='ltr'>origoque</span> <span class='ocrx_word' id='word_1_495' title='bbox 1693 3968 1929 4024; x_wconf 89' lang='lat' dir='ltr'>uberior</span> <span class='ocrx_word' id='word_1_496' title='bbox 1960 3967 2073 4023; x_wconf 85' lang='lat' dir='ltr'>fuit</span> 
     </span>
    </p>
   </div>
   <div class='ocr_carea' id='block_1_72' title="bbox 423 4048 2071 4128">
    <p class='ocr_par' dir='ltr' id='par_1_72' title="bbox 423 4048 2071 4128">
     <span class='ocr_line' id='line_1_72' title="bbox 423 4048 2071 4128; baseline 0.005 -25"><span class='ocrx_word' id='word_1_497' title='bbox 423 4048 633 4106; x_wconf 88' lang='lat' dir='ltr'>insana</span> <span class='ocrx_word' id='word_1_498' title='bbox 662 4050 1027 4108; x_wconf 88' lang='lat' dir='ltr'>ethnicorum</span> <span class='ocrx_word' id='word_1_499' title='bbox 1062 4055 1383 4127; x_wconf 89' lang='lat' dir='ltr'>persuasio,</span> <span class='ocrx_word' id='word_1_500' title='bbox 1407 4056 1545 4128; x_wconf 88' lang='lat' dir='ltr'>quia</span> <span class='ocrx_word' id='word_1_501' title='bbox 1576 4074 1690 4112; x_wconf 90' lang='lat' dir='ltr'>non</span> <span class='ocrx_word' id='word_1_502' title='bbox 1714 4057 1906 4113; x_wconf 86' lang='lat' dir='ltr'>solum</span> <span class='ocrx_word' id='word_1_503' title='bbox 1928 4074 2071 4128; x_wconf 72' lang='lat' dir='ltr'>pras-</span> 
     </span>
    </p>
   </div>
   <div class='ocr_carea' id='block_1_73' title="bbox 423 4138 2073 4216">
    <p class='ocr_par' dir='ltr' id='par_1_73' title="bbox 423 4138 2073 4216">
     <span class='ocr_line' id='line_1_73' title="bbox 423 4138 2073 4216; baseline 0.007 -24"><span class='ocrx_word' id='word_1_504' title='bbox 423 4138 715 4206; x_wconf 89' lang='lat' dir='ltr'>dicabant,</span> <span class='ocrx_word' id='word_1_505' title='bbox 747 4141 849 4197; x_wconf 90' lang='lat' dir='ltr'>sed</span> <span class='ocrx_word' id='word_1_506' title='bbox 879 4142 1054 4198; x_wconf 85' lang='lat' dir='ltr'>etiam</span> <span class='ocrx_word' id='word_1_507' title='bbox 1089 4144 1492 4216; x_wconf 88' lang='lat' dir='ltr'>gloriabantur</span> <span class='ocrx_word' id='word_1_508' title='bbox 1537 4147 1675 4203; x_wconf 90' lang='lat' dir='ltr'>deos</span> <span class='ocrx_word' id='word_1_509' title='bbox 1721 4163 1860 4202; x_wconf 90' lang='lat' dir='ltr'>suos</span> <span class='ocrx_word' id='word_1_510' title='bbox 1891 4147 2073 4203; x_wconf 90' lang='lat' dir='ltr'>fuisse</span> 
     </span>
    </p>
   </div>
   <div class='ocr_carea' id='block_1_74' title="bbox 423 4229 2072 4308">
    <p class='ocr_par' dir='ltr' id='par_1_74' title="bbox 423 4229 2072 4308">
     <span class='ocr_line' id='line_1_74' title="bbox 423 4229 2072 4308; baseline 0.006 -25"><span class='ocrx_word' id='word_1_511' title='bbox 423 4229 663 4300; x_wconf 87' lang='lat' dir='ltr'>quidem</span> <span class='ocrx_word' id='word_1_512' title='bbox 698 4230 984 4299; x_wconf 88' lang='lat' dir='ltr'>homines,</span> <span class='ocrx_word' id='word_1_513' title='bbox 1019 4234 1119 4288; x_wconf 93' lang='lat' dir='ltr'>sed</span> <span class='ocrx_word' id='word_1_514' title='bbox 1155 4235 1251 4306; x_wconf 90' lang='lat' dir='ltr'>qui</span> <span class='ocrx_word' id='word_1_515' title='bbox 1299 4241 1537 4308; x_wconf 88' lang='lat' dir='ltr'>propter</span> <span class='ocrx_word' id='word_1_516' title='bbox 1565 4235 1776 4291; x_wconf 83' lang='lat' dir='ltr'>collata</span> <span class='ocrx_word' id='word_1_517' title='bbox 1806 4236 1936 4292; x_wconf 90' lang='lat' dir='ltr'>aliis</span> <span class='ocrx_word' id='word_1_518' title='bbox 1970 4237 2072 4293; x_wconf 89' lang='lat' dir='ltr'>ho-</span> 
     </span>
    </p>
   </div>
   <div class='ocr_carea' id='block_1_75' title="bbox 424 4317 2072 4396">
    <p class='ocr_par' dir='ltr' id='par_1_75' title="bbox 424 4317 2072 4396">
     <span class='ocr_line' id='line_1_75' title="bbox 424 4317 2072 4396; baseline 0.005 -24"><span class='ocrx_word' id='word_1_519' title='bbox 424 4317 685 4375; x_wconf 89' lang='lat' dir='ltr'>minibus</span> <span class='ocrx_word' id='word_1_520' title='bbox 734 4320 1033 4388; x_wconf 84' lang='lat' dir='ltr'>beneficia,</span> <span class='ocrx_word' id='word_1_521' title='bbox 1067 4322 1416 4396; x_wconf 88' lang='lat' dir='ltr'>egregiaque</span> <span class='ocrx_word' id='word_1_522' title='bbox 1456 4324 1736 4391; x_wconf 84' lang='lat' dir='ltr'>facinora,</span> <span class='ocrx_word' id='word_1_523' title='bbox 1768 4325 2072 4396; x_wconf 75' lang='lat' dir='ltr'>praemium</span> 
     </span>
    </p>
   </div>
   <div class='ocr_carea' id='block_1_76' title="bbox 425 4406 2074 4484">
    <p class='ocr_par' dir='ltr' id='par_1_76' title="bbox 425 4406 2074 4484">
     <span class='ocr_line' id='line_1_76' title="bbox 425 4406 2074 4484; baseline 0.007 -24"><span class='ocrx_word' id='word_1_524' title='bbox 425 4406 746 4465; x_wconf 88' lang='lat' dir='ltr'>divinitatis</span> <span class='ocrx_word' id='word_1_525' title='bbox 776 4411 1069 4467; x_wconf 84' lang='lat' dir='ltr'>consecuti</span> <span class='ocrx_word' id='word_1_526' title='bbox 1122 4413 1372 4483; x_wconf 83' lang='lat' dir='ltr'>fuerant,</span> <span class='ocrx_word' id='word_1_527' title='bbox 1403 4412 1522 4468; x_wconf 89' lang='lat' dir='ltr'>sive</span> <span class='ocrx_word' id='word_1_528' title='bbox 1571 4431 1690 4484; x_wconf 92' lang='lat' dir='ltr'>eos,</span> <span class='ocrx_word' id='word_1_529' title='bbox 1723 4419 1790 4469; x_wconf 90' lang='lat' dir='ltr'>ut</span> <span class='ocrx_word' id='word_1_530' title='bbox 1847 4414 1926 4470; x_wconf 91' lang='lat' dir='ltr'>ait</span> <span class='ocrx_word' id='word_1_531' title='bbox 1965 4415 2074 4470; x_wconf 92' lang='lat' dir='ltr'>Mi-</span> 
     </span>
    </p>
   </div>
   <div class='ocr_carea' id='block_1_77' title="bbox 427 4499 2074 4566">
    <p class='ocr_par' dir='ltr' id='par_1_77' title="bbox 427 4499 2074 4566">
     <span class='ocr_line' id='line_1_77' title="bbox 427 4499 2074 4566; baseline 0.005 -14"><span class='ocrx_word' id='word_1_532' title='bbox 427 4499 656 4565; x_wconf 86' lang='lat' dir='ltr'>nucius,</span> <span class='ocrx_word' id='word_1_533' title='bbox 696 4521 725 4549; x_wconf 88' lang='lat'><strong><em>«</em></strong></span> <span class='ocrx_word' id='word_1_534' title='bbox 763 4500 836 4555; x_wconf 93' lang='lat' dir='ltr'>ob</span> <span class='ocrx_word' id='word_1_535' title='bbox 895 4501 1104 4557; x_wconf 88' lang='lat' dir='ltr'>merita</span> <span class='ocrx_word' id='word_1_536' title='bbox 1159 4502 1412 4566; x_wconf 75' lang='lat' dir='ltr'>virtutis.</span> <span class='ocrx_word' id='word_1_537' title='bbox 1473 4507 1574 4558; x_wconf 90' lang='lat' dir='ltr'>aut</span> <span class='ocrx_word' id='word_1_538' title='bbox 1629 4504 1890 4560; x_wconf 90' lang='lat' dir='ltr'>muneris</span> <span class='ocrx_word' id='word_1_539' title='bbox 1934 4505 2074 4562; x_wconf 88' lang='lat' dir='ltr'>deos</span> 
     </span>
    </p>
   </div>
   <div class='ocr_carea' id='block_1_78' title="bbox 429 4583 2072 4663">
    <p class='ocr_par' dir='ltr' id='par_1_78' title="bbox 429 4583 2072 4663">
     <span class='ocr_line' id='line_1_78' title="bbox 429 4583 2072 4663; baseline 0.005 -24"><span class='ocrx_word' id='word_1_540' title='bbox 429 4583 677 4641; x_wconf 84' lang='lat' dir='ltr'>habitos.</span> <span class='ocrx_word' id='word_1_541' title='bbox 714 4608 742 4636; x_wconf 87' lang='lat'>»</span> <span class='ocrx_word' id='word_1_542' title='bbox 775 4589 968 4644; x_wconf 85' lang='lat' dir='ltr'>Testis</span> <span class='ocrx_word' id='word_1_543' title='bbox 1024 4589 1270 4660; x_wconf 87' lang='lat' dir='ltr'>hujusce</span> <span class='ocrx_word' id='word_1_544' title='bbox 1327 4590 1568 4646; x_wconf 90' lang='lat' dir='ltr'>deorum</span> <span class='ocrx_word' id='word_1_545' title='bbox 1616 4591 1878 4663; x_wconf 87' lang='lat' dir='ltr'>originis,</span> <span class='ocrx_word' id='word_1_546' title='bbox 1912 4591 2072 4648; x_wconf 88' lang='lat' dir='ltr'>omni</span> 
     </span>
    </p>
   </div>
   <div class='ocr_carea' id='block_1_79' title="bbox 429 4673 2074 4752">
    <p class='ocr_par' dir='ltr' id='par_1_79' title="bbox 429 4673 2074 4752">
     <span class='ocr_line' id='line_1_79' title="bbox 429 4673 2074 4752; baseline 0.005 -24"><span class='ocrx_word' id='word_1_547' title='bbox 429 4673 768 4744; x_wconf 80' lang='lat' dir='ltr'>exceptione</span> <span class='ocrx_word' id='word_1_548' title='bbox 799 4677 1003 4745; x_wconf 86' lang='lat' dir='ltr'>major,</span> <span class='ocrx_word' id='word_1_549' title='bbox 1038 4678 1207 4733; x_wconf 91' lang='lat' dir='ltr'>nobis</span> <span class='ocrx_word' id='word_1_550' title='bbox 1262 4685 1352 4735; x_wconf 88' lang='lat' dir='ltr'>est</span> <span class='ocrx_word' id='word_1_551' title='bbox 1409 4679 1626 4747; x_wconf 87' lang='lat' dir='ltr'>Cicero,</span> <span class='ocrx_word' id='word_1_552' title='bbox 1661 4681 1758 4752; x_wconf 92' lang='lat' dir='ltr'>qui</span> <span class='ocrx_word' id='word_1_553' title='bbox 1791 4680 1937 4736; x_wconf 92' lang='lat' dir='ltr'>illud</span> <span class='ocrx_word' id='word_1_554' title='bbox 1981 4681 2074 4736; x_wconf 87' lang='lat' dir='ltr'>his</span> 
     </span>
    </p>
   </div>
   <div class='ocr_carea' id='block_1_80' title="bbox 428 4759 2076 4835">
    <p class='ocr_par' dir='ltr' id='par_1_80' title="bbox 428 4759 2076 4835">
     <span class='ocr_line' id='line_1_80' title="bbox 428 4759 2076 4835; baseline 0.006 -19"><span class='ocrx_word' id='word_1_555' title='bbox 428 4759 638 4829; x_wconf 87' lang='lat' dir='ltr'>verbis,</span> <span class='ocrx_word' id='word_1_556' title='bbox 672 4781 704 4817; x_wconf 83' lang='lat' dir='ltr'>a</span> <span class='ocrx_word' id='word_1_557' title='bbox 736 4763 1035 4820; x_wconf 90' lang='lat' dir='ltr'>Lactantio</span> <span class='ocrx_word' id='word_1_558' title='bbox 1065 4766 1280 4835; x_wconf 86' lang='lat' dir='ltr'>citatis,</span> <span class='ocrx_word' id='word_1_559' title='bbox 1313 4768 1528 4824; x_wconf 90' lang='lat' dir='ltr'>mirum</span> <span class='ocrx_word' id='word_1_560' title='bbox 1579 4770 1637 4824; x_wconf 92' lang='lat' dir='ltr'>in</span> <span class='ocrx_word' id='word_1_561' title='bbox 1671 4770 1912 4826; x_wconf 90' lang='lat' dir='ltr'>modum</span> <span class='ocrx_word' id='word_1_562' title='bbox 1942 4787 2076 4825; x_wconf 85' lang='lat' dir='ltr'>con-</span> 
     </span>
    </p>
   </div>
   <div class='ocr_carea' id='block_1_81' title="bbox 428 4849 2154 4961">
    <p class='ocr_par' dir='ltr' id='par_1_81' title="bbox 428 4849 2154 4961">
     <span class='ocr_line' id='line_1_81' title="bbox 428 4849 2154 4961; baseline 0.007 -57"><span class='ocrx_word' id='word_1_563' title='bbox 428 4849 642 4906; x_wconf 85' lang='lat' dir='ltr'>ﬁrmat.</span> <span class='ocrx_word' id='word_1_564' title='bbox 679 4873 706 4901; x_wconf 84' lang='lat'><strong>«</strong></span> <span class='ocrx_word' id='word_1_565' title='bbox 737 4852 1009 4924; x_wconf 88' lang='lat' dir='ltr'>Suscepit</span> <span class='ocrx_word' id='word_1_566' title='bbox 1036 4855 1154 4910; x_wconf 85' lang='lat' dir='ltr'>vita</span> <span class='ocrx_word' id='word_1_567' title='bbox 1183 4855 1510 4928; x_wconf 89' lang='lat' dir='ltr'>hominum,</span> <span class='ocrx_word' id='word_1_568' title='bbox 1542 4859 1754 4930; x_wconf 91' lang='lat' dir='ltr'>inquit,</span> <span class='ocrx_word' id='word_1_569' title='bbox 1770 4863 2077 4915; x_wconf 89' lang='lat' dir='ltr'>consuetu-</span> <span class='ocrx_word' id='word_1_570' title='bbox 2108 4894 2154 4961; x_wconf 67' lang='grc' dir='ltr'><strong>Β</strong></span> 
     </span>
    </p>
   </div>
   <div class='ocr_carea' id='block_1_82' title="bbox 428 4940 2075 5013">
    <p class='ocr_par' dir='ltr' id='par_1_82' title="bbox 428 4940 2075 5013">
     <span class='ocr_line' id='line_1_82' title="bbox 428 4940 2075 5013; baseline 0.005 -17"><span class='ocrx_word' id='word_1_571' title='bbox 428 4940 619 5013; x_wconf 90' lang='lat' dir='ltr'>doque</span> <span class='ocrx_word' id='word_1_572' title='bbox 649 4942 1002 5009; x_wconf 90' lang='lat' dir='ltr'>communis,</span> <span class='ocrx_word' id='word_1_573' title='bbox 1035 4948 1101 4998; x_wconf 92' lang='lat' dir='ltr'>ut</span> <span class='ocrx_word' id='word_1_574' title='bbox 1131 4944 1428 5000; x_wconf 77' lang='lat' dir='ltr'>beneficiis</span> <span class='ocrx_word' id='word_1_575' title='bbox 1459 4947 1806 5005; x_wconf 84' lang='lat' dir='ltr'>excellentes</span> <span class='ocrx_word' id='word_1_576' title='bbox 1837 4949 1990 5005; x_wconf 89' lang='lat' dir='ltr'>viros</span> <span class='ocrx_word' id='word_1_577' title='bbox 2015 4950 2075 5004; x_wconf 88' lang='lat' dir='ltr'>in</span> 
     </span>
    </p>
   </div>
   <div class='ocr_carea' id='block_1_83' title="bbox 429 5030 2078 5106">
    <p class='ocr_par' dir='ltr' id='par_1_83' title="bbox 429 5030 2078 5106">
     <span class='ocr_line' id='line_1_83' title="bbox 429 5030 2078 5106; baseline 0.005 -20"><span class='ocrx_word' id='word_1_578' title='bbox 429 5030 635 5087; x_wconf 65' lang='lat' dir='ltr'>caelum</span> <span class='ocrx_word' id='word_1_579' title='bbox 670 5032 826 5087; x_wconf 88' lang='lat' dir='ltr'>fama</span> <span class='ocrx_word' id='word_1_580' title='bbox 854 5049 920 5088; x_wconf 91' lang='lat' dir='ltr'>ac</span> <span class='ocrx_word' id='word_1_581' title='bbox 949 5031 1250 5089; x_wconf 88' lang='lat' dir='ltr'>voluntate</span> <span class='ocrx_word' id='word_1_582' title='bbox 1280 5032 1566 5090; x_wconf 90' lang='lat' dir='ltr'>tollerent.</span> <span class='ocrx_word' id='word_1_583' title='bbox 1598 5035 1742 5091; x_wconf 91' lang='lat' dir='ltr'>Hinc</span> <span class='ocrx_word' id='word_1_584' title='bbox 1783 5036 2078 5106; x_wconf 87' lang='lat' dir='ltr'>Hercules,</span> 
     </span>
    </p>
   </div>
   <div class='ocr_carea' id='block_1_84' title="bbox 429 5121 2083 5196">
    <p class='ocr_par' dir='ltr' id='par_1_84' title="bbox 429 5121 2083 5196">
     <span class='ocr_line' id='line_1_84' title="bbox 429 5121 2083 5196; baseline 0.004 -20"><span class='ocrx_word' id='word_1_585' title='bbox 429 5121 565 5178; x_wconf 89' lang='lat' dir='ltr'>hinc</span> <span class='ocrx_word' id='word_1_586' title='bbox 595 5126 796 5177; x_wconf 81' lang='lat' dir='ltr'>Castor</span> <span class='ocrx_word' id='word_1_587' title='bbox 825 5128 880 5177; x_wconf 91' lang='lat' dir='ltr'>et</span> <span class='ocrx_word' id='word_1_588' title='bbox 911 5121 1132 5192; x_wconf 87' lang='lat' dir='ltr'>Pollux,</span> <span class='ocrx_word' id='word_1_589' title='bbox 1166 5123 1302 5178; x_wconf 90' lang='lat' dir='ltr'>hinc</span> <span class='ocrx_word' id='word_1_590' title='bbox 1330 5123 1719 5196; x_wconf 62' lang='lat' dir='ltr'>fEsculapius,</span> <span class='ocrx_word' id='word_1_591' title='bbox 1742 5125 1880 5181; x_wconf 90' lang='lat' dir='ltr'>hinc</span> <span class='ocrx_word' id='word_1_592' title='bbox 1913 5128 2083 5183; x_wconf 92' lang='lat' dir='ltr'>Liber</span> 
     </span>
    </p>
   </div>
   <div class='ocr_carea' id='block_1_85' title="bbox 429 5211 2078 5287">
    <p class='ocr_par' dir='ltr' id='par_1_85' title="bbox 429 5211 2078 5287">
     <span class='ocr_line' id='line_1_85' title="bbox 429 5211 2078 5287; baseline 0.003 -20"><span class='ocrx_word' id='word_1_593' title='bbox 429 5212 605 5269; x_wconf 88' lang='lat' dir='ltr'>etiam</span> <span class='ocrx_word' id='word_1_594' title='bbox 639 5233 668 5262; x_wconf 84' lang='lat'><strong>»</strong></span> <span class='ocrx_word' id='word_1_595' title='bbox 702 5211 838 5280; x_wconf 84' lang='lat' dir='ltr'>(Cic.</span> <span class='ocrx_word' id='word_1_596' title='bbox 897 5211 998 5267; x_wconf 91' lang='lat' dir='ltr'>lib.</span> <span class='ocrx_word' id='word_1_597' title='bbox 1061 5229 1100 5267; x_wconf 80' lang='grc' dir='ltr'>ιι</span> <span class='ocrx_word' id='word_1_598' title='bbox 1157 5212 1222 5268; x_wconf 88' lang='lat' dir='ltr'>de</span> <span class='ocrx_word' id='word_1_599' title='bbox 1277 5213 1470 5269; x_wconf 80' lang='lat' dir='ltr'>Nalur.</span> <span class='ocrx_word' id='word_1_600' title='bbox 1531 5215 1711 5282; x_wconf 84' lang='lat' dir='ltr'>Deor.,</span> <span class='ocrx_word' id='word_1_601' title='bbox 1772 5232 1902 5287; x_wconf 90' lang='lat' dir='ltr'>pag.</span> <span class='ocrx_word' id='word_1_602' title='bbox 1952 5216 2078 5287; x_wconf 86' lang='lat'>223,</span> 
     </span>
    </p>
   </div>
   <div class='ocr_carea' id='block_1_86' title="bbox 428 5300 2078 5378">
    <p class='ocr_par' dir='ltr' id='par_1_86' title="bbox 428 5300 2078 5378">
     <span class='ocr_line' id='line_1_86' title="bbox 428 5300 2078 5378; baseline 0.004 -23"><span class='ocrx_word' id='word_1_603' title='bbox 428 5301 532 5356; x_wconf 84' lang='lat' dir='ltr'>lin.</span> <span class='ocrx_word' id='word_1_604' title='bbox 568 5302 672 5368; x_wconf 87' lang='lat'>13;</span> <span class='ocrx_word' id='word_1_605' title='bbox 726 5303 986 5358; x_wconf 82' lang='lat' dir='ltr'>Lactant.</span> <span class='ocrx_word' id='word_1_606' title='bbox 1037 5300 1138 5357; x_wconf 91' lang='lat' dir='ltr'>lib.</span> <span class='ocrx_word' id='word_1_607' title='bbox 1200 5304 1212 5356; x_wconf 90' lang='lat' dir='ltr'>i</span> <span class='ocrx_word' id='word_1_608' title='bbox 1245 5304 1423 5360; x_wconf 77' lang='lat' dir='ltr'>Instit.</span> <span class='ocrx_word' id='word_1_609' title='bbox 1456 5320 1580 5376; x_wconf 89' lang='lat' dir='ltr'>cap.</span> <span class='ocrx_word' id='word_1_610' title='bbox 1608 5305 1643 5359; x_wconf 92' lang='lat'>8</span> <span class='ocrx_word' id='word_1_611' title='bbox 1673 5305 1827 5362; x_wconf 78' lang='lat'><strong>556</strong></span> <span class='ocrx_word' id='word_1_612' title='bbox 1875 5309 1934 5362; x_wconf 90' lang='lat' dir='ltr'>et</span> <span class='ocrx_word' id='word_1_613' title='bbox 1989 5307 2078 5378; x_wconf 82' lang='grc'>45,</span> 
     </span>
    </p>
   </div>
   <div class='ocr_carea' id='block_1_87' title="bbox 429 5392 2079 5464">
    <p class='ocr_par' dir='ltr' id='par_1_87' title="bbox 429 5392 2079 5464">
     <span class='ocr_line' id='line_1_87' title="bbox 429 5392 2079 5464; baseline 0.005 -20"><span class='ocrx_word' id='word_1_614' title='bbox 429 5405 564 5462; x_wconf 90' lang='lat' dir='ltr'>pag.</span> <span class='ocrx_word' id='word_1_615' title='bbox 622 5392 691 5446; x_wconf 84' lang='grc'>43</span> <span class='ocrx_word' id='word_1_616' title='bbox 748 5395 804 5446; x_wconf 89' lang='lat' dir='ltr'>et</span> <span class='ocrx_word' id='word_1_617' title='bbox 857 5393 966 5464; x_wconf 89' lang='lat'>80).</span> <span class='ocrx_word' id='word_1_618' title='bbox 1031 5392 1257 5448; x_wconf 84' lang='lat' dir='ltr'>Rursus</span> <span class='ocrx_word' id='word_1_619' title='bbox 1315 5397 1511 5448; x_wconf 90' lang='lat' dir='ltr'>autem</span> <span class='ocrx_word' id='word_1_620' title='bbox 1597 5393 1710 5450; x_wconf 89' lang='lat' dir='ltr'>alio</span> <span class='ocrx_word' id='word_1_621' title='bbox 1786 5393 1848 5450; x_wconf 89' lang='lat' dir='ltr'>in</span> <span class='ocrx_word' id='word_1_622' title='bbox 1931 5394 2079 5452; x_wconf 88' lang='lat' dir='ltr'>libro</span> 
     </span>
    </p>
   </div>
   <div class='ocr_carea' id='block_1_88' title="bbox 430 5479 2080 5556">
    <p class='ocr_par' dir='ltr' id='par_1_88' title="bbox 430 5479 2080 5556">
     <span class='ocr_line' id='line_1_88' title="bbox 430 5479 2080 5556; baseline 0.004 -22"><span class='ocrx_word' id='word_1_623' title='bbox 430 5479 553 5534; x_wconf 81' lang='lat' dir='ltr'>haec</span> <span class='ocrx_word' id='word_1_624' title='bbox 610 5495 645 5534; x_wconf 94' lang='lat' dir='ltr'>a</span> <span class='ocrx_word' id='word_1_625' title='bbox 700 5480 1000 5537; x_wconf 86' lang='lat' dir='ltr'>Lactantio</span> <span class='ocrx_word' id='word_1_626' title='bbox 1058 5481 1251 5538; x_wconf 89' lang='lat' dir='ltr'>adhuc</span> <span class='ocrx_word' id='word_1_627' title='bbox 1317 5483 1631 5556; x_wconf 89' lang='lat' dir='ltr'>descripta,</span> <span class='ocrx_word' id='word_1_628' title='bbox 1691 5483 1848 5541; x_wconf 91' lang='lat' dir='ltr'>illius</span> <span class='ocrx_word' id='word_1_629' title='bbox 1904 5484 2080 5540; x_wconf 88' lang='lat' dir='ltr'>verba</span> 
     </span>
    </p>
   </div>
   <div class='ocr_carea' id='block_1_89' title="bbox 431 5565 2082 5646">
    <p class='ocr_par' dir='ltr' id='par_1_89' title="bbox 431 5565 2082 5646">
     <span class='ocr_line' id='line_1_89' title="bbox 431 5565 2082 5646; baseline 0.005 -26"><span class='ocrx_word' id='word_1_630' title='bbox 431 5565 722 5638; x_wconf 80' lang='lat' dir='ltr'>legimus:</span> <span class='ocrx_word' id='word_1_631' title='bbox 756 5592 782 5617; x_wconf 90' lang='grc'>‹‹</span> <span class='ocrx_word' id='word_1_632' title='bbox 821 5569 880 5623; x_wconf 87' lang='lat' dir='ltr'>In</span> <span class='ocrx_word' id='word_1_633' title='bbox 911 5569 1204 5643; x_wconf 88' lang='lat' dir='ltr'>plerisque</span> <span class='ocrx_word' id='word_1_634' title='bbox 1235 5571 1567 5629; x_wconf 77' lang='lat' dir='ltr'>civitatibus</span> <span class='ocrx_word' id='word_1_635' title='bbox 1613 5573 1859 5646; x_wconf 83' lang='lat' dir='ltr'>intelligi</span> <span class='ocrx_word' id='word_1_636' title='bbox 1890 5577 2082 5646; x_wconf 86' lang='lat' dir='ltr'>potest</span> 
     </span>
    </p>
   </div>
   <div class='ocr_carea' id='block_1_90' title="bbox 431 5655 2076 5735">
    <p class='ocr_par' dir='ltr' id='par_1_90' title="bbox 431 5655 2076 5735">
     <span class='ocr_line' id='line_1_90' title="bbox 431 5655 2076 5735; baseline 0.005 -24"><span class='ocrx_word' id='word_1_637' title='bbox 431 5655 706 5727; x_wconf 58' lang='lat' dir='ltr'>augendae</span> <span class='ocrx_word' id='word_1_638' title='bbox 741 5657 972 5713; x_wconf 84' lang='lat' dir='ltr'>virtutis</span> <span class='ocrx_word' id='word_1_639' title='bbox 1018 5660 1227 5732; x_wconf 85' lang='lat' dir='ltr'>gratia,</span> <span class='ocrx_word' id='word_1_640' title='bbox 1259 5677 1372 5733; x_wconf 87' lang='lat' dir='ltr'>quo</span> <span class='ocrx_word' id='word_1_641' title='bbox 1418 5661 1699 5718; x_wconf 86' lang='lat' dir='ltr'>libentius</span> <span class='ocrx_word' id='word_1_642' title='bbox 1746 5661 2076 5735; x_wconf 54' lang='lat' dir='ltr'>reipublic»</span> 
     </span>
    </p>
   </div>
   <div class='ocr_carea' id='block_1_91' title="bbox 2181 3594 3792 3680">
    <p class='ocr_par' dir='ltr' id='par_1_91' title="bbox 2181 3594 3792 3680">
     <span class='ocr_line' id='line_1_91' title="bbox 2181 3594 3792 3680; baseline -0.012 -15"><span class='ocrx_word' id='word_1_643' title='bbox 2181 3625 2358 3666; x_wconf 89' lang='lat' dir='ltr'>causa</span> <span class='ocrx_word' id='word_1_644' title='bbox 2388 3605 2713 3680; x_wconf 90' lang='lat' dir='ltr'>periculurn</span> <span class='ocrx_word' id='word_1_645' title='bbox 2746 3605 2933 3661; x_wconf 90' lang='lat' dir='ltr'>adiret</span> <span class='ocrx_word' id='word_1_646' title='bbox 2960 3604 3229 3678; x_wconf 82' lang='lat' dir='ltr'>optimus</span> <span class='ocrx_word' id='word_1_647' title='bbox 3280 3603 3550 3676; x_wconf 89' lang='lat' dir='ltr'>quisque,</span> <span class='ocrx_word' id='word_1_648' title='bbox 3577 3594 3792 3652; x_wconf 84' lang='lat' dir='ltr'>virorum</span> 
     </span>
    </p>
   </div>
   <div class='ocr_carea' id='block_1_92' title="bbox 2182 3681 3791 3754">
    <p class='ocr_par' dir='ltr' id='par_1_92' title="bbox 2182 3681 3791 3754">
     <span class='ocr_line' id='line_1_92' title="bbox 2182 3681 3791 3754; baseline -0.012 -1"><span class='ocrx_word' id='word_1_649' title='bbox 2182 3697 2418 3754; x_wconf 87' lang='lat' dir='ltr'>fortium</span> <span class='ocrx_word' id='word_1_650' title='bbox 2453 3696 2795 3752; x_wconf 88' lang='lat' dir='ltr'>memoriam</span> <span class='ocrx_word' id='word_1_651' title='bbox 2835 3695 3056 3752; x_wconf 90' lang='lat' dir='ltr'>honore</span> <span class='ocrx_word' id='word_1_652' title='bbox 3112 3693 3368 3749; x_wconf 88' lang='lat' dir='ltr'>deorum</span> <span class='ocrx_word' id='word_1_653' title='bbox 3415 3681 3791 3745; x_wconf 66' lang='lat' dir='ltr'>immortalium</span> 
     </span>
    </p>
   </div>
   <div class='ocr_carea' id='block_1_93' title="bbox 2180 3770 3797 3855">
    <p class='ocr_par' dir='ltr' id='par_1_93' title="bbox 2180 3770 3797 3855">
     <span class='ocr_line' id='line_1_93' title="bbox 2180 3770 3797 3855; baseline -0.006 -13"><span class='ocrx_word' id='word_1_654' title='bbox 2180 3789 2578 3844; x_wconf 88' lang='lat' dir='ltr'>consecratam</span> <span class='ocrx_word' id='word_1_655' title='bbox 2642 3808 2662 3833; x_wconf 76' lang='grc' dir='ltr'>ι</span> <span class='ocrx_word' id='word_1_656' title='bbox 2750 3782 2913 3855; x_wconf 91' lang='lat' dir='ltr'>(Cic.,</span> <span class='ocrx_word' id='word_1_657' title='bbox 2991 3781 3093 3837; x_wconf 92' lang='lat' dir='ltr'>lib.</span> <span class='ocrx_word' id='word_1_658' title='bbox 3170 3798 3242 3837; x_wconf 84' lang='lat' dir='ltr'>III</span> <span class='ocrx_word' id='word_1_659' title='bbox 3303 3779 3368 3836; x_wconf 82' lang='lat' dir='ltr'>de</span> <span class='ocrx_word' id='word_1_660' title='bbox 3424 3779 3608 3834; x_wconf 76' lang='lat' dir='ltr'>Natur.</span> <span class='ocrx_word' id='word_1_661' title='bbox 3654 3770 3797 3831; x_wconf 66' lang='lat' dir='ltr'>deam</span> 
     </span>
    </p>
   </div>
   <div class='ocr_carea' id='block_1_94' title="bbox 2180 3860 3798 3952">
    <p class='ocr_par' dir='ltr' id='par_1_94' title="bbox 2180 3860 3798 3952">
     <span class='ocr_line' id='line_1_94' title="bbox 2180 3860 3798 3952; baseline -0.011 -21"><span class='ocrx_word' id='word_1_662' title='bbox 2180 3893 2313 3950; x_wconf 88' lang='lat' dir='ltr'>pag.</span> <span class='ocrx_word' id='word_1_663' title='bbox 2343 3875 2471 3941; x_wconf 84' lang='grc'>247,</span> <span class='ocrx_word' id='word_1_664' title='bbox 2503 3873 2607 3929; x_wconf 91' lang='lat' dir='ltr'>lin.</span> <span class='ocrx_word' id='word_1_665' title='bbox 2638 3873 2711 3941; x_wconf 85' lang='lat'>8;</span> <span class='ocrx_word' id='word_1_666' title='bbox 2746 3873 3005 3927; x_wconf 84' lang='lat' dir='ltr'>Lactant.</span> <span class='ocrx_word' id='word_1_667' title='bbox 3060 3872 3165 3926; x_wconf 79' lang='lat' dir='ltr'>loc.</span> <span class='ocrx_word' id='word_1_668' title='bbox 3235 3870 3388 3942; x_wconf 84' lang='lat' dir='ltr'>cit.).</span> <span class='ocrx_word' id='word_1_669' title='bbox 3426 3865 3649 3923; x_wconf 88' lang='lat' dir='ltr'>Poterat</span> <span class='ocrx_word' id='word_1_670' title='bbox 3675 3860 3798 3952; x_wconf 50' lang='lat' dir='ltr'>certe</span> 
     </span>
    </p>
   </div>
   <div class='ocr_carea' id='block_1_95' title="bbox 2182 3944 3795 4033">
    <p class='ocr_par' dir='ltr' id='par_1_95' title="bbox 2182 3944 3795 4033">
     <span class='ocr_line' id='line_1_95' title="bbox 2182 3944 3795 4033; baseline -0.011 -12"><span class='ocrx_word' id='word_1_671' title='bbox 2182 3944 2517 4021; x_wconf 74' lang='lat' dir='ltr'>Lactantius</span> <span class='ocrx_word' id='word_1_672' title='bbox 2546 3961 2784 4018; x_wconf 90' lang='lat' dir='ltr'>tertium</span> <span class='ocrx_word' id='word_1_673' title='bbox 2816 3959 3074 4033; x_wconf 84' lang='lat' dir='ltr'>proferre</span> <span class='ocrx_word' id='word_1_674' title='bbox 3127 3957 3432 4016; x_wconf 88' lang='lat' dir='ltr'>Ciceronis</span> <span class='ocrx_word' id='word_1_675' title='bbox 3490 3955 3691 4012; x_wconf 84' lang='lat' dir='ltr'>locum,</span> <span class='ocrx_word' id='word_1_676' title='bbox 3718 3944 3795 3999; x_wconf 77' lang='lat' dir='ltr'>ubi</span> 
     </span>
    </p>
   </div>
   <div class='ocr_carea' id='block_1_96' title="bbox 2181 4038 3798 4122">
    <p class='ocr_par' dir='ltr' id='par_1_96' title="bbox 2181 4038 3798 4122">
     <span class='ocr_line' id='line_1_96' title="bbox 2181 4038 3798 4122; baseline -0.014 -12"><span class='ocrx_word' id='word_1_677' title='bbox 2181 4071 2296 4110; x_wconf 88' lang='lat' dir='ltr'>non</span> <span class='ocrx_word' id='word_1_678' title='bbox 2324 4053 2522 4108; x_wconf 91' lang='lat' dir='ltr'>minus</span> <span class='ocrx_word' id='word_1_679' title='bbox 2555 4050 2727 4118; x_wconf 89' lang='lat' dir='ltr'>clare,</span> <span class='ocrx_word' id='word_1_680' title='bbox 2759 4066 2936 4122; x_wconf 90' lang='lat' dir='ltr'>quam</span> <span class='ocrx_word' id='word_1_681' title='bbox 2971 4049 3031 4104; x_wconf 91' lang='lat' dir='ltr'>in</span> <span class='ocrx_word' id='word_1_682' title='bbox 3085 4047 3500 4121; x_wconf 86' lang='lat' dir='ltr'>superioribus</span> <span class='ocrx_word' id='word_1_683' title='bbox 3533 4038 3798 4112; x_wconf 86' lang='lat' dir='ltr'>loquitur:</span> 
     </span>
    </p>
   </div>
   <div class='ocr_carea' id='block_1_97' title="bbox 2189 4129 3801 4213">
    <p class='ocr_par' dir='ltr' id='par_1_97' title="bbox 2189 4129 3801 4213">
     <span class='ocr_line' id='line_1_97' title="bbox 2189 4129 3801 4213; baseline -0.015 -14"><span class='ocrx_word' id='word_1_684' title='bbox 2189 4163 2210 4192; x_wconf 76' lang='grc' dir='ltr'><strong>α</strong></span> <span class='ocrx_word' id='word_1_685' title='bbox 2244 4143 2463 4208; x_wconf 89' lang='lat' dir='ltr'>Fortes,</span> <span class='ocrx_word' id='word_1_686' title='bbox 2495 4140 2709 4213; x_wconf 82' lang='lat' dir='ltr'>inquit,</span> <span class='ocrx_word' id='word_1_687' title='bbox 2742 4143 2843 4195; x_wconf 91' lang='lat' dir='ltr'>aut</span> <span class='ocrx_word' id='word_1_688' title='bbox 2873 4138 3082 4206; x_wconf 90' lang='lat' dir='ltr'>claros,</span> <span class='ocrx_word' id='word_1_689' title='bbox 3113 4143 3216 4193; x_wconf 91' lang='lat' dir='ltr'>aut</span> <span class='ocrx_word' id='word_1_690' title='bbox 3250 4140 3522 4210; x_wconf 89' lang='lat' dir='ltr'>potentes</span> <span class='ocrx_word' id='word_1_691' title='bbox 3546 4129 3688 4184; x_wconf 90' lang='lat' dir='ltr'>viros</span> <span class='ocrx_word' id='word_1_692' title='bbox 3713 4130 3801 4178; x_wconf 86' lang='lat' dir='ltr'>tra-</span> 
     </span>
    </p>
   </div>
   <div class='ocr_carea' id='block_1_98' title="bbox 2183 4225 3804 4304">
    <p class='ocr_par' dir='ltr' id='par_1_98' title="bbox 2183 4225 3804 4304">
     <span class='ocr_line' id='line_1_98' title="bbox 2183 4225 3804 4304; baseline -0.011 -16"><span class='ocrx_word' id='word_1_693' title='bbox 2183 4233 2330 4288; x_wconf 91' lang='lat' dir='ltr'>dunt</span> <span class='ocrx_word' id='word_1_694' title='bbox 2363 4236 2493 4304; x_wconf 91' lang='lat' dir='ltr'>post</span> <span class='ocrx_word' id='word_1_695' title='bbox 2521 4234 2771 4286; x_wconf 91' lang='lat' dir='ltr'>mortem</span> <span class='ocrx_word' id='word_1_696' title='bbox 2803 4229 2874 4284; x_wconf 87' lang='lat' dir='ltr'>ad</span> <span class='ocrx_word' id='word_1_697' title='bbox 2908 4229 3049 4284; x_wconf 90' lang='lat' dir='ltr'>deos</span> <span class='ocrx_word' id='word_1_698' title='bbox 3075 4227 3442 4300; x_wconf 86' lang='lat' dir='ltr'>pervenisse,</span> <span class='ocrx_word' id='word_1_699' title='bbox 3479 4231 3684 4292; x_wconf 86' lang='lat' dir='ltr'>eosque</span> <span class='ocrx_word' id='word_1_700' title='bbox 3703 4225 3804 4304; x_wconf 60' lang='lat' dir='ltr'>esse</span> 
     </span>
    </p>
   </div>
   <div class='ocr_carea' id='block_1_99' title="bbox 2182 4299 3804 4392">
    <p class='ocr_par' dir='ltr' id='par_1_99' title="bbox 2182 4299 3804 4392">
     <span class='ocr_line' id='line_1_99' title="bbox 2182 4299 3804 4392; baseline -0.009 -16"><span class='ocrx_word' id='word_1_701' title='bbox 2182 4299 2544 4392; x_wconf 42' lang='lat' dir='ltr'>ipsos,—quos</span> <span class='ocrx_word' id='word_1_702' title='bbox 2579 4335 2684 4374; x_wconf 92' lang='lat' dir='ltr'>nos</span> <span class='ocrx_word' id='word_1_703' title='bbox 2717 4299 3456 4390; x_wconf 83' lang='lat' dir='ltr'>colere,precari,venerari</span> <span class='ocrx_word' id='word_1_704' title='bbox 3491 4299 3804 4367; x_wconf 72' lang='lat' dir='ltr'>soleamus?”</span> 
     </span>
    </p>
   </div>
   <div class='ocr_carea' id='block_1_100' title="bbox 2181 4396 3810 4485">
    <p class='ocr_par' dir='ltr' id='par_1_100' title="bbox 2181 4396 3810 4485">
     <span class='ocr_line' id='line_1_100' title="bbox 2181 4396 3810 4485; baseline -0.012 -18"><span class='ocrx_word' id='word_1_705' title='bbox 2181 4411 2322 4485; x_wconf 92' lang='lat' dir='ltr'>(Cic.</span> <span class='ocrx_word' id='word_1_706' title='bbox 2354 4410 2456 4465; x_wconf 91' lang='lat' dir='ltr'>lib.</span> <span class='ocrx_word' id='word_1_707' title='bbox 2493 4427 2511 4465; x_wconf 78' lang='grc' dir='ltr'>ι</span> <span class='ocrx_word' id='word_1_708' title='bbox 2541 4409 2605 4465; x_wconf 84' lang='lat' dir='ltr'>de</span> <span class='ocrx_word' id='word_1_709' title='bbox 2632 4413 2832 4467; x_wconf 79' lang='lat' dir='ltr'>Natur.</span> <span class='ocrx_word' id='word_1_710' title='bbox 2865 4407 3011 4463; x_wconf 83' lang='lat' dir='ltr'>deor.</span> <span class='ocrx_word' id='word_1_711' title='bbox 3065 4422 3196 4478; x_wconf 88' lang='lat' dir='ltr'>pag.</span> <span class='ocrx_word' id='word_1_712' title='bbox 3257 4405 3390 4472; x_wconf 81' lang='grc'>212,</span> <span class='ocrx_word' id='word_1_713' title='bbox 3422 4402 3529 4459; x_wconf 91' lang='lat' dir='ltr'>lin.</span> <span class='ocrx_word' id='word_1_714' title='bbox 3564 4396 3672 4468; x_wconf 74' lang='grc'>34.)</span> <span class='ocrx_word' id='word_1_715' title='bbox 3706 4396 3810 4448; x_wconf 78' lang='lat' dir='ltr'>Per-</span> 
     </span>
    </p>
   </div>
   <div class='ocr_carea' id='block_1_101' title="bbox 2183 4487 3808 4574">
    <p class='ocr_par' dir='ltr' id='par_1_101' title="bbox 2183 4487 3808 4574">
     <span class='ocr_line' id='line_1_101' title="bbox 2183 4487 3808 4574; baseline -0.01 -17"><span class='ocrx_word' id='word_1_716' title='bbox 2183 4501 2370 4574; x_wconf 90' lang='lat' dir='ltr'>pende</span> <span class='ocrx_word' id='word_1_717' title='bbox 2397 4503 2613 4566; x_wconf 87' lang='lat' dir='ltr'>autem,</span> <span class='ocrx_word' id='word_1_718' title='bbox 2646 4513 2863 4571; x_wconf 78' lang='lat' dir='ltr'>quaeso,</span> <span class='ocrx_word' id='word_1_719' title='bbox 2897 4500 3096 4550; x_wconf 89' lang='lat' dir='ltr'>utrum</span> <span class='ocrx_word' id='word_1_720' title='bbox 3128 4494 3429 4549; x_wconf 88' lang='lat' dir='ltr'>Minucius</span> <span class='ocrx_word' id='word_1_721' title='bbox 3459 4491 3531 4546; x_wconf 89' lang='lat' dir='ltr'>ad</span> <span class='ocrx_word' id='word_1_722' title='bbox 3580 4487 3692 4542; x_wconf 59' lang='lat' dir='ltr'>hac</span> <span class='ocrx_word' id='word_1_723' title='bbox 3727 4493 3808 4552; x_wconf 77' lang='lat' dir='ltr'>p0-</span> 
     </span>
    </p>
   </div>
   <div class='ocr_carea' id='block_1_102' title="bbox 2180 4581 3785 4665">
    <p class='ocr_par' dir='ltr' id='par_1_102' title="bbox 2180 4581 3785 4665">
     <span class='ocr_line' id='line_1_102' title="bbox 2180 4581 3785 4665; baseline -0.009 -18"><span class='ocrx_word' id='word_1_724' title='bbox 2180 4589 2478 4647; x_wconf 90' lang='lat' dir='ltr'>tissimum</span> <span class='ocrx_word' id='word_1_725' title='bbox 2509 4586 2802 4644; x_wconf 88' lang='lat' dir='ltr'>Ciceronis</span> <span class='ocrx_word' id='word_1_726' title='bbox 2832 4583 3005 4640; x_wconf 90' lang='lat' dir='ltr'>verba</span> <span class='ocrx_word' id='word_1_727' title='bbox 3033 4581 3454 4640; x_wconf 89' lang='lat' dir='ltr'>collineaverit.</span> <span class='ocrx_word' id='word_1_728' title='bbox 3671 4663 3684 4665; x_wconf 79' lang='lat'>_</span> <span class='ocrx_word' id='word_1_729' title='bbox 3776 4654 3785 4665; x_wconf 42' lang='lat'><em>.</em></span> 
     </span>
    </p>
   </div>
   <div class='ocr_carea' id='block_1_103' title="bbox 2253 4658 3808 4749">
    <p class='ocr_par' dir='ltr' id='par_1_103' title="bbox 2253 4658 3808 4749">
     <span class='ocr_line' id='line_1_103' title="bbox 2253 4658 3808 4749; baseline -0.017 -14"><span class='ocrx_word' id='word_1_730' title='bbox 2253 4679 2460 4735; x_wconf 89' lang='lat' dir='ltr'>Tacuit</span> <span class='ocrx_word' id='word_1_731' title='bbox 2491 4676 2727 4749; x_wconf 90' lang='lat' dir='ltr'>quidem</span> <span class='ocrx_word' id='word_1_732' title='bbox 2783 4673 3004 4730; x_wconf 86' lang='lat' dir='ltr'>latinus</span> <span class='ocrx_word' id='word_1_733' title='bbox 3061 4673 3172 4727; x_wconf 91' lang='lat' dir='ltr'>iste</span> <span class='ocrx_word' id='word_1_734' title='bbox 3226 4676 3449 4736; x_wconf 88' lang='lat' dir='ltr'>orator,</span> <span class='ocrx_word' id='word_1_735' title='bbox 3484 4666 3633 4740; x_wconf 92' lang='lat' dir='ltr'>quod</span> <span class='ocrx_word' id='word_1_736' title='bbox 3663 4658 3808 4718; x_wconf 85' lang='lat' dir='ltr'>fuerit</span> 
     </span>
    </p>
   </div>
   <div class='ocr_carea' id='block_1_104' title="bbox 2183 4753 3812 4851">
    <p class='ocr_par' dir='ltr' id='par_1_104' title="bbox 2183 4753 3812 4851">
     <span class='ocr_line' id='line_1_104' title="bbox 2183 4753 3812 4851; baseline -0.016 -26"><span class='ocrx_word' id='word_1_737' title='bbox 2183 4767 2434 4841; x_wconf 90' lang='lat' dir='ltr'>perversi</span> <span class='ocrx_word' id='word_1_738' title='bbox 2472 4767 2719 4838; x_wconf 87' lang='lat' dir='ltr'>hujusce</span> <span class='ocrx_word' id='word_1_739' title='bbox 2746 4764 2928 4819; x_wconf 90' lang='lat' dir='ltr'>moris</span> <span class='ocrx_word' id='word_1_740' title='bbox 2959 4761 3232 4818; x_wconf 88' lang='lat' dir='ltr'>initium:</span> <span class='ocrx_word' id='word_1_741' title='bbox 3264 4760 3370 4816; x_wconf 89' lang='lat' dir='ltr'>sed</span> <span class='ocrx_word' id='word_1_742' title='bbox 3402 4756 3624 4851; x_wconf 78' lang='lat' dir='ltr'>Plinius</span> <span class='ocrx_word' id='word_1_743' title='bbox 3653 4753 3812 4851; x_wconf 76' lang='lat' dir='ltr'>vetus-</span> 
     </span>
    </p>
   </div>
   <div class='ocr_carea' id='block_1_105' title="bbox 2182 4844 3813 4914">
    <p class='ocr_par' dir='ltr' id='par_1_105' title="bbox 2182 4844 3813 4914">
     <span class='ocr_line' id='line_1_105' title="bbox 2182 4844 3813 4914; baseline -0.013 -1"><span class='ocrx_word' id='word_1_744' title='bbox 2182 4857 2480 4914; x_wconf 88' lang='lat' dir='ltr'>tissimum</span> <span class='ocrx_word' id='word_1_745' title='bbox 2513 4871 2642 4912; x_wconf 90' lang='lat' dir='ltr'>esse</span> <span class='ocrx_word' id='word_1_746' title='bbox 2677 4853 2972 4909; x_wconf 85' lang='lat' dir='ltr'>declarat:</span> <span class='ocrx_word' id='word_1_747' title='bbox 3024 4874 3053 4902; x_wconf 89' lang='grc'>‹‹</span> <span class='ocrx_word' id='word_1_748' title='bbox 3108 4851 3211 4906; x_wconf 89' lang='lat' dir='ltr'>Hic</span> <span class='ocrx_word' id='word_1_749' title='bbox 3268 4854 3363 4906; x_wconf 90' lang='lat' dir='ltr'>est</span> <span class='ocrx_word' id='word_1_750' title='bbox 3411 4844 3813 4903; x_wconf 75' lang='lat' dir='ltr'>vetustissimus</span> 
     </span>
    </p>
   </div>
   <div class='ocr_carea' id='block_1_106' title="bbox 2192 4925 3814 5013">
    <p class='ocr_par' dir='ltr' id='par_1_106' title="bbox 2192 4925 3814 5013">
     <span class='ocr_line' id='line_1_106' title="bbox 2192 4925 3814 5013; baseline -0.017 -10"><span class='ocrx_word' id='word_1_751' title='bbox 2192 4945 2475 5003; x_wconf 84' lang='lat' dir='ltr'>referendi</span> <span class='ocrx_word' id='word_1_752' title='bbox 2508 4946 2653 5000; x_wconf 91' lang='lat' dir='ltr'>bene</span> <span class='ocrx_word' id='word_1_753' title='bbox 2685 4942 3042 4998; x_wconf 88' lang='lat' dir='ltr'>merentibus</span> <span class='ocrx_word' id='word_1_754' title='bbox 3103 4940 3358 5013; x_wconf 89' lang='lat' dir='ltr'>gratiam</span> <span class='ocrx_word' id='word_1_755' title='bbox 3426 4951 3574 5001; x_wconf 89' lang='lat' dir='ltr'>mos,</span> <span class='ocrx_word' id='word_1_756' title='bbox 3607 4935 3668 4986; x_wconf 92' lang='lat' dir='ltr'>ut</span> <span class='ocrx_word' id='word_1_757' title='bbox 3691 4925 3814 4983; x_wconf 82' lang='lat' dir='ltr'>tales</span> 
     </span>
    </p>
   </div>
   <div class='ocr_carea' id='block_1_107' title="bbox 2191 5018 3814 5102">
    <p class='ocr_par' dir='ltr' id='par_1_107' title="bbox 2191 5018 3814 5102">
     <span class='ocr_line' id='line_1_107' title="bbox 2191 5018 3814 5102; baseline -0.011 -9"><span class='ocrx_word' id='word_1_758' title='bbox 2191 5035 2536 5093; x_wconf 85' lang='lat' dir='ltr'>numinibus</span> <span class='ocrx_word' id='word_1_759' title='bbox 2563 5033 2860 5089; x_wconf 85' lang='lat' dir='ltr'>ascribant</span> <span class='ocrx_word' id='word_1_760' title='bbox 2880 5030 2908 5085; x_wconf 84' lang='lat'><strong>?</strong></span> <span class='ocrx_word' id='word_1_761' title='bbox 2942 5053 2968 5081; x_wconf 86' lang='grc'><strong>››</strong></span> <span class='ocrx_word' id='word_1_762' title='bbox 2999 5029 3193 5102; x_wconf 84' lang='lat' dir='ltr'>(Plin.,</span> <span class='ocrx_word' id='word_1_763' title='bbox 3242 5027 3350 5084; x_wconf 91' lang='lat' dir='ltr'>lib.</span> <span class='ocrx_word' id='word_1_764' title='bbox 3385 5044 3425 5082; x_wconf 81' lang='grc' dir='ltr'><strong>ιι</strong></span> <span class='ocrx_word' id='word_1_765' title='bbox 3455 5028 3650 5081; x_wconf 82' lang='lat' dir='ltr'>Natur.</span> <span class='ocrx_word' id='word_1_766' title='bbox 3680 5018 3814 5075; x_wconf 67' lang='lat' dir='ltr'>Hist,</span> 
     </span>
    </p>
   </div>
   <div class='ocr_carea' id='block_1_108' title="bbox 2191 5107 3817 5204">
    <p class='ocr_par' dir='ltr' id='par_1_108' title="bbox 2191 5107 3817 5204">
     <span class='ocr_line' id='line_1_108' title="bbox 2191 5107 3817 5204; baseline -0.025 -5"><span class='ocrx_word' id='word_1_767' title='bbox 2191 5142 2316 5197; x_wconf 72' lang='grc' dir='ltr'>θαΡ·</span> <span class='ocrx_word' id='word_1_768' title='bbox 2343 5127 2398 5192; x_wconf 73' lang='grc'>7,</span> <span class='ocrx_word' id='word_1_769' title='bbox 2434 5139 2564 5196; x_wconf 72' lang='lat' dir='ltr'>pag.</span> <span class='ocrx_word' id='word_1_770' title='bbox 2599 5121 2744 5194; x_wconf 75' lang='grc'>144.)</span> <span class='ocrx_word' id='word_1_771' title='bbox 2800 5119 3019 5175; x_wconf 90' lang='lat' dir='ltr'>Verum</span> <span class='ocrx_word' id='word_1_772' title='bbox 3079 5115 3524 5191; x_wconf 86' lang='lat' dir='ltr'>quantumlibet</span> <span class='ocrx_word' id='word_1_773' title='bbox 3569 5107 3817 5204; x_wconf 74' lang='lat' dir='ltr'>antiquus</span> 
     </span>
    </p>
   </div>
   <div class='ocr_carea' id='block_1_109' title="bbox 2190 5197 3816 5283">
    <p class='ocr_par' dir='ltr' id='par_1_109' title="bbox 2190 5197 3816 5283">
     <span class='ocr_line' id='line_1_109' title="bbox 2190 5197 3816 5283; baseline -0.014 -14"><span class='ocrx_word' id='word_1_774' title='bbox 2190 5215 2363 5270; x_wconf 88' lang='lat' dir='ltr'>fuerit</span> <span class='ocrx_word' id='word_1_775' title='bbox 2392 5213 2488 5268; x_wconf 91' lang='lat' dir='ltr'>ille</span> <span class='ocrx_word' id='word_1_776' title='bbox 2518 5228 2665 5283; x_wconf 83' lang='lat' dir='ltr'>mos,</span> <span class='ocrx_word' id='word_1_777' title='bbox 2699 5227 2811 5265; x_wconf 92' lang='lat' dir='ltr'>non</span> <span class='ocrx_word' id='word_1_778' title='bbox 2843 5209 2905 5263; x_wconf 85' lang='lat' dir='ltr'>in</span> <span class='ocrx_word' id='word_1_779' title='bbox 2934 5211 3110 5282; x_wconf 77' lang='lat' dir='ltr'>ipsius</span> <span class='ocrx_word' id='word_1_780' title='bbox 3137 5211 3333 5264; x_wconf 88' lang='lat' dir='ltr'>tamen</span> <span class='ocrx_word' id='word_1_781' title='bbox 3373 5197 3685 5271; x_wconf 87' lang='lat' dir='ltr'>mundi,uti</span> <span class='ocrx_word' id='word_1_782' title='bbox 3715 5197 3816 5250; x_wconf 81' lang='lat' dir='ltr'>aie-</span> 
     </span>
    </p>
   </div>
   <div class='ocr_carea' id='block_1_110' title="bbox 2187 5285 3820 5371">
    <p class='ocr_par' dir='ltr' id='par_1_110' title="bbox 2187 5285 3820 5371">
     <span class='ocr_line' id='line_1_110' title="bbox 2187 5285 3820 5371; baseline -0.012 -12"><span class='ocrx_word' id='word_1_783' title='bbox 2187 5304 2288 5359; x_wconf 87' lang='lat' dir='ltr'>bat</span> <span class='ocrx_word' id='word_1_784' title='bbox 2317 5301 2602 5371; x_wconf 73' lang='lat' dir='ltr'>Caacilius,</span> <span class='ocrx_word' id='word_1_785' title='bbox 2633 5299 2920 5356; x_wconf 74' lang='lat' dir='ltr'>natalibus</span> <span class='ocrx_word' id='word_1_786' title='bbox 2952 5303 3115 5354; x_wconf 87' lang='lat' dir='ltr'>ortus</span> <span class='ocrx_word' id='word_1_787' title='bbox 3163 5301 3274 5353; x_wconf 87' lang='lat' dir='ltr'>est.</span> <span class='ocrx_word' id='word_1_788' title='bbox 3308 5297 3478 5352; x_wconf 91' lang='lat' dir='ltr'>Tunc</span> <span class='ocrx_word' id='word_1_789' title='bbox 3505 5290 3667 5368; x_wconf 74' lang='lat' dir='ltr'>enim</span> <span class='ocrx_word' id='word_1_790' title='bbox 3696 5285 3820 5340; x_wconf 86' lang='lat' dir='ltr'>dun-</span> 
     </span>
    </p>
   </div>
   <div class='ocr_carea' id='block_1_111' title="bbox 2189 5381 3816 5464">
    <p class='ocr_par' dir='ltr' id='par_1_111' title="bbox 2189 5381 3816 5464">
     <span class='ocr_line' id='line_1_111' title="bbox 2189 5381 3816 5464; baseline -0.009 -16"><span class='ocrx_word' id='word_1_791' title='bbox 2189 5397 2345 5448; x_wconf 83' lang='lat' dir='ltr'>taxat</span> <span class='ocrx_word' id='word_1_792' title='bbox 2375 5392 2570 5464; x_wconf 75' lang='lat' dir='ltr'>cmpit,</span> <span class='ocrx_word' id='word_1_793' title='bbox 2603 5395 2667 5446; x_wconf 92' lang='lat' dir='ltr'>ut</span> <span class='ocrx_word' id='word_1_794' title='bbox 2696 5393 2849 5446; x_wconf 89' lang='lat' dir='ltr'>recte</span> <span class='ocrx_word' id='word_1_795' title='bbox 2873 5388 3068 5461; x_wconf 89' lang='lat' dir='ltr'>arguit</span> <span class='ocrx_word' id='word_1_796' title='bbox 3099 5381 3668 5458; x_wconf 82' lang='lat' dir='ltr'>Octavius,quando«</span> <span class='ocrx_word' id='word_1_797' title='bbox 3683 5387 3816 5448; x_wconf 63' lang='lat' dir='ltr'>que-</span> 
     </span>
    </p>
   </div>
   <div class='ocr_carea' id='block_1_112' title="bbox 2190 5467 3814 5561">
    <p class='ocr_par' dir='ltr' id='par_1_112' title="bbox 2190 5467 3814 5561">
     <span class='ocr_line' id='line_1_112' title="bbox 2190 5467 3814 5561; baseline -0.007 -23"><span class='ocrx_word' id='word_1_798' title='bbox 2190 5499 2302 5555; x_wconf 90' lang='lat' dir='ltr'>que</span> <span class='ocrx_word' id='word_1_799' title='bbox 2332 5482 2490 5537; x_wconf 89' lang='lat' dir='ltr'>natio</span> <span class='ocrx_word' id='word_1_800' title='bbox 2522 5480 2880 5536; x_wconf 89' lang='lat' dir='ltr'>conditorem</span> <span class='ocrx_word' id='word_1_801' title='bbox 2916 5494 3112 5545; x_wconf 89' lang='lat' dir='ltr'>suum,</span> <span class='ocrx_word' id='word_1_802' title='bbox 3136 5479 3236 5532; x_wconf 91' lang='lat' dir='ltr'>aut</span> <span class='ocrx_word' id='word_1_803' title='bbox 3267 5476 3483 5532; x_wconf 89' lang='lat' dir='ltr'>ducem</span> <span class='ocrx_word' id='word_1_804' title='bbox 3535 5467 3814 5561; x_wconf 43' lang='lat' dir='ltr'>inclytus).</span> 
     </span>
    </p>
   </div>
   <div class='ocr_carea' id='block_1_113' title="bbox 2188 5551 3817 5644">
    <p class='ocr_par' dir='ltr' id='par_1_113' title="bbox 2188 5551 3817 5644">
     <span class='ocr_line' id='line_1_113' title="bbox 2188 5551 3817 5644; baseline -0.012 -16"><span class='ocrx_word' id='word_1_805' title='bbox 2188 5551 2254 5628; x_wconf 82' lang='lat' dir='ltr'>ut</span> <span class='ocrx_word' id='word_1_806' title='bbox 2284 5572 2541 5644; x_wconf 87' lang='lat' dir='ltr'>reginam</span> <span class='ocrx_word' id='word_1_807' title='bbox 2577 5570 2873 5642; x_wconf 89' lang='lat' dir='ltr'>pudicam,</span> <span class='ocrx_word' id='word_1_808' title='bbox 2907 5585 3045 5625; x_wconf 87' lang='lat' dir='ltr'>sexu</span> <span class='ocrx_word' id='word_1_809' title='bbox 3073 5585 3179 5624; x_wconf 91' lang='lat' dir='ltr'>suo</span> <span class='ocrx_word' id='word_1_810' title='bbox 3226 5564 3549 5630; x_wconf 85' lang='lat' dir='ltr'>fortiorem,</span> <span class='ocrx_word' id='word_1_811' title='bbox 3583 5562 3678 5615; x_wconf 87' lang='lat' dir='ltr'>aut</span> <span class='ocrx_word' id='word_1_812' title='bbox 3720 5551 3817 5609; x_wconf 83' lang='lat' dir='ltr'>ali-</span> 
     </span>
    </p>
   </div>
   <div class='ocr_carea' id='block_1_114' title="bbox 2193 5650 3811 5732">
    <p class='ocr_par' dir='ltr' id='par_1_114' title="bbox 2193 5650 3811 5732">
     <span class='ocr_line' id='line_1_114' title="bbox 2193 5650 3811 5732; baseline -0.011 -15"><span class='ocrx_word' id='word_1_813' title='bbox 2193 5661 2362 5732; x_wconf 86' lang='lat' dir='ltr'>cujus</span> <span class='ocrx_word' id='word_1_814' title='bbox 2393 5659 2656 5718; x_wconf 88' lang='lat' dir='ltr'>muneris</span> <span class='ocrx_word' id='word_1_815' title='bbox 2692 5659 2780 5715; x_wconf 89' lang='lat' dir='ltr'>vel</span> <span class='ocrx_word' id='word_1_816' title='bbox 2811 5658 2952 5716; x_wconf 87' lang='lat' dir='ltr'>artis</span> <span class='ocrx_word' id='word_1_817' title='bbox 2983 5661 3338 5731; x_wconf 87' lang='lat' dir='ltr'>repertorem</span> <span class='ocrx_word' id='word_1_818' title='bbox 3371 5650 3757 5710; x_wconf 85' lang='lat' dir='ltr'>venerabatur.</span> <span class='ocrx_word' id='word_1_819' title='bbox 3787 5657 3811 5685; x_wconf 67' lang='grc' dir='ltr'><strong><em>η</em></strong></span> 
     </span>
    </p>
   </div>
   <div class='ocr_carea' id='block_1_115' title="bbox 3909 92 3911 166">
    <p class='ocr_par' dir='ltr' id='par_1_115' title="bbox 3909 92 3911 166">
     <span class='ocr_line' id='line_1_115' title="bbox 3909 92 3911 166; baseline 0 0"><span class='ocrx_word' id='word_1_820' title='bbox 3909 92 3911 166; x_wconf 72' lang='lat' dir='ltr'>l</span> 
     </span>
    </p>
   </div>
   <div class='ocr_carea' id='block_1_116' title="bbox 3909 191 3911 318">
    <p class='ocr_par' dir='ltr' id='par_1_116' title="bbox 3909 191 3911 318">
     <span class='ocr_line' id='line_1_116' title="bbox 3909 191 3911 318; baseline 0 0"><span class='ocrx_word' id='word_1_821' title='bbox 3909 191 3911 318; x_wconf 70' lang='lat' dir='ltr'>l</span> 
     </span>
    </p>
   </div>
  </div>
