4088 6150
249 357 343 416 573
1644 334 1855 400 DISSE

1964 330 2185 395 .‘ATlO.

3496 338 3615 401 5'14

302 487 398 544 Fac
429 490 647 558 tamen,
706 485 753 542 si
803 482 964 551 velis,
1017 483 1184 540 illum
1238 480 1476 549 mundo,
1529 476 1684 552 quod
1732 473 1853 532 fieri
1886 469 1940 536 Α
1970 467 2330 558 Qumiautem
2355 469 2430 558 de
2454 467 2660 526 Perseo
2682 468 2878 526 retulit
2903 471 3212 538 Minucius,
3240 471 3451 529 hausta
3473 488 3614 545 quo-

249 577 557 648 neutiquam
591 580 804 646 potest,
859 574 1036 630 fuisse
1077 589 1355 637 coasvum,
1389 583 1690 641 nunquam
1721 565 1857 621 inde

249 667 486 724 conficies
517 664 624 720 hos
657 681 786 720 esse
816 681 981 720 veros
1012 664 1172 729 deos,
1205 662 1302 734 qui
1338 677 1442 716 nec
1473 657 1668 714 aeterni
1698 659 1857 724 sunt,

249 773 330 812 nec
356 752 733 820 immortales,
765 753 982 825 quique
1009 752 1082 806 ab
1108 749 1446 806 hominibus
1478 749 1631 804 sicut
1657 745 1857 815 vitam,

247 845 308 900 ita
345 849 398 898 et
443 841 710 897 fictitiam
762 841 1124 896 divinitatem
1173 840 1560 912 acceperunt:
1611 835 1698 890 vel
1730 832 1859 904 qui-

250 935 351 999 bus,
395 935 459 987 ut
508 931 593 986 sit
637 930 931 995 Octavius,
982 929 1278 998 divinitas,
1325 948 1348 978 ι
1390 924 1685 982 defunctis
1716 938 1860 994 pras-

248 1020 398 1076 minm
427 1023 483 1075 et
500 1019 715 1074 futuris
737 1019 987 1074 dabatur
1006 1017 1358 1090 exemplum.
1387 1037 1415 1064 ››
1437 1013 1628 1070 Variis
1660 1015 1859 1067 autem

246 1108 580 1182 argumentis
627 1107 796 1175 illud,
846 1106 1345 1179 quemadmodum
1393 1102 1772 1166 Athanasius,
1805 1103 1862 1154 et

243 1198 630 1262 Theodoretus,
701 1197 943 1266 probare
1014 1199 1243 1269 poterat
1318 1193 1643 1265 (Athenas,
1705 1189 1857 1245 Orat.

243 1291 357 1343 cont.
386 1289 558 1355 gent,
591 1301 725 1358 pag.
764 1286 850 1353 18,
881 1289 1024 1341 tom.
1062 1286 1124 1353 I;
1174 1283 1547 1348 Theodoret.,
1587 1283 1729 1336 tom.
1763 1277 1856 1347 IV,

244 1394 390 1432 serm.
437 1376 491 1440 3,
553 1375 619 1431 de
678 1375 898 1444 Angel.,
949 1390 1078 1447 pag.
1134 1374 1262 1444 510)
1296 1391 1308 1428 :
1342 1372 1444 1426 sed
1476 1370 1662 1426 satius
1694 1367 1860 1424 duxit

241 1464 522 1534 Caecilium,
555 1463 820 1535 aliosque
875 1463 1124 1536 gentiles
1173 1463 1244 1518 ad
1292 1459 1684 1532 nosmetipsos
1714 1457 1859 1513 scri-

240 1561 404 1627 ptores
434 1553 701 1610 mittere:
735 1575 762 1603 «
800 1553 970 1626 Lege,
1016 1552 1227 1625 inquit,
1261 1551 1586 1606 Stoicorum
1619 1547 1856 1619 scripta,

238 1643 308 1699 vel
326 1643 534 1714 scripta
555 1642 1144 1714 sapientium,eadem
1170 1656 1396 1696 mecum
1422 1652 1860 1710 recognosces,»

238 1734 298 1788 ob
323 1731 540 1787 virtutis
573 1749 641 1788 ac
675 1730 1058 1798 fortitudinis,
1090 1729 1176 1785 vel
1213 1727 1473 1784 muneris
1522 1727 1642 1782 sive
1687 1725 1860 1781 bene-

238 1822 474 1877 ﬁciorum
534 1844 562 1870 ‹‹
599 1821 826 1886 merita,
885 1820 1027 1875 deos
1085 1819 1392 1873 habitosu
1456 1815 1568 1871 Sed
1618 1813 1858 1886 quidam

235 1911 586 1979 suspicantur
651 1909 733 1965 ibi
809 1925 914 1981 pro
999 1909 1306 1964 Stoicorum
1361 1905 1673 1977 legendum
1730 1918 1859 1959 esse

240 1999 629 2066 historicorum,
665 1998 820 2054 haud
852 1998 1050 2068 dubie,
1085 1997 1226 2068 quia
1271 1995 1382 2050 hoc
1426 2010 1637 2051 nomen
1670 1993 1858 2064 magis

238 2088 524 2158 opponitur
580 2086 970 2158 subsequenti
1017 2086 1368 2157 sapientium.
1427 2086 1504 2137 At
1557 2098 1718 2137 mera
1771 2084 1861 2136 est

234 2177 563 2246 conjectura,
598 2192 705 2231 nec
736 2191 877 2230 sane
915 2174 1039 2230 sola
1079 2173 1302 2229 sufficit
1329 2173 1399 2228 ad
1433 2170 1856 2243 explodendam

230 2266 392 2321 nostri
419 2265 636 2321 codicis
666 2264 998 2334 lectionem,
1028 2279 1155 2335 quae
1186 2261 1479 2334 Ciceronis
1510 2259 1857 2316 auctoritate

228 2353 430 2408 ﬁrmari
452 2353 702 2410 videtur.
730 2353 836 2409 Ubi
857 2353 1012 2408 enim
1036 2351 1386 2424 disputatde
1409 2351 1502 2414 iis,
1527 2348 1626 2420 qui
1650 2370 1679 2398 «
1702 2347 1853 2418 dii,»

225 2446 284 2495 ut
309 2442 427 2513 ipse
457 2441 740 2514 loquitur,
780 2464 808 2491 «ι
844 2441 952 2497 rite
973 2445 1113 2496 sunt
1143 2439 1348 2510 habiti,
1383 2461 1411 2487 »
1443 2444 1500 2493 et
1527 2438 1598 2492 de
1629 2452 1855 2508 magna

223 2545 412 2587 eorum
459 2530 866 2586 multitudinis
911 2528 1156 2602 origine,
1213 2550 1243 2577 «
1292 2527 1510 2582 ibidem
1542 2525 1787 2595 adjecit:
1824 2544 1853 2574 ››

225 2638 246 2667 ι
277 2624 457 2690 Atque
485 2619 581 2675 hic
607 2619 773 2675 locus
793 2637 826 2674 a
847 2620 1076 2674 Zenone
1096 2620 1406 2683 tractatus,
1427 2623 1560 2687 post
1589 2631 1623 2670 a
1651 2613 1854 2669 Clean-

216 2707 328 2772 the,
358 2716 416 2763 et
445 2708 770 2781 Chrysippo
802 2707 1071 2780 pluribus
1117 2706 1308 2762 verbis
1353 2705 1676 2776 explicatus
1705 2706 1795 2758 est
1824 2723 1854 2751 η

220 2795 375 2864 (Cio.,
408 2797 507 2852 lib.
566 2815 606 2852 ιι
665 2799 735 2852 De
780 2799 963 2851 natur.
1014 2795 1187 2860 deor.,
1235 2810 1365 2867 pag.
1414 2793 1542 2862 223,
1572 2792 1675 2846 lin.
1706 2791 1778 2845 20
1805 2797 1857 2846 et

219 2890 402 2958 seqq.).
453 2887 696 2942 Constat
749 2889 941 2941 autem
975 2889 1263 2940 Zenonem
1320 2882 1643 2937 Stoicorum
1677 2877 1858 2933 fuisse

221 2974 558 3046 principem,
608 2974 837 3044 hosque
884 2972 1042 3028 illius
1102 2969 1444 3042 discipulos,
1496 2968 1648 3023 sicut
1688 2965 1860 3021 docet

223 3061 492 3130 Laertius,
528 3063 631 3135 qui
665 3079 867 3117 eorum
911 3061 1090 3117 vitam
1140 3060 1398 3132 scripsit,
1447 3074 1672 3130 nosque
1720 3059 1859 3118 alibi

222 3151 735 3208 animadvertimus
765 3153 976 3221 (Laert.
1008 3149 1108 3206 lib.
1142 3168 1220 3206 vn
1276 3150 1346 3204 de
1401 3151 1501 3206 Vit.
1534 3155 1585 3204 et
1613 3148 1851 3219 deamat.

219 3200 899 3313 ξῇέὶξεῖῥὶιῖ’ἕῖἱι”εὶῖιᾷῖ
909 3200 1108 3295 ’ἑβὲέιῗ
1129 3200 1164 3293 ι’
1180 3200 1477 3310 apiaria
1491 3200 1641 3311 ’ρῌεξ
1653 3200 1709 3292 '1'
1711 3200 1854 3308 123).
1884 3200 1927 3268 (ἶ

288 3330 430 3387 557
465 3331 592 3386 Duo
625 3336 898 3403 presteres.
927 3329 1025 3385 alii
1073 3333 1251 3386 testes
1294 3346 1329 3384 a
1369 3327 1621 3384 Minucio
1654 3332 1854 3383 nostro

221 3417 606 3485 proferuntur,
636 3423 696 3474 et
724 3417 884 3490 prior
913 3418 1151 3489 quidem
1179 3433 1190 3473 :
1227 3440 1254 3467 «
1289 3417 1569 3472 Prodicus
1617 3432 1854 3472 assum-

220 3510 361 3574 ptos,
398 3508 605 3579 inquit,
629 3508 690 3563 in
714 3508 850 3562 deos
876 3506 1158 3578 loquitur,
1193 3506 1294 3578 qui
1325 3507 1573 3561 errando
1607 3503 1854 3560 inventis

217 3594 373 3651 novis
394 3595 922 3669 frugibus,utilitati
942 3596 1248 3650 hominum
1272 3595 1580 3666 profecere.
1601 3615 1629 3644 ››
1652 3593 1856 3649 Nonne

218 3689 409 3740 autem
440 3686 558 3740 haec
589 3685 686 3740 ille
711 3684 985 3741 delibavit
1014 3701 1082 3740 ex
1112 3685 1271 3740 hisce
1301 3682 1592 3740 Ciceronis
1622 3683 1853 3738 verbis:

222 3791 240 3817 ι
280 3773 553 3830 Prodicus
580 3773 760 3830 Chius
781 3790 866 3843 ea,
886 3790 1014 3845 qua
1036 3775 1380 3845 prodessent
1397 3771 1702 3828 hominum
1726 3771 1855 3825 vita:

215 3860 452 3917 deorum
485 3862 544 3918 in
579 3878 824 3918 numero
849 3861 1048 3918 habita
1069 3879 1198 3916 esse
1229 3860 1416 3916 dixit?
1448 3882 1473 3909 ι)
1505 3859 1632 3915 Α1ίο
1663 3860 1855 3916 adhuc

214 3948 270 4004 in
328 3951 478 4007 libro
537 3952 729 4017 refert,
787 3951 927 4022 quid
989 3952 1060 4007 de
1117 3967 1183 4006 eo
1239 3950 1558 4022 Xenophon
1590 3947 1852 4015 tradidit,

209 4037 481 4112 huncque
513 4039 918 4112 Xenophontis
940 4039 1135 4095 locum
1160 4039 1298 4094 alibi
1332 4038 1664 4094 notavimus
1686 4037 1853 4109 (Cio.,

203 4125 304 4182 lib.
342 4146 362 4184 ι
391 4129 454 4185 de
486 4130 682 4186 Natur.
709 4128 886 4193 deor.,
931 4145 1063 4201 pag.
1096 4129 1221 4198 242,
1252 4128 1356 4183 lin.
1388 4127 1478 4192 '72,
1512 4130 1569 4182 et
1605 4127 1702 4180 lib.
1738 4144 1756 4181 ι
1785 4128 1856 4182 de

199 4214 385 4288 0fﬁc.,
416 4235 548 4290 pag.
583 4219 707 4287 367,
741 4217 844 4272 lin.
872 4218 1138 4285 19;tom.
1167 4219 1185 4271 l
1210 4219 1468 4289 Apparat.
1504 4233 1633 4289 pag.
1677 4217 1850 4288 1245).

266 4307 581 4362 Secundus
597 4307 670 4362 ab
691 4313 924 4362 auctore
945 4310 1146 4362 nostro
1163 4305 1492 4378 appellatur
1507 4329 1533 4356 ‹‹
1551 4306 1852 4366 Perseus.»

190 4411 306 4448 seu
341 4395 615 4468 Persams,
646 4416 675 4447 α
701 4395 798 4467 qui
823 4395 881 4449 in
914 4395 1201 4462 eamdem,
1239 4417 1266 4444 ››
1299 4394 1385 4450 uti
1413 4395 1513 4464 ait,
1563 4415 1583 4442 ι
1620 4399 1851 4450 senten-

189 4483 354 4537 tiam
382 4483 843 4556 philosophatur,
875 4489 933 4540 et
959 4485 1217 4539 annectit
1243 4483 1512 4539 inventas
1544 4485 1760 4555 fruges,
1794 4488 1853 4539 et

192 4570 441 4644 frugum
476 4572 732 4644 ipsarum
779 4577 1103 4644 repertores
1149 4573 1356 4628 iisdem
1390 4571 1751 4643 nominibus,
1785 4574 1850 4628 ut
1880 4568 1926 4631 D

189 4663 463 4716 comicus
493 4679 686 4718 sermo
715 4667 805 4718 est
832 4661 1114 4717 Venerem
1146 4661 1274 4718 sine
1324 4661 1528 4717 Libero
1555 4666 1611 4716 et
1641 4661 1847 4718 Cerere

188 4751 431 4824 frigere.
469 4773 497 4800 ιι
530 4749 801 4807 Comicus
831 4755 1028 4807 autem
1062 4752 1372 4808 Terentius
1402 4750 1648 4808 cecinit:

316 4921 576 4976 Verbum.
605 4921 800 4982 hercle,
825 4921 928 4971 hoc
956 4933 1145 4970 verum
1177 4924 1289 4969 est:

317 4985 449 5035 Sine
485 4984 672 5034 Libero
702 4988 754 5033 et
779 4983 966 5033 Cerere
998 4984 1155 5047 friget
1182 4983 1381 5033 Venus.

790 5073 1037 5132 (Terent,
1072 5071 1301 5121 Eunuch.
1349 5077 1448 5122 act.
1490 5086 1559 5134 iv,
1603 5085 1746 5124 scen.
1777 5076 1850 5129 5.)

183 5250 260 5300 At
290 5243 373 5299 ibi
407 5241 557 5322 illud
588 5243 661 5298 ab
689 5241 803 5299 alio
847 5241 1038 5298 adhuc
1090 5242 1471 5315 desumptum
1503 5260 1632 5300 esse
1661 5244 1844 5317 signi-

188 5336 344 5390 ficat.
382 5337 432 5386 Α
463 5347 579 5403 quo
612 5341 829 5400 autem,
854 5331 966 5387 nisi
991 5332 1060 5387 ab
1084 5332 1385 5405 Euripide,
1419 5334 1589 5404 cujus
1619 5338 1707 5389 est
1736 5334 1847 5390 hoc

186 5425 462 5480 Graecum
491 5437 725 5477 carmen
749 5420 776 5476 ?

257 5581 467 5655 Νεκρόν
498 5576 793 5657 Ἀφροδίτη
827 5578 1088 5635 Διονύσου
1121 5577 1268 5656 δίχα,
1300 5580 1390 5636 καὶ
1431 5582 1742 5659 Δήμητρος.

259 5674 468 5731 Mortua
517 5676 596 5726 est
635 5673 826 5740 Venus,
867 5673 985 5727 sine
1017 5671 1246 5742 Baccho,
1278 5679 1326 5727 ct
1354 5671 1566 5728 Cerere.

1969 573 2081 629 que
2109 557 2354 626 fuerant,
2387 557 2538 614 sicut
2567 560 2886 631 superiora,
2921 577 2989 615 ex
3031 560 3234 616 eodem
3266 560 3413 616 libro
3446 562 3608 618 Cice-

1969 647 2130 702 ronis
2160 665 2194 702 a
2227 648 2394 703 nobis
2415 649 2537 718 jam
2569 648 2764 712 citato,
2797 650 2893 704 ubi
2942 649 3062 704 haec
3092 650 3379 724 legimus:
3412 675 3439 702 «
3476 653 3607 708 Per-

1971 753 2107 793 seus
2137 737 2384 794 Zenonis
2417 738 2669 807 auditor,
2706 761 2732 787 »
2778 739 2932 795 sicut
2979 741 3155 795 etiam
3206 741 3492 808 Laertius,
3528 741 3614 798 vel

1971 826 2124 881 sicut
2151 826 2461 882 Athenaeus
2492 828 2595 895 ait,
2629 827 2906 894 famulus,
2944 851 2971 879 ‹‹
3001 846 3098 886 eos
3130 829 3273 886 dicit
3302 848 3428 887 esse
3454 832 3619 886 habi-

1970 919 2062 970 tos
2093 916 2230 971 deos
2253 933 2286 972 a
2317 916 2532 987 quibus
2565 933 2775 987 magna
2821 917 3044 973 utilitas
3099 919 3170 974 ad
3233 919 3356 974 vitae
3388 920 3614 976 cultum

1969 1009 2126 1060 esset
2181 1004 2454 1073 inventa;
2516 1005 2794 1077 ipsasque
2850 1023 2940 1061 res
2992 1006 3184 1075 utiles,
3237 1013 3294 1063 et
3332 1009 3621 1066 salutares

1971 1093 2214 1148 deorum
2274 1111 2401 1148 esse
2454 1093 2755 1149 vocabulis
2813 1101 3206 1167 nuncupatas,
3270 1101 3334 1152 ut
3395 1115 3465 1152 ne
3514 1099 3623 1154 hoc

1969 1183 2208 1254 quidem
2242 1183 2459 1240 diceret
2487 1181 2588 1238 illa
2618 1184 2854 1240 inventa
2886 1201 3013 1239 esse
3056 1185 3320 1253 deorum,
3357 1189 3459 1241 sed
3497 1189 3623 1259 ipsa

1969 1272 2165 1326 divina
2198 1294 2226 1320 »
2257 1273 2419 1344 (Cio.,
2453 1273 2552 1327 lib.
2588 1289 2606 1327 ι
2637 1272 2703 1328 de
2734 1275 2925 1329 Natur.
2976 1274 3146 1336 deor”
3179 1291 3312 1347 pag.
3353 1276 3478 1344 201,
3515 1277 3616 1330 lin.

1973 1362 2077 1429 18;
2112 1363 2326 1431 Laert.,
2385 1362 2488 1417 lib.
2548 1380 2651 1429 vn,
2712 1367 2782 1418 In
2841 1364 2957 1418 Vita
3003 1365 3226 1436 Zenon,
3258 1369 3284 1436 §
3318 1366 3382 1419 13
3427 1370 3484 1420 et
3509 1366 3617 1433 54;

1969 1460 2203 1529 Athen.,
2239 1460 2342 1516 lib.
2377 1479 2429 1515 v1
2463 1462 2817 1532 Deipnosoph.
2871 1479 2998 1534 cap.
3051 1463 3138 1529 17,
3193 1480 3322 1535 pag.
3369 1465 3513 1534 162).
3547 1469 3620 1520 At

1969 1565 2034 1605 ex
2067 1549 2246 1604 citato
2281 1549 2471 1604 Latini
2501 1555 2558 1603 et
2585 1549 2763 1605 Graeci
2817 1558 2997 1621 poeta
3051 1569 3220 1607 versu
3254 1552 3416 1608 facile
3446 1554 3616 1610 intel-

1969 1637 2174 1709 ligitur
2202 1655 2236 1694 a
2265 1637 2522 1693 Minucio
2555 1644 2752 1694 nostro
2785 1644 2918 1710 post
2957 1639 3291 1696 Ciceronem
3325 1642 3620 1714 designari

1970 1727 2346 1798 potissimum
2369 1726 2633 1783 Cererem
2659 1733 2715 1783 et
2735 1729 3050 1794 Bacchum,
3077 1730 3173 1800 qui
3199 1746 3292 1785 res
3313 1730 3620 1788 hominum

1970 1816 2098 1871 vitae
2121 1816 2384 1870 omnium
2411 1815 2757 1872 utilissimas
2774 1817 3067 1886 invenisse
3092 1819 3444 1876 ferebantur.
3466 1823 3617 1886 Qua-

1971 1910 2204 1977 propter
2232 1905 2632 1977 Athenagoras
2663 1907 2895 1962 eosdem
2946 1907 3224 1964 Ethnicos
3267 1909 3480 1982 arguit,
3513 1910 3615 1981 qui

1968 1994 2276 2060 elementa,
2307 2010 2627 2066 eorumque
2676 1999 2868 2066 partes
2915 1996 3209 2064 deificant,
3241 1997 3317 2050 Τὰ
3363 2002 3610 2074 στοιχεῖα

1965 2081 2053 2136 καὶ
2103 2081 2169 2136 τὰ
2220 2081 2386 2156 μόρια
2433 2080 2606 2136 αὐτῶν
2655 2083 2986 2153 οεοποιοῦσι,
3037 2101 3103 2141 ac
3153 2086 3284 2142 vitis
3355 2088 3608 2144 fructum

1968 2171 2256 2227 Bacchum
2296 2170 2614 2244 appellant,
2673 2171 2967 2244 vitemque
3014 2174 3201 2245 ipsam
3232 2175 3518 2245 Semelen,
3554 2183 3613 2234 et

1967 2261 2187 2317 fulmen
2221 2268 2426 2317 aestum
2459 2260 2634 2329 Solis,
2653 2260 2746 2315 τὸν
2779 2257 2834 2316 δὲ
2862 2263 2961 2330 τῆς
2982 2259 3232 2334 ἀμπέλου
3262 2261 3465 2338 καρπὸν
3493 2263 3614 2317 Διό-

1966 2379 2148 2428 νυσον,
2178 2357 2268 2413 καὶ
2302 2356 2555 2431 Σεμέλην
2585 2357 2751 2427 αὐτὴν
2784 2359 2883 2427 τήν
2933 2357 3199 2433 ἄμπελον,
3231 2359 3320 2415 καὶ
3366 2362 3618 2436 κεραυνὸν

1963 2448 2062 2517 τὴν
2089 2452 2186 2502 τοῦ
2216 2445 2379 2517 ἡλίου
2411 2445 2591 2525 φλόγα
2621 2449 2924 2521 (Athenag.
2950 2450 3140 2523 Legat.
3173 2466 3274 2522 pro
3307 2450 3610 2507 Christian.

1965 2555 2096 2612 pag.
2126 2539 2238 2610 24).
2273 2539 2458 2603 Quam
2491 2539 2769 2594 audacter
2813 2556 2944 2594 vero
2991 2539 3207 2596 ethnici
3256 2541 3447 2597 Cereri
3495 2543 3613 2597 fru-

1963 2644 2104 2700 gum
2136 2633 2194 2683 et
2223 2627 2339 2682 vini
2370 2627 2615 2696 Baccho,
2650 2627 2735 2682 uti
2786 2633 2984 2683 narrat
3032 2629 3312 2684 Diodorus
3355 2628 3608 2696 Siculus,

1963 2716 2212 2787 aliisque
2242 2715 2490 2772 aliarum
2523 2733 2717 2772 rerum
2749 2716 3090 2773 hominibus
3122 2716 3376 2784 utilium,
3409 2719 3612 2774 inven-

1965 2805 2179 2861 tionem
2213 2805 2542 2871 tribuerint,
2579 2806 2636 2860 in
2668 2807 3049 2876 sequentibus
3082 2807 3299 2862 nostris
3332 2808 3610 2863 disserta-

1966 2894 2224 2949 tionibus
2255 2895 2634 2950 ostendemus
2665 2895 2922 2965 (Diodor.
2954 2894 3152 2960 sicul.,
3205 2894 3306 2949 lib.
3344 2913 3404 2951 Ill
3439 2897 3608 2962 Bibl.,

1969 3000 2100 3056 pag.
2140 2984 2258 3049 142,
2291 2988 2349 3038 et
2379 2982 2480 3038 lib.
2513 3000 2564 3050 v,
2621 3000 2754 3056 pag.
2813 2985 2955 3047 232;
3015 2986 3240 3039 Dissert.
3294 2987 3354 3040 in
3383 2984 3610 3055 Arnob.,

1969 3097 2096 3152 cap.
2145 3081 2200 3148 9,
2251 3087 2363 3136 art.
2416 3081 2490 3143 2;
2540 3083 2601 3135 in
2647 3083 2918 3148 Lactant.,
2972 3097 3098 3153 cap.
3136 3083 3226 3148 30,
3288 3086 3395 3136 art.
3425 3083 3498 3148 5;
3554 3084 3616 3137 in

1975 3171 2319 3240 Tertulliun.,
2348 3186 2476 3242 cap.
2508 3169 2599 3238 25,
2631 3174 2740 3226 art.
2803 3170 2876 3242 3).
2936 3170 3051 3226 Nec
3081 3171 3277 3224 minus
3310 3171 3613 3242 perspicue

1964 3258 2502 3314 demonstrabimus
2555 3275 2731 3330 quam
2777 3264 2930 3315 recte
2983 3258 3378 3329 antiquissimi
3427 3259 3610 3315 nostri

1963 3348 2297 3420 scriptores,
2345 3349 2516 3402 sicuti
2563 3348 2854 3403 Minucius
2898 3353 3113 3414 noster,
3161 3349 3536 3419 probaverint
3574 3366 3607 3403 ο.

1964 3435 2125 3492 nullo
2181 3454 2336 3492 sana:
2389 3437 2603 3492 mentis
2651 3437 2906 3500 homine,
2939 3454 3006 3492 ex
3060 3437 3155 3494 his
3193 3437 3278 3492 vel
3311 3437 3443 3492 aliis
3473 3438 3608 3509 qui-

1965 3525 2314 3597 buscunque
2334 3525 2631 3580 beneficiis
2653 3526 2764 3580 sibi
2789 3525 3040 3596 collatis,
3066 3527 3269 3581 confici
3297 3543 3466 3597 posse
3491 3543 3610 3592 eos,

1966 3631 2000 3670 a
2029 3615 2245 3686 quibus
2276 3621 2506 3688 reperta
2536 3630 2641 3670 nec
2671 3620 2864 3670 creata
2914 3621 3071 3682 sunt,
3106 3632 3233 3670 esse
3265 3615 3418 3672 558
3453 3617 3614 3681 deos,

1965 3711 2068 3761 aut
2099 3705 2383 3760 meruisse
2406 3703 2791 3759 divinitatem.
2818 3704 2960 3759 Nam
2989 3704 3238 3776 ipsemet
3268 3708 3464 3761 Cicero
3487 3708 3622 3776 post

1965 3795 2140 3850 citata
2168 3811 2200 3850 a
2234 3794 2402 3848 nobis
2435 3793 2608 3866 paulo
2639 3797 2775 3848 ante
2811 3793 2885 3848 de
2930 3793 3172 3849 Prodico
3203 3795 3397 3860 verba,
3431 3793 3614 3849 conti-

1965 3899 2081 3938 nuo
2112 3882 2454 3954 subjunxit:
2494 3905 2515 3932 ι
2551 3883 2736 3949 Quam
2768 3883 3004 3938 tandem
3048 3881 3414 3956 religionem,
3452 3905 3480 3932 »
3514 3883 3612 3939 ille

1962 3973 2263 4042 Prodicus,
2300 3971 2712 4044 «relinquit?»
2739 3972 2899 4040 (Cio.,
2921 3973 3021 4028 lib.
3048 3990 3109 4042 ιι,
3132 3972 3198 4028 de
3219 3974 3410 4028 Natur.
3433 3973 3606 4038 deor.,

1966 4078 2093 4133 pag.
2128 4063 2253 4129 212,
2287 4061 2388 4115 lin.
2423 4061 2539 4133 34.)
2568 4061 2800 4132 Rejecto
2831 4062 3121 4132 siquidem
3154 4077 3288 4116 vero
3330 4067 3464 4127 Deo,
3498 4060 3609 4115 fal-

1965 4151 2160 4221 sisque
2210 4149 2580 4217 introductis,
2623 4149 2785 4205 nulla
2833 4150 3004 4221 plane
3052 4149 3280 4221 religio,
3321 4151 3420 4205 sed
3464 4166 3612 4204 vana

1962 4244 2190 4295 tantum
2225 4239 2563 4311 superstitio
2593 4255 2721 4294 esse
2754 4244 2964 4310 potest.
3007 4240 3076 4293 At
3105 4239 3152 4295 si
3196 4254 3390 4293 rerum
3423 4238 3612 4292 homi-

1964 4329 2138 4384 nibus
2188 4329 2420 4384 utilium
2478 4328 2807 4384 inventores
2868 4327 2947 4383 dii
2999 4344 3127 4382 esse
3181 4344 3295 4382 non
3342 4332 3611 4399 possunt,

1962 4427 2147 4482 multo
2181 4428 2376 4482 minus
2409 4443 2500 4481 res
2531 4425 2740 4481 abillis
2763 4427 3024 4480 inventae.
3058 4444 3078 4472 α
3104 4425 3273 4496 Quid,
3303 4446 3329 4474 ››
3356 4437 3612 4498 namque

1962 4539 1990 4566 ‹‹
2026 4517 2362 4583 absurdius,
2398 4537 2425 4565 ››
2456 4515 2536 4570 ait
2585 4516 2778 4570 adhuc
2835 4514 3052 4581 Cicero,
3107 4535 3133 4563 ‹‹
3177 4531 3353 4586 quam
3387 4520 3487 4570 aut
3516 4532 3608 4571 res

1957 4605 2246 4670 sordidas,
2280 4610 2452 4676 atque
2483 4604 2794 4669 deformes,
2845 4603 3108 4668 deorum,
3143 4620 3268 4660 esse
3306 4605 3604 4660 vocabulis

1957 4695 2309 4761 nominatas,
2344 4698 2446 4748 aut
2469 4692 2738 4748 homines
2767 4694 2893 4764 jam
2928 4699 3113 4748 morte
3154 4694 3394 4760 deletos,
3428 4711 3601 4766 repo-

1957 4800 2091 4841 nere
2120 4783 2176 4838 in
2206 4784 2366 4848 deos,
2399 4799 2650 4855 quorum
2700 4781 2892 4837 omnis
2944 4781 3137 4837 cultus
3190 4784 3422 4838 futurus
3454 4788 3609 4839 esset

1959 4873 2021 4929 in
2051 4873 2210 4930 luctu
2241 4871 2400 4944 (Ibid:
2434 4887 2565 4945 pag.
2597 4872 2724 4940 201,
2761 4871 2864 4926 lin.
2894 4872 3007 4941 21).
3047 4894 3073 4921 ››
3126 4872 3278 4927 Nihil
3316 4878 3507 4928 autem
3542 4888 3610 4928 ea

1959 4963 2251 5020 sententia
2282 4961 2496 5032 verius,
2519 4960 2994 5035 quandoquidem
3031 4967 3162 5019 ante
3195 4963 3485 5034 quaslibet
3516 4978 3608 5015 res

1958 5047 2244 5117 inventas,
2297 5069 2361 5108 ac
2405 5051 2700 5124 quoslibet
2746 5068 2946 5107 earum
2995 5051 3350 5118 inventores,
3403 5054 3607 5106 create:

1957 5143 2157 5216 procul
2192 5141 2368 5198 dubio
2399 5141 2592 5198 abillo
2611 5141 2862 5207 fuerant,
2888 5141 2987 5212 qui
3012 5142 3299 5196 mundum
3323 5143 3376 5195 et
3400 5155 3604 5194 omnes

1957 5237 2251 5290 creaturas
2282 5232 2564 5298 condidit,
2597 5230 2875 5302 solusque
2908 5230 3121 5286 idcirco
3152 5229 3308 5285 Deus
3339 5245 3465 5284 esse
3497 5246 3602 5300 po—

1957 5329 2088 5380 test.
2133 5323 2272 5388 Ouis
2301 5339 2440 5394 ergo
2471 5338 2583 5377 non
2620 5320 2934 5376 mirabitur
2975 5318 3130 5374 hunc
3180 5318 3238 5372 in
3290 5317 3496 5391 primis
3535 5334 3601 5372 ex

1954 5411 2420 5484 corruptissimis
2452 5409 2710 5466 fontibus
2735 5424 2915 5464 unum
2947 5424 3096 5475 esse,
3120 5423 3189 5463 ex
3210 5425 3322 5480 quo
3347 5407 3604 5462 manavit

1953 5500 2285 5556 idololatria
2317 5499 2650 5571 impiosque
2685 5495 2966 5552 falsorum
3017 5496 3259 5552 deorum
3291 5495 3484 5552 cultus
3513 5501 3601 5553 to-

1955 5595 2077 5646 tum
2110 5594 2398 5647 terrarum
2432 5587 2632 5644 orbem
2668 5585 2997 5644 inundavit.
