3942 6162
485 315 602 377 575

1049 458 1464 523 ARTICULUS
1505 467 1574 524 Ιῐ.

489 536 864 636 Εαὶᾳτηιήαιμν
886 547 1124 636 Minuci}?
1143 559 1533 623 argumentum
1552 575 1653 630 quo
1673 563 1840 631 falsos
1863 580 1975 620 esse
2003 583 2130 636 gen-

558 613 748 704 tiliufn
773 615 897 698 deos
921 621 1114 689 probat
1156 613 1453 704 satyrorum
1491 613 1647 704 orla,
1673 613 1892 703 ’patrz'a,
1935 613 2128 704 πιέν-ιθ,

555 685 1324 776 sepulcris,'(icpreesertim
1373 701 1523 776 (locis
1588 685 2132 776 ᾖξἐἶὲἰίλροιιίηίέ

555 755 820 827 Delphici,
855 755 1020 818 Isidis.
1045 767 1296 834 Phariae,
1329 775 1379 825 et
1411 755 1968 834 Είθαεῦιξίεέήέένέῆἰ

555 861 686 918 Alio
717 865 908 922 adhuc
942 870 1228 930 Minucius
1259 885 1602 947 argumento
1636 881 1898 941 funditus
1929 889 2134 942 evertit

486 950 682 1006 ﬁctam
711 970 743 1008 a
763 957 1081 1026 gentilibus
1103 965 1367 1020 omnium
1393 969 1700 1026 numinum
1725 990 1966 1029 suorum
1991 976 2133 1032 divi-

487 1040 853 1100 nitatem.Ab
873 1046 943 1102 iis
967 1054 1160 1105 autem
1184 1052 1327 1108 illud
1353 1073 1586 1113 rursum
1613 1061 2129 1137 deprompsit,qum

484 1128 571 1184 illi
604 1131 714 1202 ipsi
747 1133 818 1189 de
849 1140 1187 1194 eorumdem
1239 1143 1478 1201 deorum
1532 1165 1770 1206 suorum
1811 1153 2126 1224 natalibus,

485 1221 675 1291 patria
716 1227 774 1276 et
821 1226 1105 1295 sepulcris
1154 1232 1480 1302 tradebant,
1540 1254 1605 1292 ac
1654 1257 1954 1313 nunquam
2011 1221 2126 1299 non

484 1309 881 1368 venditabant.
917 1314 1164 1373 Necesse
1194 1322 1394 1392 procul
1427 1325 1606 1381 dubio
1638 1346 1753 1384 non
1796 1309 1941 1401 erat,
1975 1338 2039 1389 ut
2067 1333 2126 1390 id

477 1413 591 1464 quo
625 1399 870 1456 miriﬁce
902 1403 1326 1476 gloriabantur,
1362 1415 1727 1485 probandum
1778 1399 2120 1494 susciperet.

477 1485 710 1543 Testem
743 1488 1128 1552 nihilominus
1159 1501 1483 1574 vademque
1512 1506 1907 1565 certissimum
1942 1513 2126 1569 Euhe-

475 1591 703 1632 merum
739 1579 894 1636 hisce
934 1583 1310 1659 todidemque
1339 1593 1531 1648 verbis
1553 1595 1749 1652 dedit:
1785 1621 1812 1649 ‹‹
1839 1599 2121 1658 Euheme-

473 1679 574 1719 rus
605 1669 962 1741 exsequitur,
995 1677 1052 1727 et
1083 1691 1283 1732 eorum
1317 1681 1562 1750 natales,
1589 1685 1828 1755 patrias,
1853 1690 2121 1760 sepulcra

471 1751 828 1823 dinumerat,
862 1763 919 1814 et
950 1777 1050 1832 per
1081 1765 1410 1834 provincias
1433 1778 1739 1830 monstrat.
1770 1798 1798 1825 ››
1830 1778 2114 1834 Prmvium

1782 339 1882 401 DE
1928 341 2228 405 MINUClI
2275 345 2613 411 OCTAVIO

3705 369 3792 431 8'18

2165 477 2216 545 Α
2370 480 2571 558 ﬁrmati
2600 480 2658 530 in
2686 494 2986 542 numerum,
3018 481 3288 558 pulsarent
3315 488 3495 558 mribus
3520 506 3628 558 mra,

2368 543 2443 617 lie
2480 544 2746 593 Saturnus
2776 559 2899 617 eum
2918 543 3086 617 malis
3114 553 3381 617 mandaret
3408 543 3626 617 adeptus:

2365 607 2749 670 Etsrnumque
2786 610 2930 658 daret
2970 612 3126 660 matri
3156 612 3252 660 sub
3284 619 3479 675 pectore
3505 607 3695 671 'vulnus.

2799 689 3037 751 (ινα-ειη
3065 689 3100 738 l.
3132 690 3185 749 n,
3215 707 3259 740 υ.
3282 695 3365 742 637
3387 698 3430 742 et
3454 699 3602 760 seqq.)

2316 787 2458 854 Lege
2489 783 2701 849 adhuc,
2726 785 2772 841 si
2807 791 2991 853 vacat,
3017 787 3278 844 Servium
3301 789 3357 844 in
3380 792 3570 849 citatos
3592 797 3792 883 Virgilii,

2240 875 2297 927 et
2327 873 2472 928 alios
2505 876 2632 946 ejus
2666 892 2889 944 versus,
2923 877 3212 943 Ovidium,
3249 881 3538 937 Diodorum
3569 873 3800 956 Siculum],

2243 962 2564 1032 Lucanum,
2596 964 2964 1032 Strabonem,
2995 966 3374 1038 Theophilum
3421 971 3802 1044 Antiochenam,

2240 1052 2651 1120 Athanasium,
2688 1059 2746 1108 et
2793 1070 2921 1125 quae
2952 1071 2985 1109 a
3016 1056 3185 1110 nobis
3242 1054 3372 1110 alibi
3428 1058 3656 1117 delibata
3699 1077 3805 1120 sunt

2238 1141 2444 1207 (Serv.,
2479 1143 2539 1195 in
2584 1144 2738 1196 citat.
2783 1158 2969 1198 versus
3010 1149 3063 1198 et
3105 1144 3165 1198 in
3205 1143 3306 1200 lib.
3357 1163 3417 1200 ιη
3462 1150 3673 1214 Eneti,
3705 1169 3804 1224 pag.

2235 1231 2374 1286 270:
2427 1231 2618 1298 Ovid.,
2667 1231 2769 1286 lib.
2818 1249 2872 1289 Iv
2915 1235 3091 1294 Fast.;
3160 1232 3410 1302 Diodor.,
3471 1235 3563 1290 lib.
3607 1255 3639 1292 v
3677 1240 3805 1302 Bibl.

2235 1336 2369 1394 pag.
2402 1321 2545 1386 253;
2581 1321 2844 1387 Lucian.,
2887 1326 2967 1377 De
2993 1323 3253 1394 sacri/ia,
3295 1339 3424 1395 pag.
3468 1323 3600 1392 483;
3640 1329 3806 1397 Strab,

2233 1409 2336 1466 lib.
2398 1427 2433 1464 x
2492 1409 2700 1482 Geogr.,
2762 1426 2894 1482 pag.
2950 1411 3089 1478 1168;
3150 1411 3451 1482 Theophil.
3499 1414 3807 1482 Antiochea,

2231 1498 2334 1553 lib.
2371 1515 2389 1552 ι
2417 1498 2488 1553 ad
2515 1499 2787 1570 Autolyo.,
2820 1514 2954 1571 pag.
3001 1499 3104 1567 75;
3156 1499 3458 1567 Athenas,
3510 1501 3628 1558 Orat
3671 1513 3804 1559 contr.

2231 1589 2395 1656 Cras,
2427 1592 2456 1658 §
2486 1591 2571 1656 10,
2614 1593 2757 1645 tom.
2808 1590 2869 1658 I;
2919 1594 3062 1646 tom.
3118 1594 3144 1644 Ι
3187 1590 3470 1662 Apparat.,
3517 1608 3636 1665 pag.
3667 1593 3807 1665 1161).

2227 1678 2428 1750 Neque
2475 1682 2531 1734 te
2577 1682 2828 1748 moveat,
2877 1680 3031 1751 quod
3082 1678 3349 1734 nonnulli
3397 1680 3585 1735 Jovem
3633 1697 3730 1736 non
3763 1683 3807 1736 in

2226 1766 2411 1831 Dicta,
2438 1768 2538 1823 sed
2566 1767 2624 1822 in
2644 1767 2744 1822 Ida
2767 1771 2963 1823 monte
2982 1769 3297 1824 educatum
3319 1772 3601 1824 asserunt.
3629 1768 3810 1824 Etenim

467 1847 663 1899 autem
694 1844 773 1900 ibi
807 1864 966 1905 more
997 1868 1102 1908 suo
1133 1857 1298 1927 sequi
1343 1860 1572 1917 videtur
1599 1865 1956 1934 Ciceronem,
1991 1870 2113 1942 qui,
2146 1859 2193 1924 Β
2221 1860 2465 1929 Uterque
2496 1875 2664 1914 ωοοθ
2692 1858 2988 1930 Ρνωίίίῐλυ3
3015 1862 3162 1926 erat,
3211 1864 3283 1914 ιη
3328 1861 3567 1913 testatur
3604 1864 3812 1921 Amm"

467 1953 497 1983 α
529 1934 617 1988 Ab
649 1935 993 2009 Euhemero,
1016 1963 1044 1991 »
1066 1941 1281 2016 inquit,
1309 1970 1331 1996 ι
1356 1952 1412 2003 et
1443 1957 1684 2019 mortes,
1715 1959 1772 2010 et
1799 1934 2112 2029 sepulturae

468 2021 946 2082 demonstrantur
991 2030 1230 2087 deorum
1291 2058 1318 2085 ››
1383 2037 1582 2109 (Cicer.
1625 2041 1727 2098 lib.
1761 2061 1778 2099 ι
1818 2021 1884 2100 de
1910 2047 2107 2105 Natur.

465 2110 637 2180 deor.,
685 2131 811 2185 pag.
851 2119 969 2181 112,
1001 2118 1103 2175 lin.
1143 2123 1256 2193 37).
1305 2125 1420 2182 Iste
1467 2146 1600 2186 vero
1648 2133 2030 2205 Euhemerus,
2062 2138 2112 2194 si

463 2199 574 2256 hoc
619 2202 767 2258 scire
810 2222 999 2272 aveas,
1044 2209 1277 2270 Graecus
1327 2215 1438 2271 fuit
1483 2220 1748 2293 scriptor,
1801 2243 1969 2296 quem
2013 2229 2110 2284 alii

463 2291 1242 2371 patriaAgrigentinum,alii
1258 2291 1882 2384 Messenium,quidavm
1905 2320 2109 2389 Coum,

464 2385 636 2450 atque
667 2381 840 2438 etiam
889 2385 1194 2459 Tegeatem
1254 2381 1675 2456 crediderunt:
1711 2403 1884 2461 Plura
1913 2381 2108 2463 autem

464 2465 842 2526 historiarum
894 2480 1224 2549 composuit
1283 2484 1600 2556 volumina,
1651 2491 1751 2547 ubi
1801 2512 2044 2569 ea,qua3
2076 2514 2110 2552 a

463 2555 736 2614 Cicerone
766 2560 1136 2638 Minucioque
1175 2582 1597 2649 memorantur,
1632 2581 1840 2639 litteris
1871 2588 2110 2642 manda-

461 2645 563 2700 vit.
627 2646 862 2720 Legesis
916 2652 1313 2728 Plutarchum,
1370 2645 1733 2736 Athena-um,
1790 2675 2104 2747 Elianum,

462 2736 882 2810 Augustinum,
912 2743 1358 2818 Theodoretum,
1393 2753 1654 2828 aliosque
1675 2778 1708 2815 a
1728 2763 1896 2820 nobis
1925 2764 1982 2819 in
2017 2736 2108 2822 su:

464 2823 674 2894 periori
706 2831 1034 2898 Apparatus
1089 2839 1272 2892 nostri
1318 2847 1477 2899 torno
1506 2823 1715 2906 citatos
1762 2851 2108 2924 (Plutarch,

463 2910 563 2968 lib.
595 2914 660 2970 de
712 2917 843 3017 Isid.
881 2924 934 2976 et
987 2922 1152 2993 θείη,
1210 2944 1342 3001 pag.
1396 2933 1540 3003 360;
1599 2910 1827 3011 Athen.,
1859 2943 1956 2998 lib.
1992 2910 2105 3017 xu};

461 3002 847 3077 Deipnosoph.,
893 3026 1025 3102 pag.
1073 3015 1214 3084 658;
1265 3019 1498 3089 Ellam,
1548 3025 1648 3081 lib.
1701 3046 1761 3096 ιι,
1800 3002 1919 3088 l’ar.
1955 3002 2104 3102 hist;

464 3107 590 3164 cap.
624 3095 732 3163 32;
777 3099 1112 3172 Augustin.,
1175 3105 1326 3164 lib.1
1376 3111 1440 3167 de
1495 3095 1780 3188 Evangel.,
1839 3095 2106 3193 cap.

463 3180 774 3253 Theodor.,
807 3203 983 3244 serm.
1016 3193 1068 3262 3,
1102 3194 1166 3250 de
1194 3199 1411 3271 Angel.,
1436 3219 1566 3275 pag.
1598 3180 1745 3274 566).
1768 3180 1864 3264 1ὺί
1909 3180 2108 3269 autem
2142 3231 2185 3298 ρ

466 3271 897 3298 κλμ-,Μέρη
929 3277 982 3298 ιν
1109 3283 1147 3298 η
1197 3285 1210 3298 .
1685 3295 1695 3298 -
1736 3297 1742 3298 κ

464 3271 900 3332 observavimus
929 3277 1083 3336 hunc
1109 3271 1498 3346 Euhemerum
1523 3309 1555 3347 a
1578 3295 1780 3352 multis
1802 3299 2108 3359 atbeorum

466 3373 734 3428 numero,
768 3361 924 3419 haud
949 3366 1122 3426 dubie
1145 3380 1384 3445 propter
1403 3377 1535 3435 illas
1556 3381 1798 3440 deorum
1835 3388 2111 3448 historias

466 3445 650 3504 fuisse
683 3453 1026 3525 ascriptum.
1061 3459 1170 3516 Sed
1205 3463 1258 3518 id
1293 3482 1408 3522 non
1441 3470 1760 3542 prohibuit,
1795 3445 2111 3548 quominus

466 3536 710 3609 Ennius,
742 3542 826 3596 uti
856 3546 1068 3614 Cicero,
1094 3556 1150 3604 et
1172 3559 1372 3624 postea
1403 3536 1761 3632 Augustinus
1792 3536 2112 3641 aiunt,ejus

467 3624 650 3682 libros
700 3631 1114 3704 interpretatus
1166 3642 1261 3708 sit,
1304 3624 1667 3719 eaquevvera
1716 3657 1854 3725 sint,
1885 3624 2114 3730 qumade

468 3712 703 3770 illorum
734 3719 974 3778 deorum
1009 3730 1326 3799 natalibus,
1347 3712 1519 3793 rebus
1550 3741 1703 3799 559
1735 3712 1939 3817 gestis,
1968 3712 2116 3804 mor-

469 3801 649 3871 tibus,
709 3811 766 3861 et
817 3812 1100 3882 sepulcris
1155 3830 1488 3881 narraverat
1543 3801 1770 3904 (Cicer:
1830 3833 1938 3890 loc.
1989 3837 2111 3906 cit.;

469 3893 742 3996 August”
777 3896 876 3954 lib.
909 3919 984 3958 vn
1016 3904 1082 3960 de
1112 3907 1295 3979 Civit.,
1351 3930 1476 3986 cap.
1535 3893 1620 3987 17,
1654 3924 1682 3990 §
1715 3893 1767 3990 1;
1796 3941 1926 3996 pag.
1967 3893 2112 3996 183):

449 3985 468 4001 ‘
542 3983 842 4044 Minucius
874 4008 1044 4062 porro
1072 4012 1138 4052 ex
1168 3998 1239 4054 iis
1280 4019 1409 4074 quae
1439 4004 1534 4062 ille
1583 4009 1816 4068 Grmcus
1866 4014 2118 4086 scriptor

471 4072 543 4128 de
569 4074 809 4132 deorum
843 4086 992 4149 ortu,
1027 4087 1237 4156 patria,
1270 4072 1326 4146 et
1360 4094 1646 4166 sepulcris
1676 4101 1920 4169 dixerat,
1969 4072 2114 4160 rion-

472 4160 637 4218 nulla
665 4169 897 4223 tantum
932 4175 1293 4249 perstringit,
1335 4160 1617 4242 nimirum
1653 4212 1674 4238 α
1710 4160 2114 4260 Dictaei'Jovis,

469 4252 762 4345 Apollinis
796 4259 1074 4332 Delphici,
1113 4267 1329 4326 Pharias
1379 4273 1570 4345 Isidis,
1604 4282 1661 4333 et
1690 4282 1912 4335 Cereris
1944 4252 2116 4339 Eleu;

471 4340 658 4398 siniae.
695 4367 716 4396 ι
753 4346 918 4404 Dicta
948 4357 1168 4425 autem,
1201 4375 1303 4415 seu
1336 4361 1496 4419 Dicte
1529 4382 1696 4422 mons
1727 4369 1785 4423 in
1817 4371 1984 4426 Creta
2022 4372 2117 4427 in-

473 4430 603 4486 sula
632 4439 739 4504 est,
774 4435 834 4491 in
879 4440 1050 4511 cujus
1100 4451 1268 4502 antro
1313 4448 1450 4521 Ops,
1512 4471 1616 4510 seu
1657 4457 1836 4530 Rhea,
1880 4459 2114 4516 Saturni

473 4535 636 4588 uxor,
668 4523 890 4597 Jovem,
923 4534 1166 4602 peperit,
1199 4553 1264 4592 ac
1293 4543 1621 4612 Curetibus,
1655 4563 1755 4601 seu
1787 4523 2118 4620 Corybanti-

473 4606 603 4704 bus,
636 4618 701 4712 et‘
725 4613 898 4712 ldeeis-
928 4623 1198 4694 Dactylis,
1253 4643 1324 4684 ne
1373 4649 1572 4691 recens
1609 4606 1797 4694 natus
1846 4606 2111 4712 a'patre,
2146 4607 2192 4671 D

472 4695 627 4752 sicut
653 4697 751 4755 alii
796 4701 923 4769 filii,
969 4708 1362 4784 devoraretur,
1409 4725 1858 4782 custodiendum
1890 4729 2114 4785 occulte

469 4785 709 4931 t‘r-aditiit
753 4793 999 4862 (Strabo,
1049 4797 1147 4856 lib.
1208 4822 1281 4860 xx
1351 4809 1562 4883 Geogr.,
1593 4832 1726 4889 psg.
1777 4818 1924 4891 478).
1975 4818 2116 4875 lnde

524 4890 634 4931 irai
663 4892 754 4931 ius
783 4899 798 4931 :

524 4890 754 4948 irgiuus
783 4899 798 4936 :

591 4986 1137 5075 {lanugini—naturas
1169 5001 1373 5063 apibus,
1409 5019 1542 5070 quas
1569 5010 1776 5075 Jupiter
1815 5013 1928 5075 ipse

593 5049 832 5128 addidit,
864 5059 1141 5128 expediam
1165 5078 1177 5120 ;
1203 5049 1959 5128 'pEo’QBEEérLSEé'E'adSFE-

594 5112 849 5198 Curetum
881 5112 1130 5198 strepitus
1159 5112 1714 5198 erepitéaﬁﬁﬁe'é‘};

599 5178 794 5228 Dictaeo
825 5183 945 5232 caeli
976 5178 1154 5250 regem
1188 5178 1379 5251 pa'vere
1405 5178 1709 5248 3683115};

993 5266 1196 5331 (Virgil.
1239 5270 1424 5337 Georg.
1455 5275 1541 5327 lib.
1579 5292 1648 5337 IV,
1679 5293 1730 5328 v.
1766 5283 1853 5331 149
1882 5285 1931 5331 et
1956 5289 2116 5348 seqq.)

541 5358 738 5418 Alium
763 5365 812 5419 si
844 5365 1142 5427 desideres
1167 5372 1436 5432 Latinum
1459 5382 1822 5450 poetam,tibi
1851 5384 1964 5440 cito
1981 5403 2114 5458 pro-

473 5447 757 5509 ducamus
791 5456 1147 5530 Lucretium,
1182 5464 1282 5536 qui
1322 5466 1595 5526 similiter
1622 5472 1864 5530 cecinit:

604 5557 826 5630 Qicteeos
865 5565 1094 5630 'eferunt
1122 5570 1360 5629 Curetas,
1398 5576 1487 5625 riui
1515 5577 1662 5626 Jovis
1690 5579 1833 5630 illum

602 5620 849 5707 Xagitum
881 5627 930 5699 in
961 5630 1112 5700 Creta
1131 5620 2023 5707 quondamocc'uitaase'ieruntur,

603 5683 730 5734 Cum
764 5689 910 5748 pueri
942 5683 1401 5761 circum'puortim
1427 5683 1898 5769 fiéiﬁiéé'éimma,

2222 1946 2486 2018 quamvis
2511 1963 2608 2002 eos
2632 1946 2839 2002 Strabo
2863 1947 3070 2002 stadiis
3095 1963 3183 2002 cm
3205 1947 3428 2003 distare
3449 1947 3810 2003 existimaverit

2221 2034 2908 2136 (Strab.,lib.xGeog-r.,
2949 2037 3326 2136 p§8-_47§l-_
3462 2125 3518 2136 η,
3595 2124 3611 2136 ,

2290 2128 2466 2182 Porro
2496 2130 2690 2181 autem
2723 2141 2792 2181 ex
2814 2125 2941 2197 jam
2973 2125 3146 2182 citato
3181 2125 3434 2181 Diodoro
3461 2124 3648 2181 Siculo
3682 2124 3818 2180 disci-

2219 2231 2352 2269 mus
2384 2231 2563 2286 quam
2615 2231 2814 2270 verum
2864 2213 3008 2270 illud
3060 2215 3157 2282 sit,
3209 2215 3372 2286 quod
3426 2218 3628 2313 postea
3658 2219 3818 2313 auctor

2217 2308 2417 2359 noster
2447 2303 2664 2369 retulit,
2689 2320 2922 2376 capram
2949 2304 3130 2359 tuisse
3152 2305 3425 2375 ejusdem
3446 2303 3598 2359 Jovis
3617 2303 3814 2358 infantis

2215 2389 2527 2462 nutricem,
2564 2389 2649 2446 vel
2682 2390 2765 2445 uti
2795 2391 2921 2462 ipse
2951 2390 3209 2461 loquitur
3239 2409 3252 2447 :
3306 2413 3335 2442 «
3365 2392 3520 2448 Jovis
3549 2391 3812 2489 nptrix'ea-

2216 2477 2367 2550 pelia
2397 2482 2503 2534 est.
2541 2500 2568 2528 ››
2608 2478 2889 2551 Nympha
2933 2479 3169 2546 etenim,
3203 2479 3689 2552 quemadmodum
3715 2477 3813 2548 ipse

2217 2568 2500 2625 Diodorus
2531 2566 2811 2640 loquitur,
2842 2591 2862 2616 ι
2889 2567 3080 2623 mellis
3109 2573 3165 2624 et
3193 2567 3374 2624 lactis
3405 2569 3808 2640 temperamento

2215 2658 2502 2713 infantem
2533 2658 2824 2725 cibarunt,
2848 2662 2904 2713 et
2925 2673 3111 2730 caprae
3145 2657 3490 2725 Amaltheae,
3515 2661 3575 2713 ut
3600 2659 3814 2723 vocatur,

2217 2747 2398 2802 ubera
2417 2747 2487 2801 ad
2512 2745 2832 2817 pleniorem
2856 2747 2906 2801 ei
2932 2747 3396 2803 nutricationem
3424 2748 3819 2820 porrexerunt...

2217 2835 2414 2907 Caprae
2445 2835 2621 2890 etiam
2655 2835 2868 2890 nutrici
2893 2852 3027 2891 cum
3053 2835 3198 2891 alios
3229 2835 3442 2892 tribuit
3470 2835 3821 2932 honores,tu‘m
3916 2845 3917 2848 ‘

2215 2923 2500 2997 ngiochi,
2537 2924 2591 2979 id
2615 2928 2724 2993 est,
2750 2924 3177 2996 Capritenentis
3197 2928 3654 2997 cognomentum
3675 2923 3735 2977 ab
3752 2919 3826 2974 illa

2217 3015 2548 3086 desumpsit
2596 3035 2624 3063 »
2674 3013 2886 3081 (Diod.,
2942 3013 3041 3070 lib.
3097 3031 3134 3069 v
3188 3015 3494 3081 Biblioth.,
3543 3029 3663 3086 pag.
3707 3011 3822 3080 233).

2217 3104 2608 3169 Quamobrem
2634 3102 2875 3159 Ovidius
2899 3119 2912 3156 :

2345 3228 2589 3277 Nascitur
2614 3226 2815 3277 Oleniae
2842 3225 2991 3276 sidus
3020 3226 3266 3288 pluviale
3303 3227 3518 3288 capella

2415 3291 2503 3338 Illa
2536 3291 2642 3338 dati
2674 3289 2866 3339 emtum
2898 3291 3117 3351 praemia
3147 3290 3310 3340 lactis
3340 3290 3520 3340 habet.

2340 3353 2462 3402 Nais
2489 3352 2760 3402 Amalthea
2783 3352 2986 3403 Cretaea
3017 3353 3215 3402 nobilis
3248 3355 3362 3410 Ida.

2346 3416 2605 3465 Cornibus
2636 3416 2823 3475 aereis,
2853 3419 3011 3478 atque
3040 3416 3096 3465 in
3127 3429 3231 3465 sua
3261 3421 3416 3478 terga
3452 3412 3705 3465 recurvis:

2411 3479 2600 3542 Ubere,
2631 3477 2773 3542 quod
2804 3477 2986 3542 nutrix
3015 3482 3198 3542 posset
3223 3477 3429 3529 habere
3457 3478 3615 3538 Jovis,

2347 3543 2449 3591 Lac
2478 3541 2641 3589 dabat
2667 3540 2756 3589 illa
2789 3539 2909 3590 deo.

2975 3613 3144 3675 (Ovid.
3173 3613 3274 3664 lib.
3304 3628 3342 3662 γ
3381 3613 3596 3672 Παίων..
3626 3615 3649 3671 §
3674 3611 3736 3668 2.)

2294 3729 2378 3786 Ad
2405 3728 2565 3784 illius
2591 3733 2784 3784 autem
2817 3727 3179 3800 sepulcrum,
3216 3747 3253 3786 a
3286 3730 3547 3786 Minucio
3577 3730 3770 3792 nostro,
3793 3738 3838 3774 ac

2228 3821 2381 3879 560
2412 3823 2715 3892 sequestra
2759 3817 2889 3887 ejus
2935 3817 3223 3890 Cypriane
3278 3824 3690 3882 memoratum,
3716 3811 3840 3887 quod

2225 3914 2468 3984 spectat,
2548 3910 2869 3976 Cretenses,
2928 3911 3077 3964 teste
3135 3908 3424 3977 Luciano,
3493 3905 3840 3965 affirmabant,

2225 4026 2254 4054 «
2285 4003 2478 4059 Jovem
2511 4018 2627 4057 non
2659 4001 2833 4055 modo
2867 3998 3078 4056 vixisse
3133 4001 3297 4072 apud
3347 4016 3434 4070 se,
3480 3999 3844 4097 nutritumque

2227 4092 2410 4148 fuisse
2433 4109 2446 4158 ;
2472 4107 2672 4147 verum
2695 4090 2872 4146 etiam
2896 4088 3236 4162 sepulcrum
3262 4091 3398 4163 ejus
3420 4091 3754 4147 ostendunt:
3773 4088 3842 4134 τὸν

2223 4181 2390 4257 τάφον
2422 4177 2746 4235 δεικνύουσι.
2780 4181 2924 4235 Tres
2955 4195 3087 4235 vero
3119 4179 3363 4236 Tullius
3395 4179 3663 4235 distinxit
3685 4176 3846 4234 Joves,

2226 4287 2477 4343 quorum
2510 4292 2538 4320 «
2573 4269 2836 4339 tertium,
2871 4292 2898 4318 »
2931 4268 3142 4340 inquit,
3175 4271 3583 4326 numerabant
3607 4290 3636 4318 (ι
3663 4268 3849 4321 Creten

2227 4376 2374 4426 sem,
2398 4359 2636 4415 Saturni
2660 4358 2869 4425 filium,
2896 4359 3067 4427 cujus
3099 4358 3158 4414 in
3180 4358 3288 4414 illa
3319 4358 3524 4450 insula
3553 4353 3848 4450 sepulcrum

2227 4448 2574 4505 ostenditur.
2601 4469 2628 4498 »
2662 4446 2844 4503 Varro
2876 4451 3094 4516 autem,
3120 4452 3186 4503 ut
3215 4453 3474 4504 annotat
3496 4447 3743 4509 Solinus,
3767 4446 3853 4493 «in

2227 4537 2430 4609 Opere,
2465 4537 2615 4608 quod
2648 4537 2718 4592 de
2750 4535 3104 4591 littoralibus
3136 4540 3246 4603 est,
3279 4537 3464 4593 etiam
3513 4537 3640 4592 suis
3666 4539 3852 4600 tempo-

2226 4627 2390 4683 ribus
2442 4627 2698 4682 afﬂrmat
2743 4625 3080 4697 sepulcrum
3131 4625 3302 4681 Jovis
3354 4627 3438 4682 ibi
3504 4625 3806 4680 visitatum.
3836 4637 3857 4662 ιν

2223 4716 2617 4773 Callimachus
2643 4719 2840 4771 tamen
2870 4714 3113 4770 dubiam
3145 4730 3269 4769 rem
3296 4730 3434 4770 esse
3459 4713 3637 4779 canit,
3666 4726 3725 4766 ac
3751 4708 3857 4763 Cre-

2224 4811 2420 4864 tenses
2451 4805 2737 4862 mendacii
2772 4807 3046 4860 accusat:
3081 4803 3182 4858 sed
3207 4803 3291 4859 ibi
3325 4820 3470 4859 cum
3504 4803 3703 4860 Jovem
3731 4811 3856 4854 sem-

2224 4915 2328 4970 per
2347 4896 2643 4952 exstitisss
2666 4895 2842 4960 dicat,
2862 4893 3063 4965 putide
3086 4892 3405 4983 mentitur.
3435 4891 3674 4983 Legesis
3693 4887 3855 4983 adhuc

2221 4985 2610 5059 Theophilum
2638 4983 3089 5054 Antiochenum,
3133 4981 3509 5039 Clementem
3547 4975 3855 5038 Alexandri-

2225 5090 2391 5142 num,
2423 5072 2753 5145 Origenem,
2779 5071 3230 5136 Tertullianum,
3255 5071 3619 5134 Arnobium,
3655 5067 3861 5122 Lactan-

2225 5163 2396 5232 tium,
2441 5162 2759 5218 Eusebium
2805 5165 2864 5216 et
2915 5160 3338 5250 Epiphanium.
3400 5158 3649 5216 Vossius
3693 5158 3862 5250 tamen

2226 5252 2521 5309 existimat
2549 5251 2696 5306 duos
2727 5249 2906 5305 fuisse
2934 5249 3238 5307 Cretenses
3266 5248 3303 5304 J
3311 5265 3478 5316 oves,
3529 5262 3710 5304 unum
3735 5246 3866 5299 anti-

2226 5340 2581 5414 quissimum
2609 5342 2784 5395 Cretae
2834 5355 3051 5412 regem,
3083 5355 3118 5395 a
3149 5355 3264 5413 quo
3318 5337 3504 5394 Creta
3555 5350 3762 5436 nomen
3787 5344 3868 5436 eos

2227 5430 2414 5502 cepit;
2449 5429 2696 5486 alterum
2721 5428 3040 5498 juniorem,
3075 5429 3173 5503 qui
3223 5427 3539 5500 Europam
3571 5425 3780 5498 rapuit,
3811 5419 3870 5474 de

2228 5538 2342 5595 quo
2370 5520 2703 5575 Ciceronem
2735 5523 2790 5576 et
2817 5519 3183 5576 Lactantium
3214 5518 3384 5590 loqui
3409 5518 3693 5591 opinatur
3719 5514 3866 5585 Cypr.

2227 5611 2292 5666 de
2322 5610 2452 5667 [ἀοι.
2492 5611 2697 5678 Venit,
2731 5626 2862 5683 pag.
2899 5611 2959 5665 11
2991 5627 3005 5678 ;
3041 5609 3278 5665 Luciau.
3336 5608 3410 5664 de
3455 5607 3724 5677 sacri/ia,
3752 5615 3870 5674 pag-

2230 5701 2351 5771 185,
2385 5698 2488 5757 lin.
2522 5700 2626 5768 49;
2658 5698 2859 5769 Cicer.,
2922 5697 3022 5754 lib.
3087 5715 3146 5753 ιιι
3205 5695 3271 5752 de
3335 5697 3475 5753 Nat.
3527 5695 3698 5758 ἆρον..
3752 5700 3869 5760 ρας.
