  <div class='ocr_page' id='page_1' title='image "/cluster/home/n/w/nwhite01/storage/ocr_20150623/3/hvd.32044073549586/342.png"; bbox 0 0 3942 6162; ppageno 0'>
   <div class='ocr_carea' id='block_1_1' title="bbox 10 98 262 237">
    <p class='ocr_par' dir='ltr' id='par_1_1' title="bbox 10 98 262 237">
     <span class='ocr_line' id='line_1_1' title="bbox 10 98 262 237; baseline 0.016 0"><span class='ocrx_word' id='word_1_1' title='bbox 10 98 262 237; x_wconf 55' lang='lat' dir='ltr'><strong>l&#39;“</strong></span> 
     </span>
    </p>
   </div>
   <div class='ocr_carea' id='block_1_2' title="bbox 146 319 237 377">
    <p class='ocr_par' dir='ltr' id='par_1_2' title="bbox 146 319 237 377">
     <span class='ocr_line' id='line_1_2' title="bbox 146 319 237 377; baseline -0.022 0"><span class='ocrx_word' id='word_1_2' title='bbox 146 319 237 377; x_wconf 73' lang='lat'><strong>5&#39;17</strong></span> 
     </span>
    </p>
   </div>
   <div class='ocr_carea' id='block_1_3' title="bbox 1543 324 2081 394">
    <p class='ocr_par' dir='ltr' id='par_1_3' title="bbox 1543 324 2081 394">
     <span class='ocr_line' id='line_1_3' title="bbox 1543 324 2081 394; baseline 0.015 -8"><span class='ocrx_word' id='word_1_3' title='bbox 1543 324 2081 394; x_wconf 79' lang='lat' dir='ltr'><strong>DISSERTATIO.</strong></span> 
     </span>
    </p>
   </div>
   <div class='ocr_carea' id='block_1_4' title="bbox 3393 367 3513 428">
    <p class='ocr_par' dir='ltr' id='par_1_4' title="bbox 3393 367 3513 428">
     <span class='ocr_line' id='line_1_4' title="bbox 3393 367 3513 428; baseline 0.042 -5"><span class='ocrx_word' id='word_1_4' title='bbox 3393 367 3513 428; x_wconf 82' lang='lat'><strong>578</strong></span> 
     </span>
    </p>
   </div>
   <div class='ocr_carea' id='block_1_5' title="bbox 146 446 3507 565">
    <p class='ocr_par' dir='ltr' id='par_1_5' title="bbox 146 446 3507 565">
     <span class='ocr_line' id='line_1_5' title="bbox 146 446 3507 565; baseline 0.012 -61"><span class='ocrx_word' id='word_1_5' title='bbox 146 449 358 512; x_wconf 64' lang='lat' dir='ltr'><strong>247,1in,</strong></span> <span class='ocrx_word' id='word_1_6' title='bbox 389 448 495 504; x_wconf 69' lang='lat'><strong>34:</strong></span> <span class='ocrx_word' id='word_1_7' title='bbox 541 446 722 504; x_wconf 82' lang='lat' dir='ltr'><strong>Solio.</strong></span> <span class='ocrx_word' id='word_1_8' title='bbox 785 447 1067 524; x_wconf 80' lang='lat' dir='ltr'><strong>Polyhist.</strong></span> <span class='ocrx_word' id='word_1_9' title='bbox 1128 468 1251 525; x_wconf 90' lang='lat' dir='ltr'><strong>cap.</strong></span> <span class='ocrx_word' id='word_1_10' title='bbox 1317 456 1401 522; x_wconf 85' lang='grc'>11,</span> <span class='ocrx_word' id='word_1_11' title='bbox 1445 474 1576 530; x_wconf 83' lang='lat' dir='ltr'><strong>pag.</strong></span> <span class='ocrx_word' id='word_1_12' title='bbox 1633 460 1739 527; x_wconf 76' lang='lat'><strong>29;</strong></span> <span class='ocrx_word' id='word_1_13' title='bbox 1772 464 1824 528; x_wconf 85' lang='grc' dir='ltr'><strong>Α</strong></span> <span class='ocrx_word' id='word_1_14' title='bbox 1856 461 2111 530; x_wconf 88' lang='lat' dir='ltr'><strong>lumnas,</strong></span> <span class='ocrx_word' id='word_1_15' title='bbox 2149 469 2204 522; x_wconf 87' lang='lat' dir='ltr'><strong>in</strong></span> <span class='ocrx_word' id='word_1_16' title='bbox 2241 476 2544 544; x_wconf 81' lang='lat' dir='ltr'><strong>utriusque</strong></span> <span class='ocrx_word' id='word_1_17' title='bbox 2575 474 2854 538; x_wconf 81' lang='lat' dir='ltr'><strong>honorem</strong></span> <span class='ocrx_word' id='word_1_18' title='bbox 2889 485 3129 557; x_wconf 88' lang='lat' dir='ltr'><strong>positas,</strong></span> <span class='ocrx_word' id='word_1_19' title='bbox 3164 491 3222 546; x_wconf 91' lang='lat' dir='ltr'><strong>in</strong></span> <span class='ocrx_word' id='word_1_20' title='bbox 3255 510 3507 565; x_wconf 76' lang='lat' dir='ltr'><strong>quarum</strong></span> 
     </span>
     <span class='ocr_line' id='line_1_6' title="bbox 146 536 2374 565; baseline 0 0"><span class='ocrx_word' id='word_1_21' title='bbox 146 536 402 565; x_wconf 63' lang='lat' dir='ltr'><strong>n_ll:m--l.</strong></span> <span class='ocrx_word' id='word_1_22' title='bbox 488 539 660 565; x_wconf 68' lang='grc' dir='ltr'><strong>Πημι.-.</strong></span> <span class='ocrx_word' id='word_1_23' title='bbox 722 541 778 565; x_wconf 58' lang='grc' dir='ltr'><strong>Δ..</strong></span> <span class='ocrx_word' id='word_1_24' title='bbox 827 541 992 565; x_wconf 68' lang='grc' dir='ltr'><strong>1’,......Δ</strong></span> <span class='ocrx_word' id='word_1_25' title='bbox 1049 559 1162 565; x_wconf 54' lang='grc' dir='ltr'><strong>..-μ</strong></span> <span class='ocrx_word' id='word_1_26' title='bbox 1201 544 1302 565; x_wconf 64' lang='lat' dir='ltr'><strong>tne</strong></span> <span class='ocrx_word' id='word_1_27' title='bbox 1361 550 1470 565; x_wconf 69' lang='lat' dir='ltr'><strong>A-___</strong></span> <span class='ocrx_word' id='word_1_28' title='bbox 1550 547 1630 565; x_wconf 68' lang='lat' dir='ltr'><strong>In</strong></span> <span class='ocrx_word' id='word_1_29' title='bbox 1712 553 1723 565; x_wconf 77' lang='grc' dir='ltr'><strong><em>Α</em></strong></span> <span class='ocrx_word' id='word_1_30' title='bbox 2141 555 2150 565; x_wconf 85' lang='lat'><strong>.</strong></span> <span class='ocrx_word' id='word_1_31' title='bbox 2203 556 2259 565; x_wconf 36' lang='grc' dir='ltr'><strong>..ν</strong></span> <span class='ocrx_word' id='word_1_32' title='bbox 2366 562 2374 565; x_wconf 89' lang='grc'>.</span> 
     </span>
    </p>
   </div>
   <div class='ocr_carea' id='block_1_6' title="bbox 145 536 1750 614">
    <p class='ocr_par' dir='ltr' id='par_1_6' title="bbox 145 536 1750 614">
     <span class='ocr_line' id='line_1_7' title="bbox 145 536 1750 614; baseline 0.006 -19"><span class='ocrx_word' id='word_1_33' title='bbox 145 536 451 607; x_wconf 77' lang='lat' dir='ltr'><strong>Callimach,</strong></span> <span class='ocrx_word' id='word_1_34' title='bbox 481 539 686 609; x_wconf 80' lang='lat' dir='ltr'><strong>Hymn.</strong></span> <span class='ocrx_word' id='word_1_35' title='bbox 721 541 782 594; x_wconf 80' lang='lat' dir='ltr'><strong>in</strong></span> <span class='ocrx_word' id='word_1_36' title='bbox 812 541 1016 612; x_wconf 79' lang='lat' dir='ltr'><strong>Jovem,</strong></span> <span class='ocrx_word' id='word_1_37' title='bbox 1048 559 1179 614; x_wconf 88' lang='lat' dir='ltr'><strong>pag.</strong></span> <span class='ocrx_word' id='word_1_38' title='bbox 1199 544 1327 611; x_wconf 84' lang='lat'><strong>535,</strong></span> <span class='ocrx_word' id='word_1_39' title='bbox 1360 550 1501 600; x_wconf 89' lang='lat' dir='ltr'><strong>tom.</strong></span> <span class='ocrx_word' id='word_1_40' title='bbox 1545 547 1750 604; x_wconf 88' lang='lat' dir='ltr'><strong>lPoet.</strong></span> 
     </span>
    </p>
   </div>
   <div class='ocr_carea' id='block_1_7' title="bbox 145 627 1750 706">
    <p class='ocr_par' dir='ltr' id='par_1_7' title="bbox 145 627 1750 706">
     <span class='ocr_line' id='line_1_8' title="bbox 145 627 1750 706; baseline 0.006 -22"><span class='ocrx_word' id='word_1_41' title='bbox 145 629 313 694; x_wconf 66' lang='lat' dir='ltr'><strong>Grec;</strong></span> <span class='ocrx_word' id='word_1_42' title='bbox 339 627 679 698; x_wconf 83' lang='lat' dir='ltr'><strong>TheOpbil.,</strong></span> <span class='ocrx_word' id='word_1_43' title='bbox 712 627 815 683; x_wconf 90' lang='lat' dir='ltr'><strong>lib.</strong></span> <span class='ocrx_word' id='word_1_44' title='bbox 851 631 989 685; x_wconf 81' lang='lat' dir='ltr'><strong>uad</strong></span> <span class='ocrx_word' id='word_1_45' title='bbox 1027 633 1230 702; x_wconf 83' lang='lat' dir='ltr'><strong>Antol.,</strong></span> <span class='ocrx_word' id='word_1_46' title='bbox 1284 651 1414 706; x_wconf 87' lang='lat' dir='ltr'><strong>pag.</strong></span> <span class='ocrx_word' id='word_1_47' title='bbox 1464 637 1528 691; x_wconf 89' lang='grc'><strong>81</strong></span> <span class='ocrx_word' id='word_1_48' title='bbox 1560 656 1577 702; x_wconf 80' lang='lat'><strong>;</strong></span> <span class='ocrx_word' id='word_1_49' title='bbox 1626 637 1750 694; x_wconf 83' lang='lat' dir='ltr'><strong>Cle-</strong></span> 
     </span>
    </p>
   </div>
   <div class='ocr_carea' id='block_1_8' title="bbox 147 715 1750 796">
    <p class='ocr_par' dir='ltr' id='par_1_8' title="bbox 147 715 1750 796">
     <span class='ocr_line' id='line_1_9' title="bbox 147 715 1750 796; baseline 0.006 -24"><span class='ocrx_word' id='word_1_50' title='bbox 147 721 281 772; x_wconf 83' lang='lat' dir='ltr'><strong>ment.</strong></span> <span class='ocrx_word' id='word_1_51' title='bbox 310 715 638 782; x_wconf 79' lang='lat' dir='ltr'><strong>Alexandr.,</strong></span> <span class='ocrx_word' id='word_1_52' title='bbox 672 718 943 774; x_wconf 79' lang='lat' dir='ltr'><strong>Admonit.</strong></span> <span class='ocrx_word' id='word_1_53' title='bbox 999 737 1129 792; x_wconf 82' lang='lat' dir='ltr'><strong>pag.</strong></span> <span class='ocrx_word' id='word_1_54' title='bbox 1181 723 1292 790; x_wconf 68' lang='lat'><strong>24;</strong></span> <span class='ocrx_word' id='word_1_55' title='bbox 1344 722 1602 796; x_wconf 88' lang='lat' dir='ltr'><strong>Origen.,</strong></span> <span class='ocrx_word' id='word_1_56' title='bbox 1648 726 1750 783; x_wconf 88' lang='lat' dir='ltr'><strong>lib.</strong></span> 
     </span>
    </p>
   </div>
   <div class='ocr_carea' id='block_1_9' title="bbox 148 808 1749 888">
    <p class='ocr_par' dir='ltr' id='par_1_9' title="bbox 148 808 1749 888">
     <span class='ocr_line' id='line_1_10' title="bbox 148 808 1749 888; baseline 0.006 -26"><span class='ocrx_word' id='word_1_57' title='bbox 148 824 189 862; x_wconf 88' lang='grc' dir='ltr'><strong>ιιι</strong></span> <span class='ocrx_word' id='word_1_58' title='bbox 216 816 361 862; x_wconf 79' lang='lat' dir='ltr'><strong>contr.</strong></span> <span class='ocrx_word' id='word_1_59' title='bbox 397 808 566 872; x_wconf 59' lang='lat' dir='ltr'><strong>Cela,</strong></span> <span class='ocrx_word' id='word_1_60' title='bbox 602 823 732 879; x_wconf 89' lang='lat' dir='ltr'><strong>pag.</strong></span> <span class='ocrx_word' id='word_1_61' title='bbox 779 809 921 877; x_wconf 77' lang='lat'><strong>167;</strong></span> <span class='ocrx_word' id='word_1_62' title='bbox 954 809 1225 877; x_wconf 89' lang='lat' dir='ltr'><strong>Tertull.,</strong></span> <span class='ocrx_word' id='word_1_63' title='bbox 1275 813 1567 884; x_wconf 80' lang='lat' dir='ltr'><strong>Apoleget.,</strong></span> <span class='ocrx_word' id='word_1_64' title='bbox 1624 831 1749 888; x_wconf 89' lang='lat' dir='ltr'><strong>cap.</strong></span> 
     </span>
    </p>
   </div>
   <div class='ocr_carea' id='block_1_10' title="bbox 147 895 1751 975">
    <p class='ocr_par' dir='ltr' id='par_1_10' title="bbox 147 895 1751 975">
     <span class='ocr_line' id='line_1_11' title="bbox 147 895 1751 975; baseline 0.005 -25"><span class='ocrx_word' id='word_1_65' title='bbox 147 898 207 959; x_wconf 80' lang='lat'><strong>25,</strong></span> <span class='ocrx_word' id='word_1_66' title='bbox 231 911 340 967; x_wconf 80' lang='lat' dir='ltr'><strong>pag.</strong></span> <span class='ocrx_word' id='word_1_67' title='bbox 371 895 762 964; x_wconf 86' lang='lat' dir='ltr'><strong>27;Arnob.,</strong></span> <span class='ocrx_word' id='word_1_68' title='bbox 797 897 900 953; x_wconf 80' lang='lat' dir='ltr'><strong>lib&#39;.</strong></span> <span class='ocrx_word' id='word_1_69' title='bbox 933 915 990 953; x_wconf 84' lang='grc' dir='ltr'>ιν</span> <span class='ocrx_word' id='word_1_70' title='bbox 1039 901 1150 955; x_wconf 86' lang='lat' dir='ltr'><strong>adv</strong></span> <span class='ocrx_word' id='word_1_71' title='bbox 1199 899 1375 969; x_wconf 83' lang='lat' dir='ltr'><strong>Gent.,</strong></span> <span class='ocrx_word' id='word_1_72' title='bbox 1427 920 1558 975; x_wconf 85' lang='lat' dir='ltr'><strong>pag.</strong></span> <span class='ocrx_word' id='word_1_73' title='bbox 1612 906 1751 970; x_wconf 75' lang='lat'><strong>135;</strong></span> 
     </span>
    </p>
   </div>
   <div class='ocr_carea' id='block_1_11' title="bbox 150 981 1751 1062">
    <p class='ocr_par' dir='ltr' id='par_1_11' title="bbox 150 981 1751 1062">
     <span class='ocr_line' id='line_1_12' title="bbox 150 981 1751 1062; baseline 0.006 -22"><span class='ocrx_word' id='word_1_74' title='bbox 150 985 379 1049; x_wconf 64' lang='lat' dir='ltr'><strong>Lactant,</strong></span> <span class='ocrx_word' id='word_1_75' title='bbox 413 981 517 1038; x_wconf 90' lang='lat' dir='ltr'><strong>lib.</strong></span> <span class='ocrx_word' id='word_1_76' title='bbox 554 1000 573 1038; x_wconf 82' lang='grc' dir='ltr'><strong>ι</strong></span> <span class='ocrx_word' id='word_1_77' title='bbox 602 987 814 1051; x_wconf 49' lang='lat' dir='ltr'><strong>Instat”</strong></span> <span class='ocrx_word' id='word_1_78' title='bbox 861 1003 988 1060; x_wconf 89' lang='lat' dir='ltr'><strong>cap.</strong></span> <span class='ocrx_word' id='word_1_79' title='bbox 1029 990 1115 1056; x_wconf 89' lang='grc'>11,</span> <span class='ocrx_word' id='word_1_80' title='bbox 1169 1007 1301 1062; x_wconf 89' lang='lat' dir='ltr'><strong>pag.</strong></span> <span class='ocrx_word' id='word_1_81' title='bbox 1349 992 1461 1059; x_wconf 74' lang='lat'><strong>64;</strong></span> <span class='ocrx_word' id='word_1_82' title='bbox 1515 994 1751 1062; x_wconf 90' lang='lat' dir='ltr'><strong>Euseb.,</strong></span> 
     </span>
    </p>
   </div>
   <div class='ocr_carea' id='block_1_12' title="bbox 145 1073 1749 1154">
    <p class='ocr_par' dir='ltr' id='par_1_12' title="bbox 145 1073 1749 1154">
     <span class='ocr_line' id='line_1_13' title="bbox 145 1073 1749 1154; baseline 0.007 -27"><span class='ocrx_word' id='word_1_83' title='bbox 145 1073 214 1127; x_wconf 85' lang='lat' dir='ltr'><strong>lib.</strong></span> <span class='ocrx_word' id='word_1_84' title='bbox 231 1088 283 1126; x_wconf 87' lang='grc' dir='ltr'><strong>ιιι</strong></span> <span class='ocrx_word' id='word_1_85' title='bbox 310 1077 556 1144; x_wconf 60' lang='lat' dir='ltr'><strong>Przpar.</strong></span> <span class='ocrx_word' id='word_1_86' title='bbox 596 1073 839 1143; x_wconf 80' lang='lat' dir='ltr'><strong>Evang.,</strong></span> <span class='ocrx_word' id='word_1_87' title='bbox 881 1091 1010 1148; x_wconf 89' lang='lat' dir='ltr'><strong>cap.</strong></span> <span class='ocrx_word' id='word_1_88' title='bbox 1056 1078 1142 1149; x_wconf 88' lang='grc'><strong>10,</strong></span> <span class='ocrx_word' id='word_1_89' title='bbox 1186 1095 1321 1152; x_wconf 85' lang='lat' dir='ltr'><strong>pag.</strong></span> <span class='ocrx_word' id='word_1_90' title='bbox 1365 1080 1505 1148; x_wconf 77' lang='lat'><strong>107;</strong></span> <span class='ocrx_word' id='word_1_91' title='bbox 1541 1082 1749 1154; x_wconf 88' lang='lat' dir='ltr'><strong>Epiph.</strong></span> 
     </span>
    </p>
   </div>
   <div class='ocr_carea' id='block_1_13' title="bbox 145 1161 1749 1242">
    <p class='ocr_par' dir='ltr' id='par_1_13' title="bbox 145 1161 1749 1242">
     <span class='ocr_line' id='line_1_14' title="bbox 145 1161 1749 1242; baseline 0.006 -25"><span class='ocrx_word' id='word_1_92' title='bbox 145 1161 562 1229; x_wconf 71' lang='lat' dir='ltr'><strong>Anwrat.,§108,</strong></span> <span class='ocrx_word' id='word_1_93' title='bbox 599 1177 733 1235; x_wconf 85' lang='lat' dir='ltr'><strong>pag.</strong></span> <span class='ocrx_word' id='word_1_94' title='bbox 769 1165 905 1232; x_wconf 71' lang='lat'><strong>108;</strong></span> <span class='ocrx_word' id='word_1_95' title='bbox 953 1165 1220 1237; x_wconf 80' lang='lat' dir='ltr'><strong>Vossius,</strong></span> <span class='ocrx_word' id='word_1_96' title='bbox 1279 1167 1433 1225; x_wconf 82' lang='lat' dir='ltr'><strong>lib.1</strong></span> <span class='ocrx_word' id='word_1_97' title='bbox 1484 1170 1549 1226; x_wconf 79' lang='lat' dir='ltr'><strong>de</strong></span> <span class='ocrx_word' id='word_1_98' title='bbox 1599 1172 1749 1242; x_wconf 81' lang='lat' dir='ltr'><strong>Orig.</strong></span> 
     </span>
    </p>
   </div>
   <div class='ocr_carea' id='block_1_14' title="bbox 147 1249 1756 1351">
    <p class='ocr_par' dir='ltr' id='par_1_14' title="bbox 147 1249 1756 1351">
     <span class='ocr_line' id='line_1_15' title="bbox 147 1249 1756 1351; baseline 0.007 -46"><span class='ocrx_word' id='word_1_99' title='bbox 147 1256 314 1322; x_wconf 62' lang='grc' dir='ltr'><strong>αρτ-ορ.</strong></span> <span class='ocrx_word' id='word_1_100' title='bbox 335 1249 551 1319; x_wconf 68' lang='grc' dir='ltr'>ἰάοἱοιη</span> <span class='ocrx_word' id='word_1_101' title='bbox 577 1267 707 1323; x_wconf 85' lang='lat' dir='ltr'><strong>cap.</strong></span> <span class='ocrx_word' id='word_1_102' title='bbox 743 1253 794 1320; x_wconf 90' lang='grc'>1,</span> <span class='ocrx_word' id='word_1_103' title='bbox 829 1269 961 1326; x_wconf 88' lang='lat' dir='ltr'><strong>pag.</strong></span> <span class='ocrx_word' id='word_1_104' title='bbox 994 1255 1109 1328; x_wconf 84' lang='grc'><strong>61).</strong></span> <span class='ocrx_word' id='word_1_105' title='bbox 1141 1255 1322 1313; x_wconf 88' lang='lat' dir='ltr'><strong>Nobis</strong></span> <span class='ocrx_word' id='word_1_106' title='bbox 1352 1275 1486 1351; x_wconf 81' lang='lat' dir='ltr'><strong>vero</strong></span> <span class='ocrx_word' id='word_1_107' title='bbox 1536 1260 1756 1351; x_wconf 65' lang='lat' dir='ltr'><strong>sufficit</strong></span> 
     </span>
    </p>
   </div>
   <div class='ocr_carea' id='block_1_15' title="bbox 147 1340 1748 1430">
    <p class='ocr_par' dir='ltr' id='par_1_15' title="bbox 147 1340 1748 1430">
     <span class='ocr_line' id='line_1_16' title="bbox 147 1340 1748 1430; baseline 0.009 -36"><span class='ocrx_word' id='word_1_108' title='bbox 147 1340 183 1394; x_wconf 88' lang='lat' dir='ltr'>id</span> <span class='ocrx_word' id='word_1_109' title='bbox 207 1340 474 1411; x_wconf 76' lang='lat' dir='ltr'><strong>probasse,</strong></span> <span class='ocrx_word' id='word_1_110' title='bbox 511 1341 668 1412; x_wconf 88' lang='lat' dir='ltr'><strong>quod</strong></span> <span class='ocrx_word' id='word_1_111' title='bbox 702 1341 772 1397; x_wconf 86' lang='lat' dir='ltr'><strong>ab</strong></span> <span class='ocrx_word' id='word_1_112' title='bbox 805 1347 1039 1400; x_wconf 88' lang='lat' dir='ltr'><strong>auctore</strong></span> <span class='ocrx_word' id='word_1_113' title='bbox 1070 1349 1268 1402; x_wconf 88' lang='lat' dir='ltr'><strong>nostro</strong></span> <span class='ocrx_word' id='word_1_114' title='bbox 1299 1349 1584 1407; x_wconf 90' lang='lat' dir='ltr'><strong>traditum</strong></span> <span class='ocrx_word' id='word_1_115' title='bbox 1640 1340 1748 1430; x_wconf 58' lang='lat' dir='ltr'><strong>est:</strong></span> 
     </span>
    </p>
   </div>
   <div class='ocr_carea' id='block_1_16' title="bbox 146 1428 1421 1504">
    <p class='ocr_par' dir='ltr' id='par_1_16' title="bbox 146 1428 1421 1504">
     <span class='ocr_line' id='line_1_17' title="bbox 146 1428 1421 1504; baseline 0.007 -20"><span class='ocrx_word' id='word_1_116' title='bbox 146 1429 333 1484; x_wconf 78' lang='lat' dir='ltr'><strong>Delove</strong></span> <span class='ocrx_word' id='word_1_117' title='bbox 362 1433 558 1486; x_wconf 88' lang='lat' dir='ltr'><strong>autem</strong></span> <span class='ocrx_word' id='word_1_118' title='bbox 593 1428 814 1502; x_wconf 89' lang='lat' dir='ltr'><strong>aliquid</strong></span> <span class='ocrx_word' id='word_1_119' title='bbox 849 1437 1053 1504; x_wconf 90' lang='lat' dir='ltr'><strong>postea</strong></span> <span class='ocrx_word' id='word_1_120' title='bbox 1084 1435 1421 1494; x_wconf 89' lang='lat' dir='ltr'><strong>dicendum.</strong></span> 
     </span>
    </p>
   </div>
   <div class='ocr_carea' id='block_1_17' title="bbox 190 1535 1748 1616">
    <p class='ocr_par' dir='ltr' id='par_1_17' title="bbox 190 1535 1748 1616">
     <span class='ocr_line' id='line_1_18' title="bbox 190 1535 1748 1616; baseline 0.009 -26"><span class='ocrx_word' id='word_1_121' title='bbox 190 1535 338 1599; x_wconf 85' lang='lat' dir='ltr'><strong>Quam</strong></span> <span class='ocrx_word' id='word_1_122' title='bbox 368 1541 526 1592; x_wconf 87' lang='lat' dir='ltr'><strong>recte</strong></span> <span class='ocrx_word' id='word_1_123' title='bbox 556 1537 733 1593; x_wconf 89' lang='lat' dir='ltr'><strong>etiam</strong></span> <span class='ocrx_word' id='word_1_124' title='bbox 769 1538 1060 1596; x_wconf 84' lang='lat' dir='ltr'><strong>Minucius</strong></span> <span class='ocrx_word' id='word_1_125' title='bbox 1089 1542 1212 1598; x_wconf 80' lang='lat' dir='ltr'><strong>Iovi</strong></span> <span class='ocrx_word' id='word_1_126' title='bbox 1242 1543 1567 1616; x_wconf 87' lang='lat' dir='ltr'><strong>Apollinem</strong></span> <span class='ocrx_word' id='word_1_127' title='bbox 1619 1546 1748 1603; x_wconf 88' lang='lat' dir='ltr'><strong>Del-</strong></span> 
     </span>
    </p>
   </div>
   <div class='ocr_carea' id='block_1_18' title="bbox 137 1625 1748 1708">
    <p class='ocr_par' dir='ltr' id='par_1_18' title="bbox 137 1625 1748 1708">
     <span class='ocr_line' id='line_1_19' title="bbox 137 1625 1748 1708; baseline 0.008 -29"><span class='ocrx_word' id='word_1_128' title='bbox 137 1625 319 1695; x_wconf 88' lang='lat' dir='ltr'><strong>pbicum</strong></span> <span class='ocrx_word' id='word_1_129' title='bbox 343 1625 740 1696; x_wconf 82' lang='lat' dir='ltr'><strong>subiunxerit,</strong></span> <span class='ocrx_word' id='word_1_130' title='bbox 764 1643 832 1682; x_wconf 88' lang='lat' dir='ltr'><strong>ex</strong></span> <span class='ocrx_word' id='word_1_131' title='bbox 855 1627 984 1700; x_wconf 90' lang='lat' dir='ltr'><strong>ipso</strong></span> <span class='ocrx_word' id='word_1_132' title='bbox 1007 1647 1214 1686; x_wconf 84' lang='lat' dir='ltr'><strong>rursus</strong></span> <span class='ocrx_word' id='word_1_133' title='bbox 1233 1630 1504 1689; x_wconf 72' lang='lat' dir='ltr'><strong>Cicerone</strong></span> <span class='ocrx_word' id='word_1_134' title='bbox 1525 1635 1748 1708; x_wconf 90' lang='lat' dir='ltr'><strong>liquido</strong></span> 
     </span>
    </p>
   </div>
   <div class='ocr_carea' id='block_1_19' title="bbox 134 1715 1749 1787">
    <p class='ocr_par' dir='ltr' id='par_1_19' title="bbox 134 1715 1749 1787">
     <span class='ocr_line' id='line_1_20' title="bbox 134 1715 1749 1787; baseline 0.007 -17"><span class='ocrx_word' id='word_1_135' title='bbox 134 1715 416 1770; x_wconf 78' lang='lat' dir='ltr'><strong>conﬁrmari</strong></span> <span class='ocrx_word' id='word_1_136' title='bbox 481 1720 692 1787; x_wconf 89' lang='lat' dir='ltr'><strong>potest.</strong></span> <span class='ocrx_word' id='word_1_137' title='bbox 757 1716 1048 1774; x_wconf 81' lang='lat' dir='ltr'><strong>Plurimos</strong></span> <span class='ocrx_word' id='word_1_138' title='bbox 1105 1720 1400 1778; x_wconf 83' lang='lat' dir='ltr'><strong>enimvero</strong></span> <span class='ocrx_word' id='word_1_139' title='bbox 1487 1731 1749 1782; x_wconf 84' lang='lat' dir='ltr'><strong>recenset</strong></span> 
     </span>
    </p>
   </div>
   <div class='ocr_carea' id='block_1_20' title="bbox 126 1804 1736 1879">
    <p class='ocr_par' dir='ltr' id='par_1_20' title="bbox 126 1804 1736 1879">
     <span class='ocr_line' id='line_1_21' title="bbox 126 1804 1736 1879; baseline 0.009 -22"><span class='ocrx_word' id='word_1_140' title='bbox 126 1804 406 1875; x_wconf 80' lang='lat' dir='ltr'><strong>Apollines,</strong></span> <span class='ocrx_word' id='word_1_141' title='bbox 437 1821 696 1876; x_wconf 88' lang='lat' dir='ltr'><strong>quorum</strong></span> <span class='ocrx_word' id='word_1_142' title='bbox 745 1809 1034 1878; x_wconf 85' lang='lat' dir='ltr'><strong>«tertius,</strong></span> <span class='ocrx_word' id='word_1_143' title='bbox 1085 1810 1168 1865; x_wconf 85' lang='lat' dir='ltr'><strong>ait</strong></span> <span class='ocrx_word' id='word_1_144' title='bbox 1218 1810 1333 1879; x_wconf 91' lang='lat' dir='ltr'><strong>ille,</strong></span> <span class='ocrx_word' id='word_1_145' title='bbox 1381 1811 1519 1868; x_wconf 84' lang='lat' dir='ltr'><strong>Jove</strong></span> <span class='ocrx_word' id='word_1_146' title='bbox 1569 1816 1736 1872; x_wconf 89' lang='lat' dir='ltr'><strong>tertio</strong></span> 
     </span>
    </p>
   </div>
   <div class='ocr_carea' id='block_1_21' title="bbox 120 1893 1736 1976">
    <p class='ocr_par' dir='ltr' id='par_1_21' title="bbox 120 1893 1736 1976">
     <span class='ocr_line' id='line_1_22' title="bbox 120 1893 1736 1976; baseline 0.009 -30"><span class='ocrx_word' id='word_1_147' title='bbox 120 1899 289 1958; x_wconf 86' lang='lat' dir='ltr'><strong>natus,</strong></span> <span class='ocrx_word' id='word_1_148' title='bbox 336 1899 385 1949; x_wconf 77' lang='lat' dir='ltr'><strong>et</strong></span> <span class='ocrx_word' id='word_1_149' title='bbox 426 1893 671 1966; x_wconf 87' lang='lat' dir='ltr'><strong>Latona,</strong></span> <span class='ocrx_word' id='word_1_150' title='bbox 717 1912 891 1962; x_wconf 85' lang='lat' dir='ltr'><strong>quem</strong></span> <span class='ocrx_word' id='word_1_151' title='bbox 939 1913 1009 1952; x_wconf 84' lang='lat' dir='ltr'><strong>ex</strong></span> <span class='ocrx_word' id='word_1_152' title='bbox 1057 1898 1440 1971; x_wconf 84' lang='lat' dir='ltr'><strong>Hyperboreis</strong></span> <span class='ocrx_word' id='word_1_153' title='bbox 1485 1903 1736 1976; x_wconf 85' lang='lat' dir='ltr'><strong>Delphos</strong></span> 
     </span>
    </p>
   </div>
   <div class='ocr_carea' id='block_1_22' title="bbox 119 1983 1736 2065">
    <p class='ocr_par' dir='ltr' id='par_1_22' title="bbox 119 1983 1736 2065">
     <span class='ocr_line' id='line_1_23' title="bbox 119 1983 1736 2065; baseline 0.009 -29"><span class='ocrx_word' id='word_1_154' title='bbox 119 1983 285 2037; x_wconf 81' lang='lat' dir='ltr'><strong>ferunt</strong></span> <span class='ocrx_word' id='word_1_155' title='bbox 311 1983 634 2040; x_wconf 80' lang='lat' dir='ltr'><strong>advenisse.</strong></span> <span class='ocrx_word' id='word_1_156' title='bbox 672 2005 700 2034; x_wconf 84' lang='grc'><strong>››</strong></span> <span class='ocrx_word' id='word_1_157' title='bbox 729 1984 1022 2042; x_wconf 88' lang='lat' dir='ltr'><strong>Lucianus</strong></span> <span class='ocrx_word' id='word_1_158' title='bbox 1053 2004 1186 2043; x_wconf 91' lang='lat' dir='ltr'><strong>vero</strong></span> <span class='ocrx_word' id='word_1_159' title='bbox 1211 2007 1223 2043; x_wconf 95' lang='lat'>:</span> <span class='ocrx_word' id='word_1_160' title='bbox 1260 2012 1288 2039; x_wconf 86' lang='lat'><strong>«</strong></span> <span class='ocrx_word' id='word_1_161' title='bbox 1319 1991 1427 2046; x_wconf 93' lang='lat' dir='ltr'><strong>Per</strong></span> <span class='ocrx_word' id='word_1_162' title='bbox 1447 1994 1736 2065; x_wconf 90' lang='lat' dir='ltr'><strong>regiones,</strong></span> 
     </span>
    </p>
   </div>
   <div class='ocr_carea' id='block_1_23' title="bbox 121 2070 1737 2144">
    <p class='ocr_par' dir='ltr' id='par_1_23' title="bbox 121 2070 1737 2144">
     <span class='ocr_line' id='line_1_24' title="bbox 121 2070 1737 2144; baseline 0.009 -20"><span class='ocrx_word' id='word_1_163' title='bbox 121 2071 300 2142; x_wconf 79' lang='lat' dir='ltr'><strong>inquit,</strong></span> <span class='ocrx_word' id='word_1_164' title='bbox 333 2070 466 2128; x_wconf 71' lang='lat' dir='ltr'><strong>illos</strong></span> <span class='ocrx_word' id='word_1_165' title='bbox 488 2093 517 2120; x_wconf 89' lang='lat'>»</span> <span class='ocrx_word' id='word_1_166' title='bbox 540 2076 679 2129; x_wconf 91' lang='lat' dir='ltr'><strong>deos</strong></span> <span class='ocrx_word' id='word_1_167' title='bbox 699 2094 728 2124; x_wconf 88' lang='grc'><strong>‹‹</strong></span> <span class='ocrx_word' id='word_1_168' title='bbox 761 2074 1107 2132; x_wconf 88' lang='lat' dir='ltr'><strong>distributos</strong></span> <span class='ocrx_word' id='word_1_169' title='bbox 1137 2078 1356 2144; x_wconf 91' lang='lat' dir='ltr'><strong>colunt,</strong></span> <span class='ocrx_word' id='word_1_170' title='bbox 1405 2097 1503 2136; x_wconf 90' lang='lat' dir='ltr'><strong>eos</strong></span> <span class='ocrx_word' id='word_1_171' title='bbox 1553 2083 1611 2136; x_wconf 92' lang='lat' dir='ltr'><strong>in</strong></span> <span class='ocrx_word' id='word_1_172' title='bbox 1658 2083 1737 2139; x_wconf 88' lang='lat' dir='ltr'><strong>ci-</strong></span> 
     </span>
    </p>
   </div>
   <div class='ocr_carea' id='block_1_24' title="bbox 121 2160 1738 2248">
    <p class='ocr_par' dir='ltr' id='par_1_24' title="bbox 121 2160 1738 2248">
     <span class='ocr_line' id='line_1_25' title="bbox 121 2160 1738 2248; baseline 0.007 -33"><span class='ocrx_word' id='word_1_173' title='bbox 121 2160 317 2216; x_wconf 75' lang='lat' dir='ltr'><strong>vitatem</strong></span> <span class='ocrx_word' id='word_1_174' title='bbox 349 2178 520 2217; x_wconf 89' lang='lat' dir='ltr'><strong>suam</strong></span> <span class='ocrx_word' id='word_1_175' title='bbox 550 2168 872 2235; x_wconf 81' lang='lat' dir='ltr'><strong>receptant.</strong></span> <span class='ocrx_word' id='word_1_176' title='bbox 925 2165 1165 2236; x_wconf 90' lang='lat' dir='ltr'><strong>Nempe,</strong></span> <span class='ocrx_word' id='word_1_177' title='bbox 1201 2166 1228 2219; x_wconf 86' lang='grc' dir='ltr'>ὁ</span> <span class='ocrx_word' id='word_1_178' title='bbox 1261 2168 1355 2238; x_wconf 74' lang='grc' dir='ltr'><strong>μὲν</strong></span> <span class='ocrx_word' id='word_1_179' title='bbox 1400 2166 1605 2248; x_wconf 78' lang='grc' dir='ltr'>Δελφὸς</span> <span class='ocrx_word' id='word_1_180' title='bbox 1647 2172 1738 2226; x_wconf 85' lang='grc' dir='ltr'>τὸν</span> 
     </span>
    </p>
   </div>
   <div class='ocr_carea' id='block_1_25' title="bbox 121 2245 1740 2328">
    <p class='ocr_par' dir='ltr' id='par_1_25' title="bbox 121 2245 1740 2328">
     <span class='ocr_line' id='line_1_26' title="bbox 121 2245 1740 2328; baseline 0.012 -28"><span class='ocrx_word' id='word_1_181' title='bbox 121 2245 364 2320; x_wconf 64' lang='grc' dir='ltr'><strong>Ἀπόλλω,</strong></span> <span class='ocrx_word' id='word_1_182' title='bbox 432 2250 759 2322; x_wconf 82' lang='lat' dir='ltr'><strong>Apollinem</strong></span> <span class='ocrx_word' id='word_1_183' title='bbox 811 2251 1014 2324; x_wconf 87' lang='lat' dir='ltr'><strong>Delphi</strong></span> <span class='ocrx_word' id='word_1_184' title='bbox 1072 2254 1349 2328; x_wconf 85' lang='lat' dir='ltr'><strong>Deliique,</strong></span> <span class='ocrx_word' id='word_1_185' title='bbox 1420 2245 1740 2319; x_wconf 85' lang='lat' dir='ltr'><strong>Minervam</strong></span> 
     </span>
    </p>
   </div>
   <div class='ocr_carea' id='block_1_26' title="bbox 123 2338 1745 2408">
    <p class='ocr_par' dir='ltr' id='par_1_26' title="bbox 123 2338 1745 2408">
     <span class='ocr_line' id='line_1_27' title="bbox 123 2338 1745 2408; baseline 0.009 -15"><span class='ocrx_word' id='word_1_186' title='bbox 123 2338 468 2394; x_wconf 80' lang='lat' dir='ltr'><strong>Athenienses</strong></span> <span class='ocrx_word' id='word_1_187' title='bbox 511 2340 668 2396; x_wconf 85' lang='lat' dir='ltr'><strong>cives</strong></span> <span class='ocrx_word' id='word_1_188' title='bbox 713 2357 853 2397; x_wconf 86' lang='lat' dir='ltr'><strong>suos</strong></span> <span class='ocrx_word' id='word_1_189' title='bbox 899 2341 1177 2400; x_wconf 87' lang='lat' dir='ltr'><strong>exhibent</strong></span> <span class='ocrx_word' id='word_1_190' title='bbox 1229 2351 1286 2401; x_wconf 89' lang='lat' dir='ltr'><strong>et</strong></span> <span class='ocrx_word' id='word_1_191' title='bbox 1326 2347 1566 2405; x_wconf 87' lang='lat' dir='ltr'><strong>faciunt.</strong></span> <span class='ocrx_word' id='word_1_192' title='bbox 1593 2373 1622 2400; x_wconf 85' lang='grc'><strong>››</strong></span> <span class='ocrx_word' id='word_1_193' title='bbox 1671 2355 1745 2408; x_wconf 82' lang='lat' dir='ltr'><strong>At</strong></span> 
     </span>
    </p>
   </div>
   <div class='ocr_carea' id='block_1_27' title="bbox 125 2429 1744 2513">
    <p class='ocr_par' dir='ltr' id='par_1_27' title="bbox 125 2429 1744 2513">
     <span class='ocr_line' id='line_1_28' title="bbox 125 2429 1744 2513; baseline 0.009 -30"><span class='ocrx_word' id='word_1_194' title='bbox 125 2429 374 2484; x_wconf 87' lang='lat' dir='ltr'><strong>Diodorus</strong></span> <span class='ocrx_word' id='word_1_195' title='bbox 406 2429 641 2485; x_wconf 90' lang='lat' dir='ltr'><strong>Siculus</strong></span> <span class='ocrx_word' id='word_1_196' title='bbox 671 2431 861 2503; x_wconf 88' lang='lat' dir='ltr'><strong>magis</strong></span> <span class='ocrx_word' id='word_1_197' title='bbox 892 2449 1164 2504; x_wconf 74' lang='lat' dir='ltr'><strong>eXpresse</strong></span> <span class='ocrx_word' id='word_1_198' title='bbox 1197 2443 1394 2492; x_wconf 88' lang='lat' dir='ltr'><strong>narrat</strong></span> <span class='ocrx_word' id='word_1_199' title='bbox 1434 2437 1744 2513; x_wconf 89' lang='lat' dir='ltr'><strong>plerosque</strong></span> 
     </span>
    </p>
   </div>
   <div class='ocr_carea' id='block_1_28' title="bbox 127 2519 1743 2597">
    <p class='ocr_par' dir='ltr' id='par_1_28' title="bbox 127 2519 1743 2597">
     <span class='ocr_line' id='line_1_29' title="bbox 127 2519 1743 2597; baseline 0.008 -25"><span class='ocrx_word' id='word_1_200' title='bbox 127 2519 231 2574; x_wconf 84' lang='lat' dir='ltr'><strong>deos</strong></span> <span class='ocrx_word' id='word_1_201' title='bbox 253 2534 319 2573; x_wconf 87' lang='lat' dir='ltr'><strong>ex</strong></span> <span class='ocrx_word' id='word_1_202' title='bbox 346 2523 512 2575; x_wconf 88' lang='lat' dir='ltr'><strong>Creta</strong></span> <span class='ocrx_word' id='word_1_203' title='bbox 539 2519 863 2591; x_wconf 86' lang='lat' dir='ltr'><strong>prodiisse;</strong></span> <span class='ocrx_word' id='word_1_204' title='bbox 906 2543 934 2572; x_wconf 88' lang='lat'><strong>«</strong></span> <span class='ocrx_word' id='word_1_205' title='bbox 975 2521 1246 2585; x_wconf 81' lang='grc' dir='ltr'><strong>Ὡσαύτως</strong></span> <span class='ocrx_word' id='word_1_206' title='bbox 1295 2524 1388 2597; x_wconf 79' lang='grc' dir='ltr'><strong>μὲν</strong></span> <span class='ocrx_word' id='word_1_207' title='bbox 1440 2523 1506 2596; x_wconf 75' lang='grc' dir='ltr'><strong>δὴ</strong></span> <span class='ocrx_word' id='word_1_208' title='bbox 1542 2529 1743 2586; x_wconf 77' lang='grc' dir='ltr'><strong>Ἀπόλ-</strong></span> 
     </span>
    </p>
   </div>
   <div class='ocr_carea' id='block_1_29' title="bbox 131 2603 1745 2686">
    <p class='ocr_par' dir='ltr' id='par_1_29' title="bbox 131 2603 1745 2686">
     <span class='ocr_line' id='line_1_30' title="bbox 131 2603 1745 2686; baseline 0.009 -28"><span class='ocrx_word' id='word_1_209' title='bbox 131 2605 249 2659; x_wconf 76' lang='grc' dir='ltr'>λωνα</span> <span class='ocrx_word' id='word_1_210' title='bbox 275 2603 531 2661; x_wconf 78' lang='grc' dir='ltr'>πλεῖστον</span> <span class='ocrx_word' id='word_1_211' title='bbox 561 2606 760 2681; x_wconf 75' lang='grc' dir='ltr'>χρόνον</span> <span class='ocrx_word' id='word_1_212' title='bbox 806 2611 1037 2685; x_wconf 80' lang='grc' dir='ltr'>φανῆναι</span> <span class='ocrx_word' id='word_1_213' title='bbox 1086 2611 1209 2686; x_wconf 83' lang='grc' dir='ltr'><strong>περὶ</strong></span> <span class='ocrx_word' id='word_1_214' title='bbox 1259 2611 1465 2685; x_wconf 75' lang='grc' dir='ltr'>Δῆλον,</span> <span class='ocrx_word' id='word_1_215' title='bbox 1494 2616 1583 2670; x_wconf 78' lang='grc' dir='ltr'>καὶ</span> <span class='ocrx_word' id='word_1_216' title='bbox 1632 2626 1745 2673; x_wconf 83' lang='grc' dir='ltr'><strong>Λυ-</strong></span> 
     </span>
    </p>
   </div>
   <div class='ocr_carea' id='block_1_30' title="bbox 132 2693 1748 2780">
    <p class='ocr_par' dir='ltr' id='par_1_30' title="bbox 132 2693 1748 2780">
     <span class='ocr_line' id='line_1_31' title="bbox 132 2693 1748 2780; baseline 0.013 -35"><span class='ocrx_word' id='word_1_217' title='bbox 132 2693 354 2763; x_wconf 72' lang='grc' dir='ltr'><strong>ιίαν,καῖ</strong></span> <span class='ocrx_word' id='word_1_218' title='bbox 403 2693 666 2773; x_wconf 65' lang='grc' dir='ltr'>Δελφούςο</span> <span class='ocrx_word' id='word_1_219' title='bbox 725 2699 1120 2756; x_wconf 88' lang='lat' dir='ltr'><strong>Consimiliter</strong></span> <span class='ocrx_word' id='word_1_220' title='bbox 1169 2707 1421 2760; x_wconf 90' lang='lat' dir='ltr'><strong>multum</strong></span> <span class='ocrx_word' id='word_1_221' title='bbox 1467 2709 1748 2780; x_wconf 88' lang='lat' dir='ltr'><strong>temporis</strong></span> 
     </span>
    </p>
   </div>
   <div class='ocr_carea' id='block_1_31' title="bbox 141 2783 1746 2870">
    <p class='ocr_par' dir='ltr' id='par_1_31' title="bbox 141 2783 1746 2870">
     <span class='ocr_line' id='line_1_32' title="bbox 141 2783 1746 2870; baseline 0.01 -32"><span class='ocrx_word' id='word_1_222' title='bbox 141 2783 183 2839; x_wconf 88' lang='lat' dir='ltr'><strong>in</strong></span> <span class='ocrx_word' id='word_1_223' title='bbox 209 2784 352 2853; x_wconf 90' lang='lat' dir='ltr'><strong>Delo,</strong></span> <span class='ocrx_word' id='word_1_224' title='bbox 389 2786 576 2859; x_wconf 81' lang='lat' dir='ltr'><strong>Lycia,</strong></span> <span class='ocrx_word' id='word_1_225' title='bbox 608 2793 666 2841; x_wconf 91' lang='lat' dir='ltr'><strong>et</strong></span> <span class='ocrx_word' id='word_1_226' title='bbox 721 2787 961 2859; x_wconf 91' lang='lat' dir='ltr'><strong>Delphis</strong></span> <span class='ocrx_word' id='word_1_227' title='bbox 989 2790 1190 2862; x_wconf 90' lang='lat' dir='ltr'><strong>Apollo</strong></span> <span class='ocrx_word' id='word_1_228' title='bbox 1237 2795 1443 2865; x_wconf 82' lang='lat' dir='ltr'><strong>exegit.</strong></span> <span class='ocrx_word' id='word_1_229' title='bbox 1478 2818 1507 2846; x_wconf 77' lang='lat' dir='ltr'><strong>n</strong></span> <span class='ocrx_word' id='word_1_230' title='bbox 1545 2797 1746 2870; x_wconf 90' lang='lat' dir='ltr'><strong>Delphi</strong></span> 
     </span>
    </p>
   </div>
   <div class='ocr_carea' id='block_1_32' title="bbox 141 2874 1743 2943">
    <p class='ocr_par' dir='ltr' id='par_1_32' title="bbox 141 2874 1743 2943">
     <span class='ocr_line' id='line_1_33' title="bbox 141 2874 1743 2943; baseline 0.011 -17"><span class='ocrx_word' id='word_1_231' title='bbox 141 2879 296 2930; x_wconf 79' lang='lat' dir='ltr'><strong>autem</strong></span> <span class='ocrx_word' id='word_1_232' title='bbox 319 2875 458 2930; x_wconf 89' lang='lat' dir='ltr'><strong>urbs</strong></span> <span class='ocrx_word' id='word_1_233' title='bbox 479 2881 607 2930; x_wconf 88' lang='lat' dir='ltr'><strong>erat</strong></span> <span class='ocrx_word' id='word_1_234' title='bbox 639 2874 906 2932; x_wconf 89' lang='lat' dir='ltr'><strong>Phocidis</strong></span> <span class='ocrx_word' id='word_1_235' title='bbox 937 2878 996 2932; x_wconf 91' lang='lat' dir='ltr'><strong>in</strong></span> <span class='ocrx_word' id='word_1_236' title='bbox 1030 2879 1251 2935; x_wconf 84' lang='lat' dir='ltr'><strong>Achaia</strong></span> <span class='ocrx_word' id='word_1_237' title='bbox 1282 2883 1352 2937; x_wconf 88' lang='lat' dir='ltr'><strong>ad</strong></span> <span class='ocrx_word' id='word_1_238' title='bbox 1386 2887 1743 2943; x_wconf 87' lang='lat' dir='ltr'><strong>Parnassum</strong></span> 
     </span>
    </p>
   </div>
   <div class='ocr_carea' id='block_1_33' title="bbox 136 2963 1743 3039">
    <p class='ocr_par' dir='ltr' id='par_1_33' title="bbox 136 2963 1743 3039">
     <span class='ocr_line' id='line_1_34' title="bbox 136 2963 1743 3039; baseline 0.009 -22"><span class='ocrx_word' id='word_1_239' title='bbox 136 2970 377 3032; x_wconf 81' lang='lat' dir='ltr'><strong>montem,</strong></span> <span class='ocrx_word' id='word_1_240' title='bbox 409 2963 645 3021; x_wconf 87' lang='lat' dir='ltr'><strong>oraculo</strong></span> <span class='ocrx_word' id='word_1_241' title='bbox 676 2965 986 3036; x_wconf 85' lang='lat' dir='ltr'><strong>Apollinis,</strong></span> <span class='ocrx_word' id='word_1_242' title='bbox 1020 2975 1085 3023; x_wconf 89' lang='lat' dir='ltr'><strong>ut</strong></span> <span class='ocrx_word' id='word_1_243' title='bbox 1122 2986 1292 3026; x_wconf 89' lang='lat' dir='ltr'><strong>nemo</strong></span> <span class='ocrx_word' id='word_1_244' title='bbox 1341 2975 1546 3039; x_wconf 88' lang='lat' dir='ltr'><strong>nescit,</strong></span> <span class='ocrx_word' id='word_1_245' title='bbox 1597 2976 1743 3032; x_wconf 88' lang='lat' dir='ltr'><strong>cele-</strong></span> 
     </span>
    </p>
   </div>
   <div class='ocr_carea' id='block_1_34' title="bbox 135 3051 1747 3133">
    <p class='ocr_par' dir='ltr' id='par_1_34' title="bbox 135 3051 1747 3133">
     <span class='ocr_line' id='line_1_35' title="bbox 135 3051 1747 3133; baseline 0.01 -27"><span class='ocrx_word' id='word_1_246' title='bbox 135 3051 367 3109; x_wconf 82' lang='lat' dir='ltr'><strong>berrima.</strong></span> <span class='ocrx_word' id='word_1_247' title='bbox 405 3054 702 3120; x_wconf 89' lang='lat' dir='ltr'><strong>Quosdam</strong></span> <span class='ocrx_word' id='word_1_248' title='bbox 746 3060 940 3110; x_wconf 88' lang='lat' dir='ltr'><strong>tamen</strong></span> <span class='ocrx_word' id='word_1_249' title='bbox 997 3058 1188 3113; x_wconf 89' lang='lat' dir='ltr'><strong>adhuc</strong></span> <span class='ocrx_word' id='word_1_250' title='bbox 1239 3061 1552 3133; x_wconf 89' lang='lat' dir='ltr'><strong>scriptores</strong></span> <span class='ocrx_word' id='word_1_251' title='bbox 1597 3064 1747 3122; x_wconf 88' lang='lat' dir='ltr'><strong>hanc</strong></span> 
     </span>
    </p>
   </div>
   <div class='ocr_carea' id='block_1_35' title="bbox 134 3138 1714 3216">
    <p class='ocr_par' dir='ltr' id='par_1_35' title="bbox 134 3138 1714 3216">
     <span class='ocr_line' id='line_1_36' title="bbox 134 3138 1714 3216; baseline 0.012 -24"><span class='ocrx_word' id='word_1_252' title='bbox 134 3138 176 3192; x_wconf 88' lang='lat' dir='ltr'><strong>in</strong></span> <span class='ocrx_word' id='word_1_253' title='bbox 196 3157 298 3198; x_wconf 88' lang='lat' dir='ltr'><strong>rem</strong></span> <span class='ocrx_word' id='word_1_254' title='bbox 321 3143 509 3215; x_wconf 86' lang='lat' dir='ltr'><strong>legere</strong></span> <span class='ocrx_word' id='word_1_255' title='bbox 533 3143 581 3199; x_wconf 89' lang='lat' dir='ltr'><strong>si</strong></span> <span class='ocrx_word' id='word_1_256' title='bbox 633 3142 796 3210; x_wconf 86' lang='lat' dir='ltr'><strong>velis,</strong></span> <span class='ocrx_word' id='word_1_257' title='bbox 823 3145 915 3201; x_wconf 90' lang='lat' dir='ltr'><strong>adi</strong></span> <span class='ocrx_word' id='word_1_258' title='bbox 940 3145 1314 3216; x_wconf 87' lang='lat' dir='ltr'><strong>Pausaniam,</strong></span> <span class='ocrx_word' id='word_1_259' title='bbox 1340 3150 1714 3210; x_wconf 90' lang='lat' dir='ltr'><strong>Plutarchum</strong></span> 
     </span>
    </p>
   </div>
   <div class='ocr_carea' id='block_1_36' title="bbox 30 3197 1815 3306">
    <p class='ocr_par' dir='ltr' id='par_1_36' title="bbox 30 3197 1815 3306">
     <span class='ocr_line' id='line_1_37' title="bbox 30 3197 1815 3306; baseline 0.007 -18"><span class='ocrx_word' id='word_1_260' title='bbox 30 3273 32 3288; x_wconf 67' lang='grc' dir='ltr'><strong>ε</strong></span> <span class='ocrx_word' id='word_1_261' title='bbox 136 3197 698 3301; x_wconf 63' lang='lat' dir='ltr'><strong>Strabonem,etalios</strong></span> <span class='ocrx_word' id='word_1_262' title='bbox 716 3197 1742 3306; x_wconf 25' lang='lat' dir='ltr'><strong>Mvthﬁolog‘esrliia&#39;c—rbbio.nihilomi:</strong></span> <span class='ocrx_word' id='word_1_263' title='bbox 1772 3205 1815 3272; x_wconf 66' lang='grc' dir='ltr'>Ο</span> 
     </span>
    </p>
   </div>
   <div class='ocr_carea' id='block_1_37' title="bbox 30 3321 1740 3403">
    <p class='ocr_par' dir='ltr' id='par_1_37' title="bbox 30 3321 1740 3403">
     <span class='ocr_line' id='line_1_38' title="bbox 30 3321 1740 3403; baseline 0.012 -34"><span class='ocrx_word' id='word_1_264' title='bbox 30 3337 32 3340; x_wconf 51' lang='grc' dir='ltr'><strong>ν</strong></span> <span class='ocrx_word' id='word_1_265' title='bbox 136 3333 217 3372; x_wconf 85' lang='lat' dir='ltr'><strong>nus</strong></span> <span class='ocrx_word' id='word_1_266' title='bbox 241 3321 392 3375; x_wconf 84' lang='lat' dir='ltr'><strong>varia</strong></span> <span class='ocrx_word' id='word_1_267' title='bbox 445 3321 599 3376; x_wconf 89' lang='lat' dir='ltr'><strong>Solis</strong></span> <span class='ocrx_word' id='word_1_268' title='bbox 657 3322 897 3378; x_wconf 87' lang='lat' dir='ltr'><strong>nomina</strong></span> <span class='ocrx_word' id='word_1_269' title='bbox 953 3324 1356 3397; x_wconf 86' lang='lat' dir='ltr'><strong>interpretanti</strong></span> <span class='ocrx_word' id='word_1_270' title='bbox 1413 3330 1463 3385; x_wconf 89' lang='lat' dir='ltr'><strong>si</strong></span> <span class='ocrx_word' id='word_1_271' title='bbox 1512 3334 1740 3403; x_wconf 87' lang='lat' dir='ltr'><strong>credas,</strong></span> 
     </span>
    </p>
   </div>
   <div class='ocr_carea' id='block_1_38' title="bbox 28 3405 1740 3489">
    <p class='ocr_par' dir='ltr' id='par_1_38' title="bbox 28 3405 1740 3489">
     <span class='ocr_line' id='line_1_39' title="bbox 28 3405 1740 3489; baseline 0.013 -33"><span class='ocrx_word' id='word_1_272' title='bbox 28 3434 36 3489; x_wconf 30' lang='lat' dir='ltr'><strong>rt</strong></span> <span class='ocrx_word' id='word_1_273' title='bbox 143 3405 487 3462; x_wconf 79' lang='grc' dir='ltr'>ιἈπόλλωνα</span> <span class='ocrx_word' id='word_1_274' title='bbox 527 3407 774 3485; x_wconf 79' lang='grc' dir='ltr'><strong>Δελφῶν,</strong></span> <span class='ocrx_word' id='word_1_275' title='bbox 831 3419 1056 3478; x_wconf 89' lang='lat' dir='ltr'><strong>vocant,</strong></span> <span class='ocrx_word' id='word_1_276' title='bbox 1110 3417 1264 3486; x_wconf 90' lang='lat' dir='ltr'><strong>quod</strong></span> <span class='ocrx_word' id='word_1_277' title='bbox 1315 3434 1443 3489; x_wconf 73' lang='lat' dir='ltr'><strong>quae</strong></span> <span class='ocrx_word' id='word_1_278' title='bbox 1490 3421 1740 3479; x_wconf 88' lang='lat' dir='ltr'><strong>obscura</strong></span> 
     </span>
    </p>
   </div>
   <div class='ocr_carea' id='block_1_39' title="bbox 134 3498 1735 3579">
    <p class='ocr_par' dir='ltr' id='par_1_39' title="bbox 134 3498 1735 3579">
     <span class='ocr_line' id='line_1_40' title="bbox 134 3498 1735 3579; baseline 0.011 -32"><span class='ocrx_word' id='word_1_279' title='bbox 134 3502 255 3567; x_wconf 73' lang='lat' dir='ltr'><strong>sunt,</strong></span> <span class='ocrx_word' id='word_1_280' title='bbox 303 3498 642 3555; x_wconf 83' lang='lat' dir='ltr'><strong>claritudine</strong></span> <span class='ocrx_word' id='word_1_281' title='bbox 700 3499 847 3556; x_wconf 90' lang='lat' dir='ltr'><strong>lucis</strong></span> <span class='ocrx_word' id='word_1_282' title='bbox 902 3503 1177 3570; x_wconf 87' lang='lat' dir='ltr'><strong>ostendit,</strong></span> <span class='ocrx_word' id='word_1_283' title='bbox 1239 3503 1345 3558; x_wconf 84' lang='grc' dir='ltr'><strong>ἀπὸ</strong></span> <span class='ocrx_word' id='word_1_284' title='bbox 1386 3511 1482 3560; x_wconf 82' lang='grc' dir='ltr'><strong>τοῦ</strong></span> <span class='ocrx_word' id='word_1_285' title='bbox 1531 3505 1735 3579; x_wconf 80' lang='grc' dir='ltr'>δηλοῦν</span> 
     </span>
    </p>
   </div>
   <div class='ocr_carea' id='block_1_40' title="bbox 30 3559 1738 3663">
    <p class='ocr_par' dir='ltr' id='par_1_40' title="bbox 30 3559 1738 3663">
     <span class='ocr_line' id='line_1_41' title="bbox 241 3559 1729 3579; baseline 0.015 -12"><span class='ocrx_word' id='word_1_286' title='bbox 241 3559 253 3567; x_wconf 75' lang='grc' dir='ltr'><em>υ</em></span> <span class='ocrx_word' id='word_1_287' title='bbox 1164 3559 1176 3570; x_wconf 89' lang='lat'><strong>’</strong></span> <span class='ocrx_word' id='word_1_288' title='bbox 1430 3559 1437 3560; x_wconf 23' lang='grc' dir='ltr'>ί</span> <span class='ocrx_word' id='word_1_289' title='bbox 1464 3559 1473 3560; x_wconf 29' lang='lat'><em>7</em></span> <span class='ocrx_word' id='word_1_290' title='bbox 1538 3559 1729 3579; x_wconf 53' lang='grc'><strong>“-⁸”’⁷’</strong></span> 
     </span>
     <span class='ocr_line' id='line_1_42' title="bbox 30 3559 1738 3663; baseline 0.016 -33"><span class='ocrx_word' id='word_1_291' title='bbox 30 3559 36 3663; x_wconf 63' lang='grc' dir='ltr'>ξ</span> <span class='ocrx_word' id='word_1_292' title='bbox 135 3581 289 3657; x_wconf 48' lang='lat' dir='ltr'><strong>ﬁmi.</strong></span> <span class='ocrx_word' id='word_1_293' title='bbox 320 3593 438 3658; x_wconf 81' lang='lat' dir='ltr'><strong>aut,</strong></span> <span class='ocrx_word' id='word_1_294' title='bbox 473 3593 537 3644; x_wconf 91' lang='lat' dir='ltr'><strong>ut</strong></span> <span class='ocrx_word' id='word_1_295' title='bbox 567 3588 859 3645; x_wconf 90' lang='lat' dir='ltr'><strong>Numenio</strong></span> <span class='ocrx_word' id='word_1_296' title='bbox 892 3592 1096 3662; x_wconf 85' lang='lat' dir='ltr'><strong>placet,</strong></span> <span class='ocrx_word' id='word_1_297' title='bbox 1129 3593 1298 3663; x_wconf 89' lang='lat' dir='ltr'><strong>quasi</strong></span> <span class='ocrx_word' id='word_1_298' title='bbox 1332 3613 1513 3652; x_wconf 91' lang='lat' dir='ltr'><strong>unum</strong></span> <span class='ocrx_word' id='word_1_299' title='bbox 1562 3605 1618 3655; x_wconf 91' lang='lat' dir='ltr'><strong>et</strong></span> <span class='ocrx_word' id='word_1_300' title='bbox 1643 3618 1738 3658; x_wconf 88' lang='lat' dir='ltr'><strong>so-</strong></span> 
     </span>
    </p>
   </div>
   <div class='ocr_carea' id='block_1_41' title="bbox 30 3639 1736 3762">
    <p class='ocr_par' dir='ltr' id='par_1_41' title="bbox 30 3639 1736 3762">
     <span class='ocr_line' id='line_1_43' title="bbox 169 3639 1736 3663; baseline 0.01 -13"><span class='ocrx_word' id='word_1_301' title='bbox 169 3643 176 3657; x_wconf 73' lang='lat'><strong>,</strong></span> <span class='ocrx_word' id='word_1_302' title='bbox 258 3639 289 3652; x_wconf 81' lang='grc' dir='ltr'><strong>,ι</strong></span> <span class='ocrx_word' id='word_1_303' title='bbox 325 3639 438 3658; x_wconf 68' lang='lat'><strong>——~,</strong></span> <span class='ocrx_word' id='word_1_304' title='bbox 479 3639 535 3644; x_wconf 67' lang='grc' dir='ltr'>-ν</span> <span class='ocrx_word' id='word_1_305' title='bbox 568 3639 854 3645; x_wconf 65' lang='grc' dir='ltr'><strong><em>-τ---ν----</em></strong></span> <span class='ocrx_word' id='word_1_306' title='bbox 893 3639 1096 3662; x_wconf 69' lang='grc' dir='ltr'><strong>Γ·’“’“’,</strong></span> <span class='ocrx_word' id='word_1_307' title='bbox 1131 3639 1298 3663; x_wconf 71' lang='grc' dir='ltr'><strong>ἰν-ἠν-</strong></span> <span class='ocrx_word' id='word_1_308' title='bbox 1334 3639 1513 3652; x_wconf 49' lang='lat' dir='ltr'><strong>&quot;HV-ru</strong></span> <span class='ocrx_word' id='word_1_309' title='bbox 1562 3639 1618 3655; x_wconf 81' lang='grc' dir='ltr'>νυ</span> <span class='ocrx_word' id='word_1_310' title='bbox 1643 3639 1736 3658; x_wconf 76' lang='grc' dir='ltr'><strong>συ-</strong></span> 
     </span>
     <span class='ocr_line' id='line_1_44' title="bbox 30 3639 1736 3762; baseline 0.013 -39"><span class='ocrx_word' id='word_1_311' title='bbox 30 3639 34 3678; x_wconf 40' lang='lat'>!</span> <span class='ocrx_word' id='word_1_312' title='bbox 136 3670 246 3728; x_wconf 82' lang='lat' dir='ltr'><strong>lum.</strong></span> <span class='ocrx_word' id='word_1_313' title='bbox 269 3677 352 3730; x_wconf 83' lang='lat' dir='ltr'><strong>Ait</strong></span> <span class='ocrx_word' id='word_1_314' title='bbox 373 3677 528 3732; x_wconf 89' lang='lat' dir='ltr'><strong>enim</strong></span> <span class='ocrx_word' id='word_1_315' title='bbox 555 3678 748 3749; x_wconf 89' lang='lat' dir='ltr'><strong>prisca</strong></span> <span class='ocrx_word' id='word_1_316' title='bbox 771 3678 1315 3754; x_wconf 68' lang='lat' dir='ltr'><strong>Graecorumlingua</strong></span> <span class='ocrx_word' id='word_1_317' title='bbox 1337 3680 1533 3762; x_wconf 80' lang='grc' dir='ltr'>δελφὸν</span> <span class='ocrx_word' id='word_1_318' title='bbox 1555 3707 1736 3746; x_wconf 92' lang='lat' dir='ltr'><strong>unum</strong></span> 
     </span>
    </p>
   </div>
   <div class='ocr_carea' id='block_1_42' title="bbox 140 3765 1735 3852">
    <p class='ocr_par' dir='ltr' id='par_1_42' title="bbox 140 3765 1735 3852">
     <span class='ocr_line' id='line_1_45' title="bbox 140 3765 1735 3852; baseline 0.013 -37"><span class='ocrx_word' id='word_1_319' title='bbox 140 3766 352 3821; x_wconf 80' lang='lat' dir='ltr'><strong>vocitari.</strong></span> <span class='ocrx_word' id='word_1_320' title='bbox 386 3765 544 3822; x_wconf 91' lang='lat' dir='ltr'><strong>Unde</strong></span> <span class='ocrx_word' id='word_1_321' title='bbox 576 3772 632 3822; x_wconf 92' lang='lat' dir='ltr'><strong>et</strong></span> <span class='ocrx_word' id='word_1_322' title='bbox 686 3769 880 3835; x_wconf 84' lang='lat' dir='ltr'><strong>frater,</strong></span> <span class='ocrx_word' id='word_1_323' title='bbox 943 3770 1154 3842; x_wconf 84' lang='lat' dir='ltr'><strong>inquit,</strong></span> <span class='ocrx_word' id='word_1_324' title='bbox 1216 3768 1452 3850; x_wconf 79' lang='grc' dir='ltr'>ἀδελφὸς</span> <span class='ocrx_word' id='word_1_325' title='bbox 1501 3779 1735 3852; x_wconf 88' lang='lat' dir='ltr'><strong>dicitur,</strong></span> 
     </span>
    </p>
   </div>
   <div class='ocr_carea' id='block_1_43' title="bbox 34 3852 1735 3938">
    <p class='ocr_par' dir='ltr' id='par_1_43' title="bbox 34 3852 1735 3938">
     <span class='ocr_line' id='line_1_46' title="bbox 34 3852 1735 3938; baseline 0.015 -38"><span class='ocrx_word' id='word_1_326' title='bbox 34 3852 42 3923; x_wconf 54' lang='grc' dir='ltr'>ᾗ</span> <span class='ocrx_word' id='word_1_327' title='bbox 144 3852 272 3920; x_wconf 81' lang='lat' dir='ltr'><strong>quasi</strong></span> <span class='ocrx_word' id='word_1_328' title='bbox 298 3870 404 3910; x_wconf 90' lang='lat' dir='ltr'><strong>non</strong></span> <span class='ocrx_word' id='word_1_329' title='bbox 438 3873 642 3911; x_wconf 83' lang='lat' dir='ltr'><strong>unus»</strong></span> <span class='ocrx_word' id='word_1_330' title='bbox 673 3858 874 3925; x_wconf 88' lang='lat' dir='ltr'><strong>(Cicer.</strong></span> <span class='ocrx_word' id='word_1_331' title='bbox 934 3857 1036 3914; x_wconf 90' lang='lat' dir='ltr'><strong>lib.</strong></span> <span class='ocrx_word' id='word_1_332' title='bbox 1089 3877 1150 3914; x_wconf 86' lang='grc' dir='ltr'><strong>ιιι</strong></span> <span class='ocrx_word' id='word_1_333' title='bbox 1198 3862 1264 3918; x_wconf 82' lang='lat' dir='ltr'><strong>de</strong></span> <span class='ocrx_word' id='word_1_334' title='bbox 1312 3865 1506 3922; x_wconf 84' lang='lat' dir='ltr'><strong>Natur.</strong></span> <span class='ocrx_word' id='word_1_335' title='bbox 1561 3869 1735 3938; x_wconf 84' lang='lat' dir='ltr'><strong>deor.,</strong></span> 
     </span>
    </p>
   </div>
   <div class='ocr_carea' id='block_1_44' title="bbox 36 3942 1734 4030">
    <p class='ocr_par' dir='ltr' id='par_1_44' title="bbox 36 3942 1734 4030">
     <span class='ocr_line' id='line_1_47' title="bbox 36 3942 1734 4030; baseline 0.014 -38"><span class='ocrx_word' id='word_1_336' title='bbox 36 3959 42 4021; x_wconf 58' lang='grc' dir='ltr'><strong>ι</strong></span> <span class='ocrx_word' id='word_1_337' title='bbox 143 3952 242 4010; x_wconf 74' lang='lat' dir='ltr'><strong>pag.</strong></span> <span class='ocrx_word' id='word_1_338' title='bbox 269 3942 692 4010; x_wconf 70' lang='lat' dir='ltr'><strong>2i8;Lucian.,</strong></span> <span class='ocrx_word' id='word_1_339' title='bbox 721 3949 796 4001; x_wconf 82' lang='lat' dir='ltr'><strong>de</strong></span> <span class='ocrx_word' id='word_1_340' title='bbox 855 3946 1127 4018; x_wconf 60' lang='lat' dir='ltr'><strong>Sacri/ia,</strong></span> <span class='ocrx_word' id='word_1_341' title='bbox 1188 3951 1336 4007; x_wconf 73' lang='lat'><strong>56]</strong></span> <span class='ocrx_word' id='word_1_342' title='bbox 1401 3971 1533 4028; x_wconf 87' lang='lat' dir='ltr'><strong>pag.</strong></span> <span class='ocrx_word' id='word_1_343' title='bbox 1596 3960 1734 4030; x_wconf 70' lang='lat'><strong>185;</strong></span> 
     </span>
    </p>
   </div>
   <div class='ocr_carea' id='block_1_45' title="bbox 36 4013 1736 4118">
    <p class='ocr_par' dir='ltr' id='par_1_45' title="bbox 36 4013 1736 4118">
     <span class='ocr_line' id='line_1_48' title="bbox 36 4013 1736 4118; baseline 0.015 -38"><span class='ocrx_word' id='word_1_344' title='bbox 36 4013 42 4110; x_wconf 48' lang='grc' dir='ltr'><strong>ί</strong></span> <span class='ocrx_word' id='word_1_345' title='bbox 143 4022 330 4118; x_wconf 57' lang='grc' dir='ltr'><strong>ρὶοάοιι.</strong></span> <span class='ocrx_word' id='word_1_346' title='bbox 359 4032 552 4101; x_wconf 92' lang='lat' dir='ltr'><strong>Sicul.,</strong></span> <span class='ocrx_word' id='word_1_347' title='bbox 585 4032 686 4090; x_wconf 91' lang='lat' dir='ltr'><strong>lib.</strong></span> <span class='ocrx_word' id='word_1_348' title='bbox 717 4051 750 4090; x_wconf 90' lang='lat' dir='ltr'><strong>v</strong></span> <span class='ocrx_word' id='word_1_349' title='bbox 778 4013 1063 4106; x_wconf 65' lang='lat' dir='ltr'><strong>Bibliotli.,</strong></span> <span class='ocrx_word' id='word_1_350' title='bbox 1100 4013 1231 4112; x_wconf 84' lang='lat' dir='ltr'><strong>pag.</strong></span> <span class='ocrx_word' id='word_1_351' title='bbox 1282 4013 1425 4112; x_wconf 50' lang='lat'><strong>237}</strong></span> <span class='ocrx_word' id='word_1_352' title='bbox 1458 4013 1736 4118; x_wconf 60' lang='lat' dir='ltr'><strong>Pansam:</strong></span> 
     </span>
    </p>
   </div>
   <div class='ocr_carea' id='block_1_46' title="bbox 34 4108 1734 4198">
    <p class='ocr_par' dir='ltr' id='par_1_46' title="bbox 34 4108 1734 4198">
     <span class='ocr_line' id='line_1_49' title="bbox 34 4108 1734 4198; baseline 0.016 -30"><span class='ocrx_word' id='word_1_353' title='bbox 34 4108 40 4196; x_wconf 66' lang='grc' dir='ltr'>ξ</span> <span class='ocrx_word' id='word_1_354' title='bbox 142 4108 293 4189; x_wconf 80' lang='lat' dir='ltr'><strong>1ib.x,</strong></span> <span class='ocrx_word' id='word_1_355' title='bbox 341 4137 466 4195; x_wconf 87' lang='lat' dir='ltr'><strong>pag.</strong></span> <span class='ocrx_word' id='word_1_356' title='bbox 520 4123 626 4178; x_wconf 86' lang='lat'><strong>320</strong></span> <span class='ocrx_word' id='word_1_357' title='bbox 682 4127 739 4180; x_wconf 90' lang='lat' dir='ltr'><strong>et</strong></span> <span class='ocrx_word' id='word_1_358' title='bbox 795 4140 994 4198; x_wconf 86' lang='lat' dir='ltr'><strong>seqq.;</strong></span> <span class='ocrx_word' id='word_1_359' title='bbox 1054 4108 1348 4186; x_wconf 68' lang='lat' dir='ltr'><strong>Plutarch.</strong></span> <span class='ocrx_word' id='word_1_360' title='bbox 1407 4108 1474 4189; x_wconf 74' lang='lat' dir='ltr'><strong>de</strong></span> <span class='ocrx_word' id='word_1_361' title='bbox 1525 4108 1734 4196; x_wconf 54' lang='lat' dir='ltr'><strong>oracut:</strong></span> 
     </span>
    </p>
   </div>
   <div class='ocr_carea' id='block_1_47' title="bbox 140 4201 1736 4298">
    <p class='ocr_par' dir='ltr' id='par_1_47' title="bbox 140 4201 1736 4298">
     <span class='ocr_line' id='line_1_50' title="bbox 140 4201 1736 4298; baseline 0.016 -41"><span class='ocrx_word' id='word_1_362' title='bbox 140 4201 302 4273; x_wconf 62' lang='lat' dir='ltr'><strong>Defeci.</strong></span> <span class='ocrx_word' id='word_1_363' title='bbox 332 4227 450 4283; x_wconf 88' lang='lat' dir='ltr'><strong>pag.</strong></span> <span class='ocrx_word' id='word_1_364' title='bbox 482 4212 624 4281; x_wconf 68' lang='lat'><strong>433;</strong></span> <span class='ocrx_word' id='word_1_365' title='bbox 657 4213 873 4282; x_wconf 85' lang='lat' dir='ltr'><strong>Strab.,</strong></span> <span class='ocrx_word' id='word_1_366' title='bbox 906 4214 1008 4270; x_wconf 91' lang='lat' dir='ltr'><strong>lib.</strong></span> <span class='ocrx_word' id='word_1_367' title='bbox 1060 4233 1115 4271; x_wconf 81' lang='lat' dir='ltr'><strong>rx</strong></span> <span class='ocrx_word' id='word_1_368' title='bbox 1175 4222 1391 4291; x_wconf 82' lang='lat' dir='ltr'><strong>Geogr.,</strong></span> <span class='ocrx_word' id='word_1_369' title='bbox 1449 4241 1580 4298; x_wconf 89' lang='lat' dir='ltr'><strong>pag.</strong></span> <span class='ocrx_word' id='word_1_370' title='bbox 1633 4228 1736 4283; x_wconf 87' lang='grc'>417</span> 
     </span>
    </p>
   </div>
   <div class='ocr_carea' id='block_1_48' title="bbox 34 4296 1448 4385">
    <p class='ocr_par' dir='ltr' id='par_1_48' title="bbox 34 4296 1448 4385">
     <span class='ocr_line' id='line_1_51' title="bbox 34 4296 1448 4385; baseline 0.011 -33"><span class='ocrx_word' id='word_1_371' title='bbox 34 4296 40 4352; x_wconf 77' lang='lat' dir='ltr'><strong>l</strong></span> <span class='ocrx_word' id='word_1_372' title='bbox 138 4296 342 4368; x_wconf 60' lang='lat' dir='ltr'><strong>alaeq;</strong></span> <span class='ocrx_word' id='word_1_373' title='bbox 374 4299 646 4372; x_wconf 69' lang='lat' dir='ltr'><strong>Macrob,</strong></span> <span class='ocrx_word' id='word_1_374' title='bbox 681 4302 779 4358; x_wconf 90' lang='lat' dir='ltr'><strong>lib.</strong></span> <span class='ocrx_word' id='word_1_375' title='bbox 812 4321 831 4358; x_wconf 82' lang='grc' dir='ltr'><strong>ι</strong></span> <span class='ocrx_word' id='word_1_376' title='bbox 853 4303 1141 4362; x_wconf 78' lang='lat' dir='ltr'><strong>Satur-nul.</strong></span> <span class='ocrx_word' id='word_1_377' title='bbox 1176 4325 1301 4381; x_wconf 88' lang='lat' dir='ltr'><strong>cap.</strong></span> <span class='ocrx_word' id='word_1_378' title='bbox 1339 4312 1448 4385; x_wconf 86' lang='grc'><strong>17).</strong></span> 
     </span>
    </p>
   </div>
   <div class='ocr_carea' id='block_1_49' title="bbox 191 4399 1732 4483">
    <p class='ocr_par' dir='ltr' id='par_1_49' title="bbox 191 4399 1732 4483">
     <span class='ocr_line' id='line_1_52' title="bbox 191 4399 1732 4483; baseline 0.019 -31"><span class='ocrx_word' id='word_1_379' title='bbox 191 4399 340 4460; x_wconf 76' lang='lat' dir='ltr'><strong>Isidis</strong></span> <span class='ocrx_word' id='word_1_380' title='bbox 365 4405 582 4463; x_wconf 70' lang='lat' dir='ltr'><strong>Phariae</strong></span> <span class='ocrx_word' id='word_1_381' title='bbox 613 4408 904 4468; x_wconf 89' lang='lat' dir='ltr'><strong>Minucius</strong></span> <span class='ocrx_word' id='word_1_382' title='bbox 963 4418 1165 4483; x_wconf 88' lang='lat' dir='ltr'><strong>postea</strong></span> <span class='ocrx_word' id='word_1_383' title='bbox 1224 4419 1510 4476; x_wconf 89' lang='lat' dir='ltr'><strong>meminit.</strong></span> <span class='ocrx_word' id='word_1_384' title='bbox 1558 4428 1632 4479; x_wconf 81' lang='lat' dir='ltr'><strong>At</strong></span> <span class='ocrx_word' id='word_1_385' title='bbox 1683 4425 1732 4481; x_wconf 90' lang='lat' dir='ltr'><strong>si</strong></span> 
     </span>
    </p>
   </div>
   <div class='ocr_carea' id='block_1_50' title="bbox 132 4483 1734 4571">
    <p class='ocr_par' dir='ltr' id='par_1_50' title="bbox 132 4483 1734 4571">
     <span class='ocr_line' id='line_1_53' title="bbox 132 4483 1734 4571; baseline 0.021 -33"><span class='ocrx_word' id='word_1_386' title='bbox 132 4483 393 4551; x_wconf 76' lang='lat' dir='ltr'><strong>Euhemeri</strong></span> <span class='ocrx_word' id='word_1_387' title='bbox 414 4497 483 4553; x_wconf 90' lang='lat' dir='ltr'><strong>ab</strong></span> <span class='ocrx_word' id='word_1_388' title='bbox 509 4514 578 4552; x_wconf 91' lang='lat' dir='ltr'><strong>eo</strong></span> <span class='ocrx_word' id='word_1_389' title='bbox 601 4497 820 4554; x_wconf 87' lang='lat' dir='ltr'><strong>laudati</strong></span> <span class='ocrx_word' id='word_1_390' title='bbox 847 4504 1373 4562; x_wconf 84' lang='lat' dir='ltr'><strong>commentationes</strong></span> <span class='ocrx_word' id='word_1_391' title='bbox 1412 4508 1470 4563; x_wconf 91' lang='lat' dir='ltr'><strong>in</strong></span> <span class='ocrx_word' id='word_1_392' title='bbox 1503 4517 1734 4571; x_wconf 89' lang='lat' dir='ltr'><strong>nostras</strong></span> 
     </span>
    </p>
   </div>
   <div class='ocr_carea' id='block_1_51' title="bbox 1865 555 3508 653">
    <p class='ocr_par' dir='ltr' id='par_1_51' title="bbox 1865 555 3508 653">
     <span class='ocr_line' id='line_1_54' title="bbox 1865 555 3508 653; baseline 0.024 -49"><span class='ocrx_word' id='word_1_393' title='bbox 1865 567 1982 607; x_wconf 89' lang='lat' dir='ltr'><strong>una</strong></span> <span class='ocrx_word' id='word_1_394' title='bbox 2003 555 2411 616; x_wconf 88' lang='lat' dir='ltr'><strong>sacrislitteris</strong></span> <span class='ocrx_word' id='word_1_395' title='bbox 2427 570 2658 620; x_wconf 79' lang='lat' dir='ltr'><strong>exarata</strong></span> <span class='ocrx_word' id='word_1_396' title='bbox 2679 567 2980 644; x_wconf 89' lang='lat' dir='ltr'><strong>inscriptio</strong></span> <span class='ocrx_word' id='word_1_397' title='bbox 3013 555 3130 632; x_wconf 62' lang='lat' dir='ltr'><strong>hac</strong></span> <span class='ocrx_word' id='word_1_398' title='bbox 3167 555 3466 653; x_wconf 80' lang='lat' dir='ltr'><strong>legebatur</strong></span> <span class='ocrx_word' id='word_1_399' title='bbox 3495 605 3508 642; x_wconf 88' lang='lat'><strong>:</strong></span> 
     </span>
    </p>
   </div>
   <div class='ocr_carea' id='block_1_52' title="bbox 1865 645 3510 732">
    <p class='ocr_par' dir='ltr' id='par_1_52' title="bbox 1865 645 3510 732">
     <span class='ocr_line' id='line_1_55' title="bbox 1865 645 3510 732; baseline 0.026 -43"><span class='ocrx_word' id='word_1_400' title='bbox 1865 662 1893 690; x_wconf 86' lang='lat'><strong><em>«</em></strong></span> <span class='ocrx_word' id='word_1_401' title='bbox 1920 645 2034 713; x_wconf 88' lang='lat' dir='ltr'><strong>Ego</strong></span> <span class='ocrx_word' id='word_1_402' title='bbox 2058 645 2167 700; x_wconf 91' lang='lat' dir='ltr'><strong>Isis</strong></span> <span class='ocrx_word' id='word_1_403' title='bbox 2195 663 2348 716; x_wconf 89' lang='lat' dir='ltr'><strong>sum,</strong></span> <span class='ocrx_word' id='word_1_404' title='bbox 2384 653 2585 724; x_wconf 88' lang='lat' dir='ltr'><strong>regina</strong></span> <span class='ocrx_word' id='word_1_405' title='bbox 2615 655 2792 728; x_wconf 82' lang='lat' dir='ltr'><strong>hujus</strong></span> <span class='ocrx_word' id='word_1_406' title='bbox 2825 659 2956 732; x_wconf 90' lang='lat' dir='ltr'><strong>loci,</strong></span> <span class='ocrx_word' id='word_1_407' title='bbox 2997 683 3030 720; x_wconf 88' lang='lat' dir='ltr'><strong>a</strong></span> <span class='ocrx_word' id='word_1_408' title='bbox 3059 667 3342 728; x_wconf 90' lang='lat' dir='ltr'><strong>Mercurio</strong></span> <span class='ocrx_word' id='word_1_409' title='bbox 3380 691 3510 731; x_wconf 88' lang='lat' dir='ltr'><strong>eru-</strong></span> 
     </span>
    </p>
   </div>
   <div class='ocr_carea' id='block_1_53' title="bbox 1864 730 3513 822">
    <p class='ocr_par' dir='ltr' id='par_1_53' title="bbox 1864 730 3513 822">
     <span class='ocr_line' id='line_1_56' title="bbox 1864 730 3513 822; baseline 0.024 -40"><span class='ocrx_word' id='word_1_410' title='bbox 1864 730 2004 784; x_wconf 90' lang='lat' dir='ltr'><strong>dita.</strong></span> <span class='ocrx_word' id='word_1_411' title='bbox 2041 733 2174 796; x_wconf 83' lang='lat' dir='ltr'><strong>Quae</strong></span> <span class='ocrx_word' id='word_1_412' title='bbox 2200 735 2325 808; x_wconf 86' lang='lat' dir='ltr'><strong>lege</strong></span> <span class='ocrx_word' id='word_1_413' title='bbox 2351 756 2455 811; x_wconf 90' lang='lat' dir='ltr'><strong>per</strong></span> <span class='ocrx_word' id='word_1_414' title='bbox 2485 759 2577 797; x_wconf 90' lang='lat' dir='ltr'><strong>me</strong></span> <span class='ocrx_word' id='word_1_415' title='bbox 2603 748 2831 804; x_wconf 88' lang='lat' dir='ltr'><strong>sancita</strong></span> <span class='ocrx_word' id='word_1_416' title='bbox 2860 730 3014 818; x_wconf 84' lang='lat' dir='ltr'><strong>sunt,</strong></span> <span class='ocrx_word' id='word_1_417' title='bbox 3063 773 3235 814; x_wconf 91' lang='lat' dir='ltr'><strong>nemo</strong></span> <span class='ocrx_word' id='word_1_418' title='bbox 3295 730 3513 822; x_wconf 83' lang='lat' dir='ltr'><strong>solvere</strong></span> 
     </span>
    </p>
   </div>
   <div class='ocr_carea' id='block_1_54' title="bbox 1864 823 3506 917">
    <p class='ocr_par' dir='ltr' id='par_1_54' title="bbox 1864 823 3506 917">
     <span class='ocr_line' id='line_1_57' title="bbox 1864 823 3506 917; baseline 0.024 -46"><span class='ocrx_word' id='word_1_419' title='bbox 1864 827 2068 889; x_wconf 89' lang='lat' dir='ltr'><strong>potest.</strong></span> <span class='ocrx_word' id='word_1_420' title='bbox 2105 823 2218 896; x_wconf 90' lang='lat' dir='ltr'><strong>Ego</strong></span> <span class='ocrx_word' id='word_1_421' title='bbox 2252 827 2489 883; x_wconf 87' lang='lat' dir='ltr'><strong>Saturni</strong></span> <span class='ocrx_word' id='word_1_422' title='bbox 2524 834 2823 892; x_wconf 88' lang='lat' dir='ltr'><strong>novissimi</strong></span> <span class='ocrx_word' id='word_1_423' title='bbox 2855 841 2946 895; x_wconf 89' lang='lat' dir='ltr'><strong>dei</strong></span> <span class='ocrx_word' id='word_1_424' title='bbox 2993 843 3112 900; x_wconf 80' lang='lat' dir='ltr'><strong>{ilia</strong></span> <span class='ocrx_word' id='word_1_425' title='bbox 3162 865 3317 917; x_wconf 88' lang='lat' dir='ltr'><strong>sum,</strong></span> <span class='ocrx_word' id='word_1_426' title='bbox 3371 860 3506 910; x_wconf 88' lang='lat' dir='ltr'><strong>natu</strong></span> 
     </span>
    </p>
   </div>
   <div class='ocr_carea' id='block_1_55' title="bbox 1863 908 3510 1016">
    <p class='ocr_par' dir='ltr' id='par_1_55' title="bbox 1863 908 3510 1016">
     <span class='ocr_line' id='line_1_58' title="bbox 1863 908 3510 1016; baseline 0.024 -56"><span class='ocrx_word' id='word_1_427' title='bbox 1863 908 2130 966; x_wconf 89' lang='lat' dir='ltr'><strong>minima.</strong></span> <span class='ocrx_word' id='word_1_428' title='bbox 2161 913 2278 984; x_wconf 91' lang='lat' dir='ltr'><strong>Ego</strong></span> <span class='ocrx_word' id='word_1_429' title='bbox 2300 932 2432 972; x_wconf 91' lang='lat' dir='ltr'><strong>sum</strong></span> <span class='ocrx_word' id='word_1_430' title='bbox 2456 918 2700 978; x_wconf 89' lang='lat' dir='ltr'><strong>Osiridis</strong></span> <span class='ocrx_word' id='word_1_431' title='bbox 2724 927 2873 998; x_wconf 88' lang='lat' dir='ltr'><strong>regis</strong></span> <span class='ocrx_word' id='word_1_432' title='bbox 2898 946 3042 986; x_wconf 85' lang='lat' dir='ltr'><strong>uxor</strong></span> <span class='ocrx_word' id='word_1_433' title='bbox 3087 940 3144 990; x_wconf 90' lang='lat' dir='ltr'><strong>et</strong></span> <span class='ocrx_word' id='word_1_434' title='bbox 3174 954 3356 996; x_wconf 87' lang='lat' dir='ltr'><strong>soror.</strong></span> <span class='ocrx_word' id='word_1_435' title='bbox 3393 943 3510 1016; x_wconf 92' lang='lat' dir='ltr'><strong>Ego</strong></span> 
     </span>
    </p>
   </div>
   <div class='ocr_carea' id='block_1_56' title="bbox 1863 998 3510 1106">
    <p class='ocr_par' dir='ltr' id='par_1_56' title="bbox 1863 998 3510 1106">
     <span class='ocr_line' id='line_1_59' title="bbox 1863 998 3510 1106; baseline 0.026 -58"><span class='ocrx_word' id='word_1_436' title='bbox 1863 1012 1993 1051; x_wconf 87' lang='lat' dir='ltr'><strong>sum</strong></span> <span class='ocrx_word' id='word_1_437' title='bbox 2028 998 2146 1066; x_wconf 89' lang='lat' dir='ltr'><strong>illa,</strong></span> <span class='ocrx_word' id='word_1_438' title='bbox 2181 1018 2307 1073; x_wconf 64' lang='lat' dir='ltr'><strong>quin</strong></span> <span class='ocrx_word' id='word_1_439' title='bbox 2339 1006 2526 1076; x_wconf 86' lang='lat' dir='ltr'><strong>prima</strong></span> <span class='ocrx_word' id='word_1_440' title='bbox 2557 1010 2752 1083; x_wconf 86' lang='lat' dir='ltr'><strong>fruges</strong></span> <span class='ocrx_word' id='word_1_441' title='bbox 2775 1019 3118 1078; x_wconf 89' lang='lat' dir='ltr'><strong>mortalibus</strong></span> <span class='ocrx_word' id='word_1_442' title='bbox 3152 1031 3356 1098; x_wconf 89' lang='lat' dir='ltr'><strong>reperi.</strong></span> 
     </span>
    </p>
   </div>
   <div class='ocr_carea' id='block_1_57' title="bbox 1863 1087 3511 1180">
    <p class='ocr_par' dir='ltr' id='par_1_57' title="bbox 1863 1087 3511 1180">
     <span class='ocr_line' id='line_1_60' title="bbox 1863 1087 3511 1180; baseline 0.025 -42"><span class='ocrx_word' id='word_1_443' title='bbox 1863 1087 2018 1156; x_wconf 80' lang='lat' dir='ltr'><strong>regis</strong></span> <span class='ocrx_word' id='word_1_444' title='bbox 2050 1087 2185 1144; x_wconf 88' lang='lat' dir='ltr'><strong>Hori</strong></span> <span class='ocrx_word' id='word_1_445' title='bbox 2216 1098 2402 1148; x_wconf 90' lang='lat' dir='ltr'><strong>mater</strong></span> <span class='ocrx_word' id='word_1_446' title='bbox 2429 1113 2583 1153; x_wconf 85' lang='lat' dir='ltr'><strong>sum.</strong></span> <span class='ocrx_word' id='word_1_447' title='bbox 2617 1103 2733 1173; x_wconf 85' lang='lat' dir='ltr'><strong>Ego</strong></span> <span class='ocrx_word' id='word_1_448' title='bbox 2764 1122 2918 1173; x_wconf 88' lang='lat' dir='ltr'><strong>sum,</strong></span> <span class='ocrx_word' id='word_1_449' title='bbox 2950 1127 3077 1180; x_wconf 65' lang='lat' dir='ltr'><strong>quae</strong></span> <span class='ocrx_word' id='word_1_450' title='bbox 3109 1114 3167 1169; x_wconf 88' lang='lat' dir='ltr'><strong>in</strong></span> <span class='ocrx_word' id='word_1_451' title='bbox 3211 1116 3383 1177; x_wconf 89' lang='lat' dir='ltr'><strong>Canis</strong></span> <span class='ocrx_word' id='word_1_452' title='bbox 3431 1087 3511 1178; x_wconf 51' lang='grc' dir='ltr'><strong>ᾗ·</strong></span> 
     </span>
    </p>
   </div>
   <div class='ocr_carea' id='block_1_58' title="bbox 1862 1173 3507 1280">
    <p class='ocr_par' dir='ltr' id='par_1_58' title="bbox 1862 1173 3507 1280">
     <span class='ocr_line' id='line_1_61' title="bbox 1862 1173 3507 1280; baseline 0.024 -54"><span class='ocrx_word' id='word_1_453' title='bbox 1862 1173 1997 1229; x_wconf 90' lang='lat' dir='ltr'><strong>dere</strong></span> <span class='ocrx_word' id='word_1_454' title='bbox 2027 1178 2300 1235; x_wconf 81' lang='lat' dir='ltr'><strong>exoritur.</strong></span> <span class='ocrx_word' id='word_1_455' title='bbox 2332 1184 2474 1239; x_wconf 85' lang='lat' dir='ltr'><strong>Mihi</strong></span> <span class='ocrx_word' id='word_1_456' title='bbox 2507 1187 2796 1247; x_wconf 76' lang='lat' dir='ltr'><strong>Bubastos</strong></span> <span class='ocrx_word' id='word_1_457' title='bbox 2831 1173 2985 1251; x_wconf 43' lang='lat' dir='ltr'><strong>urbs.</strong></span> <span class='ocrx_word' id='word_1_458' title='bbox 3019 1173 3507 1280; x_wconf 57' lang='lat' dir='ltr'><strong>:ediﬁcata.ilaie,</strong></span> 
     </span>
    </p>
   </div>
   <div class='ocr_carea' id='block_1_59' title="bbox 1861 1264 3512 1361">
    <p class='ocr_par' dir='ltr' id='par_1_59' title="bbox 1861 1264 3512 1361">
     <span class='ocr_line' id='line_1_62' title="bbox 1861 1264 3512 1361; baseline 0.025 -46"><span class='ocrx_word' id='word_1_459' title='bbox 1861 1264 2071 1334; x_wconf 88' lang='lat' dir='ltr'><strong>gaude,</strong></span> <span class='ocrx_word' id='word_1_460' title='bbox 2094 1267 2334 1361; x_wconf 64' lang='lat' dir='ltr'><strong>.ngypte</strong></span> <span class='ocrx_word' id='word_1_461' title='bbox 2356 1288 2485 1329; x_wconf 89' lang='lat' dir='ltr'><strong>mea</strong></span> <span class='ocrx_word' id='word_1_462' title='bbox 2507 1278 2719 1334; x_wconf 84' lang='lat' dir='ltr'><strong>nutrix.</strong></span> <span class='ocrx_word' id='word_1_463' title='bbox 2747 1302 2776 1329; x_wconf 89' lang='grc'><strong>››</strong></span> <span class='ocrx_word' id='word_1_464' title='bbox 2796 1281 2906 1338; x_wconf 90' lang='lat' dir='ltr'><strong>Sed</strong></span> <span class='ocrx_word' id='word_1_465' title='bbox 2923 1285 3014 1341; x_wconf 91' lang='lat' dir='ltr'><strong>his</strong></span> <span class='ocrx_word' id='word_1_466' title='bbox 3038 1305 3312 1361; x_wconf 86' lang='lat' dir='ltr'><strong>magnam</strong></span> <span class='ocrx_word' id='word_1_467' title='bbox 3338 1264 3512 1355; x_wconf 73' lang='lat' dir='ltr'><strong>ﬁdem</strong></span> 
     </span>
    </p>
   </div>
   <div class='ocr_carea' id='block_1_60' title="bbox 1861 1354 3114 1434">
    <p class='ocr_par' dir='ltr' id='par_1_60' title="bbox 1861 1354 3114 1434">
     <span class='ocr_line' id='line_1_63' title="bbox 1861 1354 3114 1434; baseline 0.024 -30"><span class='ocrx_word' id='word_1_468' title='bbox 1861 1367 1924 1406; x_wconf 88' lang='lat' dir='ltr'><strong>se</strong></span> <span class='ocrx_word' id='word_1_469' title='bbox 1956 1369 2070 1408; x_wconf 83' lang='lat' dir='ltr'><strong>non</strong></span> <span class='ocrx_word' id='word_1_470' title='bbox 2102 1354 2382 1416; x_wconf 88' lang='lat' dir='ltr'><strong>habuisse</strong></span> <span class='ocrx_word' id='word_1_471' title='bbox 2409 1361 2580 1433; x_wconf 87' lang='lat' dir='ltr'><strong>plane</strong></span> <span class='ocrx_word' id='word_1_472' title='bbox 2612 1384 2725 1423; x_wconf 91' lang='lat' dir='ltr'><strong>non</strong></span> <span class='ocrx_word' id='word_1_473' title='bbox 2756 1370 3114 1434; x_wconf 89' lang='lat' dir='ltr'><strong>dissimulat.</strong></span> 
     </span>
    </p>
   </div>
   <div class='ocr_carea' id='block_1_61' title="bbox 1932 1442 3512 1544">
    <p class='ocr_par' dir='ltr' id='par_1_61' title="bbox 1932 1442 3512 1544">
     <span class='ocr_line' id='line_1_64' title="bbox 1932 1442 3512 1544; baseline 0.024 -48"><span class='ocrx_word' id='word_1_474' title='bbox 1932 1442 2004 1497; x_wconf 92' lang='lat' dir='ltr'><strong>Et</strong></span> <span class='ocrx_word' id='word_1_475' title='bbox 2033 1449 2184 1501; x_wconf 91' lang='lat' dir='ltr'><strong>certe</strong></span> <span class='ocrx_word' id='word_1_476' title='bbox 2213 1451 2459 1521; x_wconf 69' lang='lat' dir='ltr'><strong>Egyptii</strong></span> <span class='ocrx_word' id='word_1_477' title='bbox 2521 1453 2676 1512; x_wconf 91' lang='lat' dir='ltr'><strong>haud</strong></span> <span class='ocrx_word' id='word_1_478' title='bbox 2735 1461 2912 1516; x_wconf 82' lang='lat' dir='ltr'><strong>semel</strong></span> <span class='ocrx_word' id='word_1_479' title='bbox 2971 1471 3306 1544; x_wconf 86' lang='lat' dir='ltr'><strong>quotannis,</strong></span> <span class='ocrx_word' id='word_1_480' title='bbox 3366 1480 3512 1534; x_wconf 85' lang='lat' dir='ltr'><strong>teste</strong></span> 
     </span>
    </p>
   </div>
   <div class='ocr_carea' id='block_1_62' title="bbox 1859 1529 3507 1634">
    <p class='ocr_par' dir='ltr' id='par_1_62' title="bbox 1859 1529 3507 1634">
     <span class='ocr_line' id='line_1_65' title="bbox 1859 1529 3507 1634; baseline 0.025 -52"><span class='ocrx_word' id='word_1_481' title='bbox 1859 1529 2170 1600; x_wconf 81' lang='lat' dir='ltr'><strong>Herodoto,</strong></span> <span class='ocrx_word' id='word_1_482' title='bbox 2205 1537 2538 1634; x_wconf 65' lang='lat' dir='ltr'><strong>frequentes</strong></span> <span class='ocrx_word' id='word_1_483' title='bbox 2570 1546 2821 1616; x_wconf 87' lang='lat' dir='ltr'><strong>agebant</strong></span> <span class='ocrx_word' id='word_1_484' title='bbox 2851 1529 3190 1628; x_wconf 67' lang='lat' dir='ltr'><strong>conventus,</strong></span> <span class='ocrx_word' id='word_1_485' title='bbox 3223 1529 3507 1634; x_wconf 42' lang='lat' dir='ltr'><strong>atque—iii</strong></span> 
     </span>
    </p>
   </div>
   <div class='ocr_carea' id='block_1_63' title="bbox 1858 1620 3509 1717">
    <p class='ocr_par' dir='ltr' id='par_1_63' title="bbox 1858 1620 3509 1717">
     <span class='ocr_line' id='line_1_66' title="bbox 1858 1620 3509 1717; baseline 0.025 -46"><span class='ocrx_word' id='word_1_486' title='bbox 1858 1620 2086 1692; x_wconf 84' lang='lat' dir='ltr'><strong>primis,</strong></span> <span class='ocrx_word' id='word_1_487' title='bbox 2121 1647 2150 1673; x_wconf 84' lang='lat'><strong><em>«</em></strong></span> <span class='ocrx_word' id='word_1_488' title='bbox 2184 1622 2234 1685; x_wconf 84' lang='grc' dir='ltr'><strong>ἐς</strong></span> <span class='ocrx_word' id='word_1_489' title='bbox 2267 1623 2532 1683; x_wconf 78' lang='grc' dir='ltr'>Βούϐασιν</span> <span class='ocrx_word' id='word_1_490' title='bbox 2556 1629 2718 1688; x_wconf 86' lang='grc' dir='ltr'>πόλιν</span> <span class='ocrx_word' id='word_1_491' title='bbox 2766 1640 2834 1711; x_wconf 79' lang='grc' dir='ltr'><strong>τῇ</strong></span> <span class='ocrx_word' id='word_1_492' title='bbox 2896 1620 3197 1717; x_wconf 31' lang='grc' dir='ltr'><strong>’Δρτέμιδιζ</strong></span> <span class='ocrx_word' id='word_1_493' title='bbox 3258 1620 3322 1706; x_wconf 78' lang='lat' dir='ltr'><strong>iri</strong></span> <span class='ocrx_word' id='word_1_494' title='bbox 3367 1620 3509 1712; x_wconf 65' lang='lat' dir='ltr'><strong>urbe</strong></span> 
     </span>
    </p>
   </div>
   <div class='ocr_carea' id='block_1_64' title="bbox 1857 1707 3502 1818">
    <p class='ocr_par' dir='ltr' id='par_1_64' title="bbox 1857 1707 3502 1818">
     <span class='ocr_line' id='line_1_67' title="bbox 1857 1707 3502 1818; baseline 0.021 -56"><span class='ocrx_word' id='word_1_495' title='bbox 1857 1707 2095 1767; x_wconf 87' lang='lat' dir='ltr'><strong>Bubasti</strong></span> <span class='ocrx_word' id='word_1_496' title='bbox 2129 1714 2186 1768; x_wconf 90' lang='lat' dir='ltr'><strong>in</strong></span> <span class='ocrx_word' id='word_1_497' title='bbox 2220 1716 2497 1775; x_wconf 82' lang='lat' dir='ltr'><strong>honorem</strong></span> <span class='ocrx_word' id='word_1_498' title='bbox 2558 1723 2776 1781; x_wconf 62' lang='lat' dir='ltr'><strong>Diana.</strong></span> <span class='ocrx_word' id='word_1_499' title='bbox 2839 1707 3087 1805; x_wconf 62' lang='lat' dir='ltr'><strong>Ae&#39;3repaz,</strong></span> <span class='ocrx_word' id='word_1_500' title='bbox 3145 1735 3194 1796; x_wconf 85' lang='grc' dir='ltr'><strong>ἐς</strong></span> <span class='ocrx_word' id='word_1_501' title='bbox 3256 1739 3502 1818; x_wconf 71' lang='grc' dir='ltr'><strong>Βούσιριν</strong></span> 
     </span>
     <span class='ocr_line' id='line_1_68' title="bbox 1861 1793 2797 1818; baseline 0.019 0"><span class='ocrx_word' id='word_1_502' title='bbox 1861 1793 1951 1818; x_wconf 75' lang='lat' dir='ltr'><strong>_n</strong></span> <span class='ocrx_word' id='word_1_503' title='bbox 2087 1801 2112 1813; x_wconf 86' lang='lat'><strong>~</strong></span> <span class='ocrx_word' id='word_1_504' title='bbox 2151 1802 2194 1818; x_wconf 76' lang='grc' dir='ltr'>ν·</span> <span class='ocrx_word' id='word_1_505' title='bbox 2310 1806 2343 1818; x_wconf 69' lang='grc' dir='ltr'>η</span> <span class='ocrx_word' id='word_1_506' title='bbox 2521 1811 2533 1818; x_wconf 94' lang='grc'><strong>-</strong></span> <span class='ocrx_word' id='word_1_507' title='bbox 2608 1812 2620 1818; x_wconf 88' lang='grc'><strong>·</strong></span> <span class='ocrx_word' id='word_1_508' title='bbox 2792 1817 2797 1818; x_wconf 53' lang='grc' dir='ltr'><em>ν</em></span> 
     </span>
    </p>
   </div>
   <div class='ocr_carea' id='block_1_65' title="bbox 1856 1793 3508 1890">
    <p class='ocr_par' dir='ltr' id='par_1_65' title="bbox 1856 1793 3508 1890">
     <span class='ocr_line' id='line_1_69' title="bbox 1856 1793 3508 1890; baseline 0.025 -42"><span class='ocrx_word' id='word_1_509' title='bbox 1856 1793 2017 1850; x_wconf 79' lang='grc' dir='ltr'>πόλιν</span> <span class='ocrx_word' id='word_1_510' title='bbox 2048 1801 2114 1871; x_wconf 82' lang='grc' dir='ltr'><strong>τῇ</strong></span> <span class='ocrx_word' id='word_1_511' title='bbox 2151 1802 2273 1860; x_wconf 77' lang='grc' dir='ltr'><strong>Ἴσι.</strong></span> <span class='ocrx_word' id='word_1_512' title='bbox 2309 1806 2574 1866; x_wconf 89' lang='lat' dir='ltr'><strong>Secundo</strong></span> <span class='ocrx_word' id='word_1_513' title='bbox 2608 1812 2750 1884; x_wconf 92' lang='lat' dir='ltr'><strong>loco,</strong></span> <span class='ocrx_word' id='word_1_514' title='bbox 2787 1817 2843 1871; x_wconf 90' lang='lat' dir='ltr'><strong>in</strong></span> <span class='ocrx_word' id='word_1_515' title='bbox 2888 1823 3028 1877; x_wconf 85' lang='lat' dir='ltr'><strong>urbe</strong></span> <span class='ocrx_word' id='word_1_516' title='bbox 3061 1824 3251 1882; x_wconf 90' lang='lat' dir='ltr'><strong>Busiri</strong></span> <span class='ocrx_word' id='word_1_517' title='bbox 3291 1830 3350 1885; x_wconf 91' lang='lat' dir='ltr'><strong>in</strong></span> <span class='ocrx_word' id='word_1_518' title='bbox 3399 1793 3508 1890; x_wconf 73' lang='lat' dir='ltr'><strong>lio-</strong></span> 
     </span>
    </p>
   </div>
   <div class='ocr_carea' id='block_1_66' title="bbox 1847 1890 3494 1994">
    <p class='ocr_par' dir='ltr' id='par_1_66' title="bbox 1847 1890 3494 1994">
     <span class='ocr_line' id='line_1_70' title="bbox 1847 1890 3494 1994; baseline 0.023 -56"><span class='ocrx_word' id='word_1_519' title='bbox 1847 1903 2046 1942; x_wconf 90' lang='lat' dir='ltr'><strong>norem</strong></span> <span class='ocrx_word' id='word_1_520' title='bbox 2081 1890 2271 1946; x_wconf 91' lang='lat' dir='ltr'><strong>Isidis.</strong></span> <span class='ocrx_word' id='word_1_521' title='bbox 2333 1895 2395 1950; x_wconf 91' lang='lat' dir='ltr'><strong>In</strong></span> <span class='ocrx_word' id='word_1_522' title='bbox 2454 1914 2570 1970; x_wconf 89' lang='lat' dir='ltr'><strong>qua</strong></span> <span class='ocrx_word' id='word_1_523' title='bbox 2627 1904 2769 1960; x_wconf 91' lang='lat' dir='ltr'><strong>urbe</strong></span> <span class='ocrx_word' id='word_1_524' title='bbox 2827 1910 3146 1970; x_wconf 85' lang='lat' dir='ltr'><strong>maximum</strong></span> <span class='ocrx_word' id='word_1_525' title='bbox 3215 1921 3302 1972; x_wconf 87' lang='lat' dir='ltr'><strong>est</strong></span> <span class='ocrx_word' id='word_1_526' title='bbox 3354 1919 3494 1994; x_wconf 81' lang='grc' dir='ltr'>ἱρόν,</span> 
     </span>
    </p>
   </div>
   <div class='ocr_carea' id='block_1_67' title="bbox 1845 1976 3504 2078">
    <p class='ocr_par' dir='ltr' id='par_1_67' title="bbox 1845 1976 3504 2078">
     <span class='ocr_line' id='line_1_71' title="bbox 1845 1976 3504 2078; baseline 0.024 -51"><span class='ocrx_word' id='word_1_527' title='bbox 1845 1976 2132 2048; x_wconf 88' lang='lat' dir='ltr'><strong>templum</strong></span> <span class='ocrx_word' id='word_1_528' title='bbox 2169 1982 2359 2048; x_wconf 87' lang='lat' dir='ltr'><strong>Isidis,</strong></span> <span class='ocrx_word' id='word_1_529' title='bbox 2390 1984 2516 2057; x_wconf 90' lang='lat' dir='ltr'><strong>ipsa</strong></span> <span class='ocrx_word' id='word_1_530' title='bbox 2544 1988 2604 2045; x_wconf 92' lang='lat' dir='ltr'><strong>in</strong></span> <span class='ocrx_word' id='word_1_531' title='bbox 2638 1994 2827 2050; x_wconf 88' lang='lat' dir='ltr'><strong>medio</strong></span> <span class='ocrx_word' id='word_1_532' title='bbox 2877 1998 3040 2055; x_wconf 86' lang='lat' dir='ltr'><strong>Delta</strong></span> <span class='ocrx_word' id='word_1_533' title='bbox 3088 2004 3317 2078; x_wconf 65' lang='lat' dir='ltr'><strong>Egypti</strong></span> <span class='ocrx_word' id='word_1_534' title='bbox 3367 1976 3504 2074; x_wconf 54' lang='lat' dir='ltr'><strong>sita:</strong></span> 
     </span>
    </p>
   </div>
   <div class='ocr_carea' id='block_1_68' title="bbox 1851 2063 3500 2170">
    <p class='ocr_par' dir='ltr' id='par_1_68' title="bbox 1851 2063 3500 2170">
     <span class='ocr_line' id='line_1_72' title="bbox 1851 2063 3500 2170; baseline 0.021 -52"><span class='ocrx_word' id='word_1_535' title='bbox 1851 2063 1950 2120; x_wconf 89' lang='lat' dir='ltr'><strong>Est</strong></span> <span class='ocrx_word' id='word_1_536' title='bbox 1979 2072 2170 2123; x_wconf 86' lang='lat' dir='ltr'><strong>autem</strong></span> <span class='ocrx_word' id='word_1_537' title='bbox 2206 2069 2333 2138; x_wconf 87' lang='lat' dir='ltr'><strong>Isis,</strong></span> <span class='ocrx_word' id='word_1_538' title='bbox 2368 2091 2496 2145; x_wconf 70' lang='lat' dir='ltr'><strong>quae</strong></span> <span class='ocrx_word' id='word_1_539' title='bbox 2527 2077 2722 2136; x_wconf 69' lang='lat' dir='ltr'><strong>Graeca</strong></span> <span class='ocrx_word' id='word_1_540' title='bbox 2775 2082 2977 2158; x_wconf 89' lang='lat' dir='ltr'><strong>lingua</strong></span> <span class='ocrx_word' id='word_1_541' title='bbox 3035 2063 3250 2149; x_wconf 55' lang='lat' dir='ltr'><strong>dicitur</strong></span> <span class='ocrx_word' id='word_1_542' title='bbox 3306 2063 3500 2170; x_wconf 49' lang='grc' dir='ltr'><strong>Δημῆί</strong></span> 
     </span>
    </p>
   </div>
   <div class='ocr_carea' id='block_1_69' title="bbox 1849 2156 3150 2249">
    <p class='ocr_par' dir='ltr' id='par_1_69' title="bbox 1849 2156 3150 2249">
     <span class='ocr_line' id='line_1_73' title="bbox 1849 2156 3150 2249; baseline 0.024 -45"><span class='ocrx_word' id='word_1_543' title='bbox 1849 2171 1972 2227; x_wconf 81' lang='grc' dir='ltr'><strong>τηρ,</strong></span> <span class='ocrx_word' id='word_1_544' title='bbox 2009 2156 2064 2209; x_wconf 91' lang='lat' dir='ltr'><strong>id</strong></span> <span class='ocrx_word' id='word_1_545' title='bbox 2097 2163 2204 2223; x_wconf 86' lang='lat' dir='ltr'><strong>est,</strong></span> <span class='ocrx_word' id='word_1_546' title='bbox 2239 2159 2453 2217; x_wconf 79' lang='lat' dir='ltr'><strong>Ceres»</strong></span> <span class='ocrx_word' id='word_1_547' title='bbox 2488 2165 2718 2235; x_wconf 88' lang='lat' dir='ltr'><strong>(Herod.</strong></span> <span class='ocrx_word' id='word_1_548' title='bbox 2752 2156 2946 2242; x_wconf 43' lang='lat' dir='ltr'><strong>lib.—n,</strong></span> <span class='ocrx_word' id='word_1_549' title='bbox 2979 2178 3007 2248; x_wconf 66' lang='grc' dir='ltr'>Ξ</span> <span class='ocrx_word' id='word_1_550' title='bbox 3037 2180 3150 2249; x_wconf 85' lang='grc'>59).</span> 
     </span>
    </p>
   </div>
   <div class='ocr_carea' id='block_1_70' title="bbox 1922 2243 3503 2333">
    <p class='ocr_par' dir='ltr' id='par_1_70' title="bbox 1922 2243 3503 2333">
     <span class='ocr_line' id='line_1_74' title="bbox 1922 2243 3503 2333; baseline 0.024 -37"><span class='ocrx_word' id='word_1_551' title='bbox 1922 2243 2002 2298; x_wconf 84' lang='lat' dir='ltr'><strong>Ex</strong></span> <span class='ocrx_word' id='word_1_552' title='bbox 2031 2248 2311 2304; x_wconf 88' lang='lat' dir='ltr'><strong>Strabone</strong></span> <span class='ocrx_word' id='word_1_553' title='bbox 2340 2257 2534 2308; x_wconf 89' lang='lat' dir='ltr'><strong>autem</strong></span> <span class='ocrx_word' id='word_1_554' title='bbox 2585 2257 2866 2318; x_wconf 89' lang='lat' dir='ltr'><strong>discimus</strong></span> <span class='ocrx_word' id='word_1_555' title='bbox 2924 2268 3156 2325; x_wconf 81' lang='lat' dir='ltr'><strong>Busirin</strong></span> <span class='ocrx_word' id='word_1_556' title='bbox 3207 2273 3503 2333; x_wconf 83' lang='lat' dir='ltr'><strong>civitatem</strong></span> 
     </span>
    </p>
   </div>
   <div class='ocr_carea' id='block_1_71' title="bbox 1852 2333 3500 2426">
    <p class='ocr_par' dir='ltr' id='par_1_71' title="bbox 1852 2333 3500 2426">
     <span class='ocr_line' id='line_1_75' title="bbox 1852 2333 3500 2426; baseline 0.022 -40"><span class='ocrx_word' id='word_1_557' title='bbox 1852 2346 1978 2387; x_wconf 90' lang='lat' dir='ltr'><strong>esse</strong></span> <span class='ocrx_word' id='word_1_558' title='bbox 2012 2333 2329 2393; x_wconf 64' lang='lat' dir='ltr'><strong>Busiriticm</strong></span> <span class='ocrx_word' id='word_1_559' title='bbox 2363 2343 2690 2411; x_wconf 82' lang='lat' dir='ltr'><strong>provinciae,</strong></span> <span class='ocrx_word' id='word_1_560' title='bbox 2750 2365 2878 2421; x_wconf 83' lang='lat' dir='ltr'><strong>quae</strong></span> <span class='ocrx_word' id='word_1_561' title='bbox 2925 2361 3159 2426; x_wconf 89' lang='lat' dir='ltr'><strong>portum</strong></span> <span class='ocrx_word' id='word_1_562' title='bbox 3204 2360 3381 2419; x_wconf 91' lang='lat' dir='ltr'><strong>habet</strong></span> <span class='ocrx_word' id='word_1_563' title='bbox 3428 2367 3500 2421; x_wconf 84' lang='lat' dir='ltr'><strong>ad</strong></span> 
     </span>
    </p>
   </div>
   <div class='ocr_carea' id='block_1_72' title="bbox 1852 2419 3502 2518">
    <p class='ocr_par' dir='ltr' id='par_1_72' title="bbox 1852 2419 3502 2518">
     <span class='ocr_line' id='line_1_76' title="bbox 1852 2419 3502 2518; baseline 0.022 -45"><span class='ocrx_word' id='word_1_564' title='bbox 1852 2419 2108 2478; x_wconf 89' lang='lat' dir='ltr'><strong>Pharum</strong></span> <span class='ocrx_word' id='word_1_565' title='bbox 2142 2441 2176 2479; x_wconf 90' lang='lat' dir='ltr'><strong>a</strong></span> <span class='ocrx_word' id='word_1_566' title='bbox 2216 2427 2492 2486; x_wconf 90' lang='lat' dir='ltr'><strong>Bubulcis</strong></span> <span class='ocrx_word' id='word_1_567' title='bbox 2549 2419 3187 2518; x_wconf 40' lang='lat' dir='ltr'><strong>custodi—tum_(Strab.,</strong></span> <span class='ocrx_word' id='word_1_568' title='bbox 3235 2449 3337 2506; x_wconf 90' lang='lat' dir='ltr'><strong>lib.</strong></span> <span class='ocrx_word' id='word_1_569' title='bbox 3385 2419 3502 2511; x_wconf 64' lang='lat' dir='ltr'><strong>xvri</strong></span> 
     </span>
    </p>
   </div>
   <div class='ocr_carea' id='block_1_73' title="bbox 1855 2508 3503 2613">
    <p class='ocr_par' dir='ltr' id='par_1_73' title="bbox 1855 2508 3503 2613">
     <span class='ocr_line' id='line_1_77' title="bbox 1855 2508 3503 2613; baseline 0.022 -50"><span class='ocrx_word' id='word_1_570' title='bbox 1855 2508 2067 2582; x_wconf 82' lang='lat' dir='ltr'><strong>Geogr.,</strong></span> <span class='ocrx_word' id='word_1_571' title='bbox 2099 2530 2230 2613; x_wconf 86' lang='lat' dir='ltr'><strong>pag.</strong></span> <span class='ocrx_word' id='word_1_572' title='bbox 2255 2518 2412 2613; x_wconf 38' lang='lat'><strong>.802).</strong></span> <span class='ocrx_word' id='word_1_573' title='bbox 2445 2519 2648 2579; x_wconf 88' lang='lat' dir='ltr'><strong>Nonne</strong></span> <span class='ocrx_word' id='word_1_574' title='bbox 2679 2541 2814 2599; x_wconf 88' lang='lat' dir='ltr'><strong>ergo</strong></span> <span class='ocrx_word' id='word_1_575' title='bbox 2873 2508 3066 2606; x_wconf 86' lang='lat' dir='ltr'><strong>colligi</strong></span> <span class='ocrx_word' id='word_1_576' title='bbox 3121 2508 3254 2595; x_wconf 72' lang='lat' dir='ltr'><strong>inde</strong></span> <span class='ocrx_word' id='word_1_577' title='bbox 3312 2508 3503 2613; x_wconf 75' lang='lat' dir='ltr'><strong>potest</strong></span> 
     </span>
    </p>
   </div>
   <div class='ocr_carea' id='block_1_74' title="bbox 1854 2600 3506 2688">
    <p class='ocr_par' dir='ltr' id='par_1_74' title="bbox 1854 2600 3506 2688">
     <span class='ocr_line' id='line_1_78' title="bbox 1854 2600 3506 2688; baseline 0.02 -33"><span class='ocrx_word' id='word_1_578' title='bbox 1854 2600 2004 2658; x_wconf 87' lang='lat' dir='ltr'><strong>hanc</strong></span> <span class='ocrx_word' id='word_1_579' title='bbox 2033 2619 2163 2659; x_wconf 90' lang='lat' dir='ltr'><strong>esse</strong></span> <span class='ocrx_word' id='word_1_580' title='bbox 2192 2603 2353 2675; x_wconf 87' lang='lat' dir='ltr'><strong>Isim,</strong></span> <span class='ocrx_word' id='word_1_581' title='bbox 2384 2624 2514 2678; x_wconf 77' lang='lat' dir='ltr'><strong>quae</strong></span> <span class='ocrx_word' id='word_1_582' title='bbox 2543 2613 2615 2667; x_wconf 83' lang='lat' dir='ltr'><strong>ab</strong></span> <span class='ocrx_word' id='word_1_583' title='bbox 2645 2622 2880 2674; x_wconf 86' lang='lat' dir='ltr'><strong>auctore</strong></span> <span class='ocrx_word' id='word_1_584' title='bbox 2910 2628 3110 2680; x_wconf 88' lang='lat' dir='ltr'><strong>nostro</strong></span> <span class='ocrx_word' id='word_1_585' title='bbox 3167 2633 3506 2688; x_wconf 87' lang='lat' dir='ltr'><strong>nominatur</strong></span> 
     </span>
    </p>
   </div>
   <div class='ocr_carea' id='block_1_75' title="bbox 1855 2689 3501 2776">
    <p class='ocr_par' dir='ltr' id='par_1_75' title="bbox 1855 2689 3501 2776">
     <span class='ocr_line' id='line_1_79' title="bbox 1855 2689 3501 2776; baseline 0.021 -33"><span class='ocrx_word' id='word_1_586' title='bbox 1855 2689 2084 2757; x_wconf 87' lang='lat' dir='ltr'><strong>Pharia,</strong></span> <span class='ocrx_word' id='word_1_587' title='bbox 2119 2709 2220 2748; x_wconf 89' lang='lat' dir='ltr'><strong>seu</strong></span> <span class='ocrx_word' id='word_1_588' title='bbox 2255 2695 2462 2751; x_wconf 85' lang='lat' dir='ltr'><strong>Paria?</strong></span> <span class='ocrx_word' id='word_1_589' title='bbox 2491 2700 2573 2754; x_wconf 75' lang='lat' dir='ltr'><strong>sic</strong></span> <span class='ocrx_word' id='word_1_590' title='bbox 2602 2704 2756 2759; x_wconf 88' lang='lat' dir='ltr'><strong>enim</strong></span> <span class='ocrx_word' id='word_1_591' title='bbox 2815 2707 2869 2762; x_wconf 92' lang='lat' dir='ltr'><strong>in</strong></span> <span class='ocrx_word' id='word_1_592' title='bbox 2919 2713 3377 2775; x_wconf 88' lang='lat' dir='ltr'><strong>numismatibus</strong></span> <span class='ocrx_word' id='word_1_593' title='bbox 3429 2723 3501 2776; x_wconf 89' lang='lat' dir='ltr'><strong>ab</strong></span> 
     </span>
    </p>
   </div>
   <div class='ocr_carea' id='block_1_76' title="bbox 1856 2779 3505 2870">
    <p class='ocr_par' dir='ltr' id='par_1_76' title="bbox 1856 2779 3505 2870">
     <span class='ocr_line' id='line_1_80' title="bbox 1856 2779 3505 2870; baseline 0.021 -38"><span class='ocrx_word' id='word_1_594' title='bbox 1856 2779 2154 2837; x_wconf 86' lang='lat' dir='ltr'><strong>Frederico</strong></span> <span class='ocrx_word' id='word_1_595' title='bbox 2215 2782 2496 2842; x_wconf 87' lang='lat' dir='ltr'><strong>Ubaldino</strong></span> <span class='ocrx_word' id='word_1_596' title='bbox 2553 2790 2828 2850; x_wconf 87' lang='lat' dir='ltr'><strong>exhibitis</strong></span> <span class='ocrx_word' id='word_1_597' title='bbox 2883 2802 3233 2870; x_wconf 86' lang='lat' dir='ltr'><strong>appellatam</strong></span> <span class='ocrx_word' id='word_1_598' title='bbox 3281 2809 3505 2867; x_wconf 86' lang='lat' dir='ltr'><strong>videbis</strong></span> 
     </span>
    </p>
   </div>
   <div class='ocr_carea' id='block_1_77' title="bbox 1852 2866 3500 2971">
    <p class='ocr_par' dir='ltr' id='par_1_77' title="bbox 1852 2866 3500 2971">
     <span class='ocr_line' id='line_1_81' title="bbox 1852 2866 3500 2971; baseline 0.022 -52"><span class='ocrx_word' id='word_1_599' title='bbox 1852 2866 2168 2938; x_wconf 90' lang='lat' dir='ltr'><strong>(Ubaldin.,</strong></span> <span class='ocrx_word' id='word_1_600' title='bbox 2227 2873 2301 2927; x_wconf 82' lang='lat' dir='ltr'><strong>de</strong></span> <span class='ocrx_word' id='word_1_601' title='bbox 2358 2873 2596 2946; x_wconf 80' lang='lat' dir='ltr'><strong>Symbol.</strong></span> <span class='ocrx_word' id='word_1_602' title='bbox 2657 2881 2819 2939; x_wconf 76' lang='lat' dir='ltr'><strong>Dian.</strong></span> <span class='ocrx_word' id='word_1_603' title='bbox 2875 2866 3069 2958; x_wconf 60' lang='lat' dir='ltr'><strong>Ephes.</strong></span> <span class='ocrx_word' id='word_1_604' title='bbox 3129 2898 3316 2966; x_wconf 69' lang='lat' dir='ltr'><strong>stam,</strong></span> <span class='ocrx_word' id='word_1_605' title='bbox 3366 2916 3500 2971; x_wconf 87' lang='lat' dir='ltr'><strong>pag.</strong></span> 
     </span>
    </p>
   </div>
   <div class='ocr_carea' id='block_1_78' title="bbox 1854 2957 2722 3040">
    <p class='ocr_par' dir='ltr' id='par_1_78' title="bbox 1854 2957 2722 3040">
     <span class='ocr_line' id='line_1_82' title="bbox 1854 2957 2722 3040; baseline 0.015 -30"><span class='ocrx_word' id='word_1_606' title='bbox 1854 2957 1978 3020; x_wconf 85' lang='lat'><strong>365,</strong></span> <span class='ocrx_word' id='word_1_607' title='bbox 2011 2962 2152 3013; x_wconf 90' lang='lat' dir='ltr'><strong>tom.</strong></span> <span class='ocrx_word' id='word_1_608' title='bbox 2183 2959 2282 3015; x_wconf 86' lang='lat' dir='ltr'><strong>Vll</strong></span> <span class='ocrx_word' id='word_1_609' title='bbox 2314 2964 2493 3036; x_wconf 77' lang='lat' dir='ltr'><strong>Antig.</strong></span> <span class='ocrx_word' id='word_1_610' title='bbox 2527 2970 2722 3040; x_wconf 60' lang='lat' dir='ltr'><strong>Crmc.)</strong></span> 
     </span>
    </p>
   </div>
   <div class='ocr_carea' id='block_1_79' title="bbox 1925 3045 3499 3133">
    <p class='ocr_par' dir='ltr' id='par_1_79' title="bbox 1925 3045 3499 3133">
     <span class='ocr_line' id='line_1_83' title="bbox 1925 3045 3499 3133; baseline 0.023 -36"><span class='ocrx_word' id='word_1_611' title='bbox 1925 3045 2206 3101; x_wconf 68' lang='lat' dir='ltr'><strong>Caeterum</strong></span> <span class='ocrx_word' id='word_1_612' title='bbox 2238 3064 2368 3104; x_wconf 91' lang='lat' dir='ltr'><strong>cum</strong></span> <span class='ocrx_word' id='word_1_613' title='bbox 2403 3056 2478 3120; x_wconf 91' lang='lat' dir='ltr'><strong>Is,</strong></span> <span class='ocrx_word' id='word_1_614' title='bbox 2515 3061 2578 3109; x_wconf 90' lang='lat' dir='ltr'><strong>ut</strong></span> <span class='ocrx_word' id='word_1_615' title='bbox 2606 3057 2766 3114; x_wconf 88' lang='lat' dir='ltr'><strong>citati</strong></span> <span class='ocrx_word' id='word_1_616' title='bbox 2828 3063 2998 3133; x_wconf 89' lang='lat' dir='ltr'><strong>paulo</strong></span> <span class='ocrx_word' id='word_1_617' title='bbox 3056 3075 3189 3125; x_wconf 89' lang='lat' dir='ltr'><strong>ante</strong></span> <span class='ocrx_word' id='word_1_618' title='bbox 3246 3076 3499 3132; x_wconf 73' lang='lat' dir='ltr'><strong>Herodo-</strong></span> 
     </span>
    </p>
   </div>
   <div class='ocr_carea' id='block_1_80' title="bbox 1853 3136 3497 3235">
    <p class='ocr_par' dir='ltr' id='par_1_80' title="bbox 1853 3136 3497 3235">
     <span class='ocr_line' id='line_1_84' title="bbox 1853 3136 3497 3235; baseline 0.021 -48"><span class='ocrx_word' id='word_1_619' title='bbox 1853 3137 1972 3198; x_wconf 86' lang='lat' dir='ltr'><strong>tus,</strong></span> <span class='ocrx_word' id='word_1_620' title='bbox 2006 3136 2286 3192; x_wconf 83' lang='lat' dir='ltr'><strong>Diodorus</strong></span> <span class='ocrx_word' id='word_1_621' title='bbox 2309 3138 2562 3211; x_wconf 91' lang='lat' dir='ltr'><strong>Siculus,</strong></span> <span class='ocrx_word' id='word_1_622' title='bbox 2589 3145 2804 3219; x_wconf 84' lang='lat' dir='ltr'><strong>aliique</strong></span> <span class='ocrx_word' id='word_1_623' title='bbox 2827 3150 3063 3222; x_wconf 89' lang='lat' dir='ltr'><strong>plurimi</strong></span> <span class='ocrx_word' id='word_1_624' title='bbox 3096 3161 3497 3235; x_wconf 89' lang='lat' dir='ltr'><strong>prodiderunt,</strong></span> 
     </span>
    </p>
   </div>
   <div class='ocr_carea' id='block_1_81' title="bbox 1855 3222 3500 3317">
    <p class='ocr_par' dir='ltr' id='par_1_81' title="bbox 1855 3222 3500 3317">
     <span class='ocr_line' id='line_1_85' title="bbox 1855 3222 3500 3317; baseline 0.022 -43"><span class='ocrx_word' id='word_1_625' title='bbox 1855 3222 2052 3277; x_wconf 90' lang='lat' dir='ltr'><strong>eadem</strong></span> <span class='ocrx_word' id='word_1_626' title='bbox 2088 3224 2164 3278; x_wconf 88' lang='lat' dir='ltr'><strong>sit</strong></span> <span class='ocrx_word' id='word_1_627' title='bbox 2195 3231 2368 3297; x_wconf 85' lang='lat' dir='ltr'><strong>atque</strong></span> <span class='ocrx_word' id='word_1_628' title='bbox 2399 3229 2589 3296; x_wconf 77' lang='lat' dir='ltr'><strong>Ceres,</strong></span> <span class='ocrx_word' id='word_1_629' title='bbox 2616 3234 2774 3292; x_wconf 88' lang='lat' dir='ltr'><strong>illius</strong></span> <span class='ocrx_word' id='word_1_630' title='bbox 2805 3240 2980 3297; x_wconf 90' lang='lat' dir='ltr'><strong>dubio</strong></span> <span class='ocrx_word' id='word_1_631' title='bbox 3012 3222 3212 3317; x_wconf 77' lang='lat' dir='ltr'><strong>procul</strong></span> <span class='ocrx_word' id='word_1_632' title='bbox 3269 3222 3500 3308; x_wconf 52' lang='lat' dir='ltr'><strong>Tertul:</strong></span> 
     </span>
    </p>
   </div>
   <div class='ocr_carea' id='block_1_82' title="bbox 1847 3309 3076 3388">
    <p class='ocr_par' dir='ltr' id='par_1_82' title="bbox 1847 3309 3076 3388">
     <span class='ocr_line' id='line_1_86' title="bbox 1847 3309 3076 3388; baseline 0.016 -24"><span class='ocrx_word' id='word_1_633' title='bbox 1847 3309 2039 3367; x_wconf 90' lang='lat' dir='ltr'><strong>lianus</strong></span> <span class='ocrx_word' id='word_1_634' title='bbox 2071 3316 2423 3372; x_wconf 90' lang='lat' dir='ltr'><strong>mentionem</strong></span> <span class='ocrx_word' id='word_1_635' title='bbox 2461 3320 2548 3376; x_wconf 89' lang='lat' dir='ltr'><strong>his</strong></span> <span class='ocrx_word' id='word_1_636' title='bbox 2580 3325 2770 3382; x_wconf 88' lang='lat' dir='ltr'><strong>verbis</strong></span> <span class='ocrx_word' id='word_1_637' title='bbox 2825 3330 2995 3388; x_wconf 85' lang='lat' dir='ltr'><strong>fecit:</strong></span> <span class='ocrx_word' id='word_1_638' title='bbox 3047 3357 3076 3384; x_wconf 84' lang='lat'><strong><em>«</em></strong></span> 
     </span>
    </p>
   </div>
   <div class='ocr_carea' id='block_1_83' title="bbox 1917 3579 3499 3672">
    <p class='ocr_par' dir='ltr' id='par_1_83' title="bbox 1917 3579 3499 3672">
     <span class='ocr_line' id='line_1_87' title="bbox 1917 3579 3499 3672; baseline 0.022 -39"><span class='ocrx_word' id='word_1_639' title='bbox 1917 3579 2050 3635; x_wconf 91' lang='lat' dir='ltr'><strong>Solo</strong></span> <span class='ocrx_word' id='word_1_640' title='bbox 2082 3588 2274 3637; x_wconf 88' lang='lat' dir='ltr'><strong>autem</strong></span> <span class='ocrx_word' id='word_1_641' title='bbox 2309 3591 2675 3663; x_wconf 90' lang='lat' dir='ltr'><strong>cognomine,</strong></span> <span class='ocrx_word' id='word_1_642' title='bbox 2709 3595 2793 3650; x_wconf 90' lang='lat' dir='ltr'><strong>vel</strong></span> <span class='ocrx_word' id='word_1_643' title='bbox 2828 3599 3020 3668; x_wconf 87' lang='lat' dir='ltr'><strong>potius</strong></span> <span class='ocrx_word' id='word_1_644' title='bbox 3051 3602 3215 3672; x_wconf 89' lang='lat' dir='ltr'><strong>locis,</strong></span> <span class='ocrx_word' id='word_1_645' title='bbox 3271 3609 3368 3664; x_wconf 90' lang='lat' dir='ltr'><strong>ubi</strong></span> <span class='ocrx_word' id='word_1_646' title='bbox 3405 3627 3499 3667; x_wconf 89' lang='lat' dir='ltr'><strong>co-</strong></span> 
     </span>
    </p>
   </div>
   <div class='ocr_carea' id='block_1_84' title="bbox 1845 3667 3499 3758">
    <p class='ocr_par' dir='ltr' id='par_1_84' title="bbox 1845 3667 3499 3758">
     <span class='ocr_line' id='line_1_88' title="bbox 1845 3667 3499 3758; baseline 0.022 -38"><span class='ocrx_word' id='word_1_647' title='bbox 1845 3667 2075 3724; x_wconf 88' lang='lat' dir='ltr'><strong>lebatur</strong></span> <span class='ocrx_word' id='word_1_648' title='bbox 2103 3671 2209 3726; x_wconf 88' lang='lat' dir='ltr'><strong>Isis</strong></span> <span class='ocrx_word' id='word_1_649' title='bbox 2233 3671 2461 3746; x_wconf 89' lang='lat' dir='ltr'><strong>Pharia,</strong></span> <span class='ocrx_word' id='word_1_650' title='bbox 2495 3679 2768 3740; x_wconf 87' lang='lat' dir='ltr'><strong>distincta</strong></span> <span class='ocrx_word' id='word_1_651' title='bbox 2819 3667 2928 3742; x_wconf 60' lang='lat' dir='ltr'><strong>fuit</strong></span> <span class='ocrx_word' id='word_1_652' title='bbox 2955 3707 2988 3745; x_wconf 89' lang='lat' dir='ltr'><strong>a</strong></span> <span class='ocrx_word' id='word_1_653' title='bbox 3019 3667 3221 3750; x_wconf 86' lang='lat' dir='ltr'><strong>Cerere</strong></span> <span class='ocrx_word' id='word_1_654' title='bbox 3267 3697 3499 3758; x_wconf 88' lang='lat' dir='ltr'><strong>Eleusi-</strong></span> 
     </span>
    </p>
   </div>
   <div class='ocr_carea' id='block_1_85' title="bbox 1846 3758 3494 3847">
    <p class='ocr_par' dir='ltr' id='par_1_85' title="bbox 1846 3758 3494 3847">
     <span class='ocr_line' id='line_1_89' title="bbox 1846 3758 3494 3847; baseline 0.021 -34"><span class='ocrx_word' id='word_1_655' title='bbox 1846 3758 2137 3830; x_wconf 86' lang='lat' dir='ltr'><strong>nia,cujus</strong></span> <span class='ocrx_word' id='word_1_656' title='bbox 2159 3761 2349 3818; x_wconf 89' lang='lat' dir='ltr'><strong>adhuc</strong></span> <span class='ocrx_word' id='word_1_657' title='bbox 2367 3773 2570 3823; x_wconf 87' lang='lat' dir='ltr'><strong>auctor</strong></span> <span class='ocrx_word' id='word_1_658' title='bbox 2590 3778 2786 3828; x_wconf 87' lang='lat' dir='ltr'><strong>noster</strong></span> <span class='ocrx_word' id='word_1_659' title='bbox 2807 3782 2938 3846; x_wconf 90' lang='lat' dir='ltr'><strong>post</strong></span> <span class='ocrx_word' id='word_1_660' title='bbox 2959 3780 3348 3842; x_wconf 81' lang='lat' dir='ltr'><strong>Euhemerum</strong></span> <span class='ocrx_word' id='word_1_661' title='bbox 3374 3807 3494 3847; x_wconf 90' lang='lat' dir='ltr'><strong>me-</strong></span> 
     </span>
    </p>
   </div>
   <div class='ocr_carea' id='block_1_86' title="bbox 1846 3848 3495 3946">
    <p class='ocr_par' dir='ltr' id='par_1_86' title="bbox 1846 3848 3495 3946">
     <span class='ocr_line' id='line_1_90' title="bbox 1846 3848 3495 3946; baseline 0.019 -46"><span class='ocrx_word' id='word_1_662' title='bbox 1846 3848 2017 3903; x_wconf 90' lang='lat' dir='ltr'><strong>minit</strong></span> <span class='ocrx_word' id='word_1_663' title='bbox 2063 3849 2356 3921; x_wconf 86' lang='lat' dir='ltr'><strong>Scriptum</strong></span> <span class='ocrx_word' id='word_1_664' title='bbox 2405 3872 2538 3912; x_wconf 89' lang='lat' dir='ltr'><strong>vero</strong></span> <span class='ocrx_word' id='word_1_665' title='bbox 2587 3861 2756 3917; x_wconf 91' lang='lat' dir='ltr'><strong>nobis</strong></span> <span class='ocrx_word' id='word_1_666' title='bbox 2804 3865 3010 3924; x_wconf 89' lang='lat' dir='ltr'><strong>Strabo</strong></span> <span class='ocrx_word' id='word_1_667' title='bbox 3060 3872 3296 3946; x_wconf 88' lang='lat' dir='ltr'><strong>reliquit</strong></span> <span class='ocrx_word' id='word_1_668' title='bbox 3335 3895 3348 3934; x_wconf 86' lang='lat'><strong>:</strong></span> <span class='ocrx_word' id='word_1_669' title='bbox 3382 3877 3495 3932; x_wconf 76' lang='grc' dir='ltr'><strong>Εἶτ’</strong></span> 
     </span>
    </p>
   </div>
   <div class='ocr_carea' id='block_1_87' title="bbox 1844 3934 3494 4037">
    <p class='ocr_par' dir='ltr' id='par_1_87' title="bbox 1844 3934 3494 4037">
     <span class='ocr_line' id='line_1_91' title="bbox 1844 3934 3494 4037; baseline 0.018 -46"><span class='ocrx_word' id='word_1_670' title='bbox 1844 3934 2087 3991; x_wconf 82' lang='grc' dir='ltr'>Ἑλευσὶν</span> <span class='ocrx_word' id='word_1_671' title='bbox 2144 3939 2328 4008; x_wconf 85' lang='grc' dir='ltr'><strong>πόλις,</strong></span> <span class='ocrx_word' id='word_1_672' title='bbox 2381 3940 2433 3996; x_wconf 81' lang='grc' dir='ltr'>ἐν</span> <span class='ocrx_word' id='word_1_673' title='bbox 2483 3943 2518 4018; x_wconf 72' lang='grc' dir='ltr'><strong><em>ᾖ</em></strong></span> <span class='ocrx_word' id='word_1_674' title='bbox 2568 3947 2630 4000; x_wconf 86' lang='grc' dir='ltr'><strong>τὸ</strong></span> <span class='ocrx_word' id='word_1_675' title='bbox 2687 3956 2788 4019; x_wconf 82' lang='grc' dir='ltr'><strong>τῆς</strong></span> <span class='ocrx_word' id='word_1_676' title='bbox 2848 3955 3137 4032; x_wconf 79' lang='grc' dir='ltr'><strong>Δήμητρος</strong></span> <span class='ocrx_word' id='word_1_677' title='bbox 3185 3934 3336 4037; x_wconf 56' lang='grc' dir='ltr'><strong>ἲἱερὸν</strong></span> <span class='ocrx_word' id='word_1_678' title='bbox 3392 3972 3494 4034; x_wconf 76' lang='grc' dir='ltr'><strong>τῆς</strong></span> 
     </span>
    </p>
   </div>
   <div class='ocr_carea' id='block_1_88' title="bbox 1846 4025 3494 4120">
    <p class='ocr_par' dir='ltr' id='par_1_88' title="bbox 1846 4025 3494 4120">
     <span class='ocr_line' id='line_1_92' title="bbox 1846 4025 3494 4120; baseline 0.018 -41"><span class='ocrx_word' id='word_1_679' title='bbox 1846 4025 2198 4098; x_wconf 80' lang='grc' dir='ltr'><strong>Ἐλευσινίας,</strong></span> <span class='ocrx_word' id='word_1_680' title='bbox 2249 4030 2337 4084; x_wconf 80' lang='grc' dir='ltr'><strong>καὶ</strong></span> <span class='ocrx_word' id='word_1_681' title='bbox 2387 4031 2415 4085; x_wconf 83' lang='grc' dir='ltr'><strong>ὁ</strong></span> <span class='ocrx_word' id='word_1_682' title='bbox 2470 4036 2728 4105; x_wconf 66' lang='grc' dir='ltr'><strong>μυστικὸς</strong></span> <span class='ocrx_word' id='word_1_683' title='bbox 2795 4025 2948 4100; x_wconf 57' lang='grc'><strong>562</strong></span> <span class='ocrx_word' id='word_1_684' title='bbox 2998 4025 3183 4120; x_wconf 41' lang='lat' dir='ltr'><strong>enim,</strong></span> <span class='ocrx_word' id='word_1_685' title='bbox 3235 4025 3290 4104; x_wconf 61' lang='grc' dir='ltr'>έν</span> <span class='ocrx_word' id='word_1_686' title='bbox 3341 4073 3494 4108; x_wconf 83' lang='grc' dir='ltr'><strong>κατε-</strong></span> 
     </span>
    </p>
   </div>
   <div class='ocr_carea' id='block_1_89' title="bbox 1845 4114 3493 4214">
    <p class='ocr_par' dir='ltr' id='par_1_89' title="bbox 1845 4114 3493 4214">
     <span class='ocr_line' id='line_1_93' title="bbox 1845 4114 3493 4214; baseline 0.018 -48"><span class='ocrx_word' id='word_1_687' title='bbox 1845 4114 2095 4169; x_wconf 79' lang='grc' dir='ltr'>σκεύασεν</span> <span class='ocrx_word' id='word_1_688' title='bbox 2146 4123 2395 4191; x_wconf 82' lang='grc' dir='ltr'><strong>’Ίκτινος,</strong></span> <span class='ocrx_word' id='word_1_689' title='bbox 2435 4117 2607 4197; x_wconf 78' lang='grc' dir='ltr'>ὄχλον</span> <span class='ocrx_word' id='word_1_690' title='bbox 2667 4128 2890 4204; x_wconf 79' lang='grc' dir='ltr'><strong>θεάτρου</strong></span> <span class='ocrx_word' id='word_1_691' title='bbox 2959 4114 3199 4204; x_wconf 67' lang='grc' dir='ltr'>δέξοισθοιι</span> <span class='ocrx_word' id='word_1_692' title='bbox 3267 4136 3493 4214; x_wconf 73' lang='grc' dir='ltr'><strong>δυνάμε-</strong></span> 
     </span>
    </p>
   </div>
   <div class='ocr_carea' id='block_1_90' title="bbox 1844 4207 3493 4299">
    <p class='ocr_par' dir='ltr' id='par_1_90' title="bbox 1844 4207 3493 4299">
     <span class='ocr_line' id='line_1_94' title="bbox 1844 4207 3493 4299; baseline 0.018 -42"><span class='ocrx_word' id='word_1_693' title='bbox 1844 4224 1952 4260; x_wconf 92' lang='grc' dir='ltr'>νον.</span> <span class='ocrx_word' id='word_1_694' title='bbox 1989 4228 2017 4256; x_wconf 86' lang='grc'><strong>‹‹</strong></span> <span class='ocrx_word' id='word_1_695' title='bbox 2049 4207 2325 4279; x_wconf 86' lang='lat' dir='ltr'><strong>Sequitur</strong></span> <span class='ocrx_word' id='word_1_696' title='bbox 2356 4213 2495 4268; x_wconf 92' lang='lat' dir='ltr'><strong>urbs</strong></span> <span class='ocrx_word' id='word_1_697' title='bbox 2524 4216 2779 4285; x_wconf 83' lang='lat' dir='ltr'><strong>Eleusin,</strong></span> <span class='ocrx_word' id='word_1_698' title='bbox 2812 4222 2869 4276; x_wconf 90' lang='lat' dir='ltr'><strong>in</strong></span> <span class='ocrx_word' id='word_1_699' title='bbox 2915 4239 3032 4293; x_wconf 89' lang='lat' dir='ltr'><strong>qua</strong></span> <span class='ocrx_word' id='word_1_700' title='bbox 3069 4227 3352 4299; x_wconf 89' lang='lat' dir='ltr'><strong>templum</strong></span> <span class='ocrx_word' id='word_1_701' title='bbox 3400 4207 3493 4288; x_wconf 78' lang='lat' dir='ltr'><strong>est</strong></span> 
     </span>
    </p>
   </div>
   <div class='ocr_carea' id='block_1_91' title="bbox 1845 4295 3486 4391">
    <p class='ocr_par' dir='ltr' id='par_1_91' title="bbox 1845 4295 3486 4391">
     <span class='ocr_line' id='line_1_95' title="bbox 1845 4295 3486 4391; baseline 0.016 -41"><span class='ocrx_word' id='word_1_702' title='bbox 1845 4295 2152 4351; x_wconf 82' lang='lat' dir='ltr'><strong>Eleusiniae</strong></span> <span class='ocrx_word' id='word_1_703' title='bbox 2180 4299 2424 4368; x_wconf 87' lang='lat' dir='ltr'><strong>Cereris,</strong></span> <span class='ocrx_word' id='word_1_704' title='bbox 2455 4308 2510 4357; x_wconf 90' lang='lat' dir='ltr'><strong>et</strong></span> <span class='ocrx_word' id='word_1_705' title='bbox 2541 4308 2852 4376; x_wconf 83' lang='lat' dir='ltr'><strong>mysticum</strong></span> <span class='ocrx_word' id='word_1_706' title='bbox 2900 4295 3229 4382; x_wconf 81' lang='lat' dir='ltr'><strong>delubrum,</strong></span> <span class='ocrx_word' id='word_1_707' title='bbox 3282 4319 3486 4391; x_wconf 65' lang='lat' dir='ltr'><strong>turbis,</strong></span> 
     </span>
    </p>
   </div>
   <div class='ocr_carea' id='block_1_92' title="bbox 1845 4386 3487 4476">
    <p class='ocr_par' dir='ltr' id='par_1_92' title="bbox 1845 4386 3487 4476">
     <span class='ocr_line' id='line_1_96' title="bbox 1845 4386 3487 4476; baseline 0.013 -39"><span class='ocrx_word' id='word_1_708' title='bbox 1845 4389 2064 4455; x_wconf 85' lang='lat' dir='ltr'><strong>quanta</strong></span> <span class='ocrx_word' id='word_1_709' title='bbox 2093 4386 2153 4440; x_wconf 90' lang='lat' dir='ltr'><strong>in</strong></span> <span class='ocrx_word' id='word_1_710' title='bbox 2184 4387 2408 4444; x_wconf 88' lang='lat' dir='ltr'><strong>theatro</strong></span> <span class='ocrx_word' id='word_1_711' title='bbox 2439 4393 2585 4448; x_wconf 87' lang='lat' dir='ltr'><strong>solet</strong></span> <span class='ocrx_word' id='word_1_712' title='bbox 2614 4411 2761 4464; x_wconf 90' lang='lat' dir='ltr'><strong>esse,</strong></span> <span class='ocrx_word' id='word_1_713' title='bbox 2821 4415 3020 4472; x_wconf 89' lang='lat' dir='ltr'><strong>capax,</strong></span> <span class='ocrx_word' id='word_1_714' title='bbox 3071 4419 3216 4476; x_wconf 88' lang='lat' dir='ltr'><strong>opus</strong></span> <span class='ocrx_word' id='word_1_715' title='bbox 3270 4407 3430 4463; x_wconf 89' lang='lat' dir='ltr'><strong>Ictini</strong></span> <span class='ocrx_word' id='word_1_716' title='bbox 3457 4386 3487 4459; x_wconf 58' lang='lat' dir='ltr'><strong>li</strong></span> 
     </span>
    </p>
   </div>
   <div class='ocr_carea' id='block_1_93' title="bbox 1844 4473 3489 4559">
    <p class='ocr_par' dir='ltr' id='par_1_93' title="bbox 1844 4473 3489 4559">
     <span class='ocr_line' id='line_1_97' title="bbox 1844 4473 3489 4559; baseline 0.017 -33"><span class='ocrx_word' id='word_1_717' title='bbox 1844 4473 2060 4543; x_wconf 88' lang='lat' dir='ltr'><strong>(Strab.</strong></span> <span class='ocrx_word' id='word_1_718' title='bbox 2086 4475 2183 4530; x_wconf 92' lang='lat' dir='ltr'><strong>lib.</strong></span> <span class='ocrx_word' id='word_1_719' title='bbox 2219 4493 2272 4530; x_wconf 82' lang='lat' dir='ltr'><strong>Ix</strong></span> <span class='ocrx_word' id='word_1_720' title='bbox 2317 4477 2532 4547; x_wconf 78' lang='lat' dir='ltr'><strong>Geogr.,</strong></span> <span class='ocrx_word' id='word_1_721' title='bbox 2559 4499 2690 4554; x_wconf 90' lang='lat' dir='ltr'><strong>pag.</strong></span> <span class='ocrx_word' id='word_1_722' title='bbox 2724 4486 2869 4559; x_wconf 84' lang='lat'><strong>395).</strong></span> <span class='ocrx_word' id='word_1_723' title='bbox 2907 4473 3158 4547; x_wconf 82' lang='lat' dir='ltr'><strong>Accedat</strong></span> <span class='ocrx_word' id='word_1_724' title='bbox 3195 4497 3251 4550; x_wconf 92' lang='lat' dir='ltr'><strong>et</strong></span> <span class='ocrx_word' id='word_1_725' title='bbox 3292 4494 3489 4554; x_wconf 87' lang='lat' dir='ltr'><strong>Cicero</strong></span> 
     </span>
    </p>
   </div>
   <div class='ocr_carea' id='block_1_94' title="bbox 131 4563 3487 4670">
    <p class='ocr_par' dir='ltr' id='par_1_94' title="bbox 131 4563 3487 4670">
     <span class='ocr_line' id='line_1_98' title="bbox 131 4563 3487 4670; baseline 0.019 -43"><span class='ocrx_word' id='word_1_726' title='bbox 131 4583 695 4652; x_wconf 74' lang='lat' dir='ltr'><strong>manusdevenissent,</strong></span> <span class='ocrx_word' id='word_1_727' title='bbox 714 4589 1000 4646; x_wconf 89' lang='lat' dir='ltr'><strong>sciremus</strong></span> <span class='ocrx_word' id='word_1_728' title='bbox 1025 4593 1224 4664; x_wconf 89' lang='lat' dir='ltr'><strong>utique</strong></span> <span class='ocrx_word' id='word_1_729' title='bbox 1238 4600 1552 4670; x_wconf 89' lang='lat' dir='ltr'><strong>utrumque</strong></span> <span class='ocrx_word' id='word_1_730' title='bbox 1568 4602 1739 4659; x_wconf 89' lang='lat' dir='ltr'><strong>Isidis</strong></span> <span class='ocrx_word' id='word_1_731' title='bbox 1771 4576 1816 4640; x_wconf 67' lang='grc' dir='ltr'>Β</span> <span class='ocrx_word' id='word_1_732' title='bbox 2048 4563 2168 4670; x_wconf 64' lang='lat' dir='ltr'><strong>b.an</strong></span> <span class='ocrx_word' id='word_1_733' title='bbox 2190 4571 2330 4670; x_wconf 64' lang='lat' dir='ltr'><strong>sunt.</strong></span> <span class='ocrx_word' id='word_1_734' title='bbox 2352 4568 2524 4623; x_wconf 60' lang='lat' dir='ltr'><strong>verba</strong></span> <span class='ocrx_word' id='word_1_735' title='bbox 2548 4609 2559 4622; x_wconf 86' lang='grc'><em>’</em></span> <span class='ocrx_word' id='word_1_736' title='bbox 2589 4592 2615 4623; x_wconf 55' lang='grc'><em>⁸</em></span> <span class='ocrx_word' id='word_1_737' title='bbox 2635 4571 2850 4629; x_wconf 45' lang='lat' dir='ltr'><strong>omitto</strong></span> <span class='ocrx_word' id='word_1_738' title='bbox 2873 4575 3206 4638; x_wconf 65' lang='lat' dir='ltr'><strong>Eleusmam</strong></span> <span class='ocrx_word' id='word_1_739' title='bbox 3226 4590 3487 4642; x_wconf 58' lang='lat' dir='ltr'><strong>sanetam</strong></span> 
     </span>
    </p>
   </div>
   <div class='ocr_carea' id='block_1_95' title="bbox 128 4659 1737 4760">
    <p class='ocr_par' dir='ltr' id='par_1_95' title="bbox 128 4659 1737 4760">
     <span class='ocr_line' id='line_1_99' title="bbox 128 4659 1737 4760; baseline 0.022 -46"><span class='ocrx_word' id='word_1_740' title='bbox 128 4659 314 4723; x_wconf 68' lang='lat' dir='ltr'><strong>Pharia</strong></span> <span class='ocrx_word' id='word_1_741' title='bbox 341 4675 609 4743; x_wconf 87' lang='lat' dir='ltr'><strong>patriam,</strong></span> <span class='ocrx_word' id='word_1_742' title='bbox 642 4693 713 4732; x_wconf 84' lang='lat' dir='ltr'><strong>an</strong></span> <span class='ocrx_word' id='word_1_743' title='bbox 745 4677 1102 4749; x_wconf 88' lang='lat' dir='ltr'><strong>sepulcrum,</strong></span> <span class='ocrx_word' id='word_1_744' title='bbox 1128 4659 1222 4737; x_wconf 67' lang='lat' dir='ltr'><strong>vel</strong></span> <span class='ocrx_word' id='word_1_745' title='bbox 1272 4659 1588 4760; x_wconf 72' lang='lat' dir='ltr'><strong>utrumque</strong></span> <span class='ocrx_word' id='word_1_746' title='bbox 1636 4709 1737 4748; x_wconf 87' lang='lat' dir='ltr'><strong>no-</strong></span> 
     </span>
    </p>
   </div>
   <div class='ocr_carea' id='block_1_96' title="bbox 124 4748 1739 4849">
    <p class='ocr_par' dir='ltr' id='par_1_96' title="bbox 124 4748 1739 4849">
     <span class='ocr_line' id='line_1_100' title="bbox 124 4748 1739 4849; baseline 0.021 -47"><span class='ocrx_word' id='word_1_747' title='bbox 124 4748 194 4806; x_wconf 79' lang='lat' dir='ltr'><strong>bis</strong></span> <span class='ocrx_word' id='word_1_748' title='bbox 221 4756 560 4819; x_wconf 84' lang='lat' dir='ltr'><strong>indicaverit.</strong></span> <span class='ocrx_word' id='word_1_749' title='bbox 585 4763 786 4821; x_wconf 90' lang='lat' dir='ltr'><strong>Varias</strong></span> <span class='ocrx_word' id='word_1_750' title='bbox 800 4748 957 4822; x_wconf 80' lang='lat' dir='ltr'><strong>enim</strong></span> <span class='ocrx_word' id='word_1_751' title='bbox 991 4769 1060 4823; x_wconf 92' lang='lat' dir='ltr'><strong>de</strong></span> <span class='ocrx_word' id='word_1_752' title='bbox 1081 4769 1196 4827; x_wconf 90' lang='lat' dir='ltr'><strong>illis</strong></span> <span class='ocrx_word' id='word_1_753' title='bbox 1220 4771 1404 4831; x_wconf 88' lang='lat' dir='ltr'><strong>fuisse</strong></span> <span class='ocrx_word' id='word_1_754' title='bbox 1434 4777 1739 4849; x_wconf 91' lang='lat' dir='ltr'><strong>opiniones</strong></span> 
     </span>
    </p>
   </div>
   <div class='ocr_carea' id='block_1_97' title="bbox 124 4840 1741 4928">
    <p class='ocr_par' dir='ltr' id='par_1_97' title="bbox 124 4840 1741 4928">
     <span class='ocr_line' id='line_1_101' title="bbox 124 4840 1741 4928; baseline 0.021 -36"><span class='ocrx_word' id='word_1_755' title='bbox 124 4840 432 4916; x_wconf 81' lang='lat' dir='ltr'><strong>Herodotus,</strong></span> <span class='ocrx_word' id='word_1_756' title='bbox 463 4869 496 4907; x_wconf 90' lang='lat' dir='ltr'><strong>a</strong></span> <span class='ocrx_word' id='word_1_757' title='bbox 522 4870 634 4924; x_wconf 92' lang='lat' dir='ltr'><strong>quo</strong></span> <span class='ocrx_word' id='word_1_758' title='bbox 666 4857 796 4907; x_wconf 81' lang='grc' dir='ltr'>Ἰοῦν</span> <span class='ocrx_word' id='word_1_759' title='bbox 830 4861 887 4911; x_wconf 89' lang='lat' dir='ltr'><strong>Io</strong></span> <span class='ocrx_word' id='word_1_760' title='bbox 919 4857 1264 4928; x_wconf 89' lang='lat' dir='ltr'><strong>appellatur,</strong></span> <span class='ocrx_word' id='word_1_761' title='bbox 1326 4840 1613 4924; x_wconf 75' lang='lat' dir='ltr'><strong>Diodorus</strong></span> <span class='ocrx_word' id='word_1_762' title='bbox 1660 4870 1741 4926; x_wconf 90' lang='lat' dir='ltr'><strong>Si-</strong></span> 
     </span>
    </p>
   </div>
   <div class='ocr_carea' id='block_1_98' title="bbox 124 4930 1738 5019">
    <p class='ocr_par' dir='ltr' id='par_1_98' title="bbox 124 4930 1738 5019">
     <span class='ocr_line' id='line_1_102' title="bbox 124 4930 1738 5019; baseline 0.022 -39"><span class='ocrx_word' id='word_1_763' title='bbox 124 4930 283 5001; x_wconf 86' lang='lat' dir='ltr'><strong>culus,</strong></span> <span class='ocrx_word' id='word_1_764' title='bbox 315 4945 370 4993; x_wconf 87' lang='lat' dir='ltr'><strong>et</strong></span> <span class='ocrx_word' id='word_1_765' title='bbox 396 4941 490 4996; x_wconf 88' lang='lat' dir='ltr'><strong>alii</strong></span> <span class='ocrx_word' id='word_1_766' title='bbox 524 4943 916 4999; x_wconf 79' lang='lat' dir='ltr'><strong>testificantur</strong></span> <span class='ocrx_word' id='word_1_767' title='bbox 942 4947 1241 5014; x_wconf 86' lang='lat' dir='ltr'><strong>(Herodot.</strong></span> <span class='ocrx_word' id='word_1_768' title='bbox 1277 4949 1374 5007; x_wconf 92' lang='lat' dir='ltr'><strong>lib.</strong></span> <span class='ocrx_word' id='word_1_769' title='bbox 1412 4971 1451 5019; x_wconf 86' lang='grc' dir='ltr'>ι,</span> <span class='ocrx_word' id='word_1_770' title='bbox 1502 4962 1558 5011; x_wconf 92' lang='lat' dir='ltr'><strong>et</strong></span> <span class='ocrx_word' id='word_1_771' title='bbox 1606 4957 1738 5015; x_wconf 85' lang='lat' dir='ltr'><strong>Dio-</strong></span> 
     </span>
    </p>
   </div>
   <div class='ocr_carea' id='block_1_99' title="bbox 125 5017 1741 5118">
    <p class='ocr_par' dir='ltr' id='par_1_99' title="bbox 125 5017 1741 5118">
     <span class='ocr_line' id='line_1_103' title="bbox 125 5017 1741 5118; baseline 0.017 -42"><span class='ocrx_word' id='word_1_772' title='bbox 125 5017 222 5118; x_wconf 63' lang='lat' dir='ltr'><strong>tor.</strong></span> <span class='ocrx_word' id='word_1_773' title='bbox 264 5025 456 5097; x_wconf 87' lang='lat' dir='ltr'><strong>Sicul.,</strong></span> <span class='ocrx_word' id='word_1_774' title='bbox 516 5029 617 5086; x_wconf 92' lang='lat' dir='ltr'><strong>lib.</strong></span> <span class='ocrx_word' id='word_1_775' title='bbox 651 5048 668 5086; x_wconf 85' lang='grc' dir='ltr'><strong>ι</strong></span> <span class='ocrx_word' id='word_1_776' title='bbox 702 5034 986 5100; x_wconf 80' lang='lat' dir='ltr'><strong>Biblioth.,</strong></span> <span class='ocrx_word' id='word_1_777' title='bbox 1038 5053 1169 5108; x_wconf 86' lang='lat' dir='ltr'><strong>pag.</strong></span> <span class='ocrx_word' id='word_1_778' title='bbox 1219 5039 1275 5104; x_wconf 83' lang='lat'><strong>9,</strong></span> <span class='ocrx_word' id='word_1_779' title='bbox 1325 5042 1389 5096; x_wconf 79' lang='grc' dir='ltr'>ι4</span> <span class='ocrx_word' id='word_1_780' title='bbox 1436 5017 1492 5099; x_wconf 67' lang='grc' dir='ltr'>οι</span> <span class='ocrx_word' id='word_1_781' title='bbox 1545 5047 1632 5118; x_wconf 69' lang='lat'><strong>17,</strong></span> <span class='ocrx_word' id='word_1_782' title='bbox 1684 5052 1741 5103; x_wconf 92' lang='lat' dir='ltr'><strong>et</strong></span> 
     </span>
    </p>
   </div>
   <div class='ocr_carea' id='block_1_100' title="bbox 123 5101 1740 5198">
    <p class='ocr_par' dir='ltr' id='par_1_100' title="bbox 123 5101 1740 5198">
     <span class='ocr_line' id='line_1_104' title="bbox 123 5101 1740 5198; baseline 0.02 -38"><span class='ocrx_word' id='word_1_783' title='bbox 123 5101 201 5198; x_wconf 63' lang='lat' dir='ltr'><strong>lib.</strong></span> <span class='ocrx_word' id='word_1_784' title='bbox 231 5128 278 5180; x_wconf 69' lang='grc' dir='ltr'><strong>γ,</strong></span> <span class='ocrx_word' id='word_1_785' title='bbox 310 5133 440 5190; x_wconf 87' lang='lat' dir='ltr'><strong>pag.</strong></span> <span class='ocrx_word' id='word_1_786' title='bbox 471 5120 583 5186; x_wconf 89' lang='grc'>32).</span> <span class='ocrx_word' id='word_1_787' title='bbox 618 5122 849 5177; x_wconf 89' lang='lat' dir='ltr'><strong>Duobus</strong></span> <span class='ocrx_word' id='word_1_788' title='bbox 881 5101 1073 5178; x_wconf 64' lang='lat' dir='ltr'><strong>tamen</strong></span> <span class='ocrx_word' id='word_1_789' title='bbox 1109 5101 1269 5183; x_wconf 75' lang='lat' dir='ltr'><strong>hisce</strong></span> <span class='ocrx_word' id='word_1_790' title='bbox 1311 5131 1521 5198; x_wconf 90' lang='lat' dir='ltr'><strong>verbis,</strong></span> <span class='ocrx_word' id='word_1_791' title='bbox 1581 5101 1740 5193; x_wconf 55' lang='lat' dir='ltr'><strong>ls’idi&#39;s</strong></span> 
     </span>
    </p>
   </div>
   <div class='ocr_carea' id='block_1_101' title="bbox 122 5194 1738 5296">
    <p class='ocr_par' dir='ltr' id='par_1_101' title="bbox 122 5194 1738 5296">
     <span class='ocr_line' id='line_1_105' title="bbox 122 5194 1738 5296; baseline 0.015 -38"><span class='ocrx_word' id='word_1_792' title='bbox 122 5194 330 5272; x_wconf 65' lang='lat' dir='ltr'><strong>Pharia,</strong></span> <span class='ocrx_word' id='word_1_793' title='bbox 360 5215 560 5265; x_wconf 87' lang='lat' dir='ltr'><strong>auctor</strong></span> <span class='ocrx_word' id='word_1_794' title='bbox 590 5217 784 5266; x_wconf 90' lang='lat' dir='ltr'><strong>noster</strong></span> <span class='ocrx_word' id='word_1_795' title='bbox 816 5229 928 5268; x_wconf 89' lang='lat' dir='ltr'><strong>non</strong></span> <span class='ocrx_word' id='word_1_796' title='bbox 951 5214 1199 5271; x_wconf 88' lang='lat' dir='ltr'><strong>obscure</strong></span> <span class='ocrx_word' id='word_1_797' title='bbox 1221 5194 1516 5290; x_wconf 82' lang='lat' dir='ltr'><strong>signiﬁcat</strong></span> <span class='ocrx_word' id='word_1_798' title='bbox 1538 5225 1738 5296; x_wconf 89' lang='lat' dir='ltr'><strong>sepul-</strong></span> 
     </span>
    </p>
   </div>
   <div class='ocr_carea' id='block_1_102' title="bbox 125 5295 1734 5386">
    <p class='ocr_par' dir='ltr' id='par_1_102' title="bbox 125 5295 1734 5386">
     <span class='ocr_line' id='line_1_106' title="bbox 125 5295 1734 5386; baseline 0.017 -42"><span class='ocrx_word' id='word_1_799' title='bbox 125 5299 257 5348; x_wconf 78' lang='lat' dir='ltr'><strong>crum</strong></span> <span class='ocrx_word' id='word_1_800' title='bbox 287 5295 443 5355; x_wconf 87' lang='lat' dir='ltr'><strong>illius</strong></span> <span class='ocrx_word' id='word_1_801' title='bbox 480 5299 539 5355; x_wconf 90' lang='lat' dir='ltr'><strong>in</strong></span> <span class='ocrx_word' id='word_1_802' title='bbox 583 5301 789 5372; x_wconf 89' lang='lat' dir='ltr'><strong>Pharo,</strong></span> <span class='ocrx_word' id='word_1_803' title='bbox 822 5301 1197 5361; x_wconf 89' lang='lat' dir='ltr'><strong>celeberrima</strong></span> <span class='ocrx_word' id='word_1_804' title='bbox 1251 5308 1476 5380; x_wconf 68' lang='lat' dir='ltr'><strong>Egypti</strong></span> <span class='ocrx_word' id='word_1_805' title='bbox 1520 5295 1734 5386; x_wconf 81' lang='lat' dir='ltr'><strong>insula,</strong></span> 
     </span>
    </p>
   </div>
   <div class='ocr_carea' id='block_1_103' title="bbox 123 5383 1739 5464">
    <p class='ocr_par' dir='ltr' id='par_1_103' title="bbox 123 5383 1739 5464">
     <span class='ocr_line' id='line_1_107' title="bbox 123 5383 1739 5464; baseline 0.019 -33"><span class='ocrx_word' id='word_1_806' title='bbox 123 5383 405 5456; x_wconf 72' lang='lat' dir='ltr'><strong>conditum,</strong></span> <span class='ocrx_word' id='word_1_807' title='bbox 439 5389 534 5444; x_wconf 91' lang='lat' dir='ltr'><strong>ubi</strong></span> <span class='ocrx_word' id='word_1_808' title='bbox 570 5390 823 5464; x_wconf 85' lang='lat' dir='ltr'><strong>maximo</strong></span> <span class='ocrx_word' id='word_1_809' title='bbox 855 5391 1076 5448; x_wconf 91' lang='lat' dir='ltr'><strong>honore</strong></span> <span class='ocrx_word' id='word_1_810' title='bbox 1121 5394 1466 5453; x_wconf 88' lang='lat' dir='ltr'><strong>celebratur.</strong></span> <span class='ocrx_word' id='word_1_811' title='bbox 1504 5383 1739 5461; x_wconf 84' lang='lat' dir='ltr'><strong>Fatetur</strong></span> 
     </span>
    </p>
   </div>
   <div class='ocr_carea' id='block_1_104' title="bbox 121 5468 1734 5565">
    <p class='ocr_par' dir='ltr' id='par_1_104' title="bbox 121 5468 1734 5565">
     <span class='ocr_line' id='line_1_108' title="bbox 121 5468 1734 5565; baseline 0.014 -42"><span class='ocrx_word' id='word_1_812' title='bbox 121 5468 318 5535; x_wconf 75' lang='lat' dir='ltr'><strong>quidem</strong></span> <span class='ocrx_word' id='word_1_813' title='bbox 359 5475 644 5534; x_wconf 89' lang='lat' dir='ltr'><strong>Diodorus</strong></span> <span class='ocrx_word' id='word_1_814' title='bbox 694 5479 926 5536; x_wconf 89' lang='lat' dir='ltr'><strong>Siculus</strong></span> <span class='ocrx_word' id='word_1_815' title='bbox 975 5482 1182 5552; x_wconf 88' lang='lat' dir='ltr'><strong>(Idem,</strong></span> <span class='ocrx_word' id='word_1_816' title='bbox 1229 5483 1327 5540; x_wconf 91' lang='lat' dir='ltr'><strong>lib.</strong></span> <span class='ocrx_word' id='word_1_817' title='bbox 1365 5503 1402 5553; x_wconf 84' lang='grc' dir='ltr'>ι,</span> <span class='ocrx_word' id='word_1_818' title='bbox 1438 5505 1568 5562; x_wconf 90' lang='lat' dir='ltr'><strong>pag.</strong></span> <span class='ocrx_word' id='word_1_819' title='bbox 1625 5493 1734 5565; x_wconf 86' lang='grc'><strong>16),</strong></span> 
     </span>
    </p>
   </div>
   <div class='ocr_carea' id='block_1_105' title="bbox 119 5559 1733 5654">
    <p class='ocr_par' dir='ltr' id='par_1_105' title="bbox 119 5559 1733 5654">
     <span class='ocr_line' id='line_1_109' title="bbox 119 5559 1733 5654; baseline 0.016 -41"><span class='ocrx_word' id='word_1_820' title='bbox 119 5559 394 5634; x_wconf 67' lang='lat' dir='ltr'><strong>scriptores</strong></span> <span class='ocrx_word' id='word_1_821' title='bbox 426 5569 710 5639; x_wconf 87' lang='lat' dir='ltr'><strong>quosdam</strong></span> <span class='ocrx_word' id='word_1_822' title='bbox 736 5571 1086 5640; x_wconf 83' lang='lat' dir='ltr'><strong>venditasse,</strong></span> <span class='ocrx_word' id='word_1_823' title='bbox 1114 5572 1252 5629; x_wconf 88' lang='lat' dir='ltr'><strong>Isim</strong></span> <span class='ocrx_word' id='word_1_824' title='bbox 1277 5574 1586 5651; x_wconf 87' lang='lat' dir='ltr'><strong>virumque</strong></span> <span class='ocrx_word' id='word_1_825' title='bbox 1607 5582 1733 5654; x_wconf 85' lang='lat' dir='ltr'><strong>ejus</strong></span> 
     </span>
    </p>
   </div>
   <div class='ocr_carea' id='block_1_106' title="bbox 117 5641 1733 5744">
    <p class='ocr_par' dir='ltr' id='par_1_106' title="bbox 117 5641 1733 5744">
     <span class='ocr_line' id='line_1_110' title="bbox 117 5641 1733 5744; baseline 0.017 -39"><span class='ocrx_word' id='word_1_826' title='bbox 117 5641 365 5713; x_wconf 76' lang='lat' dir='ltr'><strong>Olidirem</strong></span> <span class='ocrx_word' id='word_1_827' title='bbox 385 5656 462 5714; x_wconf 89' lang='lat' dir='ltr'><strong>ad</strong></span> <span class='ocrx_word' id='word_1_828' title='bbox 491 5657 689 5718; x_wconf 80' lang='lat' dir='ltr'><strong>Nisam</strong></span> <span class='ocrx_word' id='word_1_829' title='bbox 740 5660 960 5719; x_wconf 83' lang='lat' dir='ltr'><strong>Arabiae</strong></span> <span class='ocrx_word' id='word_1_830' title='bbox 1021 5662 1360 5740; x_wconf 86' lang='lat' dir='ltr'><strong>tumulatos,</strong></span> <span class='ocrx_word' id='word_1_831' title='bbox 1420 5641 1733 5744; x_wconf 49' lang='lat' dir='ltr'><strong>ibique&#39;eo</strong></span> 
     </span>
    </p>
   </div>
   <div class='ocr_carea' id='block_1_107' title="bbox 1847 4651 2455 4724">
    <p class='ocr_par' dir='ltr' id='par_1_107' title="bbox 1847 4651 2455 4724">
     <span class='ocr_line' id='line_1_111' title="bbox 1847 4651 2455 4724; baseline 0.012 -19"><span class='ocrx_word' id='word_1_832' title='bbox 1847 4651 2006 4707; x_wconf 90' lang='lat' dir='ltr'><strong>illam</strong></span> <span class='ocrx_word' id='word_1_833' title='bbox 2040 4659 2096 4708; x_wconf 88' lang='lat' dir='ltr'><strong>et</strong></span> <span class='ocrx_word' id='word_1_834' title='bbox 2124 4660 2455 4724; x_wconf 87' lang='lat' dir='ltr'><strong>augustam.</strong></span> 
     </span>
    </p>
   </div>
   <div class='ocr_carea' id='block_1_108' title="bbox 2099 4775 3263 4846">
    <p class='ocr_par' dir='ltr' id='par_1_108' title="bbox 2099 4775 3263 4846">
     <span class='ocr_line' id='line_1_112' title="bbox 2099 4775 3263 4846; baseline 0.021 -23"><span class='ocrx_word' id='word_1_835' title='bbox 2099 4775 2191 4825; x_wconf 90' lang='lat' dir='ltr'><strong>Ubi</strong></span> <span class='ocrx_word' id='word_1_836' title='bbox 2223 4776 2504 4846; x_wconf 65' lang='lat' dir='ltr'><strong>initiantur</strong></span> <span class='ocrx_word' id='word_1_837' title='bbox 2530 4786 2720 4844; x_wconf 86' lang='lat' dir='ltr'><strong>gentes</strong></span> <span class='ocrx_word' id='word_1_838' title='bbox 2748 4800 2961 4840; x_wconf 89' lang='lat' dir='ltr'><strong>orarum</strong></span> <span class='ocrx_word' id='word_1_839' title='bbox 2997 4793 3216 4846; x_wconf 69' lang='lat' dir='ltr'><strong>ultimm.</strong></span> <span class='ocrx_word' id='word_1_840' title='bbox 3239 4817 3263 4841; x_wconf 69' lang='grc' dir='ltr'>ι)</span> 
     </span>
    </p>
   </div>
   <div class='ocr_carea' id='block_1_109' title="bbox 2284 4840 3491 4926">
    <p class='ocr_par' dir='ltr' id='par_1_109' title="bbox 2284 4840 3491 4926">
     <span class='ocr_line' id='line_1_113' title="bbox 2284 4840 3491 4926; baseline 0.021 -39"><span class='ocrx_word' id='word_1_841' title='bbox 2284 4840 2430 4902; x_wconf 59' lang='lat' dir='ltr'><strong>(om,</strong></span> <span class='ocrx_word' id='word_1_842' title='bbox 2461 4843 2495 4892; x_wconf 89' lang='grc' dir='ltr'>ι.</span> <span class='ocrx_word' id='word_1_843' title='bbox 2527 4840 2558 4894; x_wconf 66' lang='grc' dir='ltr'><strong><em>ἡ</em></strong></span> <span class='ocrx_word' id='word_1_844' title='bbox 2589 4847 2652 4894; x_wconf 84' lang='lat' dir='ltr'><strong>de</strong></span> <span class='ocrx_word' id='word_1_845' title='bbox 2679 4848 2864 4899; x_wconf 81' lang='lat' dir='ltr'><strong>Natur.</strong></span> <span class='ocrx_word' id='word_1_846' title='bbox 2897 4840 3358 4921; x_wconf 57' lang='grc' dir='ltr'><strong>οεοὲζζῖῖἒιίη.</strong></span> <span class='ocrx_word' id='word_1_847' title='bbox 3390 4864 3491 4926; x_wconf 82' lang='grc'><strong>38.)</strong></span> 
     </span>
    </p>
   </div>
   <div class='ocr_carea' id='block_1_110' title="bbox 1919 4954 3490 5031">
    <p class='ocr_par' dir='ltr' id='par_1_110' title="bbox 1919 4954 3490 5031">
     <span class='ocr_line' id='line_1_114' title="bbox 1919 4954 3490 5031; baseline 0.018 -26"><span class='ocrx_word' id='word_1_848' title='bbox 1919 4954 2059 5016; x_wconf 89' lang='lat' dir='ltr'><strong>Quis</strong></span> <span class='ocrx_word' id='word_1_849' title='bbox 2088 4960 2284 5010; x_wconf 90' lang='lat' dir='ltr'><strong>autem</strong></span> <span class='ocrx_word' id='word_1_850' title='bbox 2316 4974 2448 5014; x_wconf 89' lang='lat' dir='ltr'><strong>cum</strong></span> <span class='ocrx_word' id='word_1_851' title='bbox 2481 4959 2735 5020; x_wconf 90' lang='lat' dir='ltr'><strong>Minucio</strong></span> <span class='ocrx_word' id='word_1_852' title='bbox 2766 4973 2966 5025; x_wconf 89' lang='lat' dir='ltr'><strong>nostro</strong></span> <span class='ocrx_word' id='word_1_853' title='bbox 2990 4972 3364 5031; x_wconf 81' lang='lat' dir='ltr'><strong>ﬁctitiasillas</strong></span> <span class='ocrx_word' id='word_1_854' title='bbox 3392 4975 3490 5031; x_wconf 87' lang='lat' dir='ltr'><strong>Ce-</strong></span> 
     </span>
    </p>
   </div>
   <div class='ocr_carea' id='block_1_111' title="bbox 1849 5044 3493 5124">
    <p class='ocr_par' dir='ltr' id='par_1_111' title="bbox 1849 5044 3493 5124">
     <span class='ocr_line' id='line_1_115' title="bbox 1849 5044 3493 5124; baseline 0.013 -27"><span class='ocrx_word' id='word_1_855' title='bbox 1849 5044 2011 5108; x_wconf 89' lang='lat' dir='ltr'><strong>reris,</strong></span> <span class='ocrx_word' id='word_1_856' title='bbox 2047 5051 2102 5097; x_wconf 91' lang='lat' dir='ltr'><strong>et</strong></span> <span class='ocrx_word' id='word_1_857' title='bbox 2136 5045 2322 5114; x_wconf 67' lang='lat' dir='ltr'><strong>Isidis,</strong></span> <span class='ocrx_word' id='word_1_858' title='bbox 2354 5047 2716 5124; x_wconf 89' lang='lat' dir='ltr'><strong>aliorumque</strong></span> <span class='ocrx_word' id='word_1_859' title='bbox 2755 5057 3090 5116; x_wconf 83' lang='lat' dir='ltr'><strong>divinitatea</strong></span> <span class='ocrx_word' id='word_1_860' title='bbox 3149 5080 3262 5118; x_wconf 88' lang='lat' dir='ltr'><strong>non</strong></span> <span class='ocrx_word' id='word_1_861' title='bbox 3308 5065 3493 5119; x_wconf 89' lang='lat' dir='ltr'><strong>rideat</strong></span> 
     </span>
    </p>
   </div>
   <div class='ocr_carea' id='block_1_112' title="bbox 1847 5133 3492 5221">
    <p class='ocr_par' dir='ltr' id='par_1_112' title="bbox 1847 5133 3492 5221">
     <span class='ocr_line' id='line_1_116' title="bbox 1847 5133 3492 5221; baseline 0.014 -34"><span class='ocrx_word' id='word_1_862' title='bbox 1847 5137 1901 5187; x_wconf 90' lang='lat' dir='ltr'><strong>et</strong></span> <span class='ocrx_word' id='word_1_863' title='bbox 1931 5133 2218 5204; x_wconf 77' lang='lat' dir='ltr'><strong>explodat,</strong></span> <span class='ocrx_word' id='word_1_864' title='bbox 2253 5152 2398 5207; x_wconf 89' lang='lat' dir='ltr'><strong>quos</strong></span> <span class='ocrx_word' id='word_1_865' title='bbox 2426 5147 2688 5199; x_wconf 89' lang='lat' dir='ltr'><strong>mortuos</strong></span> <span class='ocrx_word' id='word_1_866' title='bbox 2716 5147 3089 5221; x_wconf 90' lang='lat' dir='ltr'><strong>sepultosque</strong></span> <span class='ocrx_word' id='word_1_867' title='bbox 3120 5151 3345 5207; x_wconf 81' lang='lat' dir='ltr'><strong>Ethnici</strong></span> <span class='ocrx_word' id='word_1_868' title='bbox 3405 5153 3492 5210; x_wconf 83' lang='lat' dir='ltr'><strong>fa-</strong></span> 
     </span>
    </p>
   </div>
   <div class='ocr_carea' id='block_1_113' title="bbox 1846 5222 2167 5277">
    <p class='ocr_par' dir='ltr' id='par_1_113' title="bbox 1846 5222 2167 5277">
     <span class='ocr_line' id='line_1_117' title="bbox 1846 5222 2167 5277; baseline 0.006 -2"><span class='ocrx_word' id='word_1_869' title='bbox 1846 5222 2121 5277; x_wconf 89' lang='lat' dir='ltr'><strong>tebantur</strong></span> <span class='ocrx_word' id='word_1_870' title='bbox 2140 5223 2167 5277; x_wconf 72' lang='lat' dir='ltr'><strong>‘t</strong></span> 
     </span>
    </p>
   </div>
   <div class='ocr_carea' id='block_1_114' title="bbox 2394 5354 2934 5420">
    <p class='ocr_par' dir='ltr' id='par_1_114' title="bbox 2394 5354 2934 5420">
     <span class='ocr_line' id='line_1_118' title="bbox 2394 5354 2934 5420; baseline 0.017 -11"><span class='ocrx_word' id='word_1_871' title='bbox 2394 5354 2796 5414; x_wconf 82' lang='lat' dir='ltr'><strong>ARTICULUS</strong></span> <span class='ocrx_word' id='word_1_872' title='bbox 2837 5361 2934 5420; x_wconf 91' lang='grc' dir='ltr'>ΙΙΙ.</span> 
     </span>
    </p>
   </div>
   <div class='ocr_carea' id='block_1_115' title="bbox 1845 5455 3490 5541">
    <p class='ocr_par' dir='ltr' id='par_1_115' title="bbox 1845 5455 3490 5541">
     <span class='ocr_line' id='line_1_119' title="bbox 1845 5455 3490 5541; baseline 0.015 -31"><span class='ocrx_word' id='word_1_873' title='bbox 1845 5455 2217 5541; x_wconf 66' lang='lat' dir='ltr'><strong>Examinotur</strong></span> <span class='ocrx_word' id='word_1_874' title='bbox 2244 5457 2470 5541; x_wconf 72' lang='lat' dir='ltr'><strong>Illinucii</strong></span> <span class='ocrx_word' id='word_1_875' title='bbox 2495 5471 2904 5541; x_wconf 75' lang='lat' dir='ltr'><strong>argumentum,</strong></span> <span class='ocrx_word' id='word_1_876' title='bbox 2951 5467 3076 5541; x_wconf 59' lang='lat' dir='ltr'><strong>quo”</strong></span> <span class='ocrx_word' id='word_1_877' title='bbox 3097 5478 3490 5534; x_wconf 65' lang='lat' dir='ltr'><strong>commentata:</strong></span> 
     </span>
    </p>
   </div>
   <div class='ocr_carea' id='block_1_116' title="bbox 1915 5529 3492 5618">
    <p class='ocr_par' dir='ltr' id='par_1_116' title="bbox 1915 5529 3492 5618">
     <span class='ocr_line' id='line_1_120' title="bbox 1915 5529 3492 5618; baseline 0.018 -39"><span class='ocrx_word' id='word_1_878' title='bbox 1915 5529 2202 5595; x_wconf 67' lang='lat' dir='ltr'><strong>gentilium</strong></span> <span class='ocrx_word' id='word_1_879' title='bbox 2235 5531 2499 5618; x_wconf 45' lang='lat' dir='ltr'><strong>decresse</strong></span> <span class='ocrx_word' id='word_1_880' title='bbox 2527 5529 2819 5618; x_wconf 47' lang='lat' dir='ltr'><strong>probatam</strong></span> <span class='ocrx_word' id='word_1_881' title='bbox 2847 5529 3156 5618; x_wconf 46' lang='lat' dir='ltr'><strong>Alea-medii</strong></span> <span class='ocrx_word' id='word_1_882' title='bbox 3184 5529 3492 5618; x_wconf 34' lang='lat' dir='ltr'><strong>Magni—aii</strong></span> 
     </span>
    </p>
   </div>
   <div class='ocr_carea' id='block_1_117' title="bbox 1914 5603 3488 5681">
    <p class='ocr_par' dir='ltr' id='par_1_117' title="bbox 1914 5603 3488 5681">
     <span class='ocr_line' id='line_1_121' title="bbox 1914 5603 3488 5681; baseline 0.018 -29"><span class='ocrx_word' id='word_1_883' title='bbox 1914 5611 2150 5681; x_wconf 47' lang='lat' dir='ltr'><strong>gnati-mi</strong></span> <span class='ocrx_word' id='word_1_884' title='bbox 2171 5603 2430 5681; x_wconf 52' lang='lat' dir='ltr'><strong>epistola,</strong></span> <span class='ocrx_word' id='word_1_885' title='bbox 2465 5623 2586 5681; x_wconf 59' lang='lat' dir='ltr'><strong>qua.</strong></span> <span class='ocrx_word' id='word_1_886' title='bbox 2604 5611 2886 5681; x_wconf 73' lang='lat' dir='ltr'><strong>proditum</strong></span> <span class='ocrx_word' id='word_1_887' title='bbox 2910 5616 3019 5672; x_wconf 77' lang='lat' dir='ltr'><strong>sibi</strong></span> <span class='ocrx_word' id='word_1_888' title='bbox 3045 5618 3111 5673; x_wconf 82' lang='lat' dir='ltr'><strong>de</strong></span> <span class='ocrx_word' id='word_1_889' title='bbox 3160 5603 3293 5676; x_wconf 41' lang='lat' dir='ltr'><strong>diis.</strong></span> <span class='ocrx_word' id='word_1_890' title='bbox 3312 5603 3488 5681; x_wconf 60' lang='lat' dir='ltr'><strong>sacro:</strong></span> 
     </span>
    </p>
   </div>
   <div class='ocr_carea' id='block_1_118' title="bbox 1912 5672 3488 5770">
    <p class='ocr_par' dir='ltr' id='par_1_118' title="bbox 1912 5672 3488 5770">
     <span class='ocr_line' id='line_1_122' title="bbox 1912 5672 3488 5770; baseline 0.02 -45"><span class='ocrx_word' id='word_1_891' title='bbox 1912 5674 2026 5728; x_wconf 79' lang='lat' dir='ltr'><strong>tum</strong></span> <span class='ocrx_word' id='word_1_892' title='bbox 2060 5672 2551 5749; x_wconf 50' lang='lat' dir='ltr'><strong>testiﬁcabatuﬂac</strong></span> <span class='ocrx_word' id='word_1_893' title='bbox 2578 5672 2876 5743; x_wconf 81' lang='lat' dir='ltr'><strong>Vulcanum</strong></span> <span class='ocrx_word' id='word_1_894' title='bbox 2891 5689 3022 5763; x_wconf 76' lang='lat' dir='ltr'><strong>fecit</strong></span> <span class='ocrx_word' id='word_1_895' title='bbox 3061 5672 3488 5770; x_wconf 53' lang='lat' dir='ltr'><strong>ilbi-itm</strong></span> 
     </span>
    </p>
   </div>
  </div>
