4088 6150
594 291 710 353 5'79

1873 278 1976 340 DE
2023 275 2324 339 MINUCII
2371 275 2706 340 OCTAVlQ
3804 290 3890 356 380

661 417 1369 498 cz'pem;idquedrlsidtsad
1407 415 1962 498 hirundinemsisfro,
1985 417 2035 469 ct
2065 428 2232 469 vacuo
2259 417 2316 483 Α
2345 417 2399 468 et
2433 412 2791 482 dominatur,
2825 427 2952 467 esse
2973 411 3233 466 divinum
3272 431 3297 458 ››
3331 411 3615 473 Plutarch"
3647 419 3732 475 Vit.
3774 427 3890 486 Αιη.

660 487 963 569 Sérapidis,
996 510 1091 551 seu
1111 491 1340 550 Osiridis
1366 489 1612 562 sepulcro
1649 487 1980 560 disputatur.

658 640 962 697 Mirabitur
992 635 1148 692 haud
1171 632 1346 689 dubie
1369 631 1580 703 aliquis
1603 630 1817 685 ﬁctitiae
1841 629 2081 683 deorum
2101 642 2236 697 gen-

584 731 772 786 tilium
805 727 1129 782 divinitatis
1158 729 1366 778 testem
1399 740 1430 776 a
1461 720 1713 776 Minucio
1753 717 1921 773 citari
1982 715 2231 771 Alexan-

584 823 753 875 drum
781 823 1075 887 Magnum,
1118 832 1139 861 α
1172 813 1272 884 qui
1305 809 1544 882 insigni,
1577 808 1786 879 inquit,
1820 805 2113 862 volumine
2161 803 2233 858 ad

584 916 828 964 matrem
861 921 1031 961 suam
1065 901 1319 973 scripsit,
1354 903 1511 954 metu
1545 914 1663 953 suae
1698 895 2007 967 potestatis
2039 892 2230 965 prodi-

580 1005 707 1054 tum
735 996 846 1051 sibi
872 995 943 1050 de
965 993 1078 1048 diis
1097 989 1440 1046 hominibus
1462 1006 1495 1042 a
1515 986 1816 1042 sacerdote
1869 986 2178 1039 secretum.
2203 1002 2232 1032 »

582 1087 690 1144 Sed
715 1085 770 1140 id
800 1089 1079 1154 tanquam
1103 1078 1479 1135 verissimum
1495 1073 1816 1148 Cyprianus
1844 1071 2085 1127 totidem
2106 1086 2229 1126 ver-

580 1177 691 1242 bis,
723 1175 803 1230 uti
829 1175 955 1245 jam
979 1171 1251 1233 vidimus,
1277 1167 1330 1221 in
1364 1182 1540 1222 suum
1564 1165 1636 1218 de
1660 1158 2234 1218 Vanitateidolorum

579 1265 796 1321 librum
826 1259 1132 1317 transtulit
1162 1255 1448 1330 [Cyprian.
1483 1254 1548 1309 de
1579 1253 1774 1308 idolor.
1832 1252 2049 1318 Vanit.,
2099 1264 2233 1322 pag.

586 1357 686 1420 t2;
719 1369 907 1424 supr.,
933 1366 1058 1420 cap.
1089 1348 1143 1413 2,
1181 1350 1287 1400 art.
1324 1347 1376 1409 4,
1412 1360 1541 1414 pag.
1573 1341 1685 1413 35).

651 1442 817 1498 Prius
839 1439 1237 1508 Athenagoras
1254 1434 1477 1489 dixerat
1500 1449 1513 1487 :
1539 1425 1956 1505 Ἡρόδοτος,καῖ
1988 1424 2240 1496 Ἀλέξαν-

584 1529 710 1605 δρος
742 1526 1024 1582 Φιλίππου
1057 1523 1109 1578 ἐν
1137 1525 1206 1596 τῇ
1238 1520 1373 1596 πρὸς
1399 1521 1495 1588 τὴν
1549 1517 1757 1593 μητέρα
1805 1512 2067 1588 ἐπιστολῇ
2105 1512 2240 1584 (ἐκά-

580 1598 723 1693 τέροι
759 1615 816 1672 δὲ
846 1615 896 1671 ἐν
923 1614 990 1689 τῇ
1021 1608 1360 1676 Ἦλιοπόλει,
1392 1609 1480 1663 καὶ
1512 1609 1748 1685 Μέμφει,
1782 1605 1870 1660 καὶ
1903 1598 2129 1674 Θήϐαις,
2162 1602 2239 1665 εἷς

581 1708 775 1785 Λόγους
829 1711 945 1767 τοῖς
1002 1705 1230 1779 ἱερεῦσιν
1289 1699 1517 1773 ἀφῖχθαι
1576 1695 1879 1771 λέγονται),
1929 1693 2056 1772 φασὶ
2112 1701 2242 1768 παρ’
2350 1697 2396 1777 (ί.

2053 1807 2081 1834 ι(
2130 1763 2237 1839 ne-
2266 1797 2313 1862 Β
2350 1764 2559 1862 cipem,
2591 1764 3345 1862 et_postea_Jovis_gentem.
3396 1763 3629 1862 Despice
3680 1767 3787 1837 (ms.
3825 1771 3916 1837 Reg.

580 1799 819 1868 ἐκείνων,
869 1792 1184 1870 ἀνθρώπους
1235 1788 1428 1850 αὐτοὺς
1481 1785 1749 1863 γενέσθαι,
1802 1785 2008 1858 μαθεῖν.

580 1890 822 1944 rodotus
851 1891 908 1941 et
935 1881 1261 1939 Alexander
1294 1877 1545 1950 Philippi
1579 1876 1733 1930 filius
1766 1875 1824 1929 in
1857 1872 2102 1946 epistola
2159 1871 2232 1927 ad

582 1982 829 2034 matrem
861 1969 1301 2046 (quiutriquein
1325 1966 1572 2022 diversis
1608 1964 1943 2020 civitatibus
1981 1959 2230 2033 Egypti,

582 2062 888 2138 Heliopoli,
921 2058 1196 2131 Memphi,
1230 2062 1282 2113 et
1332 2054 1548 2111 Thebis
1595 2053 1655 2108 in
1703 2051 2053 2121 colloquium
2099 2066 2232 2105 cum

577 2151 978 2210 sacerdotibus
997 2147 1225 2204 venisse
1243 2144 1542 2214 dicuntur)
1567 2141 1840 2197 homines
1867 2139 2004 2194 deos
2027 2138 2232 2203 fuisse,

577 2261 643 2299 ex
672 2242 792 2297 illis
823 2257 885 2295 se
915 2237 1276 2310 cognovisse,
1337 2234 1500 2288 aiunt
1527 2256 1548 2283 ι
1605 2229 1982 2301 (Athenagor.
2041 2231 2227 2296 Legat.

573 2347 669 2403 pro
702 2331 1024 2393 Christian.,
1051 2341 1177 2398 pag.
1213 2322 1325 2394 31).
1357 2323 1515 2387 Quod
1551 2319 1749 2391 itaque
1800 2316 2115 2386 Minucius,
2165 2331 2232 2371 ac

575 2426 704 2491 post
734 2436 868 2475 eum
899 2416 1240 2489 Cyprianus,
1274 2411 1505 2482 insigne
1559 2407 1854 2478 volumen,
1904 2406 2012 2462 hoc
2061 2404 2230 2461 Athe-

575 2524 825 2581 nagoras
856 2503 1165 2578 epistolam
1198 2505 1378 2556 vocat.
1411 2498 1495 2553 Ita
1517 2497 1691 2553 etiam
1717 2495 2103 2568 Augustinus,
2128 2493 2231 2565 qui

574 2600 742 2654 docet
770 2595 957 2661 illum,
990 2591 1162 2648 sicuti
1195 2588 1458 2656 loquitur
1486 2587 1635 2642 idem
1668 2584 1982 2650 Minucius,
2039 2598 2231 2638 sacer-

575 2690 768 2742 dotem
809 2682 993 2756 patr-ia
1024 2678 1354 2752 Egyptium
1391 2677 1590 2742 fuisse,
1625 2691 1688 2729 ac
1722 2675 1973 2729 Leonem
2021 2687 2234 2743 cogno-

580 2776 912 2832 minatum»
937 2767 1354 2842 (August.,lib.
1393 2763 1576 2820 viudc
1609 2762 1792 2830 Civit.,
1834 2778 1960 2833 cap.
2006 2762 2061 2828 5,
2096 2775 2226 2832 pag.

579 2865 696 2928 194,
731 2867 788 2918 et
815 2878 941 2933 cap.
977 2859 1108 2928 ult.,
1142 2873 1274 2929 pag.
1333 2854 1459 2921 218,
1516 2857 1573 2908 et
1627 2851 1729 2908 lib.
1791 2867 1891 2920 xu,
1953 2866 2078 2926 cap.
2139 2849 2227 2918 10,

574 2971 706 3026 pag.
741 2951 865 3019 309,
890 2967 955 3004 ac
982 2948 1081 3003 lib.
1115 2965 1133 3001 1
1168 2952 1245 3001 De
1276 2942 1434 3000 Cons.
1468 2945 1706 3014 Euang,
1740 2957 1867 3012 cap.
1899 2939 1976 3011 3].

645 3043 859 3098 Contra
891 3044 1083 3093 tamen
1121 3034 1440 3090 reclamant
1471 3029 1757 3102 Rigaltius
1814 3045 1881 3083 ac
1925 3026 2228 3096 Cellarius,

575 3137 628 3188 et
659 3128 1006 3192 Minucium,
1039 3125 1300 3194 aliosque
1333 3139 1364 3176 a
1395 3121 1563 3176 nobis
1597 3118 1866 3174 laudatos
1889 3116 2222 3188 scriptores,

573 3236 819 3288 errasse,
851 3223 1025 3287 atque
1055 3215 1126 3268 ab
1157 3213 1230 3266 iis
1263 3209 1659 3265 Alexandrum
1706 3207 1980 3278 Magnum
2037 3207 2223 3260 Mace-

575 3311 786 3365 donem
809 3304 1134 3362 Alexandro
1168 3299 1512 3373 Polyhistori
1543 3295 1912 3368 suppositum
1932 3310 2060 3349 esse
2091 3309 2228 3350 con-

573 3393 1204 3467 tendunt.0pinionem
1234 3406 1366 3445 vero
1399 3403 1563 3444 suam
1598 3383 1817 3456 duplici
1850 3383 2071 3439 ratione
2101 3387 2226 3438 sta-

572 3486 736 3542 bilire
768 3489 1078 3546 conantur,
1137 3486 1262 3534 tum
1323 3477 1461 3550 quia
1511 3474 1836 3547 Polyhistor
1883 3468 2226 3544 Αἰγυπτιακὰ

572 3575 768 3640 edidit,
792 3578 918 3629 tum
942 3571 1080 3643 quia
1099 3566 1496 3624 Tertullianus
1540 3564 1715 3618 dixit:
1741 3583 1767 3614 ιι
1812 3561 1962 3616 Cedo
1995 3561 2120 3632 jam
2153 3561 2225 3616 de

572 3670 783 3732 vestro,
810 3664 964 3736 quod
993 3660 1238 3733 {Egyptii
1274 3661 1536 3724 narrant,
1565 3660 1621 3710 et
1640 3653 1962 3710 Alexander
1991 3649 2219 3724 digerit,

570 3761 625 3812 et
658 3761 843 3812 mater
872 3753 1060 3826 legit:
1125 3748 1386 3823 (Tertull.
1446 3747 1547 3802 lib.
1605 3745 1672 3801 de
1728 3742 1936 3808 Pallio,
1987 3759 2113 3815 cap.
2163 3741 2218 3809 3,

570 3842 701 3919 pag.
739 3844 884 3915 134).

637 3936 1270 4006 Verum,prteterquam
1291 3927 1445 4001 quod
1469 3922 1786 3982 verisimile
1821 3938 1936 3977 non
1978 3920 2077 3989 sit,
2112 3925 2218 3977 Po-

565 4025 911 4098 lyhistorem
939 4020 1243 4094 potestatis
1267 4035 1385 4073 suae
1408 4021 1566 4071 metu
1584 4031 1617 4070 a
1633 4012 1931 4069 sacerdote
1951 4009 2218 4082 Egyptio

567 4115 720 4170 563
750 4116 1091 4183 extorquere
1125 4107 1383 4179 potuisse
1414 4106 1484 4160 de
1515 4104 1628 4158 diis
1658 4100 1996 4156 hominibus
2025 4115 2214 4155 secre-

564 4211 712 4274 tum,
746 4218 812 4257 ac
847 4201 1013 4256 matri
1036 4216 1153 4253 suae
1186 4195 1496 4268 scripsisse
1530 4209 1598 4248 ea
1627 4193 1697 4248 de
1730 4207 1789 4245 re
1819 4189 2056 4254 librum,
2115 4192 2217 4243 aut
2258 4198 2266 4201 ‘

557 4291 903 4364 epistolam;
938 4294 1090 4345 certe
1121 4286 1493 4350 Plutarchus,
1519 4282 1610 4336 cui
1636 4278 1924 4352 Rigaltius
1968 4279 2214 4332 fortasse

555 4381 956 4452 Cellariusque
989 4378 1294 4447 majorem,
1319 4389 1498 4445 quam
1530 4369 1797 4426 Ecclesiae
1820 4367 2113 4429 Patribus,
2143 4365 2213 4420 ﬁ-

557 4473 687 4525 dem
712 4470 1024 4534 habebant,
1049 4467 1250 4522 eadem
1273 4465 1330 4517 in
1359 4459 1657 4517 Alexandri
1681 4456 1872 4529 Magni
1904 4454 2037 4509 Vita
2078 4471 2209 4508 nar-

2339 501 2572 570 xandr.,
2605 506 2748 557 tom.
2811 501 2883 572 Il,
2944 517 3074 573 pag.
3133 500 3279 571 680).
3337 501 3440 566 Qui
3481 509 3888 574 veroaMinncio.

2342 591 2648 666 Cypriano,
2680 590 3049 661 Athenagora
3083 590 3375 655 sacerdos,
3421 596 3473 646 et
3526 593 3588 650 ab
3635 602 3894 671 Augustino

2343 679 2452 735 Leo
2475 680 2902 747 vocatur,hunc
2925 678 3002 732 ibi
3031 678 3382 733 Plutarchus
3415 679 3774 744 Psammonem
3801 693 3893 761 phi.

2327 768 2654 841 .losophum
2687 767 2941 840 appellat
2993 767 3118 822 Non
3152 767 3296 822 dixit
3326 769 3550 839 quidem
3586 773 3899 838 Alexandrum

2343 859 2513 913 matri
2538 875 2656 914 suae
2685 857 3013 929 scripsisse,
3039 873 3168 929 quae
3201 857 3271 911 ab
3313 855 3410 912 illo
3453 858 3757 918 Psammone
3780 883 3899 924 acce-

2341 953 2524 1020 perat,
2559 948 2658 1002 sed
2694 963 2876 1018 neque
2907 946 3014 1000 hoc
3045 945 3222 1001 etiam
3256 945 3555 1003 intlciatur.
3587 948 3771 1007 Verum
3797 958 3902 1027 quid

2341 1040 2516 1106 vetat,
2567 1035 2884 1109 quominus
2940 1035 3356 1103 Athenagoras,
3408 1035 3694 1104 Minucius,
3743 1047 3790 1098 et
3831 1044 3905 1102 alii

2343 1125 2576 1182 aliunde
2614 1124 2724 1181 bac
2753 1126 2823 1180 de
2853 1140 2914 1179 re
2962 1123 3240 1179 certiores
3298 1123 3419 1179 ﬂeri
3476 1127 3904 1197 potuerint‘iTam

2341 1214 2564 1270 levibus
2597 1215 2794 1287 itaque
2823 1213 3176 1284 conjecturis
3209 1217 3384 1268 tantis
3434 1215 3764 1273 auctoritatis
3805 1221 3909 1276 scri-

2344 1307 2538 1377 ptores
2567 1303 2781 1358 erroris
2810 1301 3238 1358 condemnandi
3273 1318 3390 1356 non
3416 1307 3592 1358 erant.

2417 1409 2552 1474 Qua
2582 1425 2754 1481 porro
2785 1408 2938 1481 apud
2971 1412 3268 1463 auctorem
3317 1414 3578 1463 nostrum
3626 1410 3777 1466 verba
3815 1430 3910 1485 pro-

2344 1497 2501 1553 xime
2523 1501 2872 1571 sequuntur,
2906 1496 3028 1552 haec
3059 1496 3448 1568 corruptionis
3477 1495 3729 1568 multum,
3755 1505 3801 1556 et
3822 1501 3913 1574 plu-

2349 1588 2564 1642 rimum
2594 1585 2970 1642 obscuritatis
3000 1585 3236 1642 habent.
3271 1585 3367 1641 Sic
3396 1591 3582 1642 autem
3603 1605 3665 1643 ea
3687 1587 3913 1652 legimus:

2350 1697 2378 1726 «
2406 1676 2668 1749 lllic[ms.
2695 1677 2822 1744 Reg.
2857 1674 2969 1746 Illi]
2993 1674 3318 1730 Vulcanum
3357 1674 3494 1730 facit
3523 1675 3761 1732 omnium
3797 1679 3914 1750 prin-

2343 1858 2400 1910 et
2431 1854 2501 1910 de
2532 1853 2732 1926 spicis)
2765 1853 2934 1909 Isidis
2966 1853 3039 1908 ad
3072 1853 3450 1908 hirundinem
3484 1852 3731 1924 sistrum,
3775 1860 3822 1911 et
3856 1855 3916 1910 di-

2342 1944 2562 2014 spersis
2593 1943 2719 2010 (ms.
2755 1943 2877 2014 Reg.
2940 1939 3222 2014 aspersis)
3279 1941 3566 1998 membris
3617 1941 3820 1998 inanem
3860 1943 3921 1998 tui

2342 2033 2640 2105 Serapidis
2671 2034 2789 2089 sive
2819 2032 3066 2088 Osiridis
3104 2033 3228 2104 (ms.
3277 2034 3410 2104 Reg.
3469 2032 3723 2105 Osiridis)
3769 2038 3918 2089 tumu-

2340 2120 2483 2178 lum.
2506 2145 2532 2172 ››
2561 2123 2638 2178 Ex
2654 2123 2830 2178 variis
2848 2123 3007 2177 hisce
3027 2121 3381 2176 lectionibus
3428 2121 3612 2178 cernis
3648 2121 3819 2195 procul
3842 2123 3919 2180 dn-

2340 2210 2457 2276 bio,
2481 2215 2673 2266 utrum
2697 2210 2991 2266 immerito
3010 2210 3373 2281 quibusdam
3400 2210 3518 2266 haec
3540 2210 3813 2266 videantur
3826 2228 3920 2268 esss

2340 2299 2483 2354 adeo
2505 2300 2842 2371 depravata,
2873 2303 2938 2354 ut
2967 2299 3192 2371 absque
3218 2298 3468 2355 alterius
3498 2301 3732 2356 sanioris
3765 2316 3922 2356 manu-

2339 2389 2541 2461 scripti
2567 2390 2787 2445 codicis
2816 2388 3032 2444 auxilio
3062 2388 3258 2445 sanari
3291 2406 3472 2461 posse
3500 2391 3890 2463 desperaverint.

2409 2496 2630 2552 Sensus
2662 2501 2857 2552 autem
2891 2495 3216 2568 primorum
3262 2497 3527 2552 auctoris
3564 2495 3733 2553 nostri
3773 2496 3924 2553 verbo-

2339 2601 2492 2653 rum,
2526 2592 2814 2657 quantum
2846 2602 2912 2640 ex
2943 2601 3058 2642 ms.
3120 2585 3300 2657 Regii,
3360 2586 3491 2642 aliis
3540 2585 3686 2642 haud
3731 2585 3924 2643 absurde

2338 2675 2696 2747 praferenda
2725 2674 2993 2741 lectione,
3043 2679 3236 2747 potest
3285 2675 3516 2748 colligi,
3564 2676 3652 2732 hic
3694 2681 3800 2732 est:
3839 2675 3922 2740 illi,

2338 2777 2439 2818 seu
2476 2762 2670 2834 potius
2701 2762 2795 2817 ille
2819 2761 3160 2824 Alexander,
3193 2779 3259 2817 ac
3290 2762 3445 2818 forte
3478 2762 3676 2818 melius
3725 2764 3840 2828 illic,
3878 2761 3919 2815 id

2338 2855 2448 2915 est,
2469 2849 2526 2904 in
2552 2851 2730 2905 citata
2753 2849 3000 2922 epistola
3021 2849 3357 2907 Alexander
3379 2852 3516 2908 facit
3534 2851 3826 2908 Vulcanum
3843 2864 3928 2906 om-

2338 2938 2754 3010 nium,scilicet
2773 2939 3015 2995 deorum
3037 2940 3457 3011 principem.et
3477 2947 3667 3012 postea
3685 2941 3927 3010 Jovisgeno

2336 3031 2476 3082 tem.
2510 3028 2578 3082 Et
2614 3028 2665 3082 id
2699 3027 2936 3098 quidem
2971 3028 3310 3083 confirmari
3349 3031 3568 3102 optime
3598 3028 3786 3101 poterit
3814 3033 3928 3082 tran-

2337 3116 2570 3188 scriptis
2592 3119 2664 3172 ab
2687 3117 2934 3172 Eusebio
2957 3116 3117 3172 hisce
3131 3117 3374 3173 Diodori
3390 3118 3568 3174 Siculi
3590 3118 3930 3174 verbis:"Evzo:

2337 3200 2396 3258 δὲ
2449 3209 2556 3258 τῶν
2608 3203 2794 3277 ἱερέων
2862 3203 2990 3280 φασὶ
3053 3207 3269 3277 πρῶτον
3327 3207 3624 3282 ’Ἥφαιστον
3682 3202 3928 3281 βασιὶεῦσαι

2336 3292 2508 3367 πυρὸς
2534 3291 2755 3368 εὑρέτην
2784 3292 3097 3366 γενόμενον.
3133 3315 3162 3344 ‹‹
3193 3295 3233 3349 Ε
3265 3297 3675 3352 sacerdotibus
3729 3289 3932 3349 nonnulli
3992 3323 3993 3326 η

2334 3383 2538 3438 volunt
2565 3381 2915 3448 Vulcanum,
2948 3382 3120 3437 illum
3142 3382 3300 3454 ignis
3321 3385 3701 3449 inventorem,
3731 3382 3926 3454 primum

2335 3488 2528 3544 regem
2548 3471 2978 3526 numerandum
3001 3486 3148 3542 esse,
3172 3471 3266 3527 cui
3282 3473 3611 3539 Saturnus,
3631 3473 3777 3529 Jovis
3796 3473 3932 3541 pater,

2333 3561 2578 3633 imperio
2637 3561 3034 3616 successerit»
3097 3560 3388 3632 (Diodor.,
3473 3561 3578 3617 lib.
3637 3579 3652 3617 ι
3705 3559 3930 3622 Βὶὁιίουιη

2332 3651 2560 3722 pag.8;
2624 3650 2856 3718 Euseb.,
2903 3649 3004 3704 lib.
3063 3665 3106 3704 ιι
3166 3655 3423 3722 Ρνκραν.
3487 3653 3714 3718 Evang.,
3752 3644 3933 3719 capt).

2330 3737 2536 3795 Utrum
2567 3743 2760 3794 autem
2795 3737 2951 3792 istud
3014 3753 3216 3792 verum
3277 3740 3364 3794 sit
3424 3739 3671 3795 articulo
3727 3731 3933 3808 sequenti

2328 3827 2818 3883 examinabimus.
2852 3829 2922 3880 At
2959 3831 3111 3880 certe
3161 3828 3471 3883 neminem
3524 3844 3653 3884 esse
3695 3831 3935 3900 putamus,

2328 3917 2428 3988 qui
2459 3915 2610 3971 ultro
2627 3931 2739 3970 non
2765 3915 3014 3970 fateatur
3034 3931 3148 3969 non
3172 3914 3465 3972 minimas
3490 3917 3668 3972 fuisse
3687 3909 3936 3986 gentilium

2327 4006 2397 4061 de
2425 4006 2666 4061 deorum
2699 4020 2941 4060 suorum
2975 4002 3200 4075 origine
3231 4004 3669 4062 dissensiones.
3699 4002 3827 4060 Nam
3865 3994 3934 4051 alii

2326 4094 2590 4168 plerique
2611 4108 2816 4148 omnes
2839 4091 3001 4148 illam
3025 4109 3060 4148 a
3081 4092 3340 4149 Saturno
3364 4096 3609 4149 ductam
3633 4107 3753 4149 esse
3767 4082 3937 4160 opinati

2325 4189 2484 4251 sunt,
2516 4185 2686 4239 sicuti
2719 4181 2892 4254 paulo
2919 4184 3051 4252 post
3084 4181 3546 4253 explicabimus.
3579 4185 3836 4237 Cmterum
3854 4172 3939 4228 sive

2325 4290 2356 4328 a
2377 4273 2649 4339 Saturno,
2674 4271 2794 4327 sive
2816 4287 2851 4326 a
2879 4269 3140 4325 Vulcano
3161 4269 3412 4326 initium
3464 4269 3794 4343 sumpserit,
3823 4263 3940 4321 564

2326 4361 2381 4416 hi
2411 4366 2586 4426 certe,
2621 4376 2810 4431 neque
2839 4373 3039 4414 eorum
3074 4357 3175 4412 filii
3207 4365 3264 4413 et
3298 4366 3555 4433 nepotes
3585 4358 3700 4416 veri
3731 4364 3938 4426 unquam

2321 4451 2401 4504 dii
2437 4448 2799 4504 immortales
2825 4463 2955 4502 esse
2986 4452 3330 4519 potuerunt.

559 4563 698 4613 rat:
757 4555 924 4616 Αὐτὸς
983 4529 1039 4608 δέ
1096 4547 1448 4622 Ἀλέξανδρος
1510 4546 1560 4602 ἐν
1619 4541 1881 4616 ἐπιστολῇ
1931 4541 2069 4618 πρὸς
2115 4541 2214 4610 τὴν

2395 4539 2557 4604 Quod
2589 4543 2785 4592 autem
2839 4541 3036 4607 postea
3078 4536 3371 4593 Minucius
3406 4540 3483 4594 de
3535 4538 3706 4603 Iside,
3751 4535 3944 4604 ejusque

563 4643 790 4720 μητέρα,
824 4643 956 4722 φησί
1011 4639 1284 4717 γεγονέναι
1341 4637 1488 4699 τινὰς
1545 4635 1690 4706 αὖτῷ
1742 4631 1992 4706 μαντείας
2041 4629 2216 4706 ἀπορ-

561 4718 782 4810 ῥήτοος,
838 4718 902 4793 hic
964 4730 1121 4792 αὐτὸς
1185 4728 1491 4791 ἐπανελθὼν
1571 4724 1758 4803 φράσει
1835 4720 1970 4796 πρὸς
2041 4718 2212 4792 μόνην

558 4807 860 4894 tubam...
921 4819 1130 4896 λέγεται
1191 4817 1245 4872 δὲ
1304 4815 1392 4871 καὶ
1449 4813 1773 4885 Ψάμμωνος
1841 4810 1893 4896 ἐν
1952 4807 2214 4884 Αἰγύπτῳ

554 4918 648 4967 τοῦ
706 4895 1009 4990 φιλοσόφοο
1062 4905 1375 4973 διακούσας,
1406 4899 1759 4970 ἀποδέξασθαι
1821 4895 2058 4970 μάλιστα
2101 4901 2211 4952 τῶν

556 4984 885 5079 λεχθέντων,
921 4984 1029 5053 οτι
1087 4997 1277 5056 πάντες
1337 4993 1611 5067 ἄνθρωποι
1681 4985 2057 5063 βασιλεύονται
2109 4984 2213 5040 ὑπὸ

556 5068 711 5146 θεόῡ·
770 5089 832 5144 τὸ
870 5088 969 5165 γὰρ
1019 5087 1188 5162 ἄρχον
1247 5083 1298 5135 ἐν
1352 5079 1559 5150 ἑκάστῳ
1614 5075 1704 5130 καὶ
1761 5077 2013 5149 κρατοῦν,
2068 5068 2211 5128 θεῖόν

557 5181 715 5235 ἐστιν.
784 5199 807 5227 ε
841 5163 971 5250 Ipse
1029 5176 1089 5230 in
1146 5169 1395 5245 epistola
1449 5168 1522 5222 ad
1580 5171 1828 5220 matrem
1893 5163 2216 5218 Alexander

557 5275 741 5326 sortes
773 5267 1061 5336 quasdam
1095 5262 1205 5318 sibi
1241 5259 1320 5314 ait
1349 5272 1594 5314 arcanas
1625 5253 1891 5319 traditas,
1926 5268 2073 5324 quas
2119 5269 2211 5309 re-

558 5375 758 5415 versus
790 5355 896 5412 soli
929 5353 980 5408 ei
1014 5351 1306 5407 relaturus
1345 5350 1565 5403 esset...
1619 5342 1964 5400 Perhibetur
2007 5341 2208 5410 etiam,

552 5468 686 5507 cum
723 5454 1134 5502 Psammonem
1169 5439 1584 5516 philosophum
1618 5433 2014 5492 audivissetin
2038 5433 2209 5507 [Egy-

552 5545 674 5615 pto,
704 5553 773 5594 ex
794 5534 968 5590 dictis
991 5534 1117 5604 ejus
1163 5533 1449 5605 prmcipue
1486 5527 1766 5601 probasse
1796 5540 1999 5580 omnes
2053 5540 2210 5580 mor-

548 5613 696 5689 tales
717 5643 752 5684 a
770 5625 886 5685 Deo
909 5624 1049 5698 regi,
1075 5624 1290 5698 quippe
1312 5618 1467 5694 quod
1503 5618 1559 5675 in
1606 5631 1835 5691 quaque
1867 5629 1926 5670 re
1958 5613 2210 5686 imperat

2325 4629 2395 4684 ad
2416 4625 2792 4683 hirundinem
2824 4625 3001 4680 sistro
3024 4625 3191 4694 dixit,
3225 4626 3625 4683 difﬁcillimas
3647 4641 3777 4682 sane
3816 4617 3948 4675 habet

2323 4716 2669 4788 explicatus.
2703 4714 2950 4780 Quidam
2978 4714 3133 4769 enim
3169 4721 3391 4787 putant
3424 4717 3588 4772 hunc
3617 4703 3944 4772 esseMinucii

2324 4824 2600 4865 sensum:
2635 4807 2963 4861 Alexander
2992 4822 3100 4862 sua
3129 4806 3188 4861 in
3219 4807 3484 4878 epistola
3515 4807 3655 4863 facit
3709 4805 3775 4859 ds
3809 4793 3949 4870 spicis

2324 4896 2493 4953 Isidis
2519 4897 2762 4952 sistrum
2787 4895 2858 4950 ad
2883 4894 3288 4967 hirundinem,
3312 4897 3375 4951 id
3403 4902 3496 4952 est
3539 4909 3748 4951 sonum
3786 4889 3946 4944 hirun-

2323 4986 2524 5041 dinino
2542 4984 2816 5040 similem.
2837 4983 3023 5055 Spicae
3043 4985 3346 5040 enimvero
3387 5001 3714 5053 succussus,
3748 4977 3947 5050 agitate.

2322 5079 2378 5131 et
2407 5074 2621 5130 collisae
2653 5089 2864 5129 sonum
2898 5074 3100 5140 edunt,
3149 5073 3346 5145 qualis
3400 5073 3783 5130 concussione
3826 5056 3951 5119 sistri

2322 5164 2606 5220 redditur.

2390 5252 2712 5308 Salmasius
2741 5268 2875 5307 vero
2925 5251 3259 5324 suspicatur
3311 5252 3649 5308 Minucium
3696 5248 3750 5302 in
3793 5240 3952 5324 ιιίίίιῖο

2319 5342 2498 5398 (ἓνωοί
2531 5341 2835 5414 scriptoris
2868 5339 3018 5396 libro
3042 5323 3264 5412 legisse
3312 5341 3477 5398 inter
3525 5338 3697 5398 Isidis
3737 5323 3952 5401 insignit

2321 5431 2618 5488 numerari
2678 5425 2994 5485 Χελιδονίαν
3055 5434 3327 5503 σεῖστρον,
3397 5431 3512 5486 hoc
3565 5433 3674 5498 est,
3729 5415 3954 5503 ChelidO:

2318 5521 2476 5579 niam
2509 5520 2774 5593 aspidem
2806 5523 2862 5574 et
2890 5518 3132 5575 sistrum
3161 5534 3175 5574 :
3205 5497 3388 5590 quod
3443 5518 3574 5592 ipse
3617 5497 3796 5578 vertit,
3848 5524 3866 5554 ι
3896 5497 3953 5593 ad

2317 5590 2698 5671 hirundinem
2729 5609 2997 5682 sistrum,
3032 5629 3060 5658 »
3090 5607 3256 5683 quasi
3303 5590 3566 5665 sistrum
3610 5601 3842 5663 similem
3879 5590 3947 5648 hi'
