4088 6150
325 287 422 346 531

1748 285 2290 350 DISSER'I‘ATIO.

3605 296 3720 355 582

321 420 551 474 ruudini
613 433 822 474 sonum
854 413 1210 489 crepitaculo
1243 417 1478 485 faceret,
1507 423 1570 474 ut
1608 415 1873 492 κερκίδες,
1907 423 1963 474 et

2099 419 2174 474 ib.
2210 437 2248 475 II
2292 422 2537 492 Praepar.
2586 421 2818 495 Evang.,
2865 440 2991 496 cap.
3045 426 3096 493 1,
3152 441 3282 497 pag.
3335 428 3445 495 46).
3516 427 3722 482 Postea

321 508 454 564 radii
482 506 718 563 textorii
749 506 807 561 in
840 507 1032 564 Graeco
1063 507 1481 580 epigrammate
1510 504 1790 583 χελιδόσιν
1823 505 1958 562 εἷκε-

320 593 548 673 λόφωνοι
611 597 893 652 dicuntur
949 596 1218 669 (Salmas,
1281 598 1338 652 in
1393 598 1597 664 Solin.,
1645 615 1777 671 pag.
1814 597 1962 668 343.)

319 691 500 758 Atque
532 687 672 742 inde
714 686 797 741 sic
829 685 1234 758 corrigendum
1269 693 1465 742 censet
1493 689 1748 743 auctoris
1779 686 1962 742 nostri

317 779 534 830 textum
569 791 584 830 :
619 797 647 824 «
670 775 962 847 Aspicesis
983 773 1152 830 Isidis
1167 775 1238 829 ad
1263 774 1638 831 hirundinem
1663 777 1964 832 sistrum.»

315 865 415 921 Sed
443 864 494 920 si
524 863 817 919 Minucius
852 863 1084 936 aliquod
1119 864 1298 920 Graeci
1327 866 1630 937 scriptoris
1651 883 1800 938 opus
1821 865 1970 937 lege-

303 954 398 1020 rit,
436 971 559 1010 non
612 953 769 1008 aliud
819 969 960 1008 sane
1005 953 1236 1008 videtur
1263 960 1470 1026 praeter
1497 955 1732 1010 citatam
1765 955 1836 1010 ab
1869 953 1969 1009 illo

306 1041 629 1098 Alexandri
655 1043 845 1114 Magni
876 1040 1207 1113 epistolam,
1242 1043 1328 1097 vel
1357 1042 1676 1111 Plutarchi,
1706 1041 1794 1097 vel
1825 1041 1969 1097 alio-

307 1149 436 1187 rum
475 1131 767 1187 libros.At
788 1130 847 1184 in
881 1129 997 1184 illis
1029 1130 1167 1202 quid
1193 1147 1260 1185 ea
1281 1131 1353 1186 de
1379 1148 1440 1186 re
1461 1131 1746 1203 scriptum
1774 1131 1970 1198 fuerit,

303 1221 437 1292 quis
476 1220 742 1275 divinare
774 1218 1008 1291 potest?
1042 1219 1167 1276 Non
1202 1225 1323 1275 tam
1355 1220 1579 1276 incerta
1608 1219 1806 1292 itaque
1837 1237 1973 1275 con-

296 1311 534 1380 jectura
567 1315 769 1364 contra
795 1308 1184 1380 manuscripti
1229 1309 1652 1381 antiquissimi,
1687 1315 1743 1365 et
1771 1310 1975 1365 editio-

304 1417 449 1455 num
485 1398 755 1454 omnium
789 1399 987 1462 ﬁdem,
1020 1401 1217 1454 textus
1249 1397 1350 1454 ille
1381 1399 1681 1454 emendari
1713 1400 1904 1454 debet.

373 1489 534 1554 Quid
589 1504 724 1560 ergo
780 1487 861 1542 ibi
894 1486 1009 1542 sibi
1043 1487 1335 1544 Minucius
1365 1487 1634 1554 voluerit,
1667 1506 1700 1544 a
1729 1488 1898 1543 nobis
1928 1481 1978 1543 si

307 1574 760 1650 postules,nihil
793 1592 900 1631 nos
940 1576 1081 1631 certi
1117 1576 1332 1631 habere
1364 1576 1616 1648 ingenue
1649 1577 1962 1632 fatebimur

305 1667 460 1732 Quid
493 1682 634 1723 vero
665 1664 1075 1736 conjiciamus,
1110 1665 1155 1720 si
1191 1681 1380 1737 roges,
1414 1670 1479 1720 ut
1500 1665 1605 1719 tibi
1643 1682 1863 1720 morem
1890 1681 1979 1738 ge-

2068 525 2202 564 vero
2234 527 2332 565 eas
2365 513 2471 566 Isis
2501 510 2739 579 invenit,
2775 530 2840 568 ac
2872 513 3136 587 singulas
3163 530 3425 585 quasque
3458 515 3514 570 in
3550 516 3719 570 fabri-

2073 605 2202 654 cata
2224 599 2479 654 hominis
2510 600 2699 672 efﬁgie
2731 601 2985 657 inclusit.
3038 603 3347 658 Acoersitis
3379 605 3584 659 deinde
3632 609 3718 660 to-

2072 690 2196 744 tius
2236 689 2464 761 Egypti
2518 691 2937 760 sacerdotibus,
2982 709 3464 765 unamquamque
3496 699 3717 764 partem

2074 778 2341 833 tributim
2373 778 2594 844 divisit,
2627 796 2802 851 quam
2837 797 2944 834 suo
2991 781 3238 852 quisque
3279 780 3404 836 loco
3435 782 3728 854 sepeliret.

2079 868 2466 933 Quamobrem
2501 868 2772 939 quaelibet
2799 869 3023 940 ZEgypti
3055 870 3243 925 tribus
3266 869 3511 925 Osiridis
3531 875 3729 924 tumu-

2078 955 2224 1021 lum,
2260 957 2412 1028 apud
2447 974 2508 1012 se
2539 957 2754 1013 habere
2775 959 3162 1022 existimabat,
3190 958 3403 1026 sed,uti
3427 959 3508 1014 ait
3530 965 3730 1015 auctor

2080 1051 2298 1114 noster,
2351 1045 2585 1100 inanem
2635 1051 2693 1102 et
2739 1064 3011 1102 vacuum.
3058 1047 3400 1102 Plutarchus
3432 1064 3564 1104 vero
3596 1048 3731 1103 sim-

2082 1133 2293 1206 plicius
2329 1134 2679 1206 breviusque
2710 1135 2851 1190 dicit
2881 1135 3092 1191 Isidem
3129 1136 3373 1191 cadaver
3392 1136 3639 1191 Osiridis
3671 1153 3733 1192 se

2085 1224 2222 1278 dare
2249 1222 2742 1293 dissimulantem,
2773 1224 3006 1296 singula
3037 1229 3269 1279 tantum
3302 1224 3546 1296 singulis
3581 1227 3736 1279 urbi-

2085 1313 2196 1367 bus
2237 1313 2465 1367 dedisse
2497 1313 2830 1380 simulacra,
2862 1313 3041 1379 vel,ut
3065 1313 3162 1368 alii
3196 1313 3737 1387 opinantur,singu-

2085 1401 2174 1456 las
2222 1400 2381 1456 illius
2430 1402 2725 1457 cadaveris
2778 1406 2993 1474 partes,
3033 1402 3113 1456 ita
3146 1407 3207 1456 ut
3236 1402 3582 1473 inciderant,
3625 1404 3736 1459 hu-

2092 1507 2281 1545 masse
2312 1489 2656 1561 (Plutarch.,
2693 1490 2792 1546 lib.
2826 1491 2892 1545 de
2920 1490 3072 1560 Isid.,
3105 1495 3156 1545 et
3188 1490 3414 1554 Osfrid,
3444 1509 3572 1564 pag.
3590 1493 3740 1564 358).

2163 1584 2320 1645 Esto,
2379 1579 2601 1650 inquiet
2657 1579 2899 1650 aliquis;
2963 1580 3216 1635 concedo
3265 1579 3496 1634 inanem
3560 1581 3741 1637 fuisse

2093 1668 2339 1724 Osiridis
2368 1668 2686 1722 tumulum.
2703 1669 2812 1723 Sed
2833 1685 2936 1723 cur
2957 1668 3249 1724 Minucius
3270 1667 3530 1722 addidit:
3559 1669 3742 1724 «Sive

307 1772 517 1811 ramus
541 1756 851 1810 observare
873 1753 1040 1826 prius
1065 1753 1233 1824 juvat
1264 1755 1417 1827 quod
1441 1754 1786 1810 Plutarchus
1807 1752 1984 1831 tradi:
2014 1789 2062 1854 B
2093 1757 2390 1830 Serapidis
2419 1758 2553 1812 tui?
2585 1779 2612 1805 »
2646 1761 2718 1811 At
2750 1757 2869 1812 haec
2902 1758 3264 1829 percontanti
3295 1756 3588 1812 Plutarchi
3620 1775 3742 1812 ver-

312 1846 428 1911 dit,
461 1845 679 1900 Isidem
713 1843 770 1898 in
803 1843 1186 1898 hirundinem
1218 1848 1502 1899 mutatam
1526 1843 1978 1916 (Plutarch.,lib.

317 1934 384 1990 de
416 1934 544 1989 Isid.
572 1941 621 1989 et
654 1931 857 1988 Osirid.
893 1948 1026 2004 pag.
1067 1932 1213 2000 356;
1252 1932 1393 1987 Ibid.
1430 1949 1560 2004 pag.
1593 1933 1740 2004 376).
1766 1932 1982 1990 Deinde

318 2039 454 2079 vero
482 2022 722 2078 sistrum
759 2021 1024 2093 depingit
1055 2019 1354 2091 superiore
1387 2025 1546 2092 parte
1568 2021 1981 2089 rotundum,ac

329 2110 647 2167 curvamini
703 2108 862 2165 illius
901 2110 960 2163 in
1012 2110 1224 2164 vertice
1273 2109 1470 2181 efﬁngi
1522 2109 1689 2166 felem
1721 2109 1982 2166 humana

339 2201 542 2274 specie,
577 2205 633 2255 et
661 2198 790 2254 imas
824 2199 997 2270 parti,
1028 2198 1181 2253 infra
1210 2215 1296 2267 ea,
1331 2216 1456 2270 qua:
1487 2199 1851 2270 quatiuntur,
1875 2199 1978 2254 ali-

343 2289 557 2360 quando
590 2287 783 2356 Isidis,
817 2288 1135 2360 aliquando
1166 2287 1461 2359 Nephtyos
1498 2288 1726 2346 faciem.
1761 2293 1834 2342 At
1864 2305 1978 2344 non

346 2378 506 2432 unius
538 2383 792 2443 tantum,
825 2377 928 2432 sed
962 2375 1102 2431 varii
1131 2376 1359 2448 generis
1394 2377 1751 2448 diversisque
1784 2377 1980 2433 formai

353 2467 512 2522 sistra
539 2471 800 2537 erant,ut
830 2471 982 2521 recte
1011 2469 1210 2521 contra
1241 2465 1510 2520 Vossium
1533 2465 1758 2520 Tollius
1790 2467 1978 2538 (Tom.

348 2555 412 2611 VI
458 2557 720 2627 Antiquit.
772 2554 942 2611 Grec.
1003 2570 1136 2626 pag.
1184 2554 1277 2609 411
1336 2558 1393 2610 et
1422 2554 1590 2626 seq.),
1635 2553 1851 2626 aliique
1882 2555 1981 2610 de-

350 2650 680 2701 monstrant.
732 2644 909 2699 Porro
959 2649 1154 2698 autem
1186 2643 1357 2698 Isidis
1391 2643 1577 2716 figura
1608 2648 1982 2716 repraesenta-

353 2735 526 2802 batur,
555 2735 756 2789 dextra
788 2749 966 2787 manu
1000 2732 1240 2787 sistrum
1274 2737 1532 2800 gestans.
1570 2736 1703 2802 Ipsa
1730 2748 1885 2800 vero,
1919 2737 1983 2787 ut

351 2823 608 2888 vidimus,
642 2822 844 2878 eadem
875 2825 964 2876 est
989 2837 1055 2875 ac
1085 2822 1276 2887 Ceres,
1311 2836 1439 2892 quas
1467 2823 1661 2891 fruges
1690 2820 1984 2877 invenisse

357 2911 649 2967 ferebatur.
700 2911 922 2976 Quibus
971 2911 1049 2965 ita
1098 2909 1420 2982 explicatis,
1452 2911 1729 2981 expende,
1765 2927 1980 2981 quaeso,

354 3016 420 3055 an
457 3002 564 3055 dici
613 3002 800 3072 possit
846 2999 995 3055 hanc
1035 3015 1164 3055 esse
1192 2999 1446 3054 auctoris
1472 2998 1654 3054 nostri
1688 3004 1980 3055 mentem:

355 3089 659 3146 Alexander
706 3107 814 3146 sua
864 3089 922 3144 in
986 3087 1232 3160 epistola
1287 3087 1982 3160 scripsit,reprtesentari

2091 1847 2183 1903 bis
2216 1847 2703 1919 respondebimus
2752 1847 2933 1918 (Idem
2966 1847 3123 1910 ibid.,
3156 1862 3288 1918 pag.
3322 1846 3486 1914 362):
3523 1868 3551 1897 ‹‹
3586 1847 3736 1901 Prai-

2091 1941 2207 1991 stat
2238 1935 2449 1991 Osirim
2498 1951 2632 1990 cum
2679 1934 2904 1989 Baccho
2961 1935 3229 1989 eumdem
3275 1936 3481 2002 facere,
3515 1939 3736 1990 etcum

2091 2023 2314 2079 Osiride
2371 2023 2648 2094 Serapim,
2709 2021 2791 2076 sic
2843 2021 3062 2077 dictum
3121 2028 3430 2092 postquam
3466 2028 3737 2077 naturam

2093 2112 2356 2179 mutavit,
2407 2112 2547 2182 quia
2593 2111 2868 2165 omnibus
2914 2111 3246 2166 communis
3299 2116 3388 2166 est
3415 2112 3669 2182 Serapis.
3704 2133 3730 2162 ιι

2090 2201 2310 2258 Deinde
2367 2202 2636 2257 observat
2695 2199 3003 2272 plerosque
3061 2200 3392 2254 sacerdotes
3468 2200 3739 2255 docuisse

2090 2291 2360 2346 eumdem
2392 2306 2519 2346 esse
2551 2288 2760 2345 Osirim
2795 2294 2969 2361 atque
2991 2289 3181 2360 Apim,
3209 2294 3265 2344 et
3287 2288 3443 2344 hunc
3476 2311 3502 2337 ‹‹
3526 2289 3741 2344 intelli-

2090 2380 2347 2453 gendum
2373 2380 2688 2434 formosam
2712 2379 2917 2434 anima:
2942 2377 3189 2434 Osiridis
3212 2378 3584 2450 imaginem.»
3625 2378 3740 2434 Nos

2090 2486 2222 2524 vero
2241 2468 2376 2524 alibi
2401 2468 2767 2524 ostendimus
2802 2469 3098 2539 quomodo
3129 2484 3196 2523 ex
3230 2467 3333 2539 Api
3367 2468 3586 2522 factum
3623 2468 3743 2522 fue-

2092 2560 2167 2613 rit
2214 2557 2512 2630 Serapidis
2562 2573 2774 2612 nomen
2820 2562 2984 2624 (tom.
3030 2557 3049 2610 Ι
3082 2558 3340 2627 Αρραναι.
3374 2555 3477 2610 lib.
3512 2572 3600 2618 iu,
3631 2556 3747 2610 dis-

2092 2653 2230 2703 sert.
2285 2647 2341 2715 2,
2396 2663 2523 2718 cap.
2577 2647 2629 2716 4,
2680 2649 2789 2700 art.
2844 2646 2894 2712 1,
2945 2661 3077 2716 pag.
3130 2645 3307 2716 1090).
3350 2645 3742 2709 Quamobrem

2092 2734 2445 2801 Lactantius,
2501 2733 2809 2788 Plutarcho
2843 2734 2994 2788 haud
3029 2733 3205 2788 dubie
3235 2733 3606 2804 subscripsit,
3643 2733 3743 2787 ubi

2091 2825 2204 2880 ait:
2241 2847 2266 2872 ‹‹
2304 2823 2401 2878 Est
2428 2823 2633 2890 Osiris,
2668 2838 2844 2894 quem
2877 2822 3116 2892 Sarapin
3150 2826 3204 2875 et
3235 2821 3574 2892 Serapidem
3614 2822 3744 2876 vul-

2092 2931 2202 2984 gus
2242 2912 2515 2984 appellat.
2548 2911 2748 2966 Solent
2783 2911 2939 2966 enim
2974 2909 3220 2965 mortuis
3251 2910 3604 2965 consecratis
3635 2925 3738 2964 no-

2093 3003 2253 3058 mina
2283 3001 2581 3056 immutari
2611 3018 2623 3068 ;
2676 3001 2847 3054 credo
2875 3017 2944 3054 ne
2975 3000 3107 3072 quis
3140 3005 3305 3071 putet
3335 3015 3433 3054 eos
3465 2998 3738 3054 homines

2097 3091 2276 3145 fuisse
2324 3093 2604 3158 (Lactant.
2656 3088 2754 3142 lib.
2807 3105 2844 3154 ι,
2894 3105 3020 3160 cap.
3050 3091 3140 3154 21,
3173 3104 3306 3159 pag.
3339 3089 3482 3154 118).
3523 3109 3548 3136 ››
3580 3085 3741 3142 Utri~

362 3176 553 3234 Isidem
612 3196 712 3234 seu
766 3156 1038 3234 Cererem
1078 3177 1374 3246 frumenti,
1406 3156 1452 3232 _a
1496 3194 1576 3244 se,
1618 3156 1698 3231 uti
1733 3179 1981 3246 aiebant,
2016 3156 2058 3222 Ο
2097 3197 2209 3252 que
2259 3156 2624 3250 adjiciamus,
2673 3178 2771 3248 qui
2801 3156 3394 3250 priorvoitaridebuit,
3430 3176 3743 3232 Diodorum

365 3266 586 3334 inventi,
637 3267 831 3340 spicas
878 3267 935 3322 in
981 3266 1193 3338 capite,
1252 3266 1462 3322 subtus
1504 3266 1903 3334 hirundinem,
1929 3267 1990 3323 in

360 3371 520 3426 quain
569 3361 796 3412 mutata
853 3357 1062 3425 fuerat,
1095 3372 1161 3410 ac
1193 3355 1394 3410 dextra
1419 3372 1594 3409 manu
1628 3356 1866 3410 sistrum
1901 3373 1994 3428 ge-

359 3445 862 3502 stantem.Meliora
891 3451 1087 3501 tamen
1117 3444 1222 3500 tibi
1255 3443 1312 3498 in
1336 3450 1590 3500 mentem
1625 3445 1672 3497 si
1705 3446 1991 3514 venerint,

359 3535 626 3608 nobisque
679 3551 983 3607 suggeras,
1034 3533 1364 3600 confestim,
1415 3533 1774 3605 minimeque
1804 3534 1992 3590 reluc-

356 3628 555 3690 tantes,
609 3625 914 3681 sententiaa
955 3628 1065 3678 tuaa
1099 3622 1559 3678 subscribemus.
1591 3625 1660 3677 At
1690 3623 1992 3680 fatendum

353 3715 535 3769 tamen
586 3714 696 3769 erit
747 3712 1067 3768 Minucium
1119 3710 1256 3766 hinc
1303 3715 1459 3766 recte
1486 3711 1833 3766 concludere
1864 3712 1997 3766 ridi-

349 3803 530 3858 culam
569 3800 810 3859 omnino
839 3817 966 3856 esse
995 3803 1053 3854 et
1082 3799 1503 3872 explodendam
1531 3797 1681 3854 hanc
1712 3799 1885 3856 Isidis
1914 3800 1997 3856 di-

343 3889 664 3947 vinitatem.

2100 3267 2384 3336 Siculum,
2417 3267 2583 3338 cujus
2606 3265 2724 3320 haec
2757 3265 3005 3338 legimus
3035 3266 3244 3321 verba:
3281 3289 3307 3314 ‹‹
3332 3266 3544 3321 Osirim
3570 3267 3743 3320 modo

2098 3356 2358 3430 Sarapin,
2394 3357 2565 3411 modo
2610 3355 2944 3426 Dionysum,
2978 3355 3273 3409 interdum
3309 3354 3629 3418 Plutonem,
3663 3355 3746 3407 in-

2100 3447 2329 3500 terdum
2383 3451 2749 3512 Ammonem,
2801 3443 3152 3514 quandoque
3199 3443 3422 3512 Jovem,
3468 3459 3583 3497 non
3617 3458 3747 3497 raro

2102 3533 2257 3588 Pana
2307 3549 2434 3587 esse
2483 3536 2691 3604 putant
2731 3547 2743 3585 :
2777 3527 2868 3584 τὰν
2915 3532 3125 3605 ’Ὀσιριν
3179 3530 3229 3583 οἱ
3276 3530 3369 3602 μὲν
3411 3529 3747 3605 Σάραπιν....

2102 3620 2408 3692 νενομίκασι
2443 3643 2469 3670 ››
2502 3621 2754 3692 (Diodor.
2787 3620 2889 3675 lib.
2923 3638 2939 3676 ι
2972 3621 3228 3677 Biblioth.
3258 3637 3389 3692 pag.
3425 3620 3533 3692 15).

2175 3712 2286 3766 Cur
2317 3715 2510 3765 autem
2555 3709 2842 3764 Minucius
2885 3711 3177 3765 addiderit
3209 3711 3312 3774 tui,
3346 3708 3514 3764 facile
3544 3707 3755 3762 intelli-

2103 3817 2226 3874 ges,
2259 3799 2305 3855 si
2339 3798 2769 3854 animadvertas
2800 3798 2968 3854 illum
3009 3803 3211 3854 contra
3241 3797 3535 3853 Caecilium
3558 3797 3733 3869 dispu

2105 3895 2246 3956 tare,
2299 3888 2399 3960 qui
2448 3893 2505 3943 et
2533 3888 2802 3943 ethnicus
2830 3887 3021 3943 adhuc
3052 3892 3195 3954 erat,
3231 3893 3290 3942 et
3317 3887 3554 3942 obvium
3585 3885 3751 3940 Sera-

410 3979 710 4036 Postremo
757 3979 816 4033 in
862 3978 1064 4038 eadem
1119 3976 1427 4032 Alexandri
1459 3975 1724 4048 epistola,
1757 3977 1896 4048 sive,
1932 3981 1998 4034 ut
2105 3978 2258 4050 pidis
2289 3976 2694 4044 simulacrum,
2729 3977 2899 4032 sicuti
2933 3975 3060 4032 libri
3102 3976 3281 4047 hujus
3311 3975 3367 4029 in
3403 3975 3568 4029 initio
3617 3989 3753 4027 nar-

336 4067 604 4142 qunitur
626 4072 832 4124 auctor
861 4072 1058 4123 noster
1087 4087 1115 4116 «
1147 4066 1463 4131 volumine,
1497 4089 1526 4118 »
1561 4065 1843 4137 scriptum
1875 4071 2000 4122 erat
2105 4072 2290 4135 ratur,
2324 4066 2504 4138 impio
2553 4065 2713 4120 culta
2766 4064 3138 4120 salutaverat.
3169 4063 3336 4135 Atqui
3370 4064 3489 4119 sive
3518 4061 3753 4132 plenum

329 4179 359 4207 cr
389 4158 702 4232 dispersis.
736 4179 765 4206 η
798 4155 885 4211 vel
925 4178 951 4209 υ
981 4155 1237 4229 aspersis
1271 4155 1550 4210 membris
1586 4157 1816 4212 inanem
1839 4157 1998 4211 Sera-
2108 4155 2350 4212 Osiridis
2403 4155 2489 4210 vel
2533 4155 2830 4226 Serapidis
2862 4155 3119 4220 ossibus,
3154 4154 3273 4208 sive
3303 4168 3547 4206 vacuum
3583 4149 3756 4204 fuerit

321 4248 510 4319 pidis,
570 4247 694 4303 sive
744 4245 991 4302 Osiridis
1025 4243 1339 4300 tumulum.
1377 4266 1405 4295 »
1440 4245 1556 4302 Nec
1587 4261 1827 4316 prorsus
1859 4262 1999 4302 sane
2108 4245 2463 4318 sepulcrum,
2497 4243 2634 4298 hinc
2684 4244 3007 4299 certissime
3048 4243 3354 4296 conﬁcitur
3383 4255 3571 4310 neque
3601 4237 3755 4303 illos,

319 4334 658 4390 immerito.
694 4334 907 4388 Narrat
937 4333 1092 4388 enim
1131 4331 1420 4387 Diodorus
1449 4331 1676 4388 Siculus
1709 4334 1998 4404 quosdam
2108 4350 2295 4405 neque
2325 4332 2472 4388 alios
2504 4333 2776 4388 similiter
2802 4336 3064 4386 mortuos
3095 4329 3416 4383 divinitatis
3446 4343 3574 4383 esse
3606 4342 3760 4380 com-

323 4421 655 4477 tradidisse
683 4422 1023 4495 Typhonem
1059 4421 1257 4476 fratris
1288 4421 1380 4476 sui
1410 4421 1678 4488 Osiridis,
1710 4440 1744 4476 a
1773 4438 1834 4477 se
1873 4439 1999 4477 cru-
2111 4429 2292 4496 potes.
2360 4427 2508 4477 Deus
2558 4423 2851 4476 enimvero
2910 4423 2998 4474 est
3048 4424 3323 4487 aeternus,
3366 4417 3463 4487 qui
3501 4434 3533 4470 a
3563 4415 3756 4486 seipso

327 4509 555 4566 deliter
595 4512 802 4579 necati,
856 4511 1004 4566 565
1057 4526 1269 4581 corpus
1311 4510 1371 4564 in
1419 4515 1615 4580 partes
1646 4510 1868 4582 viginta
1897 4528 1993 4566 sex
2033 4528 2076 4591 [)
2110 4517 2338 4566 tantum
2383 4510 2559 4564 vitam
2609 4509 2806 4576 habet,
2857 4525 3032 4580 quam
3064 4507 3280 4562 idcirco
3312 4505 3584 4562 amittere
3609 4521 3758 4559 nun-

326 4600 662 4671 desecasse,
695 4617 845 4671 quas
875 4599 1118 4655 totidem
1146 4597 1440 4670 parricidii
1469 4597 1561 4654 sui
1593 4599 1769 4654 sociis
1795 4600 1996 4654 distri~
2111 4617 2285 4672 quam
2315 4604 2522 4672 potest.

326 4689 472 4746 buit
505 4689 766 4760 (Diodor.
796 4687 972 4744 Sicul.
1007 4689 1192 4743 IBibl.
1227 4704 1359 4760 pag.
1394 4689 1499 4756 12;
1532 4693 1590 4743 et
1611 4688 1767 4760 apud
1790 4689 1998 4745 Euseb.

1812 4879 2070 4941 CAPUT
2112 4878 2268 4941 XVI.

341 5026 510 5082 ιοο
572 5022 769 5094 Quam
836 5020 1042 5082 valida
1114 5020 1240 5081 sint
1313 5018 1437 5079 alia
1501 5023 1896 5097 argumenta,
1955 5020 2188 5099 quibus
2235 5019 2528 5081 Octavius
2584 5027 2804 5082 contra
2859 5021 3176 5082 Caecilium
3264 5016 3511 5099 probat,
3570 5012 3762 5074 falsos

1519 5100 1852 5180 nullosque
1883 5120 2017 5164 esse
2048 5101 2372 5180 gentilium
2405 5101 2580 5160 deos.

805 5249 1207 5308 ARTICULUS
1249 5249 1533 5305 PRIMUS.

321 5339 519 5410 Quam
554 5337 867 5412 luculenter
917 5345 1192 5412 Octavius
1220 5355 1292 5393 ex
1324 5339 1506 5412 prima
1534 5337 1762 5394 deorum
1791 5342 2005 5412 urigine

411 5409 665 5465 ostendat
706 5428 795 5467 eos
841 5413 962 5469 deos
1003 5427 1114 5467 non
1157 5411 1350 5483 fuisse,
1383 5411 1483 5465 sed
1513 5425 1687 5483 meros
1717 5409 1962 5468 homines
1982 5429 2002 5475 ;

410 5497 476 5537 ac
507 5483 690 5556 primo
713 5484 936 5556 quidem
983 5481 1172 5540 eorum
1194 5484 1505 5556 principem
1530 5481 1850 5550 Saturnum,
1883 5489 2005 5541 Cre-

409 5554 900 5628 ta_profugum,_a
929 5557 1063 5612 ,Ιαηο
1095 5557 1156 5610 in
1185 5554 1350 5610 Italia
1377 5557 1716 5628 susceptum,
1765 5557 1860 5612 ubi
1906 5557 2002 5612 ho-

409 5625 795 5699 mines—plura
823 5626 1026 5695 docuit,
1059 5643 1124 5684 ac
1148 5626 1468 5699 prwJertim
1489 5642 1738 5684 nummos
1756 5629 2003 5702 signare,

2184 5252 2508 5323 imprimere
2542 5249 2777 5320 litteras,
2805 5267 2872 5307 ac
2898 5251 3057 5322 cujus
3076 5250 3298 5307 nomine
3328 5246 3596 5302 Saturnia
3623 5259 3764 5299 nun-

2183 5331 2380 5395 cupata
2408 5330 2506 5378 est.

2188 5446 2616 5503 Intolerandam
2654 5463 2893 5517 prorsus
2924 5445 3156 5512 Caecilii,
3191 5444 3554 5510 aliorumque
3584 5440 3771 5512 genti-

2114 5536 2282 5607 lium,
2335 5537 2404 5590 de
2449 5535 2562 5590 diis
2602 5537 2726 5589 suis
2769 5538 3215 5591 ostentationem
3267 5540 3332 5589 ut
3363 5531 3653 5589 Minucius
3704 5530 3767 5587 in

2116 5630 2459 5703 perpetuum
2491 5623 2861 5712 comprimat,
2891 5625 3052 5700 ipsos
3085 5638 3459 5698 nequaquam
3491 5619 3769 5688 deos,sed
