4088 6150
500 275 614 336 583

1788 260 1886 329 DE
1931 259 2231 329 MlNUCll
2287 261 2623 326 OCTAVIO
3737 279 3830 340 584

499 426 532 462 a
566 406 751 478 prima
783 432 890 459 oud
919 407 1142 476 urigine
1175 427 1360 460 meros
1389 405 1653 458 homines
1678 404 1858 458 luisse
1875 403 2029 456 hunc
2047 401 2125 454 de.

2263 399 2600 470 εεμιειιιυε,
2671 404 2844 467 atque
2906 397 3239 452 Lactantius
3307 397 3510 467 scripto
3579 411 3832 473 prodidere

499 500 786 550 monstrat
833 493 892 548 in
947 495 1226 550 modum:
1261 515 1289 543 «
1336 493 1655 548 Saturnum
1691 489 2008 564 principem
2045 489 2145 543 hu-

490 585 612 654 jus,
649 606 676 631 ››
705 582 926 640 scilicet
956 584 1219 650 deorum,
1252 605 1281 632 ‹‹
1317 582 1566 653 generis,
1599 597 1802 636 omnes
1833 578 2147 649 scriptores

495 675 804 729 vetustatis
852 673 1032 729 Graeci
1087 673 1469 743 Romanique,
1518 670 1817 725 hominem
1873 668 2144 740 prodide-

497 769 653 818 runt.
713 763 832 819 Scit
890 763 999 818 hoc
1052 763 1244 834 Nepos
1289 769 1348 818 et
1392 761 1628 817 Cassius
1675 759 1734 814 in
1776 756 2039 825 historia,
2088 760 2145 812 et

497 851 741 908 Thallus
770 857 825 907 et
852 852 1139 909 Diodorus
1173 853 1277 906 hoc
1308 851 1649 920 loquuntur.
1686 870 1714 899 »

572 959 783 1014 Eodem
831 959 1065 1030 penitus
1096 959 1268 1012 modo
1296 956 1694 1012 Tertullianus
1723 955 1955 1012 eosdem
1989 954 2140 1009 chri-

498 1049 706 1104 stianze
756 1047 1051 1120 religionis
1102 1048 1302 1102 hostes
1357 1046 1669 1119 prosternit
1721 1062 1784 1100 ac
1851 1043 2139 1099 debellat:

497 1160 525 1189 κ
560 1140 704 1193 Ante
752 1137 1090 1204 Saturnum,
1153 1136 1365 1208 inquit,
1416 1140 1564 1192 Deus
1615 1151 1790 1207 penes
1838 1151 1937 1188 vos
1971 1149 2141 1188 nemo

495 1232 602 1282 est.
637 1227 721 1282 Ab
751 1225 850 1280 illo
879 1241 1088 1280 census
1130 1226 1330 1296 totius,
1363 1224 1450 1280 vel
1485 1223 1744 1296 potioris,
1777 1223 1861 1278 vel
1896 1222 2140 1278 notioris

495 1315 1049 1385 divinitatis.Itaque
1079 1315 1232 1386 quod
1265 1315 1335 1369 de
1366 1314 1588 1386 origine
1619 1311 1961 1378 constiterit,
1994 1311 2048 1366 id
2083 1316 2141 1366 et

495 1406 564 1460 de
597 1405 935 1478 posteritate
961 1403 1283 1459 conveniet.
1317 1405 1632 1458 Saturnum
1683 1403 1900 1472 itaque,
1951 1418 2137 1473 quan-

493 1499 617 1548 tum
655 1495 856 1549 litterae
888 1493 1117 1559 docent,
1161 1509 1350 1563 neque
1397 1492 1680 1547 Diodorus
1735 1491 1988 1558 Graecus,
2035 1495 2139 1546 aut

493 1582 756 1653 Thallus,
793 1600 980 1654 neque
1011 1581 1248 1636 Cassius
1274 1583 1535 1650 Severus,
1569 1585 1669 1634 aut
1699 1580 2002 1635 Cornelius
2025 1579 2134 1634 Ne-

488 1690 615 1744 pos,
649 1689 836 1743 neque
868 1672 1021 1726 ullus
1054 1677 1480 1726 commentator
1508 1670 1797 1741 ejusmodi
1823 1669 2137 1740 antiquita-

487 1768 638 1828 tum,
665 1761 822 1816 aliud
850 1777 1023 1832 quam
1050 1759 1345 1814 hominem
1370 1759 1942 1831 promulgaverunt»
1973 1758 2132 1825 (Ter-

487 1851 715 1905 tullian.
750 1851 968 1921 Apolog.
1002 1866 1128 1920 cap.
1167 1850 1251 1915 10,
1295 1865 1426 1920 pag.
1479 1849 1589 1916 12).
1643 1848 1852 1902 Eadem
1907 1846 2019 1902 alio
2069 1848 2128 1903 in

487 1939 634 1995 libro
668 1940 894 2010 repetit,
935 1939 1046 1994 nisi
1080 1938 1231 2010 quod
1265 1956 1298 1992 a
1330 1937 1523 1993 nescio
1576 1954 1691 2007 quo
1745 1937 1976 2001 Tacitus,
2027 1953 2130 2008 pro

486 2030 725 2098 Thallus,
770 2035 834 2083 ut
887 2045 993 2083 suo
1051 2027 1175 2082 loco
1225 2027 1656 2096 annotabimus,
1708 2027 1992 2098 scriptum
2042 2030 2132 2081 est

487 2119 687 2189 (Idem.
722 2117 824 2172 lib.
856 2135 896 2173 II
940 2117 1009 2170 ad
1058 2120 1280 2173 Nation.
1334 2133 1458 2187 cap.
1510 2117 1596 2181 12,
1647 2133 1778 2188 pag.
1825 2117 1944 2182 75;
2003 2117 2126 2171 Dis-

481 2210 607 2262 κενέ.
643 2208 700 2262 in
735 2208 1049 2262 Tertullian.
1085 2223 1210 2278 cap.
1260 2207 1350 2274 27,
1402 2209 1509 2260 art.
1562 2206 1636 2274 4).
1689 2204 1832 2259 Nam
1887 2206 2128 2260 Lactan-

483 2298 621 2363 tius,
657 2296 756 2367 qui
779 2313 911 2351 eum
945 2301 1002 2351 et
1033 2296 1350 2350 Minucium
1384 2300 1651 2350 nostrum
1692 2294 1974 2366 sequitur,
2009 2295 2130 2350 haec

485 2387 554 2440 ilo
586 2387 789 2440 eodem
822 2386 1073 2441 Saturno
1105 2385 1347 2439 totidem
1381 2384 1570 2439 verbis
1619 2384 1799 2439 dixit:
1855 2407 1876 2435 ε
1911 2385 2128 2440 Omnes

486 2493 598 2530 non
631 2479 860 2529 tantum
895 2480 1096 2544 poetas,
1129 2474 1230 2528 sed
1261 2472 1636 2528 historiarum
1667 2490 1919 2544 quoque,
1945 2489 2010 2528 ac
2033 2491 2128 2530 re-

482 2582 609 2619 rum
642 2563 1017 2634 antiquarum
1052 2563 1385 2634 scriptores,
1421 2562 1718 2617 hominem
1752 2562 1933 2618 fuisse
1988 2580 2125 2618 con-

484 2653 764 2716 sentiunt,
799 2652 899 2723 qui
951 2667 1040 2705 res
1089 2653 1215 2719 ejus
1263 2650 1322 2704 in
1374 2649 1535 2704 Italia
1581 2657 1774 2722 gestas
1833 2651 2125 2706 memorias

484 2742 900 2812 prodiderunt;
943 2740 1118 2795 Graeci
1170 2739 1456 2794 Diodorus
1505 2744 1561 2794 et
1603 2739 1884 2808 Thallus;
1935 2740 2125 2795 Latini

478 2829 687 2902 Nepos,
747 2834 803 2884 et
858 2829 1117 2893 Cassius,
1176 2834 1233 2883 et
1279 2827 1459 2883 Varro
1494 2850 1522 2877 »
1570 2828 1856 2899 (Lactant.
1920 2828 2022 2884 lib.
2081 2847 2122 2899 1,

477 2936 603 2992 cap.
643 2919 726 2984 13,
763 2935 892 2990 pag.
925 2917 1038 2988 76).

551 3010 809 3072 Quatuor
840 3012 1034 3062 tamen
1067 3005 1451 3078 scriptoribus
1483 3023 1515 3060 a
1537 3004 1812 3075 Minucio,
1841 3009 2122 3077 quemad-

479 3099 718 3153 modum
755 3114 788 3151 a
817 3096 1172 3151 Tertulliano
1202 3094 1478 3160 laudatis,
1503 3094 1773 3166 quintum
1793 3095 1890 3152 ille
1911 3097 2123 3167 adjecit

478 3191 818 3242 Varronem.
856 3187 938 3241 lta
970 3201 1108 3241 sane
1139 3185 1362 3240 strenui
1394 3183 1477 3238 illi
1527 3183 1776 3256 pugiles,
1827 3187 2122 3242 conversis
2153 3170 2196 3236 C

477 3277 534 3330 in
561 3277 759 3331 hostes
783 3275 1033 3348 propriis
1056 3290 1254 3329 eorum
1280 3273 1484 3344 copiis,
1511 3273 1642 3328 illos
1667 3274 1898 3345 penitus
1930 3275 2124 3331 delent

478 3366 924 3438 proﬂigantque.

542 3465 756 3518 Verum
791 3481 913 3531 cur,
947 3461 1198 3532 inquies,
1233 3460 1546 3534 scriptores
1575 3460 1658 3515 illi
1691 3466 1856 3517 tanta
1893 3479 2122 3519 asseve-

481 3555 703 3608 ratione
733 3553 1027 3607 al'lirmare
1058 3551 1186 3606 ausi
1219 3557 1357 3605 sunt
1385 3552 1703 3606 Saturnum
1728 3552 1967 3607 deorum
1996 3570 2120 3608 om-

478 3643 641 3697 nium
675 3641 931 3713 primum
963 3657 1090 3695 esse
1111 3645 1165 3695 et
1189 3639 1508 3712 principem
1530 3640 1557 3694 ?
1577 3640 1778 3696 Nonne
1799 3641 2124 3698 Alexander

472 3749 506 3787 a
538 3731 835 3786 sacerdote
866 3729 1224 3794 admonitus,
1276 3730 1335 3783 in
1386 3728 1650 3801 epistola,
1704 3730 1875 3801 paulo
1924 3736 2059 3787 ante
2089 3749 2122 3788 a

473 3820 643 3876 nobis
675 3820 870 3886 citata,
905 3818 1140 3891 scripsit
1170 3820 1410 3873 deorum
1444 3818 1766 3890 principem
1797 3835 1925 3875 esse
1986 3819 2120 3875 Vul-

475 3925 712 3975 canum,
745 3915 801 3964 et
831 3914 1030 3980 postea
1060 3907 1219 3963 Jovis
1251 3914 1482 3980 gentem
1506 3907 1533 3961 ?
1561 3909 1668 3962 Sed
1714 3909 1852 3980 quid
1906 3909 2119 3966 mirum

474 3999 522 4053 si
556 3998 952 4054 aberrantium
989 3996 1296 4069 gentilium
1330 3997 1499 4051 variae
1552 3997 1767 4051 fuerint
1813 3997 1882 4053 de
1933 3998 2122 4070 prima

472 4087 753 4142 falsorum
787 4088 1027 4142 deorum
1063 4102 1301 4140 suorum
1333 4084 1558 4157 origine
1581 4087 1883 4158 opiniones
1907 4092 1929 4143 Ρ
1950 4088 2120 4144 Dein-

471 4177 541 4232 de
569 4195 702 4232 vero
734 4174 856 4230 haec
889 4175 1062 4230 unius
1093 4175 1412 4230 sacerdotis
1439 4176 1746 4242 sententia,
1779 4177 1888 4244 vel,
1924 4181 1986 4232 ut
2039 4179 2120 4235 ait

469 4267 787 4331 Minucius,
817 4269 1105 4320 secretum
1142 4265 1267 4317 fuit.
1319 4263 1460 4326 Quis
1510 4265 1690 4335 igitur
1727 4265 1936 4320 dixerit
1986 4268 2117 4323 huic

467 4357 675 4428 magis,
710 4372 885 4428 quam
920 4359 1003 4409 tot
1043 4354 1190 4410 567
1256 4353 1647 4408 celeberrimis
1706 4355 2112 4426 scriptoribus,

467 4447 540 4501 ab
571 4453 806 4503 auctore
839 4452 1038 4502 nostro
1069 4445 1282 4509 citatis,
1319 4446 1676 4501 credendum
1700 4445 1728 4500 7
1759 4446 2018 4518 Denique
2047 4465 2114 4504 ex

2253 488 2534 558 (Diodor.,
2585 486 2685 542 lib.
2748 503 2810 541 In
2869 485 3153 554 Bibliolh.,
3215 502 3345 557 pag.
3409 489 3518 554 136,
3573 499 3624 547 et
3653 494 3740 551 lib.
3788 518 3829 556 v.

2254 595 2385 649 pag.
2417 578 2515 632 231
2549 579 2608 630 et
2636 576 2775 640 233;
2806 575 3075 643 Tertull.,
3106 576 3350 645 Ap010g.,
3375 593 3494 647 cap.
3529 580 3604 648 10,
3629 599 3741 656 pag.
3764 590 3830 657 12,

2252 672 2309 721 et
2338 665 2436 722 lib.
2475 683 2516 720 ιι
2545 667 2618 720 ad
2671 667 2915 731 Νικίαι,
2961 682 3088 736 cap.
3137 666 3225 728 12,
3273 681 3402 737 pag.
3448 667 3544 734 75;
3589 675 3831 744 Cyprian,

2251 757 2320 811 de
2349 756 2480 811 Idol.
2515 756 2710 823 vanil.,
2745 770 2874 826 pag.
2912 755 2972 808 11
3002 771 3014 821 ;
3050 753 3331 817 Lactant.,
3380 753 3477 810 lib.
3534 775 3570 824 ι,
3613 775 3722 832 cap.
3770 766 3834 836 l3,

2251 861 2381 916 pag.
2414 845 2526 914 7d).

2325 939 2400 988 De
2430 932 2708 989 Saturnia
2737 937 2931 988 autem
2966 932 3109 987 urbe
3139 937 3196 987 et
3223 930 3484 987 Janiculo
3513 933 3624 990 haec
3667 941 3840 997 cecinit

2249 1021 2565 1094 Virgilius:
2855 1041 2896 1074 ι

2343 1130 2466 1178 Haec
2496 1141 2603 1177 nuo
2636 1131 2894 1191 praeterea
2918 1127 3154 1191 disjectis
3185 1127 3381 1188 oppida
3412 1129 3588 1188 muris,

2342 1191 2632 1254 Relliquias
2662 1196 3011 1253 veterumque
3043 1191 3194 1238 vides
3225 1197 3568 1242 monumenta
3609 1195 3838 1259 virorum;

2343 1254 2678 1304 HancJanus
2709 1257 2876 1315 pater.
2908 1254 3043 1302 hanc
3073 1253 3336 1302 Saturnus
3369 1255 3599 1304 condidit
3625 1258 3812 1315 urbem;

2338 1317 2640 1366 laniculum
2671 1316 2812 1372 huic,
2849 1315 2925 1364 illi
2956 1314 3128 1364 fuerat
3157 1315 3406 1364 Saturnia
3434 1331 3636 1366 nomen.

2774 1378 2991 1440 (Virgil,
3024 1377 3059 1426 Ι.
3094 1391 3181 1427 vm
3210 1377 3440 1436 Αἲηείιιη
3471 1393 3498 1428 v
3525 1381 3610 1430 354
3636 1384 3680 1430 ει
3709 1387 3840 1448 seqq.)

2319 1476 2431 1532 Sed
2465 1477 2534 1532 de
2565 1475 2680 1544 his,
2713 1475 3060 1548 signatoque
3092 1491 3336 1530 nummo
3385 1477 3636 1544 Ovidius,
3663 1495 3694 1535 a
3729 1480 3838 1536 Lac-

2244 1565 2428 1620 tantio
2458 1564 2580 1635 (lib.
2619 1566 2908 1620 Ilnslimt.
2961 1563 3162 1632 divin.,
3205 1581 3332 1637 cap.
3373 1565 3456 1633 13,
3490 1567 3658 1638 p.76)
3699 1569 3839 1625 etiam

2243 1653 2536 1718 laudatus,
2567 1660 2883 1710 Saturnum
2917 1654 3001 1709 sic
3033 1654 3465 1725 interrogabat:

2336 1761 2498 1812 Multa
2526 1761 2738 1824 quidem
2771 1761 2948 1816 didici,
2982 1761 3072 1810 sed
3105 1774 3200 1808 cur
3229 1761 3440 1810 navalis
3467 1763 3517 1810 in
3549 1776 3646 1814 tere

2395 1825 2556 1874 Atera
2581 1825 2786 1887 signata
2815 1831 2908 1880 est,
2937 1825 3103 1874 altera
3131 1825 3301 1872 forma
3332 1825 3552 1888 biceps?

2311 1923 2628 1978 Saturnum
2657 1939 2790 1977 vero
2820 1922 2904 1976 sic
2935 1921 3391 1993 respondentem
3425 1923 3676 1979 induxit:

2331 2031 2560 2079 Noscere
2590 2043 2673 2078 me
2704 2028 2899 2092 duplici
2932 2042 3116 2091 posses
3145 2029 3198 2077 in
3230 2030 3480 2091 imagine,
3519 2031 3658 2090 dixit,

2393 2094 2454 2142 Ni
2484 2097 2637 2141 vetus
2667 2093 2778 2155 ipse
2811 2092 2924 2141 dies
2951 2095 3294 2141 extenuasset
3323 2107 3481 2154 opus.

2330 2157 2497 2206 Causa
2526 2155 2652 2203 ratis
2681 2159 2949 2216 superest:
2973 2155 3238 2203 'l‘huscum
3265 2158 3384 2204 rate
3406 2156 3549 2205 venit
3565 2155 3618 2205 in
3645 2168 3833 2216 amnem,

2393 2223 2526 2266 Ante
2559 2222 2838 2280 peragrato
2871 2216 3074 2265 falcifer
3103 2218 3230 2264 orbe
3261 2217 3415 2266 deus.

2331 2281 2479 2330 Hauc
2507 2279 2604 2339 ego
2634 2279 2923 2330 Saturnum
2954 2280 3169 2328 memini
3198 2279 3394 2342 tellure
3421 2284 3710 2342 receptum;

2391 2343 2662 2392 Caelitibus
2693 2344 2869 2405 regnis
2897 2343 3085 2405 aJove
3120 2341 3303 2404 pulsus
3341 2346 3473 2391 erat.

2329 2407 2457 2455 Inde
2489 2405 2578 2454 diu
2605 2404 2973 2467 genti'mansit
3002 2405 3248 2454 Saturnia
3278 2417 3478 2453 nomen
3505 2419 3516 2453 :

2392 2469 2538 2518 Dicta
2568 2481 2779 2531 quoque
2810 2472 2890 2516 est
2913 2467 3113 2515 Latium
3139 2471 3298 2531 terra,
3325 2468 3517 2516 latente
3542 2468 3661 2517 Deo.

2327 2532 2394 2580 At
2421 2532 2563 2580 bona
2587 2530 2875 2592 posteritas
2906 2531 3122 2592 puppim
3159 2530 3411 2578 formavit
3444 2533 3494 2578 in
3517 2542 3636 2578 aere.

2393 2594 2625 2654 llospitis
2654 2594 2943 2642 adventum
2976 2594 3254 2640 testiﬁcata
3284 2594 3390 2640 sui.

2328 2657 2445 2718 Ipse
2476 2671 2499 2703 s
2540 2657 2653 2704 lum
2684 2656 2838 2704 colui.
2872 2654 3024 2717 cujus
3059 2655 3429 2718 placidissima
3456 2654 3644 2703 laevum

2389 2719 2544 2766 Radit
2575 2719 2783 2766 arenoi-i
2813 2718 3055 2779 Tybridis
3086 2717 3231 2764 unda
3263 2717 3431 2765 latus.

2327 2781 2422 2830 Hic
2446 2781 2535 2828 ubi
2560 2794 2702 2828 nunc
2726 2775 2889 2828 Roma
2905 2785 3000 2838 est,
3023 2783 3152 2828 tunc
3177 2779 3352 2828 ardua
3372 2777 3518 2841 sylva
3537 2775 3742 2835 virebat,

2388 2845 2657 2905 Tantaque
2689 2857 2770 2890 res
2802 2844 2983 2902 paucis
3015 2856 3215 2902 pascua
3247 2842 3427 2890 bobus
3447 2845 3573 2905 erat.

2329 2906 2433 2955 Arx
2466 2903 2587 2954 mea
2617 2907 2765 2954 collis
2790 2908 2919 2959 erat,
2944 2917 3103 2966 quam
3127 2904 3324 2966 vulgus
3348 2904 3562 2952 nomine
3607 2903 3766 2950 nostro

2388 2967 2690 3032 Nuncupat,
2720 2967 2840 3032 haec
2859 2972 2988 3032 tetas
3015 2967 3435 3032 Janiculumque
3468 2968 3630 3014 vocat.

2731 3031 2921 3090 (0vid.,
2954 3029 2988 3078 ι.
3021 3045 3035 3077 ι
3068 3031 3271 3078 Faster.
3306 3029 3360 3077 νζ
3393 3031 3480 3078 231
3515 3031 3558 3076 et
3581 3031 3725 3090 seqq.)

2304 3129 2372 3184 At
2401 3144 2516 3200 qua
2547 3128 2786 3198 ratione,
2821 3131 3026 3198 arguet
3055 3125 3293 3199 aliquis,
3329 3127 3616 3182 Saturnus
3662 3121 3839 3177 dicitur

2232 3224 2414 3274 artem
2448 3219 2716 3275 docuisse
2747 3235 3022 3274 nummos
3053 3219 3378 3291 signandi?
3408 3218 3604 3274 Nonne
3646 3211 3840 3270 Servius

2231 3308 2291 3364 in
2313 3309 2522 3364 citatos
2545 3307 2768 3381 Virgilii
2791 3307 3183 3374 versus,illam
3205 3307 3320 3364 soli
3338 3309 3486 3365 Jano
3509 3307 3670 3362 haece
3689 3300 3839 3357 anim-

2232 3397 2572 3454 adversione
2600 3397 2878 3463 ascribit;
2923 3397 3170 3453 «Janus
3217 3397 3275 3452 in
3341 3394 3603 3454 Ianiculo
3649 3390 3840 3448 habita—

2230 3487 2330 3554 vit,
2367 3487 2464 3560 qui
2499 3487 2652 3558 quod
2688 3504 2804 3541 una
2830 3485 2959 3541 navi
2991 3485 3155 3542 exsul
3178 3486 3364 3554 venit,
3399 3487 3457 3542 in
3485 3482 3714 3558 pecunia
3734 3479 3836 3550 ejus

2231 3590 2298 3632 ex
2330 3591 2443 3631 una
2475 3581 2636 3648 parte
2673 3575 2803 3632 Jani
2845 3581 3040 3648 caput,
3089 3592 3157 3631 ex
3205 3575 3398 3632 altera
3445 3573 3606 3630 navis
3650 3570 3840 3642 signata

2231 3673 2314 3720 est
2349 3664 2550 3735 (Serv.,
2581 3681 2713 3737 pag.
2756 3665 2900 3731 509).
2962 3668 3176 3720 Verum
3223 3663 3310 3719 ibi
3358 3663 3600 3719 Servius
3646 3664 3750 3714 tam
3787 3654 3840 3708 de

2231 3753 2500 3819 Saturno,
2536 3771 2710 3824 quam
2741 3754 2910 3819 Jano,
2943 3752 3116 3808 sicuti
3149 3757 3359 3808 auctor
3409 3752 3536 3822 ejus
3583 3743 3837 3818 Virgilius.

2230 3842 2484 3898 disserit.
2513 3843 2658 3907 Quia
2687 3859 2823 3914 ergo
2853 3843 3159 3909 Saturnus,
3194 3843 3546 3912 neutiquam
3605 3851 3725 3892 vero
3762 3830 3842 3887 Ja-

2231 3947 2364 3997 nus,
2397 3955 2424 3981 ‹‹
2459 3949 2577 3986 una
2607 3931 2738 3986 navi
2779 3929 2941 3986 exsul
2990 3931 3167 3995 venit,
3192 3953 3211 3978 ι
3270 3946 3469 3986 nonne
3517 3928 3587 3983 de
3639 3919 3841 3996 pecu!!!ia

2230 4021 2538 4092 utriusque
2571 4020 2806 4076 nomine
2837 4020 3066 4091 signata
3096 4017 3525 4092 intelligendus
3555 4013 3677 4072 est?

2301 4109 2454 4176 Esto,
2485 4109 2715 4181 urgebit
2743 4108 2933 4164 alius:
2986 4115 3044 4163 at
3091 4114 3246 4163 certe
3295 4109 3483 4164 Draco
3531 4106 3839 4174 Corcyram,

2228 4198 2381 4270 apud
2411 4198 2777 4265 Athenarum,
2839 4198 2931 4253 cui
2992 4196 3328 4253 Macrobius
3381 4195 3741 4264 sulfragatur,
3780 4183 3844 4238 di-

2226 4293 2378 4344 serte
2427 4292 2758 4344 asseverat:
2813 4310 2841 4337 ‹‹
2891 4285 3134 4358 νόμισμα
3174 4283 3400 4359 χαλκοῦ
3452 4286 3662 4358 πρῶτον
3703 4270 3842 4350 χαρά-

2223 4377 2329 4447 ξαι,
2365 4392 2675 4431 nummum
2709 4393 2953 4431 aureum
2985 4375 3058 4430 ab
3090 4373 3189 4430 illo
3241 4376 3398 4431 Jano
3451 4373 3634 4446 primo
3679 4367 3839 4437 signa-

2222 4472 2347 4522 tum
2375 4510 2388 4534 ,
2412 4487 2440 4515 »
2462 4465 2727 4536 hancque
2747 4482 2875 4520 esse
2897 4481 3135 4520 causam
3170 4481 3278 4519 cur
3319 4463 3520 4520 multis
3551 4460 3607 4514 in
3641 4452 3842 4513 Graecia.

466 4536 618 4591 infra
649 4537 914 4592 dicendis
945 4537 1087 4591 satis
1119 4536 1320 4606 utique
1352 4536 1572 4606 patebit
1618 4535 1945 4592 Vulcanum
1995 4537 2112 4592 dici
2147 4539 2191 4603 D
2226 4554 2414 4621 “alia,
2458 4559 2514 4610 ρι
2575 4535 2772 4610 sicilia
2828 4554 3024 4624 urbes,
3084 4553 3239 4612 538
3303 4556 3604 4608 monetam
3650 4561 3713 4602 ex
3751 4552 3845 4596 una

466 4642 581 4680 non
625 4625 885 4696 potuisse
940 4626 1181 4680 deorum
1241 4625 1506 4680 omnium
1553 4641 1655 4679 nec
1705 4627 1959 4697 primum
2008 4644 2112 4684 nec

466 4713 794 4786 principem
823 4719 984 4784 (tom.
1019 4731 1033 4767 1
1068 4717 1348 4786 Apparat.,
1383 4731 1511 4787 pag.
1533 4715 1683 4787 755).

541 4820 690 4876 Tum
733 4819 942 4876 deinde
991 4821 1281 4877 Minucius
1313 4838 1380 4876 ex
1415 4820 1620 4876 iisdem
1673 4823 1873 4894 procul
1933 4825 2112 4880 dubio

467 4911 852 4982 scriptoribus
887 4916 1086 4966 narrat
1118 4912 1459 4974 Saturnum,
1494 4909 1664 4965 sicuti
1699 4912 1836 4967 alibi
1869 4919 2114 4970 annota-

461 4999 676 5070 vimus,
711 5005 874 5056 Creta
906 5002 1238 5073 profugum,
1273 4997 1329 5052 in
1363 4997 1588 5052 Italiam
1625 5005 1779 5053 metu
1826 5001 1928 5055 ﬁlii
1976 5020 2114 5057 con-

461 5090 705 5161 fugisse.
742 5090 818 5145 lbi
873 5096 1067 5143 autem
1102 5106 1135 5142 a
1163 5088 1310 5141 Jano
1357 5093 1690 5157 susceptum
1726 5111 1754 5137 ‹‹
1788 5090 1959 5145 rudes
2010 5092 2111 5148 bo-

466 5178 674 5245 mines,
699 5201 725 5227 η
750 5177 1252 5250 quemadmodum
1286 5174 1462 5230 etiam
1499 5175 1775 5232 Diodorus
1794 5177 2050 5248 Siculus,
2082 5197 2116 5236 a

467 5267 719 5322 Minucio
769 5267 1063 5332 laudatus,
1117 5263 1489 5330 testificatur,
1550 5264 1735 5320 multa
1786 5267 2000 5334 docuit,
2049 5286 2114 5326 ac

465 5354 786 5426 prmsertim
822 5353 1048 5408 litteras
1076 5351 1432 5424 imprimere,
1455 5368 1728 5408 nummos
1775 5354 2028 5426 signare,
2058 5361 2115 5414 et

462 5445 746 5500 coniicere
778 5441 1186 5497 instrumenta.
1232 5441 1512 5496 Praaterea
1542 5440 1756 5513 locum,
1792 5444 1847 5498 in
1881 5462 1996 5516 quo
2028 5446 2112 5503 la-

461 5534 598 5600 tuit,
632 5532 912 5606 appellari
945 5532 1120 5588 voluit
1150 5531 1484 5588 Saturniam
1541 5531 1709 5589 sicuti
1743 5533 1927 5592 Janus
1955 5537 2112 5594 Jani-

454 5625 681 5684 culum.
711 5622 786 5681 At
813 5638 879 5680 ea
912 5620 1100 5680 omnia
1131 5620 1531 5686 Tertullianus
1568 5627 1756 5694 antea,
1797 5628 1857 5682 et
1911 5632 2114 5701 postea

2224 4649 2385 4717 parte
2408 4643 2631 4716 bicipiti
2653 4643 2815 4710 facie,
2839 4660 2908 4698 ex
2931 4643 3112 4698 altera
3136 4659 3292 4712 vero,
3334 4641 3427 4698 vel
3470 4645 3610 4703 rate,
3648 4632 3728 4690 vel
3771 4643 3844 4683 na-

2222 4733 2394 4806 vigio,
2429 4732 2513 4789 vel
2547 4749 2760 4788 corona
2817 4732 3168 4804 impressam
3228 4733 3527 4788 cuderunt
3575 4724 3838 4794 (Athenae.

2222 4823 2324 4879 lib.
2359 4839 2429 4878 xv
2465 4821 2889 4894 Deiphnosoph.,
2942 4839 3068 4894 cap.
3104 4823 3190 4877 18.
3225 4838 3360 4893 pag.
3414 4820 3558 4881 692;
3602 4807 3838 4870 Macrob.

2223 4913 2505 4968 Saturnal.
2551 4911 2654 4965 lib.
2701 4929 2741 4982 ι,
2783 4929 2909 4984 cap.
2954 4912 3032 4982 7).
3084 4912 3192 4967 Sed
3236 4927 3364 4976 cur,
3410 4922 3623 4980 quasso,
3662 4902 3714 4955 in
3753 4895 3839 4984 hac

2223 5007 2458 5057 moneta
2488 5006 2588 5057 aut
2627 5001 2788 5066 ralis,
2844 5005 2948 5056 aut
2991 4999 3206 5072 navigii
3241 4999 3470 5070 effigies
3503 5007 3704 5051 excusa
3730 4978 3839 5080 est?

2223 5092 2424 5147 Nonne
2469 5091 2625 5161 quia,
2661 5097 2724 5145 ut
2771 5090 3048 5155 diximus,
3083 5069 3278 5160 aitque
3325 5083 3688 5145 Plutarchus,
3710 5099 3733 5124 ‹‹
3768 5069 3836 5161 ἐῖτὶ

2221 5178 2358 5255 τιμῇ
2407 5179 2612 5255 Κρόνου
2669 5177 2853 5250 πλοίῳ
2913 5173 3334 5253 διαπεράσαντος
3395 5174 3471 5234 εἷς
3518 5159 3836 5255 Ἰταλίαν,.ἱη

2222 5247 2502 5324 honorem
2523 5267 2756 5323 Saturni
2788 5247 3019 5339 navigio
3045 5247 3100 5320 in
3125 5265 3352 5322 Italiam
3378 5257 3640 5319 advecti?
3664 5277 3686 5302 η
3714 5247 3840 5322 (Plu-

2221 5358 2430 5429 tarch.,
2461 5364 2604 5413 tom.
2639 5357 2686 5412 Il
2720 5356 2922 5424 Quart.
2958 5358 3133 5423 Rom,
3168 5371 3297 5427 pag.
3331 5354 3486 5421 274.)
3543 5344 3680 5414 Quid
3725 5349 3836 5408 ergo

2222 5448 2271 5505 si
2300 5447 2484 5504 Janus
2515 5463 2827 5502 nummum
2860 5447 2918 5502 in
2952 5446 3228 5501 honorem
3260 5441 3526 5502 Saturni,
3562 5441 3613 5492 et
3648 5432 3834 5527 Δδίψη·-

2221 5555 2336 5594 nus
2367 5537 2546 5593 alium
2573 5537 2630 5592 in
2655 5537 2904 5609 hospitis
2927 5537 3015 5592 sui
3042 5535 3388 5592 memoriam
3413 5513 3832 5619 cuderit‘lolfidf

2222 5627 2364 5703 quid
2396 5628 2491 5700 sit,
2525 5627 2818 5686 Minucius
2846 5631 2999 5686 certe
3029 5625 3308 5702 praevium
3340 5623 3544 5679 vadem
3592 5610 3829 5672 habuisse
