4088 6150
1242 106 1299 133 2‘s
1434 122 1441 127 λ

984 150 1019 163 ι.

926 176 939 193 1

830 204 879 223 Αδ-

166 346 171 355 .

166 346 179 359 “’
223 381 323 441 585
1644 374 1886 436 mssa]

1991 375 2196 437 ATIO.
3500 376 3623 438 586

216 510 434 565 videtur
464 508 708 564 citatum
730 506 950 563 anobis
980 504 1335 573 Ovidium,et
1366 505 1552 576 magis
1584 520 1856 576 expresse
1886 507 1940 572 Α
1969 509 2181 577 potest,
2210 507 2313 561 sed
2343 520 2411 561 ex
2438 522 2505 561 eo
2558 505 2798 561 homine
2855 504 2950 561 cui
2982 522 3198 562 nomen
3247 504 3438 561 Urano
3471 506 3623 562 fuit:

213 598 659 663 Tertullianum,
692 596 795 669 qui
853 596 922 652 de
952 595 1155 650 eodem
1193 597 1440 649 Saturno
1472 592 1595 649 haec
1627 592 1862 665 scriptis
1973 595 2125 667 quod
2159 610 2288 651 esse
2315 611 2517 650 verum
2549 594 2966 667 Trismegistus
3015 599 3221 651 auctor
3248 598 3353 651 est.
3387 615 3414 647 ιο
3448 594 3628 651 Addit

204 689 356 743 baud
389 687 734 743 dubitanter
774 685 1109 740 mandavit:
1145 706 1173 733 «
1208 684 1293 737 Ab
1342 682 1469 755 ipso
1497 683 1753 755 primum
1775 687 1861 738 ta-
1970 700 2107 739 vero
2138 684 2258 740 haec
2315 684 2675 756 incomperta
2731 683 2913 740 fuisse
2946 684 3223 753 Minucio,
3259 684 3359 756 qui
3409 683 3625 741 idcirco

202 776 437 845 bule,et
466 777 725 848 imagine
754 776 1023 848 signatus
1056 788 1335 828 nummus
1360 790 1373 840 ;
1412 778 1467 827 et
1498 772 1633 827 inde
1660 774 1867 827 aeraria
1973 772 2278 829 historiam
2312 773 2424 829 alio
2453 772 2732 829 traduxit.
2758 773 3021 846 Denique
3049 774 3244 829 verius
3273 790 3403 830 esse
3430 777 3630 830 censet

199 867 499 941 praesidet.
536 887 564 915 »
614 864 1002 935 (Tertullian.,
1063 864 1358 934 Apologet.,
1419 878 1545 934 cap.
1609 862 1695 931 10,
1730 876 1862 932 pag.
1972 862 2196 930 Jovem,
2230 879 2363 917 cum
2395 878 2463 918 ex
2495 860 2610 917 alto
2644 868 2841 918 monte
2870 866 3089 918 terram
3130 862 3456 932 ccelumque
3486 880 3630 919 con-

199 956 309 1025 12.)
348 955 705 1027 Magistrum
732 969 867 1009 vero
897 967 1072 1008 suum
1103 950 1642 1023 Cyprianus,sicuti
1675 948 1865 1004 Minu-
1973 950 2293 1022 templatus
2324 951 2553 1020 fuisset,
2587 951 2783 1006 mtheri
2816 951 2913 1023 qui
2965 967 3146 1023 supra
3197 952 3486 1007 mundum
3520 955 3629 1019 est,

198 1046 361 1103 cium
407 1049 701 1108 nostrum,
765 1042 859 1097 his
914 1039 1105 1096 verbis
1159 1056 1307 1111 pone
1365 1038 1669 1110 sequitur:
1707 1058 1735 1089 σι
1764 1037 1867 1093 Hic
1975 1040 2207 1095 dedisse
2238 1055 2449 1095 nomen
2483 1039 2634 1107 caeli,
2667 1040 2785 1095 sive
2817 1039 3015 1107 Urani,
3038 1038 3302 1113 Οὐρανοῦ,
3344 1057 3459 1112 quo
3487 1056 3631 1097 avus

196 1134 437 1191 litteras
470 1132 829 1204 imprimere,
862 1129 957 1185 hic
1007 1130 1240 1201 signare
1290 1144 1567 1184 nummos
1598 1127 1657 1181 in
1700 1125 1869 1181 Italia
1976 1130 2102 1200 ejus
2149 1129 2490 1184 vocabatur.
2522 1128 2634 1185 Sed
2684 1129 3052 1201 probandum
3102 1128 3189 1184 illi
3241 1134 3365 1185 erat
3392 1129 3631 1185 Saturni

198 1223 442 1297 primus
475 1220 767 1287 instituit;
805 1218 958 1273 unde
986 1219 1259 1273 aerarium
1292 1216 1527 1272 Saturni
1558 1220 1815 1271 vocatur.
1838 1236 1865 1264 ››
1978 1223 2227 1292 patrem,
2258 1219 2399 1274 dum
2433 1218 2625 1275 adhuc
2654 1218 2906 1289 vivebat,
2938 1216 3075 1275 (ιωιί
3106 1218 3342 1274 nomine
3374 1219 3446 1273 ab
3470 1218 3631 1275 [tam

200 1312 531 1387 (Cyprium,
561 1310 625 1365 de
655 1309 850 1364 idolor.
890 1308 1095 1373 Vanit.,
1142 1322 1275 1379 pag.
1310 1306 1423 1375 11.)
1452 1305 1786 1372 Addamus,
1817 1304 1870 1360 si
1978 1325 2179 1365 revera
2211 1309 2393 1365 fuisse
2424 1308 2805 1381 appellatum.
2837 1308 2909 1363 At
2938 1309 3009 1364 de
3058 1307 3165 1364 hac
3198 1306 3483 1364 Lactantii
3512 1307 3636 1380 opi-

202 1401 393 1471 lubet,
425 1397 798 1470 Polydorium
826 1395 1171 1469 Vergilium,
1204 1394 1303 1467 qui
1353 1394 1503 1450 hanc
1533 1394 1869 1466 opinionem
1978 1397 2153 1454 nione
2179 1414 2288 1454 suo
2315 1396 2445 1455 loco
2476 1397 2813 1454 dicendum.

210 1487 475 1560 Eutropii
500 1486 843 1541 auctoritate
868 1484 1216 1539 conﬁrmare
1243 1482 1454 1538 nititur
1470 1482 1598 1553 (lib.
1622 1498 1665 1537 ιι
1695 1482 1760 1537 de
1778 1483 1868 1537 In-
2048 1487 2332 1544 Vitiosam
2348 1489 2539 1560 itaque
2557 1492 2756 1544 censet
2770 1503 2900 1544 esse
2916 1488 3155 1545 Minucii
3178 1487 3640 1561 argumentatio-

220 1586 377 1646 vent.,
409 1592 544 1648 cap.
580 1576 692 1643 20).
1980 1594 2135 1633 nem.
2171 1578 2371 1633 Potius
2397 1576 2551 1633 enim
2584 1577 2777 1633 dicere
2799 1577 3098 1634 debuisset
3123 1578 3441 1634 Saturnum
3472 1593 3639 1633 voca-

285 1666 459 1721 Recte
490 1680 625 1737 ergo
649 1664 947 1720 Minucius
975 1679 1043 1719 ex
1072 1661 1243 1718 dictis
1264 1660 1594 1717 concludit:
1633 1680 1661 1713 ι
1691 1664 1871 1716 Ποωο
1980 1670 2110 1723 tum
2142 1666 2325 1723 fuisse
2357 1666 2546 1721 filium
2592 1665 2720 1721 coeli
2749 1674 2804 1722 et
2830 1670 3019 1735 terrae,
3055 1665 3334 1738 quoniam
3373 1682 3507 1721 cum
3538 1682 3645 1738 po-

241 1755 397 1827 igitur
425 1752 625 1823 utique
658 1774 687 1801 »
718 1752 1032 1818 Saturnus,
1069 1771 1096 1801 α
1118 1750 1219 1821 qui
1255 1750 1425 1822 fugit:
1460 1749 1635 1805 homo
1669 1748 1873 1820 utique
1982 1755 2465 1812 tentissimusrex
2480 1754 2733 1821 esset,ad
2756 1755 3123 1811 retinendam
3140 1760 3373 1827 patrum
3392 1769 3640 1810 suorum

247 1844 328 1914 qui
358 1843 543 1898 latuit.
568 1863 597 1891 >)
630 1841 846 1896 Eadem
868 1845 957 1896 est
987 1838 1266 1896 Lactantii
1296 1838 1631 1895 conclusio:
1665 1861 1693 1887 «
1726 1838 1871 1894 Cen-
1903 1878 1954 1944 Β
1984 1844 2332 1900 memoriam
2364 1842 2493 1900 caali
2521 1859 2588 1899 ao
2617 1848 2784 1899 terra;
2815 1860 3028 1900 nomen
3058 1843 3143 1900 eis
3175 1843 3475 1915 imposuit.
3504 1843 3647 1899 Pro-

250 1937 403 1989 setne
432 1930 654 2002 aliquis,
689 1930 903 2002 inquit,
928 1929 1115 1985 Deum
1150 1945 1299 1999 esse,
1332 1928 1434 1999 qui
1466 1928 1636 1999 fugit,
1668 1927 1767 1998 qui
1791 1926 1874 1982 Ια-
1905 1926 1954 1944 ⁵’
1988 1934 2123 1991 bare
2153 1939 2351 1989 autem
2381 1932 2439 1987 id
2472 1937 2718 1988 conatur
2747 1932 3092 1988 auctoritate
3115 1931 3507 2005 Trismegisti,
3540 1930 3645 2004 qui

250 2023 366 2076 iuit.
394 2020 565 2075 Nemo
589 2030 713 2075 tam
760 2018 982 2075 stultus
1040 2022 1147 2074 est-
1182 2017 1292 2082 OUi
1321 2017 1478 2073 enim
1530 2016 1679 2089 fugit
1707 2020 1763 2072 ei
1791 2015 1875 2071 Ια-
1987 2021 2884 2094 memoriaaprodideratSaturni
2900 2026 3125 2094 patrem
3158 2021 3643 2094 cognominatum

247 2114 332 2180 tet,
365 2116 417 2165 et
443 2109 579 2181 vim,
626 2112 684 2165 et
712 2113 962 2164 mortem
992 2107 1203 2163 timeat
1233 2122 1471 2162 necesse
1503 2111 1609 2163 est.
1646 2127 1675 2155 »
1715 2104 1878 2177 (Lac-
1988 2111 2170 2168 fuisse
2199 2110 2483 2181 Uranum,
2518 2113 2641 2166 sive
2670 2108 2914 2165 Caelum.
2947 2110 3059 2166 Sed
3110 2109 3210 2165 ille
3238 2127 3355 2166 non
3386 2108 3645 2166 ostendit

246 2203 393 2268 tant,
421 2198 521 2255 lib.
552 2214 572 2252 1
609 2199 774 2255 Imtit
794 2198 982 2254 divin.
1007 2212 1136 2268 cap.
1162 2196 1251 2263 13,
1285 2211 1418 2268 pag.
1454 2195 1603 2267 176.)
1990 2206 2191 2258 utrum
2222 2198 2648 2271 Trismegistus
2679 2199 2912 2266 dixerit,
2939 2200 3173 2271 quando
3204 2202 3262 2255 et
3290 2215 3325 2254 a
3354 2215 3470 2270 quo
3503 2197 3647 2255 Ura-

792 2337 1204 2395 ARTICULUS
1237 2338 1309 2395 Π,
1990 2308 2103 2395 nus
2136 2306 2350 2395 nomen
2382 2304 2558 2395 suum
2590 2289 2898 2391 acceperit.
2931 2287 3140 2344 Verius
3169 2288 3367 2388 itaque
3397 2286 3655 2395 scribere

1991 2380 2280 2454 potuisset
2305 2378 2481 2434 rudes
2510 2377 2803 2447 homines,
2846 2394 3083 2433 summa
3112 2376 3384 2449 regiaque
3415 2374 3654 2433 Saturni

241 2447 1019 2543 θαξωιξξξροξξξῗί
1032 2446 1284 2543 digii":
1636 2461 1732 2543 ἐξ
1992 2445 2278 2543 potestate
2300 2466 2624 2539 perculsos,
2651 2445 2973 2522 credidisse
2996 2464 3165 2521 illum
3181 2445 3232 2521 ia
3260 2445 3402 2521 coelo
3424 2470 3481 2521 et
3500 2470 3658 2519 terra

299 2528 351 2575 et
407 2516 565 2575 térra'
605 2524 823 2574 ortum:
875 2516 1200 2589 undeinata
1253 2517 1374 2575 hac
1429 2520 1648 2589 opinio:
1698 2525 1886 2572 utrum

301 2554 1200 2657 natant?manu?
1221 2554 1369 2645 νξῖεξ
1395 2554 1773 2644 ."zzgiznz-z'
1792 2554 1886 2643 :z:
2197 2557 2434 2657 άυκίεεεο
2472 2555 2781 2657 οςίείοεω-
2812 2554 3053 2657 sum
3079 2554 3371 2657 siquiqee
3404 2554 3497 2657 ais

300 2643 746 2730 annuntiat
778 2643 1162 2716 indsitamen'
1188 2643 1406 2730 conﬁci)
1440 2643 1745 2717 Saturnum
1774 2674 1885 2715 non
1996 2646 2279 2714 minibus,
2312 2645 2385 2701 ab
2446 2644 2819 2719 Athenagora
2866 2644 3053 2716 (Legai
3107 2660 3206 2716 pro
3238 2643 3565 2711 Christian.,
3598 2658 3659 2714 p.

302 2733 459 2789 deum
479 2736 671 2805 fuisse,
703 2732 797 2788 sed
823 2747 1038 2788 merum
1067 2734 1362 2790 hominem.
1997 2737 2089 2807 14)
2118 2735 2335 2803 citatis,
2366 2733 2479 2790 hoc
2506 2733 2755 2791 cecinit:

306 2858 457 2914 Satis
515 2858 886 2915 abundanter
914 2857 975 2912 in
1023 2856 1311 2929 superiori
1369 2856 1614 2913 articulo
1647 2856 1886 2913 demon-

1998 2886 2097 2961 Καὶ
2136 2883 2389 2961 βαᾳιλεὺς
2419 2882 2622 2961 βρόνος
2657 2904 2711 2961 τε
2737 2882 2826 2961 xui
2853 2882 3035 2961 Τιτὰν,
3063 2881 3303 2961 ςιοςξτετός
3331 2902 3412 2951 τε,

244 2952 483 3002 stratum
516 2952 606 3002 est
632 2952 951 3002 Saturnum
1001 2963 1117 3002 non
1166 2962 1296 3003 esse
1324 2946 1522 3013 deum,
1557 2950 1760 3018 utpote
1790 2943 1886 3017 qui

2000 2943 2164 3033 ζαίῃξ
2188 2956 2345 3011 τέκνα
2372 2943 2724 3033 φὶέισταάαὶ.
2744 2943 3347 3033 οὖίρανίρυςλξκάλεσςᾳν

242 3058 269 3085 α
300 3042 487 3107 natus,
518 3058 547 3097 ι)
583 3035 738 3091 sicut
772 3035 855 3091 ait
885 3034 1200 3099 Minucius,
1245 3056 1274 3085 «
1307 3052 1376 3090 ex
1426 3034 1666 3089 homine
1697 3056 1725 3084 »
1761 3034 1886 3089 fuit.

2001 3021 2336 3117 'Anvtipmrpt,
2366 3021 2522 3117 Ῠειῖαν
2552 3046 2612 3081 τε
2638 3024 2729 3117 ξαὶ
2760 3021 2985 3117 οὖρανιὸν
3010 3021 3219 3117 οῧνριὲα
3246 3024 3447 3117 ρὲντες,

240 3124 385 3188 Quin
414 3125 549 3190 imo,
582 3124 778 3196 inquit
823 3122 1249 3194 Tertullianus,
1282 3145 1313 3175 «
1345 3122 1487 3194 quia
1533 3122 1605 3178 ab
1635 3122 1886 3189 homine,

2003 3096 2203 3155 Oiiveita
2232 3099 2285 3153 οἱ
2309 3096 2613 3174 πρώτιστοι
2643 3096 2764 3152 ἔσαν
2801 3096 3053 3173 μερόπων
3096 3096 3410 3173 ἀνθρώπων.

242 3227 350 3309 οςω
377 3212 577 3309 usque
608 3210 870 3309 (16.09819
899 3214 959 3265 ει
1006 3214 1163 3309 terra
1194 3230 1223 3259 »
1256 3210 1493 3309 genitus
1545 3214 1654 3278 εδει
1688 3226 1892 3309 αιξθω·
1927 3242 1971 3309 c
2007 3204 3134 3309 temismzirifﬁas3:szst

240 3264 573 3356 satis;
618 3264 857 3354 Ethnici
904 3297 1126 3370 passim
1186 3264 1487 3354 sunt.
1529 3264 1601 3354 et
1642 3264 1894 3371 Istiriplo,
1927 3264 1971 3309 υ
2010 3264 3215 3371 5.397335%_g¥g_qu2{3}}efﬂqffff§g¢93

242 3389 397 3444 domi
427 3394 482 3445 et
533 3388 697 3456 foris,
722 3392 781 3444 et
828 3347 936 3442 ubi
959 3403 1076 3442 non
1134 3387 1566 3443 venditabant?
1606 3347 1886 3456 (Tertull:

2011 3351 2288 3405 Dixerunt
2319 3348 2585 3414 homines,
2625 3350 2794 3404 terra
2818 3347 3051 3418 antique
3075 3349 3333 3402 vocante:

2011 3421 2263 3478 Nomine.
2295 3418 2439 3478 quod
2466 3426 2689 3475 cunctos
2717 3418 2962 3474 homines
2989 3421 3193 3475 virtute
3221 3418 3488 3478 przirent

244 3435 486 3549 3ὶᾶὲῇ
535 3435 697 3549 In)?
726 3435 1877 3549 15,‘g:gi'12,".;'igi'.1;nnis;

2011 3435 2263 3489 Homine,
2295 3435 2439 3490 quoa
2466 3435 2689 3475 cunctos
2717 3435 2962 3474 nomine:
2989 3435 3193 3475 υινιαιε
3220 3435 3505 3488 przzrem.

2723 3506 2942 3549 (Ss'ImIL
2978 3522 3043 3549 nr
3098 3522 3149 3549 ν-
3184 3504 3252 3549 ΑΒ
3278 3506 3329 3549 et
3358 3520 3501 3549 una-

247 3502 486 3549 apawg.,
547 3502 677 3549 cap.
738 3502 824 3543 ιυ,
858 3502 989 3549 μᾱδ.
1051 3502 1139 3544 10,
1190 3502 1249 3532 υι
1288 3502 1388 3531 ιιυ.
1448 3502 1512 3545 ιι,
1545 3502 1615 3532 ua
1656 3502 1877 3533 ιταιῑυιι.

247 3583 375 3638 cap.
407 3568 493 3631 12,
526 3581 661 3638 pag.
694 3565 812 3635 75.)
843 3566 958 3620 Cur
987 3569 1185 3620 autem
1216 3564 1377 3620 inani
1425 3565 1571 3620 adeo
1585 3564 1886 3636 jactatiom

2723 3506 2943 3578 (Sibyll.
2978 3522 3066 3574 ιιι,
3098 3522 3151 3561 v.
3184 3504 3252 3559 48
3278 3506 3329 3561 et
3357 3502 3528 3575 seqq.)

250 3652 417 3711 illum
446 3656 515 3711 de
545 3654 691 3711 caalo
722 3658 781 3710 et
808 3657 964 3709 terra
998 3660 1195 3709 ortum
1228 3654 1506 3721 dicerent,
1539 3654 1589 3709 si
1620 3655 1907 3710 rationem
2018 3659 2129 3717 Sed
2165 3656 2458 3714 Minucius
2502 3656 2653 3712 hanc
2684 3656 2970 3712 rationem
3020 3674 3135 3713 non
3166 3654 3405 3712 omnino
3436 3658 3672 3727 praster-

256 3744 326 3798 ab
357 3749 589 3800 auctore
619 3747 821 3799 nostro
867 3742 1152 3815 postulas,
1184 3742 1337 3799 banc
1384 3742 1489 3797 tibi
1521 3742 1716 3801 dabit:
1750 3765 1778 3793 ‹‹
1809 3744 1909 3797 Sa-
2018 3748 2253 3804 misisse
2283 3746 2533 3801 videtur.
2567 3744 2803 3801 Nobiles
2832 3745 2989 3801 enim
3022 3744 3177 3801 viros
3208 3744 3280 3801 ab
3312 3742 3670 3816 ignobilibus

257 3838 462 3890 turnus
491 3834 647 3890 enim
673 3833 888 3889 dicitur
906 3836 1074 3889 terrae
1106 3838 1165 3887 et
1194 3832 1321 3888 celi
1352 3831 1531 3900 ﬁlius,
1564 3833 1720 3904 quod
1754 3832 1905 3906 apud
2019 3835 2288 3894 distinxit
2316 3834 2577 3906 dixitque
2607 3834 2716 3891 bos
2744 3838 2934 3906 terrae,
2966 3832 3098 3891 illos
3128 3833 3256 3890 coeli
3284 3833 3436 3889 filios
3457 3848 3671 3905 cogno-

261 3922 430 3978 Italos
461 3928 617 3980 esset
646 3922 865 3995 ignotis
895 3922 1238 3995 parentibus
1286 3923 1592 3995 proditus;
1624 3927 1690 3978 ut
1716 3923 1777 3978 in
1808 3922 1911 3979 ho-
2021 3927 2277 3983 minatos
2307 3925 2379 3981 ab
2411 3923 2590 3995 italis,
2622 3923 2839 3997 quibus
2870 3929 3144 3997 parentes
3176 3922 3412 3979 illorum
3453 3920 3672 3995 cogniti

260 4010 528 4067 diernum
561 4011 867 4083 inopinato
887 4011 1069 4079 visos,
1100 4010 1243 4067 casio
1276 4011 1512 4077 missos,
1540 4010 1827 4085 ignobiles
1857 4016 1917 4067 et
2023 4032 2139 4073 non
2169 4018 2357 4071 erant.

255 4099 487 4171 ignotos
516 4106 685 4157 terrm
726 4099 880 4156 ﬁlios
926 4099 1327 4157 nominamus.
1360 4123 1383 4153 ι
1446 4100 1560 4156 Sed
1618 4100 1737 4155 haec
1766 4099 1914 4156 ratio
2093 4102 2395 4161 Lactantio
2424 4106 2623 4159 autem
2672 4102 3071 4169 verisimilius,
3104 4117 3281 4174 quam
3325 4101 3521 4156 verius
3550 4114 3678 4156 esse

255 4204 371 4245 non
422 4190 645 4262 placuit
703 4189 1027 4255 Lactantio,
1088 4194 1145 4245 et
1192 4190 1264 4245 ab
1304 4188 1405 4245 illo
1455 4188 1539 4245 sic
1594 4188 1911 4245 refellitur:
2022 4193 2271 4261 videtur,
2295 4191 2567 4249 homines
2589 4190 2805 4264 ignotis
2831 4190 3174 4263 parentibus
3194 4192 3372 4256 ortos,
3395 4194 3453 4244 et
3472 4187 3680 4243 exino-

258 4298 288 4327 (ι
320 4278 607 4334 Minucius
648 4277 809 4334 Felix
837 4277 896 4333 in
930 4293 996 4334 eo
1040 4276 1212 4343 libro,
1245 4277 1348 4349 qui
1405 4277 1677 4333 Octavius
1707 4277 1914 4333 inscri-
2025 4284 2226 4356 pinato
2258 4281 2653 4347 advenientes,
2688 4278 2819 4336 cmli
2856 4284 2915 4335 et
2959 4284 3128 4334 terra;
3156 4278 3313 4333 unde
3342 4277 3524 4334 exorti
3557 4291 3679 4331 cre-

255 4366 440 4432 bitur,
464 4367 546 4423 sic
576 4370 1026 4441 argumentatus
1056 4372 1175 4422 est:
1210 4366 1556 4433 Saturnum,
1583 4383 1716 4422 cum
1754 4368 1916 4439 fuga-
2025 4372 2336 4439 dabantur,
2368 4374 2740 4441 nuncupatos
2786 4368 2970 4424 fuisse
3020 4366 3379 4423 nominibus.
3410 4369 3682 4422 Attamen

255 4459 366 4509 tus
396 4461 547 4511 esset
570 4473 603 4510 a
628 4456 772 4521 filio,
804 4455 864 4511 in
897 4454 1243 4527 Italiamque
1261 4456 1536 4515 venisset.
1569 4456 1696 4512 caeli
1727 4456 1915 4511 filium
2026 4460 2173 4517 illud
2208 4459 2339 4515 aliis
2369 4464 2427 4515 et
2472 4459 2745 4525 ethnicis,
2778 4464 2835 4513 et
2889 4454 3237 4513 Christianis
3295 4455 3684 4527 scriptoribus

262 4544 680 4617 dictum,quod
699 4544 996 4601 soleamus
1017 4561 1137 4612 eos,
1160 4561 1411 4615 quorum
1442 4545 1719 4601 virtutem
1751 4544 1918 4600 mire-
1950 4612 1991 4624 ﬁ
2026 4547 2573 4624 probatur.Primus
2594 4564 2661 4603 ex
2693 4546 2809 4601 illis
2838 4545 3003 4601 citari
3045 4549 3237 4618 potest
3265 4545 3433 4601 Titus
3466 4544 3687 4614 Livius,

264 4649 428 4699 mur,
460 4639 559 4689 aut
590 4634 691 4705 qui
728 4634 1031 4706 repentino
1090 4633 1451 4700 advenerint,
1484 4633 1555 4689 de
1602 4632 1743 4689 caelo
1773 4631 1917 4719 ceci-
1949 4612 1997 4677 Π
2029 4612 2135 4711 ξιοὶ
2169 4642 2368 4692 narrat
2424 4634 2737 4692 Romulum
2797 4635 3003 4689 urbem
3064 4634 3309 4689 Romam
3361 4634 3690 4691 condendo,

264 4722 422 4777 disse
453 4723 674 4778 dicere:
700 4728 868 4778 terra:
908 4726 1132 4790 autem,
1164 4723 1318 4794 quod
1348 4722 1565 4794 ignotis
1588 4722 1929 4793 parentibus
2038 4744 2214 4783 usum
2244 4742 2373 4782 esse
2407 4746 2435 4775 «
2456 4728 2643 4780 vetere
2674 4722 2919 4779 consilio
2950 4723 3327 4778 condentium
3360 4724 3560 4788 urbes,
3592 4720 3693 4794 qui

269 4812 420 4867 569
449 4816 637 4878 natos,
670 4816 837 4867 term
867 4811 1019 4867 ﬁlios
1050 4811 1443 4867 nominemus.
1478 4811 1629 4867 Sunt
1658 4811 1778 4866 baac
1800 4809 1932 4883 qui-
2040 4817 2351 4872 obscuram
2383 4818 2562 4883 atque
2589 4810 2873 4868 humilem
2923 4812 3242 4869 conciendo
3284 4813 3355 4868 ad
3388 4828 3450 4869 se
3493 4809 3692 4867 multi-

273 4900 401 4954 dem
434 4900 657 4956 Similia
706 4900 846 4967 νθτί,
907 4917 1024 4957 non
1081 4905 1277 4957 tamen
1308 4916 1476 4967 vera;
1537 4899 1675 4972 quia
1706 4903 1935 4956 constat
2042 4905 2535 4969 tudinem,natam
2558 4907 2761 4958 eterra
2793 4901 2903 4957 sibi
2937 4900 3155 4973 prolem
3170 4901 3695 4958 ementiebantur.»

280 4989 450 5044 etiam
482 4994 645 5057 tunc,
673 5006 804 5045 cum
832 4994 1123 5062 regnaret,
1153 4990 1237 5044 ita
1270 5005 1399 5045 esse
1427 4988 1712 5044 habitum.
1744 4988 1939 5045 Potuit
2046 4994 2211 5066 (ιω,
2246 4991 2344 5047 lib.
2378 5008 2419 5059 ι,
2449 4991 2569 5063 58.)
2600 4992 2671 5046 At
2700 4990 2994 5064 quomodo
3026 4990 3170 5045 illud
3203 4988 3469 5046 ementiri
3496 4993 3698 5060 potue-

286 5082 337 5131 et
364 5078 445 5133 sic
479 5080 917 5151 argumentari:
950 5079 1098 5135 Cum
1150 5078 1593 5151 potentissimus
1630 5096 1729 5134 rex
1760 5082 1936 5146 esset,
2049 5080 2322 5149 runt,nisi
2346 5080 2609 5136 obscurae
2648 5079 3016 5135 multitudini
3052 5078 3347 5151 incognita
3377 5076 3586 5133 fuisset
3605 5091 3700 5132 eo-

292 5166 356 5219 ad
379 5168 743 5224 retinendam
776 5173 1009 5241 patrum
1045 5184 1289 5224 suorum
1321 5167 1943 5237 memoriam,nomina
2052 5187 2182 5225 rum
2218 5168 2447 5240 proles?
2474 5169 2613 5233 Quis
2643 5174 2837 5224 autem
2875 5167 3235 5222 inficiabitur
3263 5166 3414 5222 idem
3449 5166 3604 5222 570
3634 5163 3705 5220 de

299 5270 481 5312 eorum
530 5257 674 5313 coelo
732 5262 1015 5330 terraeque
1047 5258 1355 5325 indidisse,
1417 5272 1552 5314 cum
1613 5258 1731 5313 haec
1780 5257 1943 5329 prius
2053 5259 2394 5332 parentibus
2416 5275 2481 5312 ac
2503 5257 2640 5313 {iliis
2662 5258 3009 5313 dicendum?
3038 5256 3096 5310 Si
3120 5254 3251 5326 quis
3274 5259 3467 5309 tamen
3491 5254 3707 5309 difﬁci-

301 5342 418 5400 aliis
437 5346 733 5402 vocabulis
753 5346 1221 5419 appellarentur:
1245 5364 1365 5419 qua
1391 5345 1614 5401 ratione
1646 5346 1944 5401 montibus
2054 5348 2129 5403 iis
2154 5364 2219 5402 ac
2237 5363 2529 5414 morosus,
2550 5345 2692 5399 illud
2715 5347 2784 5401 de
2804 5343 3147 5415 parentibus
3166 5342 3302 5396 velit
3321 5343 3429 5397 sibi
3451 5342 3705 5414 probari,

302 5436 349 5485 et
379 5434 714 5491 ﬂuminibus
746 5437 987 5492 nomina
1019 5437 1243 5492 scimus
1274 5434 1945 5508 imposita.»(Lactant.,
2057 5438 2109 5493 is
2132 5436 2331 5492 audiat
2353 5435 2532 5491 Servii
2576 5435 2649 5489 de
2680 5432 2993 5488 Acheloide
3021 5432 3230 5487 verba:
3268 5452 3295 5479 «
3327 5431 3516 5487 Terra:
3552 5432 3710 5487 filius

296 5516 433 5579 lib.)
464 5526 864 5598 Institut.,cap.
894 5527 982 5591 11,
1008 5542 1140 5599 pag.
1164 5526 1286 5597 67.)
1312 5525 1460 5582 Tum
1485 5524 1789 5581 recensitis
1810 5541 1950 5597 quo-
2058 5526 2293 5589 dicitur,
2318 5529 2382 5580 ut
2411 5522 2557 5579 solet
2586 5523 2657 5579 de
2687 5523 2759 5578 iis
2788 5521 2922 5581 dici.
2955 5537 3229 5595 quorum,
3263 5538 3365 5594 per
3395 5521 3713 5594 antiquita-

291 5613 563 5671 rumdam
596 5613 910 5671 ﬂuminum
942 5614 1306 5682 nominibus,
1327 5613 1410 5671 sic
1439 5611 1774 5671 concludit:
1808 5618 1953 5688 «Ap-
2060 5620 2180 5671 tem
2212 5614 2394 5670 latent
2422 5616 2713 5685 parentes.
2750 5632 2778 5661 η
2802 5609 3007 5682 (Serv.,
3039 5610 3100 5667 in
3132 5610 3235 5667 lib.
3271 5628 3290 5666 1
3323 5610 3562 5684 Georgio.
3590 5612 3714 5668 Vir-

286 5707 453 5779 paret
482 5719 623 5776 ergo
645 5719 762 5760 non
781 5720 851 5760 ex
881 5705 1024 5761 coelo
1054 5709 1258 5761 natum
1290 5720 1441 5769 esse,
1477 5702 1633 5776 quod
1670 5702 1795 5758 ﬁeri
1837 5720 1952 5759 non
2064 5704 2195 5776 gil.,
2227 5719 2281 5758 v.
2313 5702 2393 5768 9.)
2424 5700 2605 5774 Magis
2632 5714 2835 5757 verum
2868 5701 2941 5757 ad
2974 5704 3244 5756 nostrum
3276 5700 3348 5757 de
3366 5700 3495 5773 ipso
3524 5699 3723 5755 Satur-

54 5814 100 6083 i
627 5833 888 5894 Parnm.
936 5832 1044 5894 Ill.
3330 5828 3407 5886 19
