3942 6162
403 352 522 417 587

1684 351 1787 409 DE
1830 349 2137 413 MINUOII
2179 348 2521 414 OCTAVIO

3682 340 3788 403 888

401 499 476 539 no
508 482 872 556 propositum
904 480 1179 539 Aurelius
1232 481 1449 553 Victor,
1481 486 1584 539 aut
1614 482 1884 555 quisquis
1914 481 2049 538 libri
2079 483 2132 551 Α
2163 482 2376 555 inquit,
2407 481 2491 537 ire
2521 496 2625 554 per
2676 477 2962 551 singulos,
2992 482 3050 536 et
3096 480 3280 533 totam
3326 475 3536 533 seriem
3580 475 3789 547 generis

397 572 468 627 de
499 572 719 645 origine
769 573 960 643 gentis
1021 576 1292 628 Romanis
1323 576 1558 627 auctor:
1615 594 1641 623 α
1678 571 1925 637 Primus,
1959 572 2046 628 in—

395 662 546 731 quit,
580 661 636 715 in
673 659 897 716 Italiam
931 662 1190 716 creditur
1219 660 1447 715 venisse
1479 661 2049 717 Saturnus....'l‘anta

393 755 587 805 autem
621 766 803 821 usque
834 750 889 805 id
918 760 1151 822 tempus
1182 750 1560 821 antiquorum
1594 749 1898 805 hominum
1931 754 2045 805 tra-

396 839 557 894 ditur
580 839 758 894 fuisse
790 838 1233 909 simplicitas,ut
1260 840 1556 894 venientes
1585 839 1656 895 ad
1688 855 1751 895 se
1773 839 2044 905 advenas,

394 928 682 1001 quimodo
701 928 942 984 consilio
957 944 1022 984 ac
1057 928 1346 1001 sapientia
1375 928 1622 1001 praediti,
1656 929 1726 983 ad
1752 929 2043 986 instruen-

391 1017 525 1072 dam
550 1018 727 1073 vitam
753 1017 1207 1089 formandosque
1233 1033 1425 1073 mores
1446 1017 1669 1089 aliquid
1692 1020 2043 1085 conferrent,

391 1106 547 1179 quod
597 1123 801 1163 eorum
861 1111 1131 1178 parentes
1188 1104 1560 1178 ignorabant,
1618 1105 1763 1165 cmlo
1802 1111 1860 1163 et
1889 1112 2043 1163 terra

389 1197 577 1252 editos
610 1212 725 1251 non
767 1196 959 1251 solum
992 1196 1102 1269 ipsi
1154 1196 1476 1262 crederent,
1500 1212 1699 1251 verum
1731 1197 1906 1252 etiam
1948 1213 2044 1267 po-

389 1286 561 1340 steris
582 1284 1296 1352 affirmarent,veluthunc
1313 1285 2041 1358 ipsumSaturaum,quem

386 1374 513 1430 cceli
546 1378 604 1429 et
633 1378 798 1428 terrae
845 1373 1033 1428 filium
1064 1373 1359 1430 dixerunt.
1394 1396 1423 1425 ››
1453 1373 1671 1447 (Aurel.
1706 1374 1852 1441 Vic.,
1886 1375 2038 1446 Orig.

383 1467 531 1533 gent.
566 1465 721 1520 Rom.
753 1464 881 1519 init.

458 1553 716 1608 Accedat
744 1558 800 1607 et
828 1551 1355 1624 Tertullianus,qui
1387 1569 1503 1608 non
1533 1569 1650 1608 uno
1680 1553 2041 1618 tantum,sed

385 1641 617 1698 duobus
644 1641 701 1695 in
733 1640 901 1697 libris
933 1642 1040 1697 hoc
1070 1642 1141 1698 de
1172 1641 1425 1698 Saturno
1456 1642 1738 1713 scriptum
1766 1640 2039 1713 reliquit:

388 1730 629 1801 «Cujus
670 1736 942 1802 parentes
988 1729 1171 1803 ignoti
1222 1736 1406 1797 erant,
1453 1731 1622 1787 facile
1683 1731 1791 1787 fuit
1837 1747 2039 1787 eorum

389 1820 575 1877 filium
608 1819 996 1891 dici,quorum
1022 1826 1079 1878 et
1108 1839 1313 1878 omnes
1347 1838 1661 1894 possumus
1680 1820 2039 1887 videri.Quis
2072 1861 2118 1927 Β

387 1909 544 1964 enim
579 1926 693 1965 non
739 1910 949 1966 cmlum
980 1918 1039 1966 et
1085 1916 1322 1980 terram,
1356 1914 1601 1966 matrem
1649 1926 1715 1965 ac
1742 1915 2038 1980 parentem

386 1998 780 2054 venerationis
808 2005 865 2055 et
897 1999 1129 2056 honoris
1177 2016 1357 2055 causa
1385 1998 1656 2071 appellet,
1697 1998 1785 2053 vel
1815 2014 1883 2054 ex
1911 2014 2043 2053 con-

388 2087 699 2144 suetudine
728 2087 1013 2159 humana,
1040 2104 1157 2161 qua
1177 2088 1359 2160 ignoti
1390 2088 1479 2144 vel
1513 2104 1582 2143 ex
1611 2087 1912 2158 inopinato
1933 2104 2041 2159 ap-

388 2180 660 2247 parentes
688 2177 759 2231 de
788 2176 929 2233 cmlo
986 2178 1396 2250 supervenisse
1441 2176 1764 2232 dicuntur?
1796 2176 2041 2231 Proinde

388 2265 641 2321 Saturno
663 2268 966 2338 repentino
986 2267 1203 2338 ubique
1217 2266 1467 2322 cmlitem
1482 2265 1727 2337 contigit
1748 2265 2039 2321 dici.Nam

386 2358 442 2409 et
471 2358 635 2409 terra:
666 2353 823 2411 ﬁlius
851 2355 1251 2429 vulgus,vocat
1272 2371 1521 2429 quorum
1540 2371 1725 2428 genus
1751 2354 2040 2410 incertum

387 2448 495 2499 est.
534 2465 561 2492 »ι
594 2444 884 2515 (Tertull.,
916 2444 1222 2518 Apologet.,
1266 2462 1394 2517 cap.
1429 2446 1517 2514 10,
1568 2460 1700 2516 pag.
1736 2445 1822 2510 12,
1848 2449 1905 2498 et
1937 2443 2037 2499 lib.

385 2549 428 2589 ιι
457 2533 531 2588 ad
557 2532 809 2599 Nalion.,
859 2550 985 2608 cap.
1018 2536 1133 2607 75.)
1190 2534 1393 2592 Utrum
1425 2540 1619 2590 autem
1664 2534 1785 2589 haec
1813 2534 1885 2588 ad
1920 2538 2039 2589 sta-

388 2621 703 2678 biliendam
735 2623 971 2679 Minucii
1004 2624 1187 2681 nostri
1219 2624 1552 2696 Opinionem
1585 2623 1904 2691 sufﬁciant,
1936 2639 2043 2678 nec

387 2709 531 2766 satis
562 2716 715 2767 recte
744 2729 779 2767 a
809 2713 1105 2769 Lactantio
1136 2714 1538 2786 redarguatur,
1574 2711 1914 2785 peritiorum
1946 2728 2041 2767 ex-

391 2800 1116 2872 spectabimusjudicium.
1152 2803 1443 2858 Lubenter
1471 2803 1626 2857 enim
1661 2804 1914 2856 fatemur
1940 2817 2039 2856 no-

388 2897 577 2944 strum
612 2906 723 2945 non
748 2906 878 2947 esse
898 2891 1048 2946 inter
1084 2896 1281 2948 tantos
1311 2896 1550 2965 tamque
1580 2892 1919 2947 venerande
1943 2907 2043 2945 an-

390 2976 682 3049 tiquitatis
712 2978 867 3035 viros
925 2979 1057 3035 lites
1115 2998 1485 3053 componere.
1527 2981 1819 3052 Quidquid
1870 2995 2040 3053 porro

388 3069 843 3134 statuatur,inde
866 3070 1122 3141 profecto
1142 3069 1540 3126 invictissime
1560 3068 1864 3125 conficitur
1886 3069 2042 3124 hunc

383 3160 723 3223 Saturnum,
759 3174 934 3228 quem
967 3158 1183 3215 ethnici
1239 3159 1490 3214 aliorum
1522 3159 1762 3214 deorum
1797 3173 2036 3213 suorum

2157 572 2330 627 istius
2355 571 2666 643 explicare.
2699 586 2831 624 cum
2866 569 2922 624 in
2956 568 3163 640 primis
3197 568 3532 638 parentibus
3566 565 3789 637 probata

2158 660 2503 726 mortalitas,
2533 660 2591 714 in
2624 663 2863 714 caeteros
2893 659 3096 712 ordine
3147 656 3535 713 successionis
3568 654 3787 709 influxe-

2160 749 2252 805 rit.
2284 771 2312 798 ››
2342 749 2544 805 Nonne
2574 765 2705 804 vero
2739 750 2855 802 haec
2888 747 3163 803 delihavit
3192 763 3260 801 ex
3291 744 3669 810 Tertulliano,
3699 744 3789 811 qui

2156 839 2320 910 prius
2351 839 2608 893 dixerat:
2636 860 2663 889 «
2696 838 2960 893 Otiosum
3003 841 3092 893 est
3138 836 3314 892 etiam
3355 834 3579 893 titulos.
3614 849 3791 904 perse-

2155 930 2371 1001 qui.....
2404 929 2557 1000 quod
2591 928 2661 983 de
2690 927 2912 1000 origine
2938 926 3286 994 constiterit,
3340 924 3397 979 id
3430 928 3489 979 et
3513 924 3584 979 de
3614 926 3797 994 poste-

2154 1018 2324 1073 ritate
2384 1017 2705 1073 conveniet.
2744 1038 2772 1067 »
2829 1015 3123 1089 ('l‘ertull.,
3184 1014 3491 1085 Apologet.,
3550 1029 3674 1083 cap.
3716 1012 3795 1077 10,

2153 1100 2286 1179 pag.
2325 1109 2408 1162 12.
2442 1127 2469 1158 ι
2511 1096 2693 1163 Hosce
2727 1106 3008 1162 nimirum
3043 1105 3478 1161 commentitios
3510 1119 3638 1158 esse
3664 1102 3796 1169 deos

2152 1213 2461 1268 merosque
2493 1196 2785 1252 homines.

2223 1287 2331 1343 Sed
2367 1287 2661 1343 Minucius
2690 1286 2951 1342 ethnicos
2983 1285 3177 1341 acrius
3209 1287 3394 1357 urget,
3428 1281 3657 1353 hisque,
3680 1298 3800 1353 quas

2152 1393 2298 1450 pene
2327 1377 2527 1433 omnia
2554 1377 2880 1450 Cyprianus
2913 1374 3304 1446 transcripsit,
3336 1373 3531 1429 verbis
3563 1373 3806 1429 insecta-

2149 1470 2287 1522 tur:
2320 1468 2436 1523 Cur
2465 1466 2515 1521 si
2564 1466 2685 1521 nati
2735 1471 2891 1536 sunt,
2925 1482 3041 1521 non
3099 1464 3389 1535 hodieque
3438 1462 3800 1517 nascuntur?

2151 1555 2264 1610 nisi
2298 1556 2442 1610 forte
2465 1557 2589 1626 jam
2622 1555 2851 1626 Jupiter
2901 1553 3114 1621 senuit,
3146 1558 3203 1608 et
3253 1559 3455 1624 partus
3486 1552 3544 1607 in
3574 1548 3801 1608 Junone

2151 1644 2382 1709 defecit,
2416 1651 2474 1699 et
2524 1645 2779 1700 Minerva
2836 1643 3038 1699 canuit
3092 1648 3408 1713 antequam
3471 1644 3715 1714 peperit.
3775 1666 3799 1693 η

2151 1733 2469 1807 (Cyprium,
2503 1735 2572 1791 de
2596 1733 2795 1793 idolor.
2830 1739 2991 1802 Van.,
3026 1748 3156 1805 pag.
3198 1732 3483 1803 12.)Prius
3511 1732 3803 1803 Theophi-

2148 1821 2241 1878 lus
2270 1823 2667 1880 Antiochenus
2688 1824 2953 1880 ethnicos
2974 1823 3173 1878 eodem
3212 1826 3563 1894 argumento
3607 1822 3804 1877 confu-

2148 1917 2371 1968 taverat
2428 1932 2441 1969 :
2499 1911 2561 1966 EI
2637 1912 2737 1987 γὰρ
2811 1910 2935 1967 τότε
3017 1908 3246 1984 ὲγὲννων
3323 1909 3411 1963 καὶ
3494 1907 3802 1986 ἐγξννῶντο,

2151 1996 2340 2069 δῆλον,
2373 1998 2457 2055 ὅτι
2487 1998 2657 2077 ἐχρῆν
2706 2000 2796 2054 καὶ
2841 1997 2947 2062 ἕως
2994 2002 3092 2054 τοῦ
3148 1995 3305 2072 δεῦρο
3361 1997 3599 2074 visenda:
3657 1997 3803 2059 θεοὺς

2150 2088 2441 2164 γιννητούς
2496 2090 2530 2158 ἢ
2588 2089 2690 2165 γὰρ
2749 2088 3011 2165 ἐγήρασαν
3074 2086 3159 2142 διὸ
3208 2088 3310 2141 οὐκ
3346 2084 3431 2143 ἔτι
3480 2091 3730 2161 γεννῶιιη⁹
3772 2088 3805 2155 ἢ

2150 2178 2433 2249 ἀπέθανον,
2479 2183 2568 2233 καί
2627 2177 2726 2233 οὐκ
2780 2175 2858 2233 ἔτι
2912 2176 3032 2233 εἰσί.
3081 2198 3103 2228 ι
3154 2177 3210 2233 Si
3264 2183 3388 2233 tum
3449 2193 3706 2249 genuere
3752 2182 3806 2233 et

2150 2269 2330 2342 geniti
2375 2275 2533 2340 sunt,
2582 2271 2887 2341 oportebat
2940 2285 3141 2325 eorum
3190 2267 3629 2341 generationem
3662 2268 3808 2322 huc-

2151 2375 2337 2431 usque
2368 2359 2604 2431 porrigi.
2639 2359 2739 2414 Sin
2791 2375 2961 2414 secus
2992 2376 3053 2414 se
3085 2374 3175 2413 res
3227 2357 3421 2421 habet,
3454 2362 3609 2412 certe
3644 2357 3808 2411 infir-

2151 2465 2313 2504 mum
2349 2448 2587 2504 deorum
2622 2464 2807 2520 genus
2859 2447 3243 2520 reputabitur.
3275 2448 3389 2501 Aut
3436 2445 3593 2501 enim
3647 2448 3809 2502 senio

2149 2537 2418 2607 confecti,
2450 2555 2725 2608 generare
2784 2538 3105 2604 desierunt,
3133 2542 3230 2592 aut
3264 2552 3295 2592 θ
3343 2536 3667 2593 viventium
3702 2554 3811 2592 nu-

2152 2645 2311 2686 mero
2343 2630 2577 2701 penitus
2610 2633 2749 2684 sunt
2776 2626 3015 2694 sublati,
3048 2632 3104 2682 et
3133 2628 3191 2681 in
3228 2625 3478 2681 nihilum
3511 2626 3755 2681 redacti.
3780 2650 3808 2677 ς(

2150 2719 2459 2791 (TheOph.,
2494 2718 2595 2773 lib.
2632 2736 2648 2773 ι
2679 2718 2751 2774 ad
2781 2719 3051 2791 Aulolyc.,
3099 2733 3227 2791 pag.
3257 2718 3372 2788 81.)
3404 2717 3647 2772 Brevius
3678 2717 3808 2787 qui-

2150 2810 2283 2864 dem
2314 2808 2617 2871 Tatianus,
2654 2810 2751 2864 sed
2779 2825 2893 2864 non
2928 2810 3124 2863 minus
3158 2807 3359 2863 festive
3389 2824 3401 2862 :
3440 2807 3528 2863 aSi
3562 2806 3809 2862 deorum

2150 2900 2610 2973 generationem,
2643 2899 2855 2971 inquit,
2890 2898 3252 2963 memoratis,
3278 2896 3553 2952 mortales
3585 2913 3686 2953 eos
3716 2913 3807 2951 os-

2152 2984 2551 3055 tenditis;8ta‘t
2597 2985 2651 3040 τί
2698 2988 2801 3062 γὰρ
2850 2985 2912 3039 οὐ
2963 2986 3077 3040 κύει
3128 2990 3219 3039 νῦν
3264 2988 3299 3053 ἡ
3349 2987 3528 3059 ’Ἥρας
3576 2984 3805 3061 πότερον

2149 3076 2475 3152 γεγήρακεν;
2528 3074 2564 3143 ἢ
2614 3078 2711 3128 τοῦ
2770 3072 3104 3147 μηνύσπντος
3165 3074 3291 3146 ὑμῖν
3350 3075 3641 3147 ἀπορεῖτε;
3694 3076 3811 3131 Cur

2153 3182 2266 3221 non
2318 3164 2574 3237 amplius
2607 3164 2763 3235 parit
2816 3164 3020 3220 Juno?
3078 3164 3520 3220 Consenuitne‘!
3565 3166 3682 3220 Aut
3712 3164 3817 3235 qui

384 3251 679 3317 parentem
724 3263 854 3303 esse
898 3247 1253 3321 garriebant,
1308 3249 1653 3319 neutiquam
1703 3247 1901 3315 deum,
1935 3246 2037 3303 sed
2070 3232 2113 3299 Ε
2153 3271 2273 3310 rem
2306 3232 2550 3326 aperiat,
2608 3232 2840 3309 habetis
2881 3253 3175 3310 neminem
3200 3254 3228 3310 ‘2
3258 3275 3287 3303 ››
3340 3252 3620 3325 (Tatian.,
3653 3232 3812 3311 Orat.

382 3333 679 3391 hominem
711 3338 1122 3394 tantummodo
1139 3338 1340 3404 fuisse,
1366 3338 1465 3410 qui
1501 3354 1615 3393 non
1646 3353 1817 3393 secus
1842 3353 1909 3393 ac
1930 3353 2038 3393 cae-

381 3422 491 3479 teri
522 3423 793 3482 homines
823 3443 892 3483 ex
921 3425 1159 3483 homine
1190 3426 1422 3500 genitus
1452 3425 1581 3482 fuit.

952 3580 1357 3636 ARTICULUS
1400 3580 1469 3635 III

384 3684 595 3754 Quibus
626 3687 905 3740 rationum
948 3689 1234 3742 momentis
1283 3688 1537 3743 Czcilius
1565 3685 1892 3742 demonstret
1920 3687 2034 3757 [al—

457 3771 721 3831 santgesse
765 3757 1112 3831 divinitatem
1140 3760 1289 3813 Iovis
1348 3762 1398 3831 et
1429 3758 1687 3831 aliorum,
1713 3759 1904 3831 quirem
1935 3758 2034 3831 ho-

455 3828 699 3882 minibus
753 3830 925 3898 geniti
992 3832 1235 3900 fuerant,
1311 3830 1397 3885 vel
1478 3828 1730 3883 aliorum'
1804 3830 2037 3884 libidine

456 3910 508 3954 et
538 3901 831 3969 arbitratu,
883 3905 942 3955 ut
1001 3902 1257 3956 Romulus
1312 3906 1366 3955 et
1392 3902 1552 3970 Juba,
1613 3902 1702 3955 dii
1729 3903 2037 3957 renuntiati

453 3978 606 4028 sunt.

452 4088 747 4145 Minucius
781 4088 937 4145 Felix
957 4107 989 4145 a
1012 4089 1262 4145 Saturno
1289 4087 1444 4143 venit
1472 4088 1541 4142 ad
1570 4087 1750 4143 tilium
1783 4089 1912 4157 ejus
1933 4088 2029 4144 Joo

379 4193 529 4245 vem,
587 4195 841 4250 eumque
889 4178 1209 4245 hominem,
1241 4193 1614 4249 nequaquam
1672 4194 1804 4232 vero
1852 4178 2028 4233 deum

376 4267 559 4324 fuisse
589 4267 860 4324 similiter
887 4266 1516 4324 demonstrat.Saturni
1554 4266 1772 4339 quippe
1808 4288 1828 4317 ε
1848 4266 2025 4336 ﬁlius,

376 4355 589 4430 inquit,
621 4357 853 4431 Jupiter
907 4357 1105 4424 Creta,
1165 4356 1399 4413 excluso
1449 4360 1707 4427 parente,
1743 4356 2025 4427 regnavit,

373 4443 496 4500 illic
524 4446 690 4517 obiit,
722 4446 843 4503 illic
894 4447 1046 4504 filios
1071 4446 1317 4515 habuit;
1360 4445 1552 4501 adhuc
1600 4449 1836 4500 antrum
1864 4445 2027 4502 Jovis

371 4531 598 4601 visitur,
632 4539 691 4590 et
738 4534 1073 4608 sepulcrum
1132 4536 1260 4607 ejus
1291 4534 1641 4600 ostenditur,
1673 4538 1729 4589 et
1786 4532 1846 4589 in
1878 4535 2025 4604 ipsis

373 4621 556 4678 sacris
584 4623 706 4679 suis
736 4607 1125 4682 humanitatis
1156 4624 1442 4697 arguitur.
1478 4646 1506 4674 »
1536 4625 1644 4680 Sed
1680 4623 1750 4680 de
1782 4622 1873 4686 bis
1897 4623 2024 4694 jam
2058 4607 2102 4674 Β

369 4708 543 4782 paulo
582 4716 754 4768 antea
799 4713 1252 4786 disputavimus,
1284 4718 1461 4785 atque
1489 4713 1682 4769 adhuc
1730 4713 1785 4768 in
1820 4713 2019 4770 subse-

370 4800 684 4871 quentibus
726 4803 943 4859 nostris
1001 4802 1515 4859 dissertationibus
1564 4803 1876 4875 agendum.
1939 4802 2018 4859 De

362 4888 527 4947 Jovis
558 4908 728 4963 porro
758 4892 959 4960 sacris,
995 4908 1121 4964 quae
1172 4892 1470 4950 hominem
1500 4892 1667 4948 illum
1700 4892 1881 4949 fuisse
1912 4894 2019 4949 ad-

362 4978 480 5036 huc
509 4982 915 5049 ostendebant,
948 4983 1102 5039 infra
1131 4983 1588 5055 disputabimus.

436 5076 489 5125 Is
517 5071 713 5141 itaque
737 5073 969 5144 Jupiter
997 5089 1129 5128 cum
1163 5074 1308 5127 deus
1338 5088 1468 5127 esse
1490 5088 1603 5126 non
1641 5073 1846 5142 possit,
1880 5073 2019 5143 quia

360 5177 425 5214 ex
458 5159 570 5215 alio
604 5160 837 5216 homine
870 5163 1101 5233 genitus
1134 5168 1244 5225 est,
1277 5161 1413 5216 inde
1444 5161 1771 5215 necessario
1818 5162 2015 5233 sequi-

358 5254 455 5302 tur
476 5257 711 5305 caeteros
740 5268 809 5307 ex
857 5252 955 5307 illo
1004 5252 1253 5322 aliisque
1304 5250 1641 5305 horninibus
1682 5256 1862 5315 ortos,
1914 5270 2013 5307 ne~

360 5353 653 5405 quaquam
678 5342 833 5408 deos,
874 5343 973 5396 sed
1010 5340 1284 5396 mortales
1318 5342 1497 5394 fuisse
1528 5339 1817 5407 hormines,
1848 5357 1880 5395 a
1914 5358 2016 5396 na-

359 5429 491 5479 tura
520 5428 713 5483 divina
736 5431 963 5486 infinite
985 5431 1285 5486 alienatos.
1313 5428 1702 5493 Quamobrem
1725 5430 2016 5486 Minucius

358 5513 616 5568 declarat
648 5518 969 5589 descriptas
1022 5522 1169 5577 571
1207 5520 1459 5575 ethnicis
1519 5516 1749 5572 illorum
1785 5536 2019 5590 genera.

354 5602 565 5688 tiones,
599 5622 747 5674 quas
805 5611 1060 5680 proferre
1116 5617 1235 5665 tam
1295 5609 1535 5682 longum
1583 5625 1757 5678 quam
1808 5610 2021 5684 inutile

354 5690 520 5753 foret,
553 5691 783 5749 silentio
809 5712 841 5749 a
872 5705 931 5753 s'e
966 5696 1350 5769 praetermitti.
1387 5698 1531 5753 Nam
1570 5702 1595 5748 ἐ(
1613 5697 1866 5755 otiosum
1902 5706 2011 5757 est

2146 3352 2320 3399 contr.
2358 3343 2552 3411 Gram,
2584 3360 2718 3416 pag.
2761 3344 2902 3416 160.)

2217 3433 2306 3488 Sic
2337 3433 2511 3489 etiam
2543 3434 2781 3503 Seneca,
2814 3450 2849 3487 a
2888 3433 3186 3488 Lactantio
3229 3431 3524 3497 laudatus,
3557 3432 3812 3504 gentiles

2147 3538 2286 3578 suos
2316 3522 2611 3577 irridendo
2659 3527 3127 3594 argumentatur.
3161 3545 3190 3573 «
3222 3521 3370 3587 Quid
3403 3527 3490 3579 est
3518 3538 3679 3594 ergo,
3714 3524 3811 3577 iu-

2146 3612 2483 3683 quit,quare
2512 3612 2666 3683 apud
2701 3620 2899 3684 poetas
2929 3611 3333 3668 salacissimus
3360 3609 3588 3683 Jupiter
3616 3610 3811 3666 desie-

2144 3703 2223 3755 rit
2252 3700 2467 3756 liberos
2491 3701 2713 3756 tollere.
2764 3700 2969 3756 Utrum
3001 3700 3420 3772 sexagenarius
3470 3700 3659 3755 factus
3693 3704 3813 3765 est,

2144 3794 2202 3845 et
2234 3789 2316 3844 illi
2349 3789 2438 3845 lex
2472 3790 2647 3861 Papia
2678 3789 2917 3845 ﬁbulam
2979 3788 3305 3862 imposuit?
3335 3792 3420 3845 An
3470 3788 3821 3860 impetravit

2137 3878 2239 3950 jus
2269 3880 2447 3934 trium
2479 3879 2826 3935 liberorum?
2850 3886 2935 3934 An
2969 3882 3207 3934 tandem
3237 3878 3319 3933 illi
3352 3878 3510 3933 venit
3538 3879 3595 3931 in
3640 3895 3819 3933 men-

2144 3973 2260 4024 tem
2287 3987 2299 4025 :
2343 3970 2428 4025 Ab
2461 3968 2573 4025 alio
2604 3973 2927 4041 exspectes,
2958 3968 3124 4033 alteri
3177 3970 3329 4041 quod
3364 3969 3568 4023 feceris
3603 3986 3615 4034 ;
3643 3973 3709 4022 et
3740 3967 3820 4022 ti-

2143 4064 2263 4114 met
2284 4075 2353 4113 ne
2376 4058 2508 4130 quis
2536 4059 2645 4113 sibi
2676 4058 2867 4124 faciat,
2890 4060 3044 4131 quod
3068 4059 3193 4131 ipse
3222 4058 3500 4114 Saturno?
3529 4081 3551 4105 ν
3585 4057 3818 4126 (Lact.,

2139 4146 2241 4203 lib.
2275 4165 2314 4214 ι,
2347 4165 2474 4219 cap.
2509 4150 2595 4214 16,
2630 4165 2758 4221 pag.
2791 4148 2906 4219 88.)
2932 4150 2991 4203 ld
3023 4154 3131 4221 est,
3164 4165 3237 4204 ne
3284 4149 3437 4203 sicut
3467 4146 3564 4203 ille
3595 4152 3821 4202 Satur-

2140 4254 2282 4292 num
2314 4243 2535 4309 patrem
2569 4254 2767 4303 suum,
2801 4236 2884 4292 ita
2912 4237 3109 4310 ipsum
3144 4237 3244 4293 lilii
3293 4238 3422 4309 ejus
3453 4252 3634 4308 regno
3669 4254 3821 4308 spo-

2138 4325 2368 4383 liarent.
2425 4326 2532 4382 Sed
2570 4328 2641 4382 de
2700 4327 3023 4393 Lactantio,
3059 4327 3271 4398 hisque
3327 4326 3560 4382 Seneca
3607 4326 3827 4381 verbis

2135 4415 2356 4488 aliquid
2388 4416 2542 4472 infra
2561 4415 2894 4473 dicendum.
2933 4417 3194 4490 Denique
3216 4422 3283 4473 ut
3313 4415 3462 4473 alios
3482 4415 3707 4471 missos
3733 4414 3823 4472 fa-

2134 4504 2382 4577 ciamus,
2412 4504 2712 4561 Juvenalis
2739 4505 2915 4561 etiam
2948 4505 3178 4562 cecinit.

2227 4631 2354 4689 Quis
2381 4633 2563 4681 tamen
2593 4629 2823 4681 afﬁrmet
2852 4631 2928 4681 nil
2975 4635 3153 4682 actum
3183 4632 3239 4681 in
3290 4630 3584 4691 montibus,
3618 4633 3728 4680 aut
3754 4630 3817 4679 in

2224 4694 2507 4758 Speluncis
2526 4696 2551 4742 7
2579 4694 2726 4744 Adeo
2755 4699 3055 4745 senuerunt
3078 4695 3328 4759 luppiter
3355 4698 3408 4744 et
3436 4695 3599 4744 Mars.

2532 4772 2819 4837 (Juvenal.,
2849 4774 3047 4839 δαίνυ-η
3072 4788 3143 4836 τι,
3174 4790 3220 4825 υ.
3250 4775 3313 4826 62
3339 4776 3388 4825 et
3414 4776 3578 4838 seqq.)

2201 4891 2389 4947 Instat
2416 4888 2732 4955 Minucius,
2765 4893 2824 4945 et
2853 4890 3032 4947 falsas
3064 4892 3136 4948 de
3164 4891 3279 4947 diis
3308 4889 3617 4963 opiniones
3651 4890 3821 4945 alte-

2128 4998 2193 5037 ra
2218 4981 2410 5036 adhuc
2444 4979 2667 5035 ratione
2697 4981 2964 5038 funditus
2996 4982 3267 5038 destruit.
3294 5004 3322 5033 «
3345 4980 3405 5036 Si
3438 4980 3537 5049 dii,
3575 4978 3819 5051 inquit,

2127 5070 2307 5126 creari
2356 5073 2616 5142 possent,
2650 5069 2889 5126 interire
2946 5087 3060 5127 non
3106 5076 3365 5143 possent,
3399 5070 3599 5143 plures
3649 5066 3817 5123 totis

2127 5159 2467 5215 hominibus
2497 5160 2637 5214 deos
2666 5158 3048 5229 haberemus;
3083 5162 3284 5231 utjam
3315 5177 3413 5216 eos
3445 5175 3549 5214 nec
3571 5156 3808 5213 cmlum

2127 5250 2467 5318 contineret,
2501 5265 2604 5304 nec
2653 5265 2754 5304 aer
2808 5257 3058 5322 caperet,
3093 5267 3199 5306 nec
3256 5257 3410 5305 terra
3441 5252 3730 5321 gestaret.
3767 5264 3806 5295 »

2127 5340 2237 5394 Sed
2270 5340 2375 5395 hoc
2407 5338 2520 5393 telo
2574 5339 2775 5410 utique
2833 5342 3136 5407 acerrimo,
3172 5357 3287 5413 quo
3346 5339 3517 5395 etiam
3572 5332 3813 5409 Sybiila

2128 5431 2332 5494 utitur,
2383 5429 2649 5483 ethnicos
2699 5428 2914 5485 citatus
2956 5432 3081 5502 jam
3125 5449 3157 5486 a
3205 5431 3375 5485 nobis
3423 5424 3813 5499 Theophilus

2129 5518 2526 5573 Antiochenus
2550 5519 2779 5588 penitus
2813 5521 3354 5576 transﬁxerat.Hinc
3377 5512 3805 5588 enim,inquit.

2134 5605 2345 5682 μᾶλλον
2400 5606 2491 5662 καὶ
2545 5604 2793 5670 πλείονες
2852 5608 2963 5673 θεοὶ
3026 5604 3262 5689 ὤφειλον
3319 5608 3454 5664 εἶναι
3519 5610 3639 5661 τῶν
3702 5602 3814 5657 ἆν-

2130 5696 2382 5771 θρώπων⁹
2412 5694 2486 5758 ὣς
2519 5712 2652 5773 φησι
2713 5692 2984 5769 Σίϐυλλα,
3036 5724 3065 5751 ‹‹
3099 5700 3396 5772 colligitur
3420 5696 3629 5770 plures
3665 5704 3813 5753 esi.
