4088 6150
265 336 365 398 589

1692 331 2236 397 DlSSEBTA'l‘lO.

3541 345 3665 410 590

259 471 401 536 deos,
432 484 611 540 quam
659 467 950 534 homines,
983 468 1136 524 sicut
1184 472 1242 525 et
1279 468 1501 543 Sibylla
1539 466 1827 541 perhibet.
1862 484 1891 521 ιι
1924 464 1979 531 Α
2010 464 2208 537 populi
2229 467 2419 539 gentis
2450 472 2552 523 aut
2582 467 2746 525 urbis
2766 486 2885 526 sum
2914 472 3265 541 conditores,
3290 490 3392 529 seu
3412 474 3517 530 viri
3541 477 3656 533 for-

256 561 461 616 Catera
493 576 617 630 quas
651 557 915 631 longiora
944 564 1084 615 sunt
1112 560 1264 632 apud
1290 576 1447 625 eum,
1481 558 1633 615 sicut
1657 556 1810 616 572
1842 557 1899 609 et

252 648 353 703 alia
368 647 461 703 his
473 648 727 715 similia,
742 649 895 719 apud
915 648 1261 709 Arnobium.
1281 648 1667 704 Lactantium.
1690 647 1760 700 de
1773 643 1897 715 qui.

250 738 349 792 bus
371 753 478 792 nos
490 753 596 792 suo
612 737 821 802 locu,et
835 736 1147 793 Eusebium
1166 735 1776 817 quilibetlegerehaud
1794 732 1899 787 dif~

248 826 473 881 ﬁculter
503 827 715 898 poterit
738 825 999 896 (Arnob.,
1022 825 1124 884 lib.
1177 844 1237 882 IIl
1268 835 1390 883 adv.
1422 824 1594 893 Gent.,
1629 840 1760 898 pag.
1798 820 1896 877 104

244 924 287 971 ει
314 932 467 989 seqq.
490 932 514 977 ;
549 920 802 979 Laetam,
825 914 925 971 lib.
960 933 1000 980 ι,
1031 931 1159 988 cap.
1195 917 1261 971 16
1286 924 1336 971 et
1362 931 1549 989 seqq;
1578 914 1814 979 Euseb.,
1837 913 1897 967 in

243 1002 389 1063 Orat.
428 1003 708 1060 Constant.
745 1003 814 1059 ad
842 1008 1015 1060 sanet.
1047 1013 1196 1071 εδει..
1228 1022 1359 1077 cap.
1403 1005 1453 1075 4,
1476 1021 1606 1077 pag.
1638 1002 1787 1077 570).

308 1095 549 1150 Interea
578 1111 710 1149 vero
744 1094 1033 1149 monitum
1064 1098 1120 1148 te
1140 1111 1269 1150 esse
1294 1092 1564 1150 volumus
1585 1097 1814 1148 tantum
1838 1089 1897 1146 in

240 1182 348 1240 hoc
386 1188 736 1256 argumento
767 1200 895 1239 esse
925 1181 1135 1237 virium
1170 1188 1226 1238 et
1254 1183 1548 1256 ponderis,
1582 1186 1647 1237 ut
1677 1180 1900 1236 Plinius

238 1272 335 1329 illo
370 1273 548 1345 plane
581 1290 919 1346 oppressus,
946 1272 1201 1327 fateatur
1220 1278 1322 1328 aut
1346 1273 1625 1343 majorem
1660 1288 1787 1328 esse
1808 1269 1901 1326 de-

236 1365 376 1419 bere
407 1362 692 1432 cmlitum,
727 1378 904 1434 quam
940 1361 1245 1419 hominum
1276 1378 1608 1427 numerum,
1641 1364 1743 1416 aut
1769 1377 1903 1416 vera

206 1470 351 1509 non
392 1452 576 1508 fuisse
609 1453 849 1507 deorum
886 1452 1282 1509 matrimonia.
1316 1452 1423 1508 Sed
1466 1451 1789 1525 ipsummet
1817 1448 1899 1507 lo-

233 1548 520 1615 quentem
556 1537 761 1596 audire
780 1540 969 1611 juvat.
1000 1562 1027 1593 s
1046 1542 1248 1609 Major,
1282 1539 1495 1612 inquit,
1517 1540 1773 1596 ccelitum
1800 1556 1899 1612 po-

233 1631 417 1705 pulus
445 1630 645 1697 etiam,
680 1646 858 1701 quam
889 1628 1194 1685 hominum
1245 1626 1493 1701 intelligi
1524 1633 1732 1701 potest,
1766 1646 1899 1684 cum

234 1720 463 1794 singuli
498 1735 731 1791 quoque
762 1735 829 1774 ex
858 1719 1192 1790 semetipsis
1221 1716 1634 1795 totidem'deos
1665 1719 1898 1789 faciant,

2005 555 2250 612 titudine
2278 556 2543 629 insignes
2573 565 2759 627 erant,
2793 578 2895 617 seu
2930 562 3156 619 femine
3182 564 3447 621 castitate
3479 567 3658 625 mira-

2007 641 2175 712 biles,
2208 661 2445 703 summa
2464 649 2832 705 veneratione
2850 650 3177 719 coluerunt,
3204 658 3269 709 ut
3292 656 3529 727 Egyptii
3550 656 3657 711 Isi-

2006 732 2161 802 dem,
2198 735 2381 790 Mauri
2411 739 2623 792 Jubam
2659 739 2943 810 (Laetam,
2968 739 3086 798 .lib.
3124 744 3376 813 ilnstit.,
3406 760 3532 816 cap.
3568 747 3656 812 15,

2008 838 2140 895 pag.
2171 824 2285 895 81).
2320 847 2350 876 ››
2385 830 2569 882 Antea
2600 843 2733 883 vero
2764 828 3159 887 Tertullianus
3196 834 3386 905 magis
3416 850 3659 906 genera-

2007 911 2135 977 tim,
2164 930 2229 969 ac
2259 931 2597 988 suppresso,
2627 914 2728 974 sed
2774 918 3180 979 subintellecto
3223 922 3388 978 Jubae
3423 922 3660 981 nomine

2010 1021 2036 1055 ι
2071 1001 2397 1076 Unicuique
2428 1006 2734 1077 provincias
2765 1012 2824 1066 et
2852 1009 3068 1067 civitati
3103 1027 3248 1068 suus
3277 1016 3367 1068 est
3397 1013 3654 1069 deus...-.

2008 1096 2075 1146 ut
2133 1091 2495 1149 Mauritania
2554 1096 2739 1168 reguli
2799 1098 2913 1153 sui.
2950 1122 2972 1149 ι
3034 1100 3192 1156 ιη
3246 1101 3523 1174 Sequitur
3574 1100 3659 1157 ibi

2008 1180 2431 1238 Tertullianum
2464 1198 2624 1240 more
2646 1198 2751 1242 suo
2778 1186 3121 1260 Cyprianus,
3146 1190 3344 1262 aitque
3372 1204 3385 1244 :
3414 1213 3442 1240 ‹‹
3478 1190 3663 1246 Mauri

2011 1270 2318 1328 manifeste
2350 1289 2513 1345 reges
2537 1275 2759 1339 colunt,
2794 1292 2899 1331 nec
2922 1276 3040 1333 ullo
3066 1278 3392 1335 velamento
3424 1279 3535 1336 hoc
3566 1295 3665 1335 no-

2010 1373 2141 1413 men
2174 1360 2475 1416 obtexunt.
2513 1382 2532 1411 -
2560 1362 2873 1436 (Cyprian.,
2902 1366 2968 1422 de
2995 1367 3130 1423 Idol.
3178 1382 3286 1423 van
3313 1413 3329 1434 ,
3370 1385 3505 1442 pag.
3551 1369 3662 1438 t2.)

2080 1445 2294 1504 Verum
2344 1449 2628 1508 Callarius
2680 1454 3018 1527 suspicatur
3063 1459 3123 1512 in
3174 1458 3412 1514 Minucii
3474 1458 3663 1514 nostri

2007 1539 2166 1592 textu
2198 1537 2435 1611 aliquod
2467 1542 2710 1599 subesse
2744 1546 3045 1602 mendum.
3077 1546 3201 1603 Non
3240 1548 3392 1604 enim
3430 1548 3662 1604 Mauro-

2009 1638 2163 1691 rum,
2195 1627 2406 1699 inquit,
2457 1630 2557 1685 sed
2608 1632 2995 1690 Numidarum
3044 1652 3144 1692 rex
3192 1637 3302 1691 fuit
3338 1638 3512 1694 Juba.
3546 1637 3662 1694 Nec

2010 1730 2222 1787 negare
2251 1718 2489 1789 quidem
2522 1734 2839 1792 possumus
2887 1723 3030 1780 illud
3077 1743 3111 1781 a
3141 1725 3318 1782 Dione
3365 1726 3563 1783 Cassio
3596 1732 3663 1783 ad

234 1808 838 1882 Junonesgeniosque
854 1807 1189 1880 adoptando
1203 1805 1315 1863 sibi
1343 1812 1579 1881 :gentes
1598 1824 1728 1864 vero
1746 1825 1898 1882 quaa-
1929 1838 1977 1904 Β
2012 1805 2315 1904 ΡΙιιῐδῐιρδο
2347 1807 2529 1865 fuisse
2560 1810 2768 1868 litteris
2819 1813 3121 1870 traditum.
3164 1820 3237 1871 At
3266 1816 3533 1888 nunquid
3567 1816 3663 1872 id-

245 1902 391 1956 dam
421 1896 713 1962 animalia,
746 1902 803 1952 et
822 1897 1021 1970 aliqua
1050 1899 1225 1953 etiam
1247 1897 1501 1953 obscena
1532 1914 1634 1969 pro
1655 1896 1768 1953 diis
1795 1902 1899 1955 ha—

244 1991 445 2056 beant,
476 2004 540 2043 ac
572 1983 760 2042 multa
788 1987 948 2043 dictu
984 1986 1172 2060 magis
1204 1988 1498 2059 pudenda,
1541 2004 1644 2060 per
1673 1989 1901 2045 fmtidos

242 2078 406 2135 cibos
454 2084 515 2134 et
561 2077 675 2132 alia
715 2077 1005 2147 jurantes.
1064 2075 1436 2133 Matrimonia
1481 2075 1717 2150 quidem
1749 2079 1904 2135 inter

240 2169 381 2225 deos
410 2167 597 2236 credi,
630 2173 912 2240 tantoque
942 2180 1061 2222 aevo
1091 2182 1160 2223 ex
1190 2165 1283 2223 his
1316 2166 1609 2223 neminem
1635 2167 1817 2236 nasci,
1845 2168 1904 2224 et

241 2259 389 2314 alios
416 2275 549 2314 esse
580 2258 923 2332 grandaevos
954 2273 1305 2329 semperque
1338 2262 1620 2325 canos,et
1637 2258 1900 2329 aliosju-

240 2368 416 2407 venes
450 2359 627 2420 atque
672 2366 903 2422 pueros,
937 2349 1204 2421 aligeros,
1238 2348 1618 2416 claudos,ovo
1648 2349 1899 2423 genitos,

242 2448 297 2497 et
325 2439 575 2496 alternis
597 2439 804 2494 diebus
827 2439 1083 2494 viventes
1106 2438 1563 2511 morientesque,
1588 2439 1899 2512 puerilium

247 2547 422 2603 prope
453 2528 973 2585 deliramentorum
1024 2533 1131 2584 est.
1167 2548 1196 2577 ››
1229 2524 1427 2601 (Plin.,
1473 2525 1575 2584 lib.
1609 2547 1675 2595 ιι,
1706 2526 1898 2585 Natur.

248 2622 404 2685 Hist,
439 2635 569 2690 cap.
601 2620 656 2686 7,
706 2634 818 2692 pag
885 2618 991 2673 142
1038 2626 1090 2673 et
1132 2619 1272 2691 seq.)
1327 2616 1489 2686 Quod
1542 2636 1699 2693 ergo,
1739 2637 1904 2677 ama—

252 2710 322 2766 bo
352 2717 429 2776 te,
463 2707 763 2765 efficacius
803 2707 873 2763 ad
924 2706 1215 2762 tollendas
1253 2707 1561 2779 gentilium
1594 2708 1905 2781 religiones

257 2804 667 2872 argumentum
701 2796 892 2852 afferri
938 2802 1183 2868 poterat,
1235 2814 1412 2870 quam
1442 2797 1543 2855 illa
1593 2797 1819 2855 sincera
1849 2803 1907 2855 et

258 2889 486 2962 publica
517 2887 689 2943 Plinii
734 2886 1103 2960 aliorumque
1138 2889 1315 2944 etiam
1366 2886 1732 2945 ethnicorum
1768 2906 1904 2945 con-

260 2980 425 3037 fessio
446 2979 475 3034 τ

330 3069 527 3142 Neque
557 3067 776 3124 dixeris
805 3066 936 3123 illas
969 3067 1215 3124 indoctis
1246 3070 1529 3142 rudisque
1562 3060 1748 3142 plebis
1778 3067 1907 3140 opi-

268 3160 461 3215 niones
493 3176 526 3214 a
550 3157 753 3227 Plinio,
776 3158 1276 3229 quemadmodum
1299 3156 1372 3212 ab
1396 3157 1513 3214 illis
1540 3159 1904 3214 ethnicorum

271 3250 561 3304 hominum
596 3246 976 3313 doctissimis,
1009 3252 1290 3321 tanquam
1336 3245 1521 3303 aniles
1554 3247 1783 3304 fabulas
1820 3264 1906 3303 re-

275 3337 506 3409 pudiari.
532 3337 678 3393 Nam
704 3337 756 3392 id
787 3336 1059 3404 Minucio,
1092 3339 1431 3409 ceterisque
1455 3338 1795 3395 Christianae
1828 3355 1911 3394 re-

273 3426 493 3500 ligionis
520 3426 954 3491 defensoribus,
998 3424 1167 3497 plane
1215 3426 1546 3483 sufficiebat
1592 3429 1662 3484 ad
1698 3428 1910 3501 impios

275 3518 519 3572 omnium
553 3516 922 3571 ethnicorum
966 3514 1182 3580 cultus,
1216 3516 1314 3587 qui
1365 3516 1423 3571 in
1458 3517 1617 3573 hisce
1646 3534 1910 3575 errorum

278 3606 538 3661 monstris
556 3604 1187 3665 nitebanturfunditus
1205 3606 1569 3662 evertendas.
1594 3607 1734 3673 Quis
1755 3605 1911 3663 enim

278 3694 492 3751 illorum
533 3711 713 3751 vanas
759 3691 1208 3765 superstitiones
1240 3694 1385 3750 ferre
1415 3701 1609 3768 queat,
1639 3696 1739 3769 qui
1784 3695 1913 3751 uni-

280 3801 394 3840 cum
417 3791 817 3855 eternumque
846 3783 1028 3839 Deum
1056 3784 1367 3857 negabant,
1400 3784 1615 3842 etalios
1630 3785 1914 3858 plurimos

280 3873 559 3941 mortales,
592 3888 693 3927 aut
720 3877 1088 3945 generantes,
1127 3889 1192 3928 ac
1221 3872 1451 3945 genitos
1481 3874 1619 3929 deos
1650 3874 1920 3931 colebant

276 3968 325 4018 et
351 3961 822 4019 venerabantur?
873 3960 999 4017 Non
1051 3961 1249 4019 minus
1298 3968 1494 4019 autem
1539 3964 1693 4020 docti
1738 3980 1915 4038 quam

276 4051 478 4108 indocti
519 4050 792 4124 gentiles,
835 4051 1046 4122 rejecto
1095 4066 1230 4107 vero
1261 4051 1399 4118 Deo,
1450 4051 1753 4122 ridiculos,
1786 4052 1919 4109 illos

274 4141 403 4199 deos
432 4140 745 4208 colebant;
776 4140 864 4195 vel
915 4138 1103 4195 colere
1155 4156 1219 4196 se
1269 4139 1637 4214 simulantes,
1688 4141 1918 4201 nullum

272 4231 693 4298 admittebant;
726 4234 829 4285 aut
859 4227 1018 4285 aliud
1053 4227 1272 4301 aliquid
1304 4246 1339 4287 a
1366 4246 1503 4287 vera
1533 4229 1836 4289 divinitate
1853 4248 1917 4289 eo

271 4320 460 4392 magis
487 4323 801 4389 remotum,
835 4318 990 4390 quod
1021 4324 1283 4375 creatum
1313 4317 1399 4376 vel
1422 4319 1673 4392 ipsemet
1699 4321 1921 4379 ratione

273 4410 560 4481 privatum
590 4413 731 4465 erat.

352 4495 545 4553 Nonne
571 4514 705 4570 ergo
732 4513 765 4552 a
799 4500 953 4553 recto
983 4495 1242 4553 veritatis
1264 4497 1499 4554 tramite
1531 4496 1799 4555 similiter
1820 4494 1920 4555 ab-

2010 1896 2164 1951 circo
2195 1894 2511 1963 Minucius,
2544 1903 2646 1955 aut
2675 1902 2805 1972 ejus
2835 1902 3134 1971 librarius,
3170 1910 3271 1961 aut
3301 1904 3463 1961 citati
3495 1923 3528 1961 a
3560 1922 3667 1962 no»

2009 1985 2104 2040 bis
2132 1987 2447 2059 scriptores
2479 1991 2812 2045 erraveruni
2862 1991 3037 2064 (Dio.,
3084 1995 3283 2050 Hister.
3321 1995 3494 2064 Rom,
3528 2011 3667 2069 pag.

2012 2075 2150 2143 193;
2185 2075 2403 2146 Plutar,
2443 2077 2505 2131 in
2559 2078 2676 2134 Vita
2726 2078 2951 2147 Cassam,
3005 2098 3131 2155 pag.
3182 2084 3358 2153 732)?
3387 2084 3662 2156 Nunquid

2010 2163 2206 2237 potius
2235 2164 2515 2221 Cellarius
2546 2183 2662 2222 non
2695 2168 2839 2225 satis
2859 2179 3129 2228 accurate
3149 2171 3332 2229 libros
3361 2174 3663 2230 Strabonis

2011 2253 2520 2325 pervolutaverat?
2576 2254 2658 2312 Ibi
2699 2257 2855 2314 enim
2905 2258 3029 2316 hec
3075 2260 3237 2318 illius
3268 2263 3443 2319 verba
3472 2262 3663 2336 legere

2010 2348 2273 2414 poterat:
2307 2342 2435 2396 Νυνὶ
2494 2342 2571 2406 εἷς
2630 2340 2839 2401 Ἰούϐαν
2895 2348 3244 2423 neptim?)er
3321 2350 3657 2427 Maupoueiu,

2007 2430 2097 2487 καὶ
2129 2428 2315 2517 πολλᾷ
2346 2434 2487 2509 μέρη
2517 2435 2616 2504 τῆς
2649 2433 2828 2507 ἅλΛης
2857 2432 3089 2510 Λιϐύης,
3120 2435 3210 2493 διὰ
3239 2440 3338 2509 τὴν
3369 2441 3503 2517 πρὸς
3532 2442 3661 2495 Ῥωο

2014 2520 2204 2594 μαίους
2229 2512 2438 2578 εὔνοιάν
2482 2543 2542 2579 ss
2583 2524 2673 2579 καὶ
2703 2523 2910 2601 φιλίαν.
2960 2551 2989 2581 α
3034 2529 3200 2586 Nunc
3248 2512 3661 2587 Mauritaniam

2011 2612 2271 2684 aliasque
2303 2613 2519 2670 multas
2551 2620 2741 2686 partes
2764 2619 2969 2674 Africae
2990 2618 3143 2677 Juba
3170 2620 3416 2684 obtinet,
3440 2621 3513 2676 ob
3534 2626 3663 2677 stu-

2013 2701 2176 2758 dium
2208 2702 2265 2757 in
2299 2703 2589 2761 Romanos
2619 2710 2676 2761 et
2720 2706 3039 2764 amicitiam
3086 2708 3198 2764 hoc
3227 2714 3599 2766 consecutus.
3635 2730 3663 2759 ››

2012 2790 2263 2864 (Strab.,
2294 2791 2395 2848 lib.
2425 2810 2481 2848 vi
2512 2786 2724 2866 Georg.,
2761 2792 2871 2853 sub
2905 2796 3030 2868 fin.,
3062 2814 3196 2872 pag.
3226 2797 3377 2869 288.)

2086 2878 2203 2935 Cur
2229 2894 2387 2953 ergo,
2437 2880 2688 2955 inquies,
2736 2883 2889 2940 Juba
2937 2900 2972 2941 a
3018 2886 3200 2942 Dione
3256 2892 3315 2943 et
3357 2886 3668 2944 Plutarcho

2014 2965 2402 3026 Numidarum
2436 2984 2534 3027 rex
2554 2970 2817 3029 dicitur?
2863 2970 3240 3031 Difficultatis
3288 2974 3534 3049 hujusce
3565 2993 3668 3032 no-

2017 3061 2159 3114 dum
2190 3059 2363 3115 solvit
2391 3056 2776 3133 Herodianus,
2809 3062 2907 3134 qui
2954 3063 3392 3137 Mauritaniam,
3426 3065 3527 3121 ubi
3560 3066 3669 3121 im-

2018 3149 2260 3223 perabat
2295 3148 2466 3216 .luba,
2506 3164 2752 3224 quisque
2799 3152 3077 3211 Romanis
3107 3159 3231 3211 erat
3277 3157 3563 3228 subiecta,
3598 3156 3670 3212 ab

2021 3238 2227 3295 incolis
2257 3240 2381 3295 suis
2412 3239 2750 3296 Numidiam
2784 3251 3044 3299 vocatam
3076 3244 3256 3300 fuisse
3288 3245 3669 3301 testiﬁcatur:

2020 3324 2393 3391 Καπελλιανὸς
2451 3320 2518 3398 ἤν
2576 3341 2657 3391 τις
2732 3323 2927 3403 ὄνομα,
2980 3331 3085 3386 ἀπὸ
3162 3332 3257 3387 τοῦ
3334 3330 3669 3408 συγκλήτου,

2019 3418 2205 3495 ἡγεῖτο
2255 3415 2313 3473 δὲ
2360 3419 2715 3493 Μαυρουσίων
2762 3418 2869 3474 τῶν
2922 3420 3026 3475 ὑπὸ
3054 3422 3364 3495 Ῥωμαίοις,
3402 3420 3668 3495 Νομάδων

2022 3506 2079 3563 δὲ
2108 3504 2485 3581 καλουμένων.
2519 3532 2547 3559 ‹‹
2582 3509 2948 3581 Capellianus
2978 3510 3240 3585 Quidam,
3276 3515 3551 3571 senatorii
3580 3526 3671 3569 0P-

2022 3598 2177 3655 dinis
2208 3598 2312 3664 vir,
2348 3606 2686 3679 procurator
2733 3596 3092 3657 Mauritania:
3126 3600 3405 3659 Romanis
3445 3604 3674 3674 subjec-

2022 3692 2118 3755 ιω,
2150 3700 2276 3762 quas
2307 3686 2378 3745 ab
2410 3686 2556 3762 ipsis
2582 3686 2858 3746 Numidia
2888 3690 3234 3766 appellatur.
3265 3716 3291 3743 ι)
3314 3693 3674 3766 (Herodian.,

2024 3781 2125 3836 lib.
2161 3796 2236 3834 vn
2267 3779 2403 3835 Hist.
2434 3796 2487 3851 p.
2521 3776 2671 3853 280.)

2096 3864 2281 3925 Instat
2311 3867 2590 3924 Cellarius
2620 3885 2752 3926 vero
2784 3886 2898 3928 non
2927 3888 3055 3929 esse
3085 3866 3276 3929 simile
3304 3870 3543 3941 Jubam,
3579 3872 3675 3944 qui

2025 3976 2059 4016 a
2111 3959 2333 4015 Caesare
2378 3957 2566 4014 victus
2615 3957 2879 4017 volentes
2926 3960 3037 4017 sibi
3091 3974 3302 4018 manus
3353 3961 3568 4031 intulit,
3616 3960 3676 4016 in

2025 4044 2269 4104 deorum
2319 4064 2562 4103 numero
2611 4065 2645 4103 a
2688 4044 2908 4106 Mauris
2955 4050 3139 4107 fuisse
3176 4050 3520 4123 repositum.
3565 4048 3678 4106 Sed

2026 4136 2304 4194 levissimi
2339 4138 2622 4195 momenti
2653 4136 2775 4195 haec
2804 4138 2952 4195 ratio
2984 4144 3093 4196 est.
3125 4139 3266 4205 Quis
3304 4139 3463 4195 enim
3494 4138 3682 4196 nescit

2029 4244 2251 4284 morem
2282 4228 2436 4300 apud
2468 4228 2762 4284 Romanos
2809 4229 3154 4301 pervasisse,
3205 4232 3270 4285 ut
3298 4228 3679 4301 imperatores

2029 4333 2170 4373 suos
2198 4315 2635 4391 quantumlibet
2664 4317 2963 4391 improbos
2994 4334 3061 4374 ac
3100 4316 3397 4385 scelestas,
3430 4316 3679 4375 solemni

2029 4406 2145 4461 ritu
2176 4409 2233 4461 et
2278 4404 2599 4477 apotheosi,
2649 4407 2892 4462 deorum
2942 4406 3071 4463 albo
3121 4407 3525 4463 ascriberent?
3570 4405 3679 4463 Ne-

2032 4512 2146 4569 que
2180 4496 2393 4565 smpius
2424 4512 2626 4551 eorum
2658 4497 3074 4567 exspectabant
3102 4504 3373 4564 mortem;
3406 4499 3506 4555 sed
3538 4499 3681 4552 dum

273 4588 564 4655 errabant,
588 4588 689 4659 qui
715 4586 891 4642 stulte
916 4587 1310 4659 praedicabant
1333 4586 1609 4644 mortales
1632 4588 1916 4659 quosdam
1952 4594 1997 4659 D
2029 4582 2220 4641 adhuc
2250 4585 2537 4654 vivebant,
2562 4584 2678 4639 illis
2709 4586 2883 4641 etiam
2916 4586 3113 4642 invitis
3145 4604 3210 4642 ac
3258 4587 3685 4645 reluctantibus

270 4675 559 4745 homines,
592 4678 675 4731 vel
709 4683 839 4732 ortu
870 4692 1000 4742 suo,
1033 4675 1119 4731 vel
1148 4676 1394 4731 aliorum
1432 4677 1707 4749 perjurio,
1732 4677 1925 4734 libidi-

271 4781 342 4822 ne
389 4772 447 4821 et
491 4766 803 4837 arbitratu,
861 4766 1046 4822 factos
1100 4782 1230 4822 esse
1288 4766 1475 4822 deos?
1523 4765 1681 4822 Talis
1728 4773 1926 4825 tamen

270 4855 395 4925 fuit,
432 4880 453 4905 ι
488 4856 787 4929 pejerante
808 4854 1074 4921 Proculo,
1105 4875 1133 4907 ι
1160 4856 1246 4911 uti
1277 4855 1568 4912 Minucius
1592 4855 1696 4924 ait,
1723 4879 1751 4906 ‹‹
1777 4857 1928 4913 Deus

272 4942 608 5015 Romulus,»
632 4944 1129 5015 quemadmodum
1142 4944 1317 5017 paulo
1335 4942 1923 5019 postexplicabimus.

272 5028 429 5091 Talis
466 5048 698 5107 quoque
730 5032 959 5106 «Juba,
983 5054 1013 5084 ι)
1043 5036 1236 5108 pergit
1264 5026 1383 5107 ille,
1415 5057 1445 5091 (ς
1478 5024 1699 5095 Mauris
1725 5036 1925 5093 volen-

274 5120 451 5191 tibus,
483 5124 631 5180 deus
671 5126 784 5194 est,
814 5126 875 5182 et
918 5122 1061 5195 divi,
1109 5122 1302 5181 ουτοιιί
1350 5138 1536 5198 reges,
1589 5120 1692 5198 qui
1718 5139 1925 5185 conse-

277 5217 533 5281 crantur,
565 5228 682 5270 non
712 5212 785 5270 ad
825 5202 1001 5271 ﬁdem
1050 5206 1333 5282 numinis,
1383 5213 1487 5271 sed
1532 5206 1604 5270 ad
1643 5198 1926 5273 honorem

273 5303 527 5358 emeritis
577 5302 901 5377 potestatis.
943 5324 973 5354 ν
1029 5294 1392 5377 Subscripsit
1445 5304 1667 5360 auctori
1727 5310 1925 5362 nostro

268 5387 635 5464 Lactantius,
667 5393 1022 5468 scriptisque
1043 5394 1317 5450 tradidit:
1351 5414 1381 5444 ι(
1404 5382 1685 5450 Privatim
1705 5393 1926 5468 singuli

2036 4677 2262 4732 divinos
2295 4674 2628 4731 deierabant
2676 4673 2945 4731 honores.
2979 4677 3343 4749 Quapropter
3371 4674 3684 4749 Minucius,

2036 4771 2167 4840 post
2222 4765 2395 4820 citata
2452 4782 2486 4819 a
2540 4766 2709 4820 nobis
2766 4767 2959 4833 verba,
3021 4768 3387 4823 continenter
3438 4767 3687 4838 abiecit:

2041 4877 2062 4905 α
2101 4854 2305 4910 invitis
2343 4853 2436 4910 bis
2475 4852 2726 4927 denique
2774 4855 2883 4912 hoc
2932 4872 3146 4912 nomen
3197 4857 3547 4913 ascribitur:
3583 4873 3690 4927 op—

2035 4946 2164 4999 tant
2192 4943 2251 4998 in
2283 4940 2521 4999 homine
2546 4952 2937 5015 perseverare,
2972 4942 3096 5000 ﬁeri
3127 4954 3190 5001 se
3222 4944 3363 5000 deos
3393 4945 3689 5012 metuunt,

2036 5036 2092 5091 et
2122 5031 2171 5093 si
2209 5030 2338 5105 jam
2369 5047 2562 5102 senes,
2616 5029 2845 5091 nolunt.
2879 5054 2911 5092 ››
2964 5029 3072 5090 Sed
3123 5030 3243 5089 hic
3289 5030 3483 5089 acrius
3524 5032 3695 5105 urget

2035 5110 2455 5194 Tertullianus,
2488 5123 2573 5179 uti
2602 5122 2665 5179 in
2702 5121 2905 5179 nostra
2928 5120 3001 5178 de
3045 5118 3433 5196 Apolegsticie
3458 5119 3590 5193 ejus
3619 5115 3691 5177 li-

2035 5204 2160 5270 bris
2189 5204 2601 5271 dissertatione
2629 5204 2977 5271 videbimus.
3011 5197 3163 5279 O’uid
3193 5216 3333 5285 ergo
3367 5210 3609 5278 mirum,
3642 5210 3696 5267 si

2032 5305 2216 5361 Mauri
2246 5299 2318 5360 ad
2352 5301 2745 5359 Romanorum
2796 5302 2985 5358 instar
3027 5314 3223 5375 regem
3272 5306 3452 5357 suum
3478 5297 3694 5358 Jubam

2035 5393 2208 5452 deum
2241 5409 2369 5450 esse
2398 5391 2734 5449 voluerint?

1952 5626 2034 5661 Δ
