3942 6162
268 379 381 440 591

1555 352 1660 413 DE
1703 347 2011 412 MINUCII
2055 342 2399 408 OCTAVIO

3564 331 3687 390 592

1732 482 1988 544 CAPUT
2030 478 2216 539 XVII.

268 612 497 687 Quanti
545 606 841 690 ponderis
882 603 962 690 sit
1019 599 1189 690 aliud
1220 592 1505 690 “Minucii
1563 589 1865 650 adversus
1915 585 2244 690 gentilium
2297 582 2445 641 deos
2492 578 2960 656 argumentum,
2992 572 3257 650 petitum
3302 589 3378 631 ex
3408 567 3689 629 ridiculis

1168 688 1174 690 .
1529 680 1539 690 .
1711 672 1723 690 ρ
1801 671 1946 690 .9,,,g
2015 669 2175 690 Lua;
2235 680 2428 690 .-.....-..
2460 660 2709 690 tum”...
2748 656 2923 690 ραι-ιδι-
2957 662 3010 690 οι
3049 652 3296 690 nuntiii-

630 652 848 751 λέξῖἀῶ
1214 652 1455 756 {ig—utris,
1484 680 1676 750 atque
1708 652 1984 747 indignis
2014 665 2430 744 tui-pibusque
2460 652 2713 719 illorum
2746 656 2926 715 factis
2957 662 3018 713 et
3049 652 3321 730 ﬂagitiis.

736 804 1146 867 ARTICULUS
1186 797 1468 858 PRIMUS.

275 912 449 981 Quam
492 902 740 981 absurde
771 902 839 981 ab
887 898 1123 981 {limis-1":
1173 887 1731 981 [iugaturll’ulcanus
1769 884 1925 981 fiala-

343 955 465 1044 ΕΞ,
494 955 999 1046 ῖρἇίιῖξήιδενὺξξ,
1032 955 1377 1046 Αςεεάιαῇψ
1427 959 1701 1046 barbatus,
1735 960 1790 1010 et
1818 955 1924 1039 az}:-

344 1026 871 1108 vz'uz'berbis.
924 1026 1208 1110 Neptunus
1252 1026 1474 1103 'glaucis
1521 1031 1713 1091 oculis,
1743 1026 1929 1082 caesiis

344 1071 606 1181 gliuerva.
638 1121 776 1176 Juno
833 1114 1071 1171 bubulis.
1119 1108 1345 1181 pedibus
1384 1104 1553 1181 palatis
1592 1099 1924 1181 Mercurius,

396 1129 606 1191 iuerva,
638 1099 788 1176 1υῇοή
833 1099 1071 1171 bubulis.
1119 1099 1345 1191 pedibus
1378 1104 1553 1191 alatis
1592 1099 1924 1191 Mercurius,

349 1170 869 1260 233333981512...
930 1170 1263 1260 compsanus
1302 1177 1593 1241 Saturnus,
1649 1172 1819 1228 Janus
1846 1170 1926 1222 bi-

347 1270 501 1339 frons
532 1269 585 1320 et
608 1258 1019 1334 Iqualriﬁirmis.

349 1389 631 1447 Ridiculae
662 1387 905 1442 deorum
941 1382 1138 1436 forma
1168 1392 1235 1432 ac
1269 1375 1465 1446 figurae
1488 1368 1645 1425 aliud
1680 1364 1928 1420 Minucio

278 1483 435 1541 574
466 1481 536 1536 ad
570 1470 1032 1534 commentitiam
1065 1467 1299 1522 illorum
1335 1459 1699 1517 divinitatem
1732 1452 1926 1526 explo-

279 1572 530 1626 dendam
564 1562 1014 1622 invictissimum
1067 1551 1444 1626 suppeditant
1493 1549 1927 1619 argumentum.

278 1660 424 1716 Nam
456 1656 595 1729 quid
655 1668 879 1717 eorum,
943 1647 1024 1703 ait
1079 1640 1387 1705 Minucius,
1451 1640 1646 1691 formae
1693 1632 1832 1704 ipsa
1873 1634 1931 1686 et

278 1722 568 1804 habitus?
625 1743 827 1798 Nonne
895 1737 1151 1809 arguunt
1224 1727 1482 1785 ludibria
1538 1728 1595 1779 et
1650 1722 1932 1777 dedecora

278 1839 449 1911 (mss.
518 1834 733 1897 decora,
791 1829 893 1885 sed
949 1823 1122 1893 male)
1180 1821 1421 1875 deorum
1472 1809 1855 1869 vestrorum?
1897 1829 1926 1859 »

281 1900 440 1982 Scire
471 1929 664 1979 autem
696 1919 744 1975 si
777 1933 947 1974 aveas
977 1929 1104 1986 quas
1135 1910 1245 1966 illae
1278 1906 1512 1969 fuerint,
1544 1900 1681 1957 audi
1715 1900 1930 1970 Grego-

279 2016 434 2071 rium
465 2013 918 2073 Nazianzenum,
949 2021 1048 2060 eas
1096 1998 1296 2073 paucis
1330 1996 1419 2051 his
1468 1990 1732 2047 versibus
1763 2004 1930 2044 enar-

280 2110 503 2161 rantem
525 2119 539 2159 :

280 2206 623 2286 Ἰθυφάλους,
654 2202 962 2286 κερόεντας,
994 2194 1313 2286 ἆγαέχενοξξ,
1346 2185 1773 2279 ὴξιδρακόντας,

520 2260 841 2353 δηνρομῖγεῖς
870 2260 931 2326 τέ
956 2260 1197 2345 γελοίιδν
1226 2261 1367 2324 εἶδος
1399 2260 1646 2336 ἔχοντας.

282 2390 389 2454 Qui
422 2387 525 2443 illa
556 2387 731 2442 latine
757 2379 969 2438 redditi
1001 2380 1177 2434 sunt:

409 2541 422 2553 .
492 2540 504 2553 .
576 2539 589 2552 .
661 2540 673 2551 .
745 2537 757 2550 .
824 2532 838 2547 .
908 2534 919 2546 .
990 2531 1001 2543 .
1068 2490 1310 2544 Cornuti.
1341 2485 1737 2553 semid‘racones

406 2549 937 2630 Ithyphali_obsceni,
969 2556 1091 2630 colli
1121 2557 1468 2630 exsprtelsque
1501 2549 1715 2630 {eraque

406 2615 573 2692 .Eq'u'e
600 2628 723 2678 feris
751 2615 1124 2677 mistis'variis,
1158 2615 1384 2666 ridenda
1412 2615 1659 2675 gerentes

405 2692 526 2744 om.
569 2773 757 2845 (Greg.
790 2766 1061 2824 Nazianz.
1091 2761 1272 2817 Carm.
1306 2772 1415 2821 LXI,
1445 2770 1501 2825 p.
1536 2752 1661 2815 142,
1693 2758 1734 2804 ε.
1768 2747 1857 2818 ιι.)

282 2891 497 2947 Verum
531 2890 733 2943 auctor
763 2885 961 2937 noster
987 2879 1101 2934 hoc
1127 2875 1298 2945 longe
1319 2869 1514 2927 fusius
1544 2861 1937 2939 prosequitur,

285 2984 460 3050 atque
492 2980 556 3031 ut
586 2972 731 3028 tales
761 2971 900 3025 deos
944 2965 1130 3022 colere
1169 2960 1435 3017 ethnicos
1487 2954 1724 3010 tandem
1758 2949 1940 3021 pude-

287 3073 376 3123 ret
425 3068 788 3119 monstrosas
838 3057 1145 3128 plerasque
1192 3063 1397 3104 omnes
1444 3042 1680 3098 illorum
1724 3040 1940 3093 formas

290 3158 571 3216 recenset,
604 3148 868 3221 ipsisque
899 3145 1061 3215 ponit
1090 3140 1163 3195 ob
1194 3135 1413 3193 oculos.
1445 3130 1721 3197 Quamvis
1744 3131 1943 3180 autem

291 3242 524 3299 nullum
560 3214 703 3294 fictae
734 3214 969 3290 illorum
1002 3228 1211 3295 aetatis,
1258 3229 1359 3279 aut
1389 3218 1646 3292 dignatis
1677 3214 1941 3270 ordinem

292 3337 612 3404 sequatur;
646 3326 786 3398 quia
827 3329 1023 3379 tamen
1072 3318 1130 3371 id
1170 3329 1374 3387 parum
1424 3314 1526 3364 aut
1570 3304 1716 3360 nihil
1749 3303 1817 3357 ad
1853 3318 1944 3356 ar-

293 3416 753 3496 gumentationis
784 3414 962 3468 robur
990 3413 1047 3463 et
1085 3401 1503 3461 convictionem
1545 3395 1699 3458 facit,
1731 3390 1946 3446 idcirco

295 3513 354 3567 in
387 3514 517 3581 ejus
548 3505 806 3577 vestigiis
839 3497 1243 3555 inhaerendum
1276 3506 1404 3547 esse
1430 3487 1616 3541 satius
1646 3482 1943 3537 duximus.
1977 3522 2021 3589 Ε

1000 3587 1007 3589 _
1456 3579 1503 3589 __
1551 3575 1564 3589 ,
1794 3568 1911 3589 ’,Η-

368 3603 413 3655 A
442 3597 707 3651 Vulcano
738 3597 931 3647 autem
965 3587 1048 3643 sic
1075 3584 1343 3641 orditur:
1377 3601 1405 3628 ‹‹
1456 3575 1756 3630 Vulcanus
1786 3568 1945 3624 clau-

298 3690 410 3744 dus
441 3687 587 3741 deus
619 3690 676 3738 et
704 3679 915 3737 debilis
938 3681 1097 3732 est.»
1132 3672 1344 3727 Eodem
1392 3666 1568 3721 etiam
1601 3663 1947 3733 argumento

299 3776 453 3849 apud
487 3774 817 3830 Ciceronem
852 3767 1034 3832 Cotta,
1077 3765 1304 3818 servato
1350 3761 1545 3810 tamen
1597 3749 1783 3821 magis
1813 3749 1949 3802 deo-

304 3884 435 3925 rum
470 3878 710 3920 suorum
742 3858 966 3923 ordine,
1006 3850 1296 3909 Velleium
1340 3843 1686 3916 Epicureum
1720 3834 1951 3899 refellit,

302 3923 507 4029 illique
534 3951 859 4008 Vulcanum
904 3946 1028 4000 haec
1066 3939 1269 4008 objicit
1311 3935 1370 3991 in
1400 3931 1605 3987 verba:
1661 3951 1688 3978 ‹‹
1720 3926 1789 3981 Et
1816 3923 1951 3996 qui-

305 4010 718 4105 demiAthenis
751 4037 1061 4095 laudamus
1085 4027 1434 4088 Vulcanum,
1459 4035 1595 4076 eum
1627 4031 1802 4089 quem
1826 4010 1956 4067 fecit

304 4138 669 4199 Alcamenes,
702 4130 763 4186 in
790 4143 907 4200 quo
937 4125 1131 4180 stante
1160 4121 1337 4188 atque
1364 4108 1574 4168 vestito
1617 4105 1821 4162 leviter
1848 4117 1957 4173 ap-

303 4190 470 4303 paret
500 4190 847 4280 claudicatio
876 4230 988 4270 non
1020 4205 1322 4266 deformis.
1347 4198 1634 4257 Claudum
1658 4193 1840 4266 igitur
1860 4190 1959 4291 ha-

308 4277 579 4374 bebimus
627 4313 825 4378 deum,
874 4300 1155 4377 quoniam
1203 4294 1274 4350 de
1316 4289 1573 4347 Vulcano
1621 4283 1707 4339 sic
1737 4277 1959 4350 accepi-

310 4368 731 4473 in'usfMCic”
764 4368 863 4452 lib.
947 4391 1011 4447 de
1049 4389 1240 4445 Nutur.
1292 4381 1467 4449 deor.,
1514 4390 1647 4448 pag.
1693 4372 1821 4439 207,
1854 4368 1956 4423 lin.

308 4496 425 4566 27.)

382 4584 591 4639 Narrat
631 4593 764 4634 vero
809 4570 1097 4627 Lucianus
1143 4578 1279 4620 eum
1331 4554 1714 4619 claudicasse,
1766 4564 1900 4605 cum
1931 4562 1965 4601 a

311 4635 736 4743 Jove—praeceps
765 4665 937 4743 datus
967 4658 1125 4714 esset
1152 4669 1184 4743 e
1223 4648 1403 4707 coelo:
1611 4640 1686 4743 p9)
1726 4635 1961 4743 ἐὲμνιοι

314 4723 447 4729 τ-τ-
485 4723 564 4743 τήν
646 4723 685 4739 κ.

312 4756 501 4820 καλῶς
558 4757 863 4821 ποιοῦντες,
908 4741 987 4801 ἔτι
1034 4739 1328 4821 φερόμενον
1398 4731 1556 4788 αὐτὸν
1621 4723 1961 4796 ὑπεδέξαντο,

316 4847 587 4917 ἐτεθνήκει
650 4842 710 4897 ἂν
768 4841 905 4911 ἡμῖν
963 4835 1278 4917 Ἥφαιστος,

1952 792 2008 859 Α
2035 791 2175 845 dum
2207 790 2410 842 auctor
2458 787 2675 852 noster,
2710 780 3039 851 impugnat,
3073 775 3191 831 illis
3239 773 3443 845 objicit
3486 772 3692 849 Ἥφαι-

2038 898 2159 932 στον
2218 872 2540 951 ῥίπτόμενον
2594 868 2683 924 καὶ
2754 864 3120 943 χωλαίνοντα.
3180 887 3209 915 ‹‹
3269 862 3601 919 Vulcanum
3662 877 3694 917 e

2036 966 2178 1025 caelo
2211 964 2435 1039 projici,
2465 978 2648 1034 eoque
2681 975 2821 1014 casu
2852 956 3127 1011 claudum
3165 953 3307 1008 ﬁeri.
3343 975 3370 1003 n
3404 952 3696 1007 Ceterum

2035 1054 2327 1113 Arnobius
2362 1052 2530 1107 illum
2556 1067 2692 1118 uno,
2718 1046 3030 1117 Gregorius
3053 1047 3246 1098 autem
3272 1045 3518 1113 utroque
3546 1040 3698 1111 pede

2038 1145 2311 1202 claudum
2348 1142 2527 1197 fuisse
2560 1138 2948 1201 tradiderunt,
2980 1134 3097 1188 Nec
3122 1133 3356 1201 desunt,
3388 1129 3489 1201 qui
3522 1129 3699 1184 illum

2037 1235 2128 1289 bis
2159 1251 2188 1289 e
2219 1232 2385 1298 ccelo,
2434 1235 2491 1285 et
2538 1229 2727 1301 primo
2776 1224 3012 1297 quidem
3045 1238 3079 1276 a
3124 1221 3375 1285 Junone,
3417 1218 3633 1274 deinde
3664 1236 3700 1273 a

2037 1326 2176 1382 Jove
2205 1326 2494 1395 dejectum
2528 1320 2843 1390 opinentur
2889 1314 3180 1386 (Clemens
3230 1311 3549 1377 Alexand.,
3581 1310 3702 1365 Ad-

2037 1417 2231 1471 monit.
2282 1412 2351 1467 ad
2396 1412 2565 1482 gent.,
2618 1422 2749 1478 pag.
2804 1404 2905 1471 18;
2956 1402 3262 1467 Athanas.,
3317 1399 3469 1455 Orat.
3516 1403 3682 1455 contr

2038 1511 2213 1573 gent,
2244 1502 2274 1577 §
2306 1503 2393 1571 12,
2438 1514 2569 1571 pag.
2614 1496 2700 1562 13,
2747 1500 2895 1549 tom.
2936 1491 2995 1559 I;
3046 1491 3285 1556 Arnob.,
3334 1488 3442 1545 lib.
3485 1506 3542 1544 IV
3570 1488 3705 1545 adv.

2042 1592 2219 1657 Gem...
2254 1606 2379 1662 pag.
2434 1588 2572 1655 134;
2625 1585 2797 1657 Greg.
2845 1581 3006 1648 Naz.,
3040 1587 3185 1635 orat.
3231 1579 3265 1633 3
3304 1577 3427 1634 adv.
3457 1578 3707 1649 Iuliam,

2040 1699 2172 1756 pag.
2204 1680 2311 1736 259
2340 1684 2397 1734 et
2427 1679 2569 1732 orat.
2601 1675 2654 1741 4,
2688 1687 2823 1744 pag.
2864 1669 3017 1742 308).

2111 1769 2414 1827 Secundus
2446 1766 2518 1821 ab
2567 1768 2802 1819 auctore
2853 1764 3053 1815 nostro
3096 1757 3397 1812 inducitur
3437 1780 3458 1805 α
3495 1755 3707 1825 Apollo

2039 1867 2126 1919 tot
2151 1858 2420 1915 aetatibus
2469 1853 2649 1923 laevis,
2696 1856 2753 1906 et
2798 1846 3169 1918 IEsculapius
3212 1861 3443 1917 semper
3486 1846 3707 1900 barba-

2041 1957 2159 2009 tus.
2196 1972 2224 1999 »
2254 1949 2338 2003 0b
2369 1961 2493 2001 eam
2523 1948 2678 1998 certe
2722 1954 2958 1995 causam
3012 1937 3207 1991 ferunt
3235 1953 3267 1990 a
3304 1934 3584 2007 Dionysio
3614 1934 3708 1990 Si-

2042 2040 2185 2098 cilire
2217 2043 2466 2110 tyranno
2496 2032 2645 2089 575
2698 2030 3019 2084 detractam
3069 2024 3396 2095 [Esculapio
3429 2024 3707 2091 barbam,

1966 2164 2013 2229 B
2045 2135 2244 2202 utpote
2275 2125 2374 2197 qui
2422 2120 2709 2194 Apollinis
2758 2131 2989 2187 semper
3032 2112 3334 2178 imberbis,
3381 2118 3445 2167 ut
3491 2113 3574 2167 ait
3607 2113 3711 2167 Ci-

2362 2218 2371 2229 -
2419 2212 2493 2229 ηι·
2554 2228 2562 2229 κ
2641 2211 2755 2229 n---
2798 2206 2862 2229 Δ-
2898 2221 2954 2229 --
2986 2201 3198 2229 -.:.a,.-:..
3251 2202 3439 2229 ...ιι-...η
3474 2201 3683 2229 μευ.--

2043 2236 2194 2285 cero,
2227 2218 2382 2272 esset
2416 2212 2599 2267 filius.
2640 2211 2764 2274 Qua
2794 2206 2865 2262 de
2898 2221 2958 2260 re
2986 2201 3200 2258 videsis
3250 2202 3441 2257 adhuc
3474 2201 3716 2258 Cicero-

2044 2328 2202 2376 nem,
2234 2304 2529 2361 Vulerium
2562 2301 2901 2363 Maximum,
2927 2295 3273 2359 Arnobium,
3309 2294 3719 2361 Lactantium,

2045 2410 2103 2461 et
2133 2401 2279 2457 alios
2309 2396 2665 2465 complures.
2708 2392 2835 2463 Ipse
2869 2394 3065 2445 autem
3097 2386 3294 2441 Cicero
3326 2383 3546 2456 aliique
3574 2385 3723 2440 bar-

2045 2495 2180 2549 bam
2215 2506 2329 2546 non
2363 2486 2603 2543 cuilibet
2645 2480 2996 2553 tEsculapio,
3044 2478 3147 2533 sed
3194 2476 3511 2547 Epidauria
3543 2476 3726 2531 dem-

2048 2589 2206 2655 ptam
2240 2581 2512 2635 asserunt
2559 2573 2786 2645 (Cicer.,
2837 2568 2938 2624 lib.
2975 2585 2995 2623 ι
3040 2567 3105 2623 de
3133 2569 3315 2621 Natur
3360 2565 3535 2630 denr.,
3572 2580 3726 2637 pag.

2049 2672 2172 2735 107,
2204 2669 2307 2724 lin.
2339 2668 2449 2726 26;
2484 2665 2640 2720 Idem
2676 2660 2848 2725 ibid.,
2879 2658 2986 2715 lib.
3028 2674 3113 2718 ιιι.
3139 2672 3271 2728 pag.
3302 2656 3430 2719 252,
3453 2655 3559 2709 lin.
3602 2655 3682 2709 40
3710 2672 3727 2721 ;

2045 2760 2237 2816 Valer.
2275 2759 2443 2820 Max.,
2489 2753 2591 2809 lib.
2642 2752 2703 2819 1i,
2765 2766 2891 2821 cap.
2924 2748 2976 2816 1,
3020 2746 3087 2802 de
3144 2745 3425 2812 Ewter.,§
3483 2744 3558 2811 3;
3606 2746 3726 2799 Ar-

2049 2851 2209 2915 nob.,
2240 2847 2343 2902 lib.
2375 2863 2432 2900 v1
2459 2843 2582 2900 adv.
2618 2840 2795 2906 Gent.,
2847 2853 2980 2909 pag.
3027 2834 3173 2901 206;
3216 2834 3496 2899 Lactant.,
3529 2830 3646 2887 lib.
3680 2844 3733 2887 ιι

2047 2940 2260 3004 lnstit.,
2290 2952 2416 3007 cap.
2450 2933 2503 2999 4,
2538 2947 2669 3003 pag.
2722 2929 2824 2983 157
2848 2969 2862 2994 ,
2896 2926 3034 2991 Cic.,
3069 2922 3168 2978 lib.
3202 2938 3265 2977 ιιι
3295 2922 3365 2976 de
3393 2921 3519 2976 Nat.
3552 2921 3726 2977 deor.

2050 3046 2190 3101 pag.
2228 3023 2490 3091 252,1in.
2543 3022 2653 3091 45).
2706 3014 3025 3101 Pausanias
3075 3027 3209 3067 vero
3262 3011 3362 3065 ubi
3404 3010 3477 3065 de
3520 3009 3727 3065 Phlia-

2052 3118 2177 3179 siis,
2212 3115 2331 3169 haec
2360 3112 2431 3167 de
2462 3105 2775 3178 )Esculapii
2809 3100 3125 3158 simulacro
3156 3097 3732 3155 memoratzﬁamdv-

2051 3226 2159 3260 των
2216 3200 2275 3257 δὲ
2331 3201 2390 3255 ἐκ
2442 3205 2542 3267 τῆς
2602 3189 2956 3271 ἀκροπόλεως
3017 3186 3156 3242 ἔστιν
3191 3185 3535 3255 ’Δσκληπιοῦ
3588 3185 3730 3247 ναὸς

2054 3294 2104 3348 ἐν
2140 3290 2303 3365 δεξιᾷ,
2338 3287 2426 3343 καὶ
2478 3285 2703 3361 ἄγαλμα
2746 3278 2845 3336 οὒκ
2890 3277 3017 3354 ἕχον
3068 3279 3376 3352 πωγωνεῖα.
3411 3299 3441 3325 ‹‹
3492 3279 3625 3339 Qua
3656 3293 3736 3331 ex

2056 3400 2186 3440 arce
2218 3378 2613 3442 descenditur,
2655 3370 2968 3442 Esculapii
3016 3368 3171 3424 edes
3202 3367 3270 3421 ad
3305 3366 3569 3421 dextram
3608 3370 3731 3434 est,

2057 3473 2117 3528 in
2137 3489 2252 3545 qua
2273 3471 2509 3542 signum
2532 3463 2815 3520 imberbe.
2841 3483 2870 3510 »
2892 3459 3191 3530 (Pansam,
3215 3454 3320 3510 lib.
3351 3471 3413 3522 ιι,
3432 3454 3730 3522 Corinth"

2061 3579 2192 3636 pag.
2222 3561 2339 3628 56.)

2130 3632 2202 3706 At
2232 3651 2279 3705 si
2311 3665 2439 3720 qua:
2469 3644 2723 3702 Luciano
2755 3639 2921 3708 fides,
2952 3635 3157 3709 Apollo
3184 3633 3257 3689 ab
3279 3632 3557 3687 omnibus
3615 3632 3736 3687 im-

2058 3740 2275 3807 berbis,
2308 3735 2565 3808 exceptis
2611 3727 3021 3787 tantummodo
3072 3722 3347 3796 Assyriis,
3396 3736 3733 3793 represen-

2058 3829 2315 3885 tabatur.
2349 3824 2413 3879 Ol.
2453 3807 2559 3895 ptv
2607 3818 2710 3894 γὰρ
2761 3813 2925 3872 ἄλλοι
2974 3812 3166 3872 πάντες
3218 3807 3554 3866 Ἀπόλλωνα
3606 3807 3737 3863 νίον

2059 3941 2119 3975 τε
2148 3918 2405 3995 ἥγηνται,
2443 3912 2532 3969 καὶ
2586 3902 2893 3986 πρωθήϐην
2940 3908 3177 3960 ποιοῦσι·
3217 3905 3409 3974 μοῦνοι
3460 3896 3521 3955 δὶ
3572 3901 3738 3954 οὗτοι

2063 3989 2423 4068 Ἀπόλλωνος
2470 4002 2757 4079 γενειήτεω
2810 3996 2995 4067 ξόανον
3049 3989 3372 4048 δεικνύουσι.
3428 4012 3458 4041 α
3505 3989 3743 4055 Ceteri,

2064 4102 2222 4158 enim
2253 4112 2479 4167 omnes,
2509 4098 2574 4149 ut
2604 4090 2700 4146 ille
2732 4088 2831 4156 ait,
2866 4083 3194 4158 Apollinem
3227 4086 3287 4138 et
3311 4081 3594 4152 juvenem
3632 4096 3750 4151 pu-

2066 4194 2213 4253 tant,
2245 4192 2302 4243 et
2330 4201 2465 4242 cum
2501 4180 2688 4255 prima
2720 4179 2995 4249 lanugine
3016 4173 3306 4244 efﬁngunt
3333 4187 3345 4225 :
3381 4168 3492 4225 soli
3532 4174 3749 4225 autem

2068 4278 2166 4335 isti
2197 4274 2485 4348 Apollinis
2516 4268 2743 4327 barbati
2792 4264 3176 4322 simulacrum
3209 4258 3494 4330 efﬁgiant.
3527 4279 3556 4308 ››
3593 4256 3747 4327 (Lu-

2068 4346 2341 4437 cian.,ae
2370 4365 2486 4419 Dea
2512 4362 2697 4433 Syria,
2743 4372 2876 4429 pag.
2930 4352 3113 4423 1071.)
3163 4346 3500 4404 Macrobius
3528 4350 3745 4400 tamen

2070 4434 2361 4513 illud’non
2395 4454 2467 4508 ab
2499 4449 2776 4506 omnibus
2817 4441 3092 4516 Assyriis,
3126 4438 3226 4494 sed
3272 4434 3745 4507 Hieropolitanis

2072 4548 2291 4603 factum
2322 4558 2451 4599 esse
2480 4538 2742 4596 tradidit.
2779 4559 2806 4586 «
2835 4526 3273 4604 Hieropolitani,
3297 4526 3399 4590 ait,
3431 4541 3562 4596 quae
3595 4527 3749 4579 sunt

2074 4645 2272 4709 gentes
2327 4630 2723 4702 Assyriorum,
2779 4638 2985 4679 omnes
3051 4617 3193 4675 solis
3257 4615 3499 4670 effectus
3558 4617 3749 4684 atque

2072 4725 2319 4781 virtutes
2349 4720 2421 4776 ad
2454 4719 2632 4773 unius
2676 4709 2974 4771 simulacri
3013 4705 3241 4763 barbati
3293 4700 3545 4774 speciem
3578 4701 3746 4756 redi-

1336 4822 1518 4897 ὥσπερ
1577 4818 1606 4873 ὁ
1673 4789 1914 4874 Ἀστϋυάνε

2128 4817 2225 4869 unt
2245 4809 2635 4878 eumdemque
2652 4801 2977 4875 Apollinem
3003 4794 3317 4870 appellant.
3339 4791 3527 4860 Hujus
3552 4789 3745 4845 facies

316 4878 587 4917 ῐτευνιμιιι
650 4878 710 4897 νιν
775 4878 902 4911 ιη...
987 4878 1278 4909 ..ττημη
1490 4878 1499 4897 Ι

316 4938 422 4994 ἀπὸ
469 4934 679 5010 πύργου
716 4922 1051 4985 καταπεσών.
1100 4943 1129 4971 α
1178 4913 1376 4982 Quid?
1430 4908 1652 4966 Lemnii
1712 4922 1814 4978 pro
1857 4920 1914 4960 su

2128 4902 2295 4958 rolixa
2320 4898 2380 4953 in
2412 4901 2650 4953 acutum
2703 4891 2884 4948 barba
2930 4888 3181 4960 ﬁgurata
3228 4885 3335 4938 est.
3371 4901 3400 4930 »
3429 4878 3739 4951 (Macrob.,

2128 4993 2135 5010 .
2217 4987 2530 5010 unum.
2582 5001 2681 5010 -__
2741 4981 2853 5010 η,

316 4992 728 5085 bonitate'nisi
764 5033 922 5083 eum,
967 5013 1110 5067 dum
1141 5007 1388 5062 ferretur
1416 5001 1476 5055 in
1509 5014 1639 5054 aere
1671 4992 1963 5064 suscepis-

316 5122 467 5186 sent,
514 5112 766 5189 perierat
812 5103 982 5162 nobis
1040 5095 1361 5161 Vulcanus,
1422 5105 1535 5145 non
1587 5085 1754 5141 aliter
1791 5096 1967 5154 quam

317 5172 611 5280 Asty'ariax
632 5219 663 5258 e
692 5198 838 5256 turri
871 5194 1157 5263 dejectus.
1180 5203 1207 5235 ε
1244 5179 1506 5247 (Lucian.
1530 5177 1596 5232 de
1613 5172 1874 5243 sacriﬁc.,
1908 5186 1968 5242 p.

319 5260 750 5363 18‘4‘;Homer.,
799 5260 961 5342 Iliad:
1009 5296 1049 5347 ι,
1102 5294 1155 5333 v.
1204 5271 1308 5328 390
1337 5278 1391 5324 et
1434 5282 1583 5339 seq.;
1626 5263 1775 5317 idem
1806 5260 1966 5316 Iliad.

316 5349 475 5453 va',
508 5400 557 5439 v.
589 5382 689 5437 30A
740 5349 792 5434 et
818 5374 986 5446 seqq.)
1034 5371 1107 5424 At
1155 5363 1233 5453 ibi
1284 5355 1483 5453 procul
1533 5352 1825 5453 dubiqab
1856 5349 1967 5404 Ho-

319 5473 486 5541 meri,
519 5489 551 5525 a
582 5471 880 5527 Clemente
926 5440 1102 5517 etiam
1134 5446 1523 5509 Alexandrino
1572 5440 1757 5509 citati,
1789 5454 1968 5494 unam

318 5570 376 5622 et
405 5530 644 5619 alteram
679 5559 915 5615 Iliadem
947 5547 1175 5616 alludit,
1211 5541 1307 5599 ubi
1349 5537 1648 5594 Vulcanus
1676 5550 1707 5589 e
1737 5530 1879 5587 cmlo
1910 5530 1970 5583 in

318 5657 609 5716 Lemnum
639 5648 1058 5726 praecipitatus,
1090 5644 1265 5711 atque
1292 5632 1429 5688 inde
1453 5626 1699 5686 claudus
1730 5624 1973 5680 eﬂ‘ectus

320 5714 556 5803 dicitur.
590 5714 948 5799 Athanasius
974 5747 1110 5789 vero
1141 5726 1241 5783 ubi
1272 5720 1557 5786 ethnicos,
1588 5714 1970 5790 quemadmo-

2076 4993 2181 5049 lib.
2215 5008 2231 5047 ι
2262 4987 2550 5047 Saturnal.
2580 5001 2706 5056 cap.
2741 4981 2854 5053 17.)

2145 5079 2337 5136 Tertio
2371 5055 2665 5134 Minucius
2687 5090 2701 5129 :
2742 5090 2764 5119 ι
2796 5070 3104 5141 Neptunus
3135 5060 3359 5136 glaucis
3387 5057 3596 5123 oculis,
3629 5055 3735 5110 Mi-

2078 5186 2255 5228 nerva
2284 5166 2471 5223 caesiis
2504 5163 2764 5236 (Minuc.,
2792 5175 2923 5234 pag.
2954 5156 3098 5229 181).
3132 5176 3161 5203 «
3195 5152 3327 5209 Jam
3352 5165 3488 5205 vero
3516 5146 3733 5203 citatus

2079 5280 2113 5317 a
2164 5259 2332 5315 nobis
2381 5254 2610 5309 Cicero:
2654 5274 2683 5301 «
2746 5249 2963 5315 Dicere,
3008 5244 3227 5316 inquit,
3278 5238 3474 5294 licebit
3529 5234 3735 5290 caesios

2078 5347 2280 5407 oculos
2308 5344 2591 5408 Minervae,
2624 5337 2899 5396 caeruleos
2943 5350 3070 5391 esse
3115 5328 3394 5403 Neptuni.
3439 5345 3466 5378 ιι
3503 5323 3735 5394 (Cicer.,

2081 5440 2181 5496 lib.
2216 5454 2236 5492 ι
2265 5436 2329 5491 de
2358 5435 2566 5491 Natur.
2608 5430 2755 5486 deor.
2789 5444 2920 5500 pag.
2951 5425 3077 5489 207,
3110 5421 3213 5477 lin.
3244 5418 3360 5489 24.)
3385 5417 3735 5483 Quanquam

2082 5536 2278 5586 autem
2312 5523 2600 5580 Diodorus
2646 5517 2878 5575 Siculus
2926 5514 3069 5571 illud
3118 5518 3400 5581 tanquam
3436 5501 3732 5558 insulsum

2079 5618 2479 5675 commentum
2538 5608 2782 5680 rejiciat,
2858 5608 3138 5678 putetque
3196 5598 3534 5655 Minervam,
3594 5586 3737 5662 quia

2080 5707 2287 5781 glauco
2316 5718 2415 5761 aer
2472 5678 2709 5771 aspectu
2761 5698 2870 5765 est,
2921 5689 3238 5767 glaucopin
3277 5683 3420 5756 ﬁngi
3465 5678 3739 5751 (Diodor-
