4088 6150
295 313 411 372 593

1736 309 2275 371 DlSSERTATIO.

3594 306 3716 369 59d

287 439 391 498 lib.
425 459 444 498 ι
475 439 750 506 Biblioth,
782 440 1165 513 pag.88),eam
1197 445 1392 497 tamen
1427 442 1715 498 anianus
1737 441 1933 514 appel-
1964 446 2015 511 Α
2047 442 2230 512 mino,
2262 442 2497 514 gemino
2547 441 2713 514 pede,
2766 440 3130 510 birclnisque
3158 439 3452 510 cruribus,
3491 438 3712 512 lnsigni

286 530 370 587 lat
396 528 713 605 γλαυκῶπιν
747 546 861 602 quo
893 529 1130 600 quidem
1162 531 1420 602 epitheto
1472 532 1689 604 passim
1725 534 1797 587 ab
1828 531 1942 587 Ho-

284 637 446 677 mero
473 620 690 691 ubique
720 626 1113 690 nuncupatur,
1147 620 1643 690 illudquelatinus
1673 620 1831 676 illius
1852 621 1941 676 in-

280 714 507 780 terpres
539 709 711 764 modo
742 730 772 759 ‹‹
805 707 979 774 οωείὶ,
1018 730 1045 757 ››
1079 709 1249 764 modo
1286 729 1307 758 ι
1338 708 1563 782 glaucis
1595 708 1779 765 oculis
1809 710 1939 765 red-

2053 532 2447 604 voluptuario.
2482 554 2509 583 ››
2544 531 2777 587 (Euseb.
2810 528 2912 584 lib.
2948 546 3011 585 ιιι
3042 534 3298 601 Ρνᾶνραν.
3336 534 3708 601 Evang.,cap.

2052 620 2141 687 14,
2178 637 2307 693 pag.
2344 622 2493 693 124.)
2544 621 2778 676 Fatetur
2826 619 3062 690 quidem
3112 619 3437 674 Herodotus
3472 618 3639 674 illum
3674 636 3708 675 a

2051 710 2375 781 pictoribus
2406 716 2463 765 et
2488 708 2786 765 statuariis
2817 707 3055 781 figurari
3087 708 3325 779 caprina
3349 707 3706 773 facie,hirci-

281 798 452 853 didit.
488 820 517 845 »
543 796 829 868 (Lucian.,
879 797 1091 866 Dzatog.
1150 798 1369 854 Vulcan.
1420 804 1473 853 et
1509 799 1675 863 lovis,
1708 815 1837 870 pag.
1868 800 1940 854 74
2049 798 2260 870 nisque
2294 800 2601 855 cruribus:
2652 815 2832 870 quam
2876 805 3071 853 tamen
3116 796 3188 851 ob
3221 813 3458 853 causam
3492 797 3550 852 id
3585 798 3705 854 fac-

277 896 330 943 et
355 886 425 942 de
471 888 731 957 sacriﬁea,
784 902 916 958 pag.
966 887 1113 958 185.)
1162 888 1230 943 Et
1259 893 1413 943 certe
1438 888 1658 943 Latinis
1689 887 1937 959 scripto-

2047 892 2174 942 tum
2202 888 2397 955 fuerit,
2430 887 2719 957 explicatu
2745 886 2856 941 sibi
2884 886 3214 956 jucundum
3240 902 3353 941 non
3383 903 3510 942 esse
3540 887 3700 959 inge-

272 974 445 1029 ribus
493 974 650 1029 idem
698 978 790 1029 est
836 972 1063 1045 caesius,
1115 990 1215 1029 seu
1248 974 1553 1041 caeruleus,
1588 992 1653 1029 ac
1692 973 1937 1047 glaucus
2047 993 2161 1032 nue
2207 978 2522 1033 conﬁtetur
2568 977 2889 1045 (Herodot.,
2939 974 3039 1029 lib.
3092 990 3157 1041 ιι,
3197 976 3364 1047 646).
3396 976 3507 1031 Sed
3540 975 3701 1032 adire

271 1064 455 1131 color,
485 1062 711 1136 quales,
744 1063 1043 1135 inquiunt,
1078 1069 1219 1119 sunt
1250 1064 1451 1120 folium
1483 1064 1655 1120 oculi.

342 1152 494 1216 Quid
545 1169 697 1219 vero,
742 1155 899 1225 quod
951 1152 1272 1209 Pausanias
1315 1154 1672 1225 Neptunum,
1716 1154 1787 1209 de
1818 1171 1932 1225 quo

263 1243 592 1314 Minucius,
644 1244 904 1316 glaucos,
931 1243 1085 1299 sicut
1112 1243 1449 1313 Minervam,
1483 1244 1762 1301 habuisse
1793 1260 1929 1299 ocu-

2044 1066 2262 1136 poteris
2310 1066 2492 1122 Servii
2541 1065 2603 1121 in
2654 1065 2964 1139 Virgilium
3006 1068 3197 1131 notas,
3228 1069 3286 1120 et
3314 1064 3461 1121 alios
3490 1066 3695 1138 (Serv.,

2044 1156 2101 1209 in
2143 1156 2388 1226 Virgil.).

2112 1244 2193 1300 De
2222 1244 2455 1299 Saturni
2486 1244 2696 1301 deinde
2731 1268 2751 1292 «ι
2788 1243 3058 1315 pedibus,
3093 1265 3123 1292 »
3155 1242 3241 1297 uti
3272 1247 3477 1299 auctor
3500 1248 3698 1300 noster

259 1330 354 1387 los
387 1332 787 1388 testiﬁcatur?
816 1354 844 1382 «
880 1332 1155 1387 Minerva:
1185 1333 1444 1404 signum,
1480 1355 1508 1383 ››
1567 1333 1728 1388 illius
1757 1334 1929 1391 verba
2038 1333 2139 1402 ait,
2166 1356 2195 1384 ‹‹
2229 1334 2598 1407 compeditis,
2614 1360 2638 1381 υ
2668 1334 2791 1389 haec
2822 1350 2856 1388 a
2883 1332 3155 1388 Cicerone
3185 1332 3397 1387 Litteris
3419 1334 3697 1390 mandata

257 1429 430 1488 sunt,
461 1446 490 1472 ς(
528 1423 682 1494 quod
714 1423 955 1495 glaucos
1009 1423 1220 1479 habeat
1248 1423 1467 1494 oculos,
1496 1420 1768 1499 γλαυκοὺς
1796 1420 1924 1499 ἔχον

251 1512 392 1574 τοὺς
429 1511 777 1590 ὀφθαλμοὺς,
811 1516 1077 1587 Libycam
1110 1516 1181 1571 de
1209 1533 1277 1571 ea
1308 1532 1367 1571 re
1403 1516 1659 1571 fabulam
1693 1533 1925 1588 compe-

256 1603 387 1659 rio:
448 1605 764 1660 Minervam
815 1605 1070 1676 Neptuni
1118 1610 1178 1660 et
1223 1605 1546 1661 Tritonidis
1593 1605 1822 1677 paludis
1858 1606 1923 1660 fi-

253 1692 407 1750 liam
439 1712 589 1762 esse,
643 1702 815 1766 atque
856 1696 987 1751 ideo
1033 1695 1273 1768 glaucos
1320 1696 1406 1751 illi
1439 1697 1641 1752 itidem
1676 1702 1738 1751 ut
1766 1696 1921 1768 Nep-

250 1788 412 1840 tuno
442 1785 640 1841 oculos
688 1802 817 1841 esse
844 1804 857 1842 :
903 1784 990 1839 καὶ
1044 1781 1133 1838 διὰ
1154 1788 1316 1838 τοῦτο
1348 1782 1621 1858 γλαυκοὺς
1654 1784 1786 1839 εἶναι
1820 1783 1922 1839 ὥσ-

249 1889 371 1945 περ
400 1871 490 1925 καὶ
537 1876 609 1944 τῷ
651 1868 948 1927 Ποσειδῶνι
1002 1869 1340 1949 ὀφθαλμούς.
1392 1895 1421 1923 ››
1463 1873 1520 1928 Si
1554 1874 1688 1945 quis
1719 1879 1917 1930 autem

252 1962 597 2028 contendat,
635 1963 955 2034 probetque
985 1961 1150 2016 illum
1181 1962 1260 2016 ibi
1294 1962 1365 2016 de
1397 1960 1529 2026 alia,
1562 1978 1738 2033 quam
1757 1962 1918 2017 citati

250 2065 287 2104 a
322 2052 496 2106 nobis
528 2054 861 2125 scriptores,
895 2053 1153 2108 Minerva
1199 2051 1379 2124 loqui,
1417 2069 1531 2107 non
1567 2054 1915 2125 repugnabi-

249 2154 413 2194 mus.
464 2139 645 2196 Nemo
688 2146 884 2197 tamen
940 2141 1178 2214 negabit
1220 2141 1370 2195 inter
1400 2142 1555 2198 576
1580 2142 1828 2212 Neptuni
1861 2146 1919 2197 et

251 2225 528 2282 Minervae
577 2230 779 2285 oculos
828 2229 1053 2301 aliquid
1109 2247 1142 2284 a
1190 2229 1481 2297 Cicerone,
1552 2235 1608 2285 et
1661 2230 1915 2285 Minucio

256 2322 456 2371 nostro
510 2319 766 2389 positum
828 2320 1009 2375 fuisse
1074 2318 1411 2389 discrimen,
1471 2319 1715 2375 forsitan
1775 2321 1917 2392 quia

257 2405 431 2459 unius
482 2407 694 2479 magis,
745 2424 922 2478 quam
954 2407 1197 2463 alterius
1237 2406 1449 2463 virides
1506 2413 1703 2464 essent
1738 2409 1912 2464 oculi.

252 2492 322 2544 At
369 2492 440 2546 de
491 2492 584 2547 his
634 2495 897 2549 Minervae
942 2494 1131 2551 oculis
1182 2495 1495 2559 Arnobius,
1559 2497 1630 2551 de
1660 2513 1775 2568 quo
1808 2514 1913 2553 nos

258 2592 359 2632 suo
390 2578 514 2634 loco
542 2581 786 2650 (Dissert.
817 2584 873 2636 in
906 2582 1132 2647 Arnob.,
1166 2598 1293 2654 cap.
1334 2583 1419 2647 14,
1454 2589 1564 2637 art.
1602 2584 1673 2654 1).

326 2665 475 2723 Juno
533 2675 729 2724 autem
787 2672 859 2725 ab
904 2671 1175 2741 ethnicis,
1231 2678 1294 2726 ut
1342 2672 1425 2726 ait
1471 2673 1679 2727 deinde
1711 2678 1914 2730 auctor

264 2764 472 2821 noster,
505 2760 830 2831 dicebatur,
870 2782 891 2809 ι
928 2760 1166 2815 bubulis
1197 2760 1382 2816 oculis
1416 2784 1443 2810 ››
1465 2762 1908 2832 (Hom.Itiad.Iv,

264 2861 313 2898 ν.
342 2847 414 2916 5).
449 2854 523 2902 At
552 2852 869 2905 Homerum
923 2851 1074 2905 haud
1114 2851 1291 2906 dubie
1323 2856 1562 2906 secutus
1592 2858 1698 2911 est,
1737 2870 1770 2907 a
1798 2869 1910 2923 quo

265 2940 490 2989 vocatur
521 2935 735 3009 βοῶπις
764 2935 956 2990 πότνια
980 2938 1148 3010 Ἥρη,
1199 2961 1226 2987 ‹‹
1262 2937 1488 2993 bovinis
1520 2938 1709 2995 oculis
1740 2956 1907 2995 vene-

268 3022 434 3075 randa
460 3022 609 3080 Juno
642 3025 825 3093 (Iliad.
859 3042 971 3092 xiv,
1002 3042 1054 3080 v.
1092 3026 1240 3080 159).
1276 3047 1304 3075 ››
1338 3027 1499 3091 Quod
1535 3028 1907 3099 poetazinter-

271 3124 387 3177 pres
419 3111 612 3168 Latine
641 3114 949 3185 exprimit:
986 3136 1013 3164 α
1064 3114 1327 3185 pulchris
1360 3113 1545 3171 oculis
1577 3118 1909 3171 veneranda

2034 1420 2287 1494 legimus
2312 1440 2326 1478 :
2379 1447 2407 1474 ‹‹

2036 1518 2333 1567 exsectum
2391 1512 2610 1569 leum
2671 1529 2705 1567 a
2737 1511 2855 1566 filio
2895 1510 3169 1581 Saturno,
3203 1512 3461 1567 vinctum
3494 1519 3688 1567 autem

2034 1600 2355 1656 Saturnum
2400 1604 2596 1674 ipsum
2626 1619 2659 1656 a
2690 1601 2807 1655 filio
2838 1600 2996 1656 Jove.
3037 1624 3058 1649 ι
3096 1600 3299 1655 Latino
3331 1608 3525 1657 autem
3558 1618 3687 1656 ora-

2032 1690 2142 1745 tori
2202 1691 2601 1764 sulfragantur
2664 1696 2927 1745 auctores
3004 1690 3189 1745 nostri
3262 1690 3684 1763 Athenagoras,

2028 1772 2405 1849 Athanasius,
2453 1798 2518 1835 ac
2570 1786 2776 1852 praeter
2822 1778 2967 1835 alios
3016 1780 3158 1834 bene
3189 1780 3405 1834 multos
3437 1779 3686 1851 Epipha-

2030 1868 2186 1933 nius,
2220 1871 2320 1942 qui
2353 1870 2424 1925 ad
2459 1870 2692 1925 Minucii
2726 1870 2910 1925 nostri
2951 1875 3208 1924 mentem
3233 1870 3368 1923 inde
3392 1870 3475 1925 sic
3507 1887 3680 1942 argu-

2029 1966 2359 2014 mentatur:
2415 1980 2443 2009 ‹‹
2495 1963 2568 2014 At
2616 1959 2715 2030 qui
2768 1958 2824 2012 in
2875 1958 3143 2013 custodia
3196 1959 3511 2025 detinetur,
3567 1976 3682 2016 non

2028 2049 2201 2103 modo
2234 2048 2541 2119 potentiori
2588 2047 2758 2103 alicui
2811 2047 3140 2118 subjicitur,
3194 2048 3293 2102 sed
3326 2048 3397 2102 ob
3454 2048 3681 2104 maleﬁ-

2025 2136 2180 2192 cium
2234 2137 2469 2209 aliquod
2515 2136 2766 2192 vinculis
2817 2136 3067 2192 coerceri
3118 2135 3284 2192 solet.
3323 2159 3348 2185 η
3381 2138 3592 2211 (Ectog.
3625 2140 3681 2209 2,

2024 2242 2075 2279 v.
2110 2226 2173 2281 31
2205 2244 2218 2294 ;
2251 2226 2368 2281 Cic.
2401 2226 2503 2282 lib.
2537 2244 2579 2282 ιι
2609 2227 2675 2282 de
2706 2228 2907 2282 Natur.
2941 2226 3115 2295 deor.,
3149 2242 3278 2297 pag.
3314 2228 3457 2294 223;
3507 2228 3679 2283 Athe-

2024 2331 2157 2379 nag.
2212 2316 2395 2386 Legat.
2455 2332 2553 2387 pro
2620 2315 2915 2371 Christian.
2980 2330 3110 2386 pag.
3164 2313 3227 2368 19
3275 2314 3418 2369 577
3456 2318 3513 2369 et
3566 2315 3679 2383 20;

2024 2406 2304 2459 Athanas.
2342 2406 2495 2461 Orat.
2520 2409 2693 2460 contr.
2728 2402 2878 2460 Gent.
2904 2404 2933 2475 ξ
2964 2404 3051 2471 11,
3085 2419 3216 2475 pag.
3252 2404 3357 2469 12;
3393 2403 3676 2475 Epiphan.

2022 2494 2316 2549 Anchorat.
2348 2500 2373 2561 §
2406 2496 2527 2555 106.
2563 2511 2692 2567 pag.
2730 2494 2878 2564 107.)

2094 2584 2259 2655 Apud
2298 2584 2616 2638 Lucianum
2654 2600 2822 2655 porro
2853 2599 2988 2637 cum
3040 2582 3312 2636 sacerdos
3359 2580 3681 2650 ipsummet

2021 2671 2343 2727 Saturnum
2396 2674 2827 2745 interrogasset,
2878 2689 3019 2726 num
3068 2689 3101 2725 a
3137 2670 3276 2725 Jove
3308 2670 3427 2725 filio
3456 2687 3563 2727 suo
3619 2671 3675 2726 in

2020 2766 2330 2831 tartarum,
2364 2762 2612 2817 vinculis
2644 2761 2893 2831 injectis,
2945 2760 3152 2814 fuisset
3185 2776 3382 2814 revera
3414 2762 3677 2832 praecipi-

2020 2855 2200 2917 tatus,
2255 2852 2567 2921 respondet
2614 2850 2747 2905 ille:
2792 2872 2819 2899 ‹‹
2862 2850 3049 2904 Senex
3070 2851 3193 2917 jam
3226 2852 3282 2902 et
3313 2850 3675 2920 podagrosus

2020 2954 2151 2993 cum
2180 2955 2369 2994 essem
2420 2940 2492 2994 ob
2541 2942 2793 3008 nitatem,
2829 2938 2983 2992 unde
3014 2937 3188 2991 etiam
3224 2938 3440 2990 factum
3467 2942 3576 3003 est,
3610 2944 3675 2993 ut

2020 3026 2278 3099 plerique
2338 3027 2481 3082 mihi
2542 3027 2851 3098 compedes
2906 3042 3033 3081 esse
3088 3024 3381 3094 finxerint,
3453 3024 3515 3077 τὸ
3576 3024 3670 3097 μὲν

2018 3112 2147 3169 ὅλον
2229 3113 2400 3190 γέρων
2491 3112 2601 3184 ἤδη
2678 3114 2767 3169 καὶ
2860 3109 3134 3187 ποδαγρὸς
3223 3134 3318 3182 ων,
3398 3109 3481 3166 διὸ
3582 3112 3671 3168 καὶ

2461 1428 2640 1479 Vetus
2692 1424 2811 1478 haec
2860 1422 3054 1495 opinio
3102 1422 3382 1478 Graeciam
3415 1422 3690 1496 cpplevit,

268 3198 419 3253 Juno.
450 3221 475 3251 ι
511 3202 816 3258 Rationem
849 3204 895 3259 si
928 3220 1175 3275 quaeras,
1227 3205 1711 3274 respondebimus
1744 3204 1898 3261 Grie-

2023 3200 2344 3273 πεπεδῆσθαί
2422 3224 2489 3276 με
2563 3204 2613 3258 oi
2690 3201 2896 3257 πολλοὶ
2970 3199 3205 3272 εἷ’κασαν,
3262 3202 3454 3273 impar
3508 3218 3667 3259 eram

270 3298 383 3340 cum
414 3287 550 3343 illud
604 3306 815 3345 nomen
864 3291 937 3346 ab
985 3308 1051 3346 eo
1102 3292 1187 3347 sic
1230 3292 1547 3362 redditum,
1580 3294 1715 3363 quia
1746 3293 1898 3348 oculi

264 3370 446 3430 bubuli
477 3378 740 3434 omnium
776 3380 1153 3452 pulcherrimi
1179 3380 1695 3437 videbantur.Nam
1728 3400 1761 3438 a
1786 3384 1897 3439 Lu-

267 3462 412 3517 ciano
455 3467 668 3538 (lmag.,
723 3486 849 3540 pag.
899 3470 1027 3539 590)
1076 3470 1469 3541 peritissimus
1503 3470 1687 3542 pictor
1717 3472 1895 3528 habe-

262 3555 362 3620 tur,
397 3554 599 3627 βοῶπίν
628 3578 750 3611 τινα
798 3560 1032 3628 ποιήσας
1082 3557 1285 3631 αὐτῶν,
1319 3561 1419 3632 qui
1444 3561 1736 3619 Junonem
1768 3586 1796 3613 (ι
1832 3563 1897 3617 il-

256 3640 361 3698 lam
394 3646 614 3705 bovinis
647 3650 829 3705 oculis
862 3651 1155 3723 pingebat.
1188 3673 1215 3702 ››

315 3733 495 3808 Pergit
526 3739 824 3795 Minucius
855 3743 1010 3812 (pag.
1048 3741 1210 3812 184):
1248 3763 1274 3791 ‹‹
1301 3740 1549 3797 Pedibus
1573 3743 1894 3798 Mercurius

248 3822 429 3894 alatis,
460 3828 579 3885 Pan
608 3831 931 3902 ungulatis,
965 3830 1256 3886 Saturnus
1291 3832 1660 3903 compeditis.
1698 3854 1725 3883 »
1750 3833 1893 3888 Nul-

243 3910 328 3970 lus
364 3924 444 3973 est
474 3936 635 3987 sane,
672 3922 769 3991 qui
802 3922 1030 3993 ignoret
1059 3922 1410 3978 Mercurium
1461 3924 1601 3996 fingi
1651 3924 1890 3980 deorum

238 4010 526 4077 nuntium,
582 4016 759 4084 atque
804 4011 1021 4068 idcirco
1080 4012 1205 4069 alas
1251 4012 1311 4070 in
1344 4014 1531 4087 capite
1561 4021 1619 4070 et
1646 4016 1895 4088 pedibus

230 4106 579 4171 gestantem.
628 4105 991 4175 Quapropter
1048 4104 1120 4159 de
1176 4102 1273 4160 illc
1324 4104 1525 4161 aJove
1556 4108 1740 4161 misso
1771 4105 1893 4161 haec

229 4187 443 4244 cecinit
473 4192 759 4247 Homerus
777 4210 799 4246 .-

222 4326 328 4421 195
359 4324 521 4417 :s'c’a‘s',
555 4325 1254 4421 οιξδχάἶτίθησεὶδιᾴξ-ξορος
1288 4332 1694 4421 Ἀβγειφιόῇνῖηῆ

224 4399 638 4473 {scatit-mox
678 4402 780 4473 imo
809 4400 1000 4455 ποσσὶν
1032 4399 1262 4473 ἐδήσὰτο
1293 4399 1435 4457 milia
1460 4399 1677 4473 τξὲδιλὰ,

226 4463 558 4542 Ἀμῧρόσια,
592 4463 845 4544 ’.ρύσειω
872 4474 939 4527 τά
972 4495 1061 4546 μιν
1115 4463 1256 4547 ¹ἑροπιρ
1288 4475 1321 4542 ἣ
1355 4475 1449 4546 μὲν
1486 4474 1509 4529 ἒ
1553 4476 1566 4496 ’
1598 4476 1626 4530 ὁ
1666 4463 1677 4473 ⁷
1703 4478 1767 4546 ἠν

231 4538 312 4585 in
332 4538 373 4558 NI
406 4540 417 4557 Ἴ
468 4543 477 4559 ι
514 4542 525 4555 ς
595 4492 633 4585 ὗ
864 4550 885 4559 υ
1026 4547 1033 4557 .
1097 4496 1132 4550 φ
1274 4549 1300 4560 ,-
1374 4547 1387 4563 ν
1512 4497 1547 4553 φ
1776 4524 1791 4549 θ

326 4557 354 4585 (1
402 4562 462 4585 ππ
504 4563 597 4585 ατε
633 4563 761 4585 anum
792 4565 947 4585 vnmu
1002 4547 1110 4585 λιηη
1142 4566 1333 4585 mnu-nr
1364 4545 1585 4585 ηυέηιυη

231 4538 373 4594 ’⁵118⁸
396 4538 477 4595 ’ἐπ’
504 4538 763 4617 ἀπέῖρονα
792 4538 1119 4620 niam-5W“-
1142 4538 1607 4619 τένοιῇῖἀνέμόιο-
1644 4538 1679 4553 Η
1726 4538 1736 4546 1
1776 4538 1791 4549 Ι
1924 4567 1970 4630 Ῑ)

219 4644 331 4721 ξίσ
358 4650 437 4701 ait
455 4668 474 4703 :
504 4666 679 4721 neque
708 4652 900 4705 renuit
932 4652 1311 4706 internuntius
1342 4652 1659 4721 Mercurius,

219 4715 429 4793 ξιίιιίνη
454 4715 651 4776 deinde
678 4722 907 4790 pedibus:
934 4724 1233 4790 subligavzt
1257 4724 1484 4793 pulchra
1517 4715 1744 4791 talaria,

228 4788 918 4870 [Inmortaliaauremquaz
950 4788 1131 4865 ipsuin
1161 4788 1418 4866 ferebant
1446 4798 1559 4870 sive
1585 4813 1683 4866 per
1711 4788 1885 4861 mare,

232 4859 358 4916 Sive
375 4881 471 4934 per
496 4859 825 4919 immensani
854 4859 1057 4920 terram
1073 4859 1292 4937 pariter
1320 4884 1442 4922 cum
1470 4859 1698 4936 ﬂainine
1717 4859 1884 4924 venti.

764 4955 955 5026 (Hom.
982 4955 1169 5027 Odyss.
1199 4972 1253 5025 ν,
1284 4973 1338 5011 v.
1372 4958 1444 5012 43
1472 4960 1523 5012 et
1551 4961 1742 5031 seqq.).

242 5109 354 5167 Pan
402 5132 531 5171 vero
575 5117 891 5189 ungulatos
937 5118 1057 5174 sive
1102 5118 1362 5175 hircinos
1395 5134 1569 5190 penes
1609 5118 1889 5177 habuisse

250 5198 542 5274 ferebatur,
577 5206 663 5261 uti
697 5206 961 5278 perbibet
983 5206 1075 5262 bis
1100 5207 1291 5263 verbis
1318 5208 1642 5263 Eusebius:
1680 5230 1707 5259 (ι
1739 5208 1888 5272 Quin

250 5290 408 5347 etiam
439 5312 682 5351 suorum
723 5296 837 5367 ipsi
893 5312 1205 5367 corporum
1237 5297 1488 5368 speciem
1522 5297 1890 5369 figuramque

250 5378 592 5451 describunt,
625 5384 784 5441 velut
814 5386 940 5458 ipse
973 5385 1112 5449 Pan,
1134 5386 1233 5457 qui
1266 5386 1599 5458 cujusmodi
1624 5386 1890 5452 fuerit,ex

258 5468 364 5534 eius
391 5475 644 5530 oraculis
703 5477 1017 5531 docemur:
1079 5475 1341 5532 Mortalis
1400 5492 1536 5548 ergo
1584 5493 1716 5532 cum
1751 5476 1886 5545 sim,

266 5563 361 5617 lota
393 5579 688 5635 nuncupo,
722 5562 855 5618 Πανὶ
886 5562 1151 5640 συμφύτῳ
1195 5563 1322 5636 θεῷ,
1386 5561 1744 5641 δισσοκέρατι,
1778 5562 1890 5620 δισ-

258 5646 427 5709 ρόποδι
454 5649 827 5727 τραγοσκελιῖ.
888 5654 1055 5724 Pani,
1116 5654 1311 5712 nativo
1369 5655 1499 5724 deo,
1542 5672 1724 5713 cornu
1781 5672 1885 5729 ge-

2008 3293 2233 3350 viribus
2265 3295 2335 3349 ad
2395 3299 2515 3349 tam
2563 3293 2751 3348 multa
2801 3292 2979 3361 hujus
3020 3296 3211 3346 aetatis
3264 3291 3516 3346 facinora
3562 3308 3667 3363 pu-

2010 3384 2292 3439 nienda...
2329 3386 2529 3456 Itaque
2561 3384 2705 3439 mihi
2730 3382 3067 3447 consulens,
3096 3381 3221 3437 Jovi
3250 3380 3442 3436 locum
3476 3382 3665 3437 dedi.»

2010 3471 2169 3528 Alias
2201 3474 2438 3529 tandem
2462 3491 2567 3528 cur
2586 3490 2621 3527 a
2641 3473 2780 3528 Jove
2807 3472 2995 3526 victus
3029 3470 3202 3525 fuerit
3228 3487 3439 3526 causas
3470 3472 3666 3526 Cicero

2008 3568 2065 3618 et
2094 3563 2421 3618 Macrobius
2458 3562 2711 3618 afferunt
2741 3560 3003 3628 (Lucian.
3037 3559 3319 3615 Saturnal.
3356 3576 3412 3631 p.
3449 3560 3587 3615 1022
3614 3569 3670 3616 et

2003 3668 2115 3723 seq.
2151 3651 2372 3719 Cicer.;
2407 3653 2506 3707 loc.
2539 3652 2635 3706 cit.
2665 3669 2678 3719 ;
2712 3650 2961 3704 Macrob.
2996 3649 3122 3704 lib.i
3156 3648 3662 3719 Saturnal.cap.8).

2078 3741 2227 3796 Tum
2263 3747 2463 3812 postea
2485 3739 2811 3795 Minucius:
2852 3760 2877 3791 α
2898 3739 3079 3795 Janus
3105 3755 3235 3793 vero
3270 3739 3487 3792 frontes
3515 3738 3662 3793 duas

2006 3836 2218 3903 gestat,
2283 3830 2454 3901 quasi
2508 3836 2574 3884 ut
2631 3846 2871 3884 aversus
2928 3827 3177 3883 incedat.
3232 3850 3259 3876 ››
3320 3826 3658 3882 Athenaeum

2006 3920 2131 3991 (lib.
2184 3936 2258 3974 xv
2304 3919 2668 3989 Deipnosoph.
2713 3935 2767 3989 p.
2814 3918 2942 3989 592)
2974 3917 3128 3971 enim
3183 3915 3448 3986 aliosque
3478 3931 3656 3985 quam

2003 4007 2291 4081 plurimos
2350 4014 2415 4062 ut
2460 4005 2997 4080 praetermittamus,
3056 4004 3240 4059 Ovidii
3290 4004 3359 4058 de
3406 4002 3505 4057 illo
3536 4002 3657 4058 haec

2002 4102 2144 4153 sunt
2175 4098 2440 4153 carmina
2466 4112 2480 4152 :

2160 4214 2277 4264 Jam
2310 4214 2491 4276 biceps
2513 4213 2643 4262 anni
2671 4212 2828 4262 tacite
2857 4211 3085 4260 labentis
3114 4210 3280 4276 origo,

2221 4276 2376 4327 Solus
2406 4272 2471 4325 d'e
2501 4276 2712 4339 superis
2742 4278 2833 4338 qui
2864 4280 2956 4323 tua
2988 4278 3131 4335 terga
3155 4272 3322 4321 vides.

2062 4401 2231 4461 Quem
2261 4406 2441 4450 tamen
2474 4414 2588 4451 esse
2620 4399 2781 4448 deum
2810 4403 2861 4447 te
2891 4398 3066 4447 dicam
3096 4397 3228 4445 Jane
3257 4393 3498 4461 biformis

2160 4467 2289 4513 Nam
2318 4464 2414 4513 tibi
2446 4476 2542 4527 par
2570 4462 2782 4511 nullum
2812 4461 3012 4511 Gracia
3042 4471 3241 4507 numen
3275 4457 3457 4507 habet.

2594 4542 2766 4600 Ονὶιι.1
2796 4540 2831 4588 l.
2860 4554 2875 4588 ι
2907 4540 3064 4597 Fest,
3094 4544 3118 4598 ς
3148 4541 3195 4598 4,
3225 4552 3275 4586 v.
3309 4540 3408 4594 65.)

2067 4669 2184 4724 Cur
2212 4672 2408 4723 autem
2442 4666 2758 4721 bifrontem
2809 4680 2943 4721 eum
2984 4663 3256 4728 dixerint,
3289 4662 3340 4718 si
3375 4661 3656 4735 postules,

1997 4756 2258 4811 diversas
2289 4755 2397 4811 tibi
2446 4753 2706 4810 rationes
2758 4754 3001 4809 reddent
3039 4752 3405 4815 Plutarchus.
3438 4751 3659 4808 Macro-

2004 4848 2161 4917 bius,
2190 4848 2511 4920 Cyprianus
2542 4852 2599 4902 et
2629 4845 2871 4903 Vossius
2918 4844 3262 4917 (Plutarch.,
3305 4852 3495 4916 quast.
3558 4844 3658 4899 Ro-

2001 4954 2154 4993 man.
2188 4954 2321 5009 pag.
2352 4938 2496 5004 279;
2530 4936 2783 4992 Macrob.
2836 4935 2938 4990 lib.
2993 4952 3011 4991 ι
3058 4934 3341 4991 Saturnal.
3377 4950 3505 5005 cap.
3535 4932 3571 4985 7
3601 4936 3659 4987 et

1996 5026 2069 5094 9;
2104 5027 2395 5099 Cyprian.,
2446 5026 2549 5083 lib.
2598 5024 2666 5081 de
2704 5024 2835 5081 ἰάσι.
2893 5025 3093 5091 Vanit.,
3154 5040 3287 5095 pag.
3321 5025 3426 5090 12;
3458 5023 3653 5087 Voss-,

1998 5116 2099 5172 lib.
2134 5116 2243 5173 ide
2272 5117 2424 5185 Orig.
2456 5120 2507 5171 et
2557 5131 2741 5187 progr.
2796 5112 2957 5184 ἰάσι,
3001 5129 3129 5184 cap.
3180 5112 3267 5181 18,
3318 5126 3451 5183 pag.
3499 5110 3564 5164 71
3596 5117 3655 5169 et

1999 5208 2189 5280 ςυρψ).
2226 5208 2483 5278 Denique
2514 5206 2607 5262 bis
2638 5205 2984 5278 adjiciamus
3015 5203 3173 5258 hunc
3200 5200 3655 5269 Janum,eodem

2000 5296 2292 5352 Macrobio
2348 5301 2521 5367 atque
2578 5295 2757 5351 etiam
2816 5290 3146 5364 Augustino
3204 5290 3478 5355 testibus,
3537 5305 3651 5345 non

1999 5384 2193 5440 solum
2228 5384 2563 5452 bifrontem,
2596 5383 2697 5439 sed
2733 5381 2909 5438 etiam
2942 5379 3390 5450 quatrifrontem
3420 5382 3478 5434 et
3508 5395 3652 5448 qua-

1998 5474 2321 5530 triformem
2377 5474 2450 5528 ab
2503 5470 2754 5528 ethnicis
2814 5467 3113 5541 praedicari
3165 5468 3436 5538 (Macrob.
3496 5466 3597 5524 lib.
3631 5486 3651 5525 ι

1998 5564 2249 5636 Saturn.,
2281 5581 2405 5637 cap.
2438 5565 2511 5631 9;
2541 5565 2812 5635 August.,
2862 5559 2965 5615 lib.
2997 5576 3080 5616 vu
3107 5559 3173 5617 de
3202 5559 3389 5627 Civit.,
3418 5577 3543 5632 cap.
3572 5561 3650 5629 4).

1998 5655 2140 5723 Quis
2166 5670 2304 5727 ergo
2351 5670 2467 5712 non
2517 5650 2847 5727 deplorabit
2889 5650 3247 5709 horrendam
3269 5650 3434 5709 illam
3460 5649 3661 5708 ethni-
