3942 6162
144 305 245 366 501

1558 292 2107 358 DISSERTATIO.

3424 296 3545 358 598

144 452 256 494 vero
281 436 442 489 Cotta
469 430 628 502 apud
656 428 994 485 Ciceronem
1041 427 1128 484 sic
1156 427 1402 501 urgebat
1450 427 1776 487 Valleium:
1805 431 1862 498 Α
1963 429 2042 484 De
2068 428 2273 484 eodem
2307 444 2478 500 porro
2507 429 2813 498 Ammone,
2845 432 3024 500 atque
3071 429 3248 484 etiam
3279 428 3349 486 ds
3379 429 3544 504 Capl-

148 551 170 576 ιι
198 528 296 580 lsto
319 522 490 578 modo
512 520 710 575 dicere
729 518 920 574 licebit
945 519 1144 574 bovem
1162 534 1395 589 semper
1407 518 1768 573 barbatum.-

145 617 282 689 (Cic.,
314 612 410 666 lib.
449 627 467 665 ι
499 610 566 666 de
596 609 796 664 Nutur.
832 608 1002 678 deor.,
1038 623 1167 680 pag.
1200 607 1329 672 207,
1361 607 1464 661 lin.
1515 609 1632 679 26.)
1664 609 1775 663 Sed

146 704 412 760 Lucianus
446 699 592 770 petit
625 699 865 752 ubinam
898 696 1110 751 ethnici
1143 696 1300 750 hunc
1346 697 1649 751 barbatum
1683 697 1777 752 Jo-

141 809 246 849 vem
277 789 532 844 viderint
558 787 854 858 (Lucian.,
900 785 964 842 de
1015 786 1301 858 Sacriﬁc.,
1351 801 1483 858 pag.
1517 787 1688 858 185)?
1713 787 1775 843 Si

141 888 186 939 tu
211 894 442 954 quoque
475 878 529 932 id
567 876 850 950 postules,
884 875 1258 946 respondebit
1287 876 1640 932 Prudentius
1670 893 1684 933 :

298 989 400 1039 Ars
427 983 763 1035 seminandis
793 982 978 1033 efﬁcax
1007 982 1297 1041 erroribus,

298 1049 525 1102 Barbam
557 1049 820 1104 rigentem
852 1049 979 1097 dum
1009 1046 1154 1095 Jovis
1187 1045 1568 1107 circumplicat.

551 1110 850 1172 (Prudent.,
881 1108 945 1162 de
972 1109 1184 1160 Roman.
1220 1109 1465 1174 Μαι-ιρι,
1495 1122 1546 1163 V.
1575 1110 1712 1175 2&3.)

192 1225 229 1278 A
255 1219 500 1293 Virgilio
529 1223 730 1275 tamen
762 1223 964 1272 Anxur
994 1216 1245 1273 dicitur:

232 1348 602 1417 gircieumque
631 1343 842 1408 iugum,
873 1341 1028 1406 queis
1053 1342 1262 1404 Jupiter
1290 1342 1541 1392 Anxurus
1568 1345 1710 1394 arvis

237 1411 514 1463 Pmsicet.

769 1468 991 1532 (Virgil.,
1020 1467 1059 1518 Ι.
1090 1481 1163 1518 vn
1194 1466 1421 1527 arma,
1445 1481 1495 1519 ν.
1525 1469 1660 1532 799.)

140 1605 330 1659 Nomen
363 1602 566 1654 autem
597 1613 786 1651 anxur
814 1595 970 1651 idem
1001 1611 1067 1650 ac
1123 1593 1408 1650 imberbis
1455 1594 1766 1665 signiﬁcat,

141 1687 610 1763 quemadmodum
645 1686 880 1742 Servius
913 1685 969 1740 in
1021 1684 1128 1740 hos
1178 1682 1405 1755 Virgilii
1436 1699 1638 1740 versus
1665 1700 1768 1741 nos

140 1781 452 1834 admonuit:
493 1800 514 1824 α
541 1777 706 1831 Circa
728 1774 1384 1846 bunc,inquit,tractum
1414 1773 1766 1845 Campaniae,

144 1869 415 1924 colebatur
463 1881 609 1937 puer
661 1864 914 1937 Jupiter,
947 1864 1048 1936 qui
1112 1865 1382 1918 Anxurus
1438 1863 1762 1933 dicebatur,

145 1957 293 2030 quasi
315 1955 428 2008 ἄνευ
458 1954 638 2028 ευρᾶς,
671 1954 728 2009 id
777 1959 886 2020 est,
921 1952 1050 2008 sine
1098 1951 1401 2017 novacula,
1443 1953 1582 2024 quia
1635 1953 1763 2009 bar-

143 2048 252 2102 bam
285 2060 585 2116 nunquam
619 2044 881 2106 rasisset,
915 2064 944 2092 »
976 2046 1215 2112 eratque
1242 2041 1545 2098 imberbis.
1567 2045 1766 2114 Neque

141 2137 185 2190 in
214 2134 302 2191 illo
333 2140 564 2190 tantum
595 2132 926 2204 Campaniae
972 2136 1184 2197 tractu,
1216 2131 1314 2187 sed
1363 2129 1498 2188 alibi
1532 2147 1766 2203 quoque

140 2224 223 2281 hac
274 2223 526 2296 juvenili
586 2223 774 2278 forma
828 2220 1373 2292 representabatur.
1445 2220 1764 2278 Pausanias

139 2317 402 2372 enimvero
465 2314 622 2374 σεο
679 2316 798 2371 duo
855 2315 1147 2384 ejusmodi
1230 2314 1391 2370 Jovis
1447 2313 1766 2371 simulacra

130 2408 272 2476 juxta
304 2405 533 2477 Pelopis
557 2405 844 2476 templum
899 2405 973 2460 ab
1031 2403 1183 2460 Eleis
1239 2403 1426 2475 posita
1457 2409 1760 2473 memorat,

135 2509 360 2566 quorum
407 2511 615 2562 unum,
647 2516 676 2545 «
722 2493 955 2566 Jupiter
1001 2498 1092 2549 est
1153 2494 1444 2565 impuber,
1504 2491 1603 2548 οὐκ
1633 2490 1760 2567 ἔχον

132 2584 297 2657 γένεια,
336 2583 489 2640 inter
517 2583 803 2655 Smicythi
835 2583 1056 2640 dona...
1101 2583 1408 2639 Paululum
1443 2583 1578 2640 hinc
1609 2588 1766 2641 recta

135 2675 436 2745 progressis
465 2673 625 2729 aliud
650 2678 738 2728 est
767 2671 927 2728 Jovis
957 2672 1285 2744 impuberis
1315 2673 1550 2746 signum
1577 2673 1764 2730 :dedi-

134 2768 314 2817 carunt
348 2762 542 2816 Eleitaa
573 2761 872 2832 (Pausan.,
903 2759 1006 2817 lib.
1040 2779 1076 2817 v
1107 2762 1370 2828 Eliacor.,
1403 2779 1536 2834 pag.
1573 2764 1762 2836 173).»

137 2850 231 2905 Huc
261 2851 492 2906 accedit
554 2855 613 2908 et
659 2849 829 2922 Naso,
863 2869 899 2906 a
948 2867 1065 2923 quo
1112 2851 1345 2923 Jupiter
1392 2853 1626 2924 juvenis
1681 2854 1765 2910 ita

137 2941 474 2997 describitur
495 2957 508 2997 :

202 3067 409 3131 Jupiter
437 3071 490 3117 et
514 3066 748 3130 juvenis,
776 3067 1042 3131 juveniles
1071 3067 1248 3130 aspice
1277 3067 1459 3117 vultus
1483 3082 1495 3120 :

259 3130 460 3195 Aspice
489 3131 686 3180 deinde
710 3130 919 3187 manus,
952 3130 1180 3180 fulmina
1206 3131 1352 3180 nulla
1379 3135 1544 3181 tenet.

825 3211 1001 3274 (Ovid.
1030 3210 1066 3260 l.
1096 3225 1149 3260 ιιι
1179 3213 1334 3270 Fert,
1361 3215 1386 3271 §
1416 3215 1464 3270 6,
1495 3227 1541 3262 υ.
1573 3213 1702 3277 437.)
1793 3208 1837 3270 C

131 3336 368 3392 Posthac
398 3335 691 3392 Minucius
723 3335 867 3390 alias
899 3340 1160 3391 recenset
1191 3333 1465 3392 ridiculae
1496 3337 1762 3409 ejusdem

128 3425 253 3482 lovis
282 3426 536 3498 ﬁguras,
570 3441 720 3498 quas
750 3424 1009 3481 venerari
1039 3425 1302 3481 ethnicos
1337 3443 1449 3481 non
1483 3428 1758 3500 pudebat.

127 3520 290 3572 «Cum
342 3525 614 3580 Ammon,
649 3515 860 3586 inquit,
911 3515 1148 3580 dicitur,
1205 3515 1379 3572 habet
1427 3533 1666 3586 cornua,
1703 3523 1762 3574 et

130 3620 233 3659 cum
261 3605 654 3677 Capitolinus,
689 3612 829 3660 tunc
859 3604 1008 3676 gerit
1065 3604 1332 3661 fulmina.
1367 3628 1397 3655 »
1444 3611 1519 3662 At
1565 3608 1758 3664 Cicero

124 3699 261 3750 antea
286 3695 556 3750 dixerat:
620 3717 641 3742 ι
705 3699 772 3748 Et
827 3693 1063 3766 quidem
1119 3693 1236 3749 alia
1290 3695 1558 3768 (species)
1591 3697 1758 3752 nobis

129 3784 432 3853 Capitolini,
468 3783 587 3840 alia
617 3784 764 3838 Afris
793 3784 1100 3839 Ammonis
1129 3781 1308 3838 Jovis.
1345 3805 1373 3833 ››
1400 3784 1576 3840 Cicer.
1602 3786 1684 3840 lib
1739 3803 1758 3841 ι

130 3874 179 3925 ιιι
200 3875 384 3929 Ναιιιν.
417 3873 596 3938 dear.,
630 3890 761 3946 pag.
793 3874 921 3938 207,
957 3873 1060 3928 lin.
1091 3873 1205 3943 23.)
1228 3871 1341 3929 Cur
1368 3891 1500 3929 vero
1529 3875 1760 3947 Jupiter

128 3963 339 4018 Ammon
377 3977 604 4018 cornua
645 3963 854 4017 habere
885 3963 1405 4030 mstimabatur,bis
1436 3965 1759 4022 Herodotus

128 4051 363 4109 edisserit
394 4053 625 4108 verbis:
661 4075 689 4102 «
731 4051 997 4107 Thebani
1047 4059 1104 4106 et
1160 4053 1496 4124 quicunque
1527 4060 1760 4126 propter

125 4139 228 4196 illos
255 4143 464 4198 ovibus
498 4146 769 4214 parcunt,
795 4159 927 4198 cum
961 4143 1034 4198 ab
1061 4139 1324 4209 Hercule,
1359 4158 1592 4199 cernere
1621 4161 1757 4200 eum

124 4229 344 4301 volente,
375 4232 542 4289 cerni
572 4230 773 4298 nollet,
823 4232 1060 4288 tandem
1094 4237 1384 4301 exoratus,
1445 4233 1555 4289 hoc
1596 4251 1756 4290 com-

127 4325 330 4376 mentus
363 4320 481 4384 sit;
518 4325 605 4387 ut,
641 4325 942 4394 amputato
995 4321 1194 4379 arietis
1251 4321 1460 4395 capite,
1496 4321 1758 4396 pelleque

124 4406 320 4471 villosa,
349 4426 534 4482 quam
595 4408 647 4464 ei
708 4410 1059 4478 detraxerat,
1094 4411 1300 4468 induta
1349 4413 1484 4480 sibi,
1517 4413 1600 4470 ita
1630 4430 1758 4471 sese

123 4495 324 4553 Herculi
354 4500 714 4570 ostenderet,
756 4504 813 4555 et
841 4501 914 4556 ob
965 4500 1022 4555 id
1080 4501 1380 4574 Egyptios
1427 4501 1756 4560 instituisse

123 4583 256 4642 Jovis
283 4589 672 4644 simulacrum
727 4589 911 4644 facere
951 4589 1196 4646 arietina
1254 4589 1528 4651 facie.a’mc
1558 4589 1754 4647 τούτου
1785 4573 1832 4641 Ῑ)

124 4677 512 4749 κριοπρόσωπον
573 4672 846 4752 τῶγαλμα
901 4682 998 4731 τοῦ
1059 4679 1179 4740 Διὸς
1248 4684 1488 4749 ποιοῦσι,
1558 4688 1616 4739 et
1680 4683 1753 4738 ab

123 4763 376 4838 .ﬁgyptiis
406 4769 752 4824 Ammonios
802 4770 1118 4841 accepisse,
1153 4771 1250 4842 qui
1284 4775 1424 4827 sunt
1460 4771 1754 4844 {Egyptia-

123 4869 230 4910 rum
288 4865 465 4930 atque
524 4857 862 4931 Ethiopum
922 4858 1132 4926 coloni,
1175 4866 1230 4916 et
1285 4860 1548 4932 linguam
1604 4862 1757 4918 inter

123 4947 378 5018 utrosque
410 4952 784 5021 usurpantes.
807 4947 914 5015 Qui
945 4948 1122 5004 etiam
1157 4949 1300 5005 mihi
1334 4950 1606 5007 videntur
1627 4951 1755 5009 ideo

121 5046 169 5085 se
191 5035 532 5092 Ammonius
565 5037 1035 5109 cognominasse,
1065 5038 1218 5110 quod
1266 5039 1514 5113 Egyptii
1554 5041 1755 5099 Jovem

120 5125 446 5180 Ammonem
476 5125 796 5200 appellent.
836 5150 858 5178 ι
897 5125 1324 5200 (Herodot.,lib.
1359 5147 1419 5196 Il,
1444 5131 1472 5204 ἕ
1497 5131 1755 5204 42.)Ιηᾶθ

121 5210 350 5278 profecto
388 5231 422 5270 a
451 5215 664 5271 Graecis
714 5214 1100 5295 κερατοφόρος,
1135 5222 1191 5272 et
1222 5235 1254 5273 a
1313 5219 1566 5276 Luciano
1603 5239 1754 5297 κριο-

123 5298 415 5369 πρᾶσωπος.
446 5321 479 5360 a
507 5305 802 5361 Macrobio
855 5311 912 5362 et
943 5306 1218 5378 Arnobio,
1265 5331 1292 5358 ι(
1328 5309 1589 5365 arietinis
1629 5327 1754 5366 cor-

124 5388 290 5457 nibus,
323 5415 352 5442 »
389 5400 561 5467 atque
593 5412 627 5450 a
659 5396 843 5467 poetis
888 5395 1109 5468 Ovidio,
1161 5397 1477 5454 Claudiano
1509 5399 1757 5472 aliisque

125 5482 370 5553 corniger
433 5489 677 5540 Ammon
736 5491 978 5542 vocatur
1031 5487 1313 5553 (Lucian.,
1353 5489 1417 5545 de
1472 5490 1755 5561 Sacri/ia,

126 5581 230 5641 pag.
262 5572 369 5627 186
396 5597 411 5636 ;
446 5573 718 5643 Macrob.,
751 5575 852 5632 lib.
886 5575 1193 5634 isaturnal
1242 5596 1368 5654 cap.
1399 5581 1460 5638 2.
1492 5599 1506 5654 ;
1535 5582 1750 5640 Arnob.

126 5653 205 5714 lib.
233 5677 286 5715 γι
317 5661 458 5719 Adv.
485 5663 657 5735 Germ,
691 5669 823 5738 ρας·
859 5665 1006 5739 197)ο

1885 516 2086 585 tolinc,
2124 517 2245 572 haec
2270 515 2525 590 legimus
2562 516 2772 572 Lucani
2805 517 3107 573 carmina:

1946 633 2172 686 Ventum
2192 640 2304 684 erat
2322 634 2386 684 ad
2410 635 2682 700 templum.
2701 636 2906 700 Libycis
2931 636 3071 699 quod
3095 637 3345 700 gentibus
3367 652 3536 690 unum

1946 699 2132 748 Inculti
2163 701 2494 746 Grammatice
2524 699 2744 755 habent,
2775 699 2878 748 stat
2911 700 3158 757 corniger
3186 699 3287 748 illic

1943 761 2168 824 Jupiter,
2200 765 2256 810 ut
2287 762 2724 824 memorauttsed
2752 775 2857 810 non
2890 766 2948 810 ut
2977 761 3204 812 fulmina
3234 762 3422 824 vibrat,

1949 825 2056 876 Aut
2083 823 2272 874 similis
2300 827 2506 883 nostro,
2533 823 2628 874 sed
2657 823 2808 873 tortis
2835 824 3089 874 cornibus
3118 827 3366 877 Ammon.

2661 904 2876 966 (Lucan.
2899 903 2931 953 l.
2957 917 3024 962 ix,
3055 919 3103 956 υ.
3135 908 3223 956 517
3253 907 3304 955 et
3329 908 3456 971 seq.)

1887 1016 2385 1090 Frequentissima
2434 1016 2594 1076 Jovis
2641 1017 2950 1091 Capitolini
3029 1020 3184 1092 apud
3240 1020 3433 1078 varios
3480 1027 3539 1080 et

1883 1107 2136 1163 maxime
2183 1107 2456 1164 Romana
2505 1107 2761 1166 historias
2818 1105 3134 1180 scriptores
3186 1109 3424 1166 mentio.
3458 1111 3536 1168 Eo

1883 1201 2081 1254 autem
2113 1197 2351 1254 nomine
2376 1200 2756 1268 nuncupatus
2805 1206 2918 1266 est,
2941 1196 3082 1270 quia
3125 1197 3283 1255 ades
3320 1199 3450 1270 ejus
3479 1203 3538 1256 et

1881 1285 2077 1360 imago
2109 1287 2168 1343 in
2200 1285 2480 1360 Capitolio
2507 1287 2792 1344 collocata
2835 1286 2964 1342 fuit.
2998 1285 3163 1344 Illius
3216 1288 3537 1344 meminere

1881 1375 2049 1432 Titus
2102 1377 2311 1445 Livius,
2361 1375 2694 1446 Suetonius,
2745 1375 2849 1432 Dio
2875 1375 3129 1443 Cassius,
3164 1375 3533 1444 Plutarchus,

1879 1464 2124 1533 Plinius,
2171 1465 2440 1522 Valerius
2486 1465 2795 1521 Maximus.
2844 1465 3099 1537 Denique
3148 1465 3531 1522 simulacrum

1877 1554 2006 1626 ejus
2037 1556 2243 1610 visitur
2274 1556 2330 1610 in
2365 1558 2694 1628 pervetusto
2723 1556 3080 1612 numismate
3126 1555 3372 1612 Aureliae
3402 1555 3534 1622 Qui-

1878 1645 2016 1699 rinae
2047 1642 2317 1716 Vestalis,
2343 1644 2401 1701 in
2436 1661 2552 1717 quo
2583 1645 2748 1701 sedet
2799 1661 3054 1716 superne
3111 1645 3306 1701 nudus
3340 1645 3533 1701 media

1877 1735 2137 1805 corporis
2171 1739 2354 1806 parte,
2398 1732 2626 1790 inferne
2681 1734 2953 1798 amictus,
2997 1735 3228 1790 dextera
3283 1733 3529 1805 fulmen,

1797 1814 1843 1879 Β
1877 1824 2118 1879 sinistra
2148 1828 2444 1895 sceptrum
2477 1839 2709 1895 gerens,
2741 1839 2806 1878 ac
2865 1823 3378 1896 circumscriptum
3427 1839 3532 1879 no-

1877 1930 2008 1968 men
2044 1913 2253 1968 habet:
2285 1915 2410 1984 lup.
2446 1912 2564 1984 Ορι.
2600 1917 2750 1969 Max.
2805 1912 3148 1984 Capitolinus
3193 1913 3362 1978 (Liv..
3394 1911 3430 1967 l.
3467 1918 3530 1980 ii,

1873 2003 1991 2072 §2|
2021 2020 2036 2072 ;
2070 2002 2330 2067 Sueton.,
2363 2002 2463 2058 lib.
2500 2018 2565 2065 ιι,
2598 2017 2732 2074 pag.
2765 2000 2905 2066 34/1;
2938 2007 3121 2070 (‘ass.,
3153 1999 3353 2058 lih.i.iv
3375 2005 3527 2059 Rom.

1873 2093 2035 2161 hist,
2069 2107 2201 2163 pag.
2233 2089 2339 2145 398
2389 2094 2442 2145 et
2488 2105 2680 2164 seqq”:
2729 2088 3044 2158 Plutarch.,
3076 2090 3136 2144 in
3176 2090 3292 2146 Vita
3339 2091 3530 2146 Publi-

1817 2224 1826 2230 .
1872 2180 1998 2252 σοι,
2035 2197 2168 2254 pag.
2203 2181 2304 2237 104
2334 2197 2347 2249 ;
2382 2177 2555 2245 Plin.,
2589 2178 2690 2233 lib.
2727 2183 2785 2234 iii
2817 2177 2955 2236 Hist.
3002 2185 3218 2250 natura,
3250 2195 3380 2252 cap.
3411 2180 3446 2234 2
3472 2184 3530 2236 et

1872 2271 1928 2336 8,
1962 2269 2108 2327 581
2148 2286 2280 2344 pag.
2311 2269 2376 2324 91
2412 2274 2470 2324 et
2498 2268 2602 2324 -125
2624 2286 2638 2337 ς
2663 2267 2878 2339 Valer.,
2909 2267 3012 2324 lib.
3045 2284 3086 2332 ι.
3140 2284 3268 2340 cap.
3298 2268 3357 2334 2,
3397 2267 3524 2343 §2;

1875 2360 2173 2434 Lescalop.
2210 2362 2267 2416 in
2301 2359 2399 2416 lib.
2429 2375 2447 2414 ι
2473 2354 2592 2416 Cic.
2621 2358 2690 2416 de
2740 2358 2941 2416 Natur.
3005 2357 3180 2427 deor.,
3211 2357 3240 2427 §
3266 2357 3358 2428 83,
3391 2374 3524 2432 pag.

1875 2452 2020 2525 118).

1943 2537 2169 2616 Duplex
2226 2540 2419 2598 adhuc
2472 2539 2702 2612 Jupiter
2759 2539 2830 2596 ab
2887 2546 3121 2597 auctore
3171 2544 3372 2598 nostro
3403 2555 3524 2597 me-

1875 2637 2156 2689 moratur.
2227 2652 2256 2683 «
2325 2629 2585 2697 Latiaris,
2653 2628 2866 2702 inquit,
2935 2645 3144 2686 cruore
3223 2631 3528 2706 perfundi-

1872 2724 2008 2789 tur;
2045 2745 2066 2773 ι
2104 2721 2246 2792 quia
2275 2720 2556 2778 nimirum
2613 2718 2885 2775 humanis
2942 2719 3168 2787 hostiae,
3203 2719 3288 2775 uti
3337 2727 3528 2778 osten-

1873 2810 2089 2877 dimus,
2151 2809 2234 2866 illi
2295 2807 2795 2867 immolabantur:
2859 2831 2886 2858 ‹‹
2944 2814 3002 2866 et
3063 2807 3356 2867 Feretrius
3412 2827 3530 2870 non

1874 2899 2134 2954 auditur.
2196 2920 2226 2948 ››
2287 2897 2480 2956 Refert
2535 2896 2883 2955 Plutarchus
2939 2895 3128 2952 varias
3185 2897 3366 2968 hujus
3432 2915 3530 2954 co-

1873 2987 2169 3060 gnominis
2234 2987 2512 3058 rationes,
2579 3001 2796 3058 easque
2855 2983 2948 3041 his
3006 2984 3242 3056 exponit
3294 2986 3528 3043 verbis:

1875 3075 2165 3152 Φερέτριος
2224 3073 2372 3144 Ζεὺς,
2401 3073 2476 3140 ὡς
2529 3073 2625 3147 μὲν
2669 3070 2803 3129 ἔνιοί
2852 3093 3036 3152 φασιν,
3081 3071 3188 3128 ἀπὸ
3233 3077 3332 3129 τοῦ
3375 3094 3531 3154 φερε.-

1871 3163 2202 3241 τρευομὲνου
2253 3162 2537 3240 τροπαίου,
2597 3163 2734 3220 κατᾶ
2778 3163 2878 3233 τὴν
2945 3159 3210 3236 ἐλληνίδα
3278 3159 3528 3240 γλῶσσαν

1875 3251 1952 3309 ἔτι
2003 3251 2223 3323 πολλὴν
2273 3253 2396 3311 τότε
2434 3249 2886 3328 συμμεμιγμένην
2937 3254 3008 3326 aii
3058 3248 3311 3309 λατίνων.
3343 3253 3432 3314 Ὦς
3473 3249 3532 3312 δὲ

1869 3341 2067 3420 ἕτεροι,
2119 3341 2242 3407 Διός
2304 3339 2415 3398 ἐστι
2461 3344 2498 3414 ἡ
2561 3339 2921 3418 προσωνυμία
2977 3335 3527 3416 κεραυνοϐολοῦντος,

1867 3435 1932 3489 τὸ
1983 3435 2085 3512 γὰρ
2132 3431 2372 3500 τύπτειν,
2432 3430 2636 3508 φερίρε,
2685 3429 2738 3488 οὶ
2787 3431 3049 3503 Ῥωμαῖοι
3097 3427 3377 3486 καλοῦσιν·
3433 3429 3530 3487 ἄλ-

1870 3521 1958 3578 λοι
1992 3519 2050 3580 δὲ
2079 3523 2223 3601 παρὰ
2250 3524 2348 3592 τὴν
2379 3525 2478 3577 τοῦ
2515 3517 2766 3594 πολέμου
2815 3517 3034 3595 πληγὴν
3086 3517 3361 3596 γεγονέναι
3399 3516 3525 3576 coii-

1867 3633 2011 3686 νομα
2067 3611 2308 3690 λέγουσι·
2364 3609 2452 3666 καὶ
2506 3609 2610 3685 γὰρ
2667 3612 2756 3664 νῦν
2817 3607 2870 3666 ὲν
2929 3613 3048 3671 ταῖς
3125 3609 3333 3686 μάχαις
3397 3607 3523 3668 ὅταν

1869 3699 2110 3759 διώκωσι
2155 3699 2282 3763 τοὺς
2332 3698 2656 3773 πολεμίους,
2708 3697 2909 3754 πυκνὸν
2947 3697 3010 3754 τὸ
3059 3695 3202 3776 φέρι,
3248 3696 3524 3756 τουτέστιν

1866 3797 2013 3864 παῖε,
2063 3793 2442 3868 παρεγγυῶσιν
2505 3784 2803 3858 ἀλλήλοις.
2867 3811 2895 3839 ‹‹
2953 3787 3185 3859 Jupiter
3238 3788 3528 3847 Feretrius

1867 3886 2106 3938 vocatur
2135 3899 2168 3938 a
2200 3887 2434 3952 tropaeo,
2461 3879 2615 3950 quod
2646 3879 2854 3934 feretro
2885 3878 3246 3950 gestabatur,
3280 3878 3527 3934 deducto

1868 3972 2104 4028 nomine
2131 3988 2165 4026 a
2196 3986 2384 4044 grmca
2412 3968 2773 4041 lingua,quas
2807 3967 3028 4040 passim
3059 3966 3316 4022 sermoni
3345 3965 3526 4021 latino

1867 4066 1991 4117 erat
2018 4061 2196 4116 etiam
2228 4059 2495 4115 confusa.
2527 4057 2639 4115 Alii
2671 4073 2996 4130 cognomen
3043 4069 3172 4111 esse
3206 4053 3526 4109 fulminan-

1867 4151 1945 4206 tis
1976 4150 2334 4218 afﬁrmant,a
2362 4147 2622 4204 feriendo
2647 4145 3049 4202 dictum.Sunt
3073 4144 3173 4216 qui
3204 4143 3524 4198 deductum

1864 4239 2067 4296 volunt
2096 4240 2169 4296 ab
2225 4237 2469 4310 ictibus,
2497 4235 2598 4309 qui
2655 4235 2715 4292 in
2776 4233 2929 4291 bello
2987 4233 3341 4289 inferuntur.
3373 4231 3521 4286 Nam

1867 4345 2024 4384 nunc
2051 4329 2227 4386 etiam
2264 4327 2323 4384 in
2357 4325 2749 4390 conﬂictibus,
2781 4339 2916 4379 cum
2976 4321 3249 4378 hostibus
3299 4319 3524 4375 instant

1866 4419 1937 4474 ad
1999 4418 2348 4484 feriendum,
2410 4415 2610 4471 crebro
2662 4413 3052 4468 adhortantur
3099 4425 3163 4466 se
3218 4412 3446 4466 mutuo.
3488 4429 3518 4459 ››

1864 4507 2206 4579 (Plutarcb,,
2239 4505 2298 4560 in
2336 4507 2456 4562 Vita
2499 4502 2761 4570 Marcelli,
2798 4516 2928 4574 pag.
2989 4499 3097 4555 302
3124 4501 3138 4571 )
3165 4498 3344 4556 Addit
3371 4513 3519 4569 quo-

1866 4598 2134 4653 rumdam
2163 4611 2292 4651 esse
2322 4592 2657 4666 Opinionem
2685 4591 2932 4648 Numam
2953 4588 3300 4661 jussisse,ut
3327 4587 3521 4660 prima

1864 4691 1922 4742 et
1950 4684 2142 4756 cpima
2174 4683 2362 4756 spolia
2383 4683 2505 4738 Jovi
2542 4680 2794 4738 Feretrio
2825 4683 3324 4737 consecrarentur.

1935 4775 2238 4831 Testatum
2271 4777 2467 4829 autem
2499 4771 2671 4826 Titus
2705 4769 2894 4826 Livius
2955 4768 3092 4826 facit
3147 4768 3257 4824 hoc
3303 4783 3520 4840 cogno-

1865 4880 1997 4921 men
2025 4863 2109 4918 illi
2143 4864 2346 4919 datum
2379 4879 2414 4918 a
2444 4859 2710 4932 Romulo,
2743 4859 2845 4933 qui
2885 4859 3036 4917 victo
3086 4863 3144 4914 et
3171 4858 3518 4915 obtruncato

1865 4960 2107 5023 Acrone,
2142 4952 2530 5012 Caeniensium
2576 4967 2732 5024 rege,
2767 4947 2960 5024 spolia
3006 4949 3136 5021 ejus
3173 4970 3194 4998 ι
3239 4947 3518 5020 fabricato

1867 5045 1937 5100 ad
1968 5043 2025 5099 id
2060 5049 2194 5116 apto
2229 5040 2469 5107 ferculo,
2506 5064 2526 5092 ι»
2563 5040 2707 5098 Livii
2759 5041 2888 5113 ipsa
2939 5042 3080 5094 sunt
3133 5035 3328 5100 verba,
3361 5055 3389 5084 α
3421 5047 3520 5103 ge-

1867 5150 2001 5189 rens
2052 5133 2112 5188 in
2161 5131 2514 5204 Capitolium
2564 5129 2864 5198 ascendit;
2906 5127 3103 5199 ibique
3156 5141 3225 5181 ea
3279 5137 3414 5179 cum
3445 5119 3520 5178 ad

1866 5238 2146 5293 quercum
2205 5221 2542 5294 pastoribus
2602 5233 2832 5276 sacram
2891 5213 3282 5288 deposuisset,
3341 5205 3522 5266 simul

1867 5328 2000 5367 cum
2033 5312 2181 5367 dono
2217 5308 2544 5382 designavit
2591 5305 2812 5378 templo
2868 5304 3028 5361 Jovis
3085 5303 3252 5370 fines,
3312 5313 3524 5372 cogno-

1867 5417 2118 5472 menque
2151 5399 2376 5456 addidit
2409 5399 2552 5454 Deo:
2602 5395 2834 5467 Jupiter
2885 5391 3122 5459 Feretri,
3152 5389 3364 5463 inquit,
3399 5389 3520 5444 hinc

1867 5490 1973 5547 tibi
2004 5492 2184 5546 victor
2214 5487 2502 5545 Romulus
2535 5503 2634 5542 rex
2661 5483 2818 5555 regia
2848 5500 3012 5539 arma
3043 5482 3181 5548 fero,
3209 5479 3521 5553 templum-

1865 5598 1979 5655 que
2010 5582 2081 5637 iis
2109 5579 2465 5654 regionibus,
2499 5592 2647 5650 quas
2674 5575 2844 5631 modo
2868 5574 3063 5632 animo
3088 5579 3337 5630 metatus
3360 5585 3518 5640 sum,

1866 5671 2068 5728 dedico
2099 5669 2294 5727 sedem
2326 5666 2541 5741 opimis
2571 5663 2796 5739 spoliis,
2821 5681 2947 5739 quae
2979 5664 3218 5738 regibus
3247 5661 3522 5720 ducibus-
