4088 6150
384 256 509 317 599

1682 258 1784 319 DE
1827 256 2133 319 MINUCII
2180 256 2523 319 OCTAVIO

3681 254 3798 313 600

386 403 501 460 que
532 387 837 444 historiam
867 389 1052 461 cassis,
1087 405 1179 444 me
1226 393 1523 445 auctorem
1566 394 1897 462 sequentes,
1928 406 2030 462 po-
2060 390 2117 457 Α
2144 390 2282 445 Hist.
2314 389 2469 447 deor.
2505 394 2735 463 syntag.
2766 406 2828 445 ιι.
2865 404 2998 462 pag.
3044 390 3117 443 72
3157 392 3210 444 et
3236 404 3385 460 seqq.
3415 388 3586 443 Tom.
3619 387 3666 442 Ι.
3698 388 3798 458 Ap-

384 476 525 535 steri
554 477 804 532 ferent.»
830 477 997 545 (Liv.,
1022 476 1125 533 lib.
1161 476 1255 551 I,§
1288 479 1402 547 10.)
1422 478 1699 535 Eamdem
1728 477 2036 552 historiam
2140 486 2322 551 parat.
2359 478 2486 548 lib.,
2518 495 2605 548 ιιι,
2636 478 2869 535 dissert.
2905 479 2957 549 1,
2982 493 3109 548 cap.
3144 477 3200 544 9,
3230 492 3362 550 pag.
3394 476 3541 548 752).

385 564 679 623 memorie
711 567 1198 623 commendarunt
1228 584 1342 623 non
1374 567 1565 624 solum
1593 568 1903 641 Dionysius
1925 566 2035 623 Ha-

383 653 800 726 licarnasseus,
843 654 944 710 Dio
997 655 1255 727 Cassius,
1316 655 1542 723 Florus,
1593 656 1842 713 Messala
1898 658 2035 713 Cor-

384 744 578 811 vinus,
610 743 826 816 aliique
854 744 1045 814 (Dion.
1074 744 1224 813 Hal.,
1280 744 1382 801 lib.
1429 762 1493 809 ιι,
1528 762 1659 818 pag.
1695 747 1835 813 182;
1870 746 2033 801 Dion.

385 832 572 901 Cass.,
601 831 705 888 lib.
736 849 865 888 XLIV
893 836 1030 889 Hist.
1063 839 1245 905 Rom.,
1296 851 1428 907 pag.
1474 836 1617 903 27A;
1671 834 1896 902 Florus,
1929 833 2031 889 lib.

388 939 430 989 ι,
461 938 589 995 cap.
622 922 690 989 1;
725 921 898 977 Mess.
949 925 1135 989 Corv.,
1183 923 1283 978 lib.
1336 923 1403 978 de
1445 925 1675 991 August.
1706 939 1856 995 prog.
1900 939 2032 995 pag.

384 1012 535 1084 531),
567 1013 669 1069 sed
700 1016 759 1068 et
778 1014 904 1083 jam
936 1013 1148 1069 citatus
1178 1031 1212 1070 a
1241 1014 1410 1071 nobis
1431 1015 1680 1087 ipsemet
1708 1015 1883 1070 etiam
1904 1015 2036 1071 Plu-

383 1101 626 1160 tarchus
654 1106 852 1173 aperte
880 1101 1171 1174 significat
1196 1102 1335 1160 inde
1382 1120 1657 1160 manasse
1695 1120 1939 1170 morem,
1973 1109 2037 1161 ut

387 1189 586 1262 Opima
612 1191 941 1247 occisorum
975 1192 1192 1248 ducum
1238 1192 1423 1265 spolia
1470 1192 1660 1249 eidem
1705 1193 1831 1249 Jovi
1865 1193 2032 1250 Fere-

385 1278 500 1335 trio
530 1279 821 1336 ferrentur
843 1280 1186 1351 (Plutarch.,
1216 1283 1279 1336 in
1327 1282 1445 1339 Vita
1482 1282 1721 1351 Romuli,
1753 1298 1887 1355 pag.
1917 1282 2032 1353 27).

387 1366 537 1426 Hinc
565 1370 741 1426 etiam
772 1367 1108 1442 PrOpertius
1137 1371 1418 1427 canebat:

486 1557 499 1571 .
599 1555 616 1570 .
714 1557 727 1570 .
827 1556 841 1569 .
940 1556 955 1570 .
1058 1556 1071 1571 .
1166 1522 1334 1572 Causa
1363 1523 1581 1581 Feretri,

575 1582 761 1634 Omine
790 1581 933 1645 quod
957 1586 1099 1633 certo
1127 1584 1234 1634 dux
1263 1584 1386 1634 ferit
1410 1598 1539 1634 ense
1561 1584 1752 1634 ducem
1776 1597 1790 1645 ;

484 1643 914 1717 Seu__quia_vict_a
925 1645 1067 1717 suis
1079 1646 1316 1717 humeris
1335 1646 1624 1717 hmmrma
1638 1643 1864 1717 _fer_sban
1872 1650 1911 1707 t,

578 1707 713 1757 Hinc
739 1707 939 1757 Feretri
967 1708 1109 1758 dicta
1136 1714 1215 1759 est
1243 1723 1338 1759 ara
1365 1709 1598 1773 superba
1624 1710 1791 1759 Jovis.

1259 1788 1521 1853 (Propert.
1552 1789 1585 1839 ι.
1616 1801 1685 1849 Iv,
1716 1788 1785 1838 sl.
1815 1789 1915 1851 to.)

385 1939 634 2006 Quidam
663 1955 796 1996 vero
829 1938 889 1994 in
921 1938 1030 1995 hoc
1061 1938 1304 1995 Minucii
1334 1943 1515 2003 textu,
1551 1962 1580 1990 ‹‹
1615 1940 1909 1996 Feretrius
1924 1955 2043 1996 non

384 2028 685 2098 auditur,»
716 2033 1061 2099 corruptum
1092 2044 1222 2085 esse
1251 2032 1463 2101 putant
1491 2027 1771 2085 ultimum
1800 2029 2042 2084 verbum

386 2139 416 2170 α
446 2118 706 2186 auditur,
740 2140 770 2167 ››
800 2133 867 2173 ac
916 2116 1235 2189 legendum
1286 2140 1315 2167 ‹‹
1367 2117 1583 2173 aditur.
1618 2139 1647 2167 ››
1669 2116 1861 2173 Numa
1888 2117 2044 2173 enim

377 2205 701 2279 Pompilius
732 2210 867 2278 post
898 2204 1136 2262 Romuli
1186 2210 1438 2262 mortem
1480 2206 1666 2277 jussit
1710 2206 1908 2278 opima
1936 2206 2043 2281 ho:

374 2296 556 2353 stium
587 2294 742 2353 582
792 2293 982 2368 spolia
1039 2294 1233 2362 Marti,
1286 2298 1390 2350 aut
1445 2295 1711 2363 Quirino,
1742 2311 1859 2351 non
1915 2284 2044 2351 Jovl

372 2384 632 2443 Feretrio
660 2383 896 2441 deferri.
926 2382 1152 2440 Deinde
1199 2399 1335 2440 vero
1390 2383 1531 2456 quid
1582 2382 1916 2455 signiﬁcare
1941 2398 2044 2457 ρο·

372 2476 490 2529 test
516 2473 760 2529 verbum
794 2493 825 2524 «
856 2488 975 2529 non
1005 2470 1297 2529 auditur?
1329 2493 1360 2522 ω
1409 2472 1688 2545 Nunquid
1720 2471 2041 2529 Feretrium

370 2560 585 2619 Jovem
616 2577 746 2618 esse
775 2566 1010 2618 mutum
1033 2561 1062 2617 ?
1088 2562 1163 2617 At
1193 2577 1387 2617 nonne
1433 2561 1613 2617 etiam
1660 2566 1862 2617 mutus
1892 2563 2043 2632 pari-

373 2654 469 2707 ter
498 2654 626 2706 erat
655 2649 890 2722 Jupiter
920 2649 1165 2707 Latiaris
1185 2650 1214 2704 ‘l
1250 2649 1363 2705 Alii
1411 2654 1610 2706 tamen
1662 2650 1947 2723 scriptum
1979 2652 2041 2707 in

376 2738 574 2795 codice
608 2743 809 2795 nostro
838 2738 1265 2811 manuscripto,
1303 2761 1333 2789 ‹‹
1384 2755 1500 2794 non
1546 2739 1804 2807 auditur,
1840 2762 1869 2789 ››
1901 2740 2041 2795 reti-

376 2826 640 2884 nendum
700 2833 962 2895 censent,
1022 2832 1199 2899 atque
1245 2828 1587 2883 adverbium
1640 2850 1669 2879 ‹‹
1722 2845 1839 2884 non
1888 2852 1911 2882 ι
1954 2829 2036 2885 ibi

378 2917 539 2973 sumi
568 2932 672 2989 pro
703 2932 843 2973 voce
879 2940 901 2965 ι
936 2931 1173 2972 nomen.
1205 2937 1228 2969 ι
1282 2916 1527 2972 Perinde
1556 2933 1622 2973 ac
1654 2916 1703 2973 si
1743 2916 2035 2973 Minucius

373 3005 638 3073 dixisset,
671 3004 909 3062 Feretrii
939 3020 1152 3061 nomen
1175 3005 1349 3076 cujus
1378 3004 1606 3061 nullum
1638 3010 1764 3062 erat
1792 3006 2033 3063 simula-

2703 637 2969 695 ARTICU
2980 637 3103 695 LUS
3144 638 3237 695 III.

2143 746 2459 815 Exponilur
2486 745 2649 802 aliud
2676 745 2919 813 ejusdem
2946 746 3211 801 momenti
3238 740 3808 815 urgumentum.quod

2214 820 2547 889 deprompsit
2610 819 2882 873 Minucius
2938 832 3010 872 ea:
3058 817 3303 887 indignis
3326 825 3407 889 iet
3460 818 3809 889 turpissimis

2214 888 2445 944 deorum
2485 890 2667 960 faelis,
2729 890 2928 960 quibus
2992 889 3271 957 ferebatur
3316 888 3556 960 Erigone
3608 888 3811 958 laqueo

2210 976 2489 1031 suspensa,
2546 959 2748 1015 Castor
2789 968 2840 1015 et
2897 961 3100 1014 Pollux
3148 960 3379 1014 alternis
3418 959 3701 1031 viventes
3753 972 3815 1031 ac

2212 1028 2525 1098 morientes,
2573 1031 2927 1099 Aesculapius
2973 1032 3212 1101 fulmine
3257 1047 3569 1103 percussus,
3620 1028 3815 1084 (Eleis

2214 1106 2442 1175 ignibus
2469 1112 2740 1159 crematus
2769 1103 3043 1159 Hercules.

2211 1230 2296 1286 Ab
2327 1228 2773 1284 absurdissimis
2799 1228 3085 1300 planeque
3116 1224 3381 1283 ridiculis
3411 1226 3664 1282 deorum
3697 1224 3817 1280 for-

2142 1318 2256 1374 mis
2287 1317 2503 1373 transit
2532 1317 2825 1373 Minucius
2856 1317 2928 1372 ad
2959 1316 3306 1388 turpissima
3330 1315 3717 1386 nefandaque
3750 1312 3817 1367 il-

2140 1406 2333 1463 lorum
2381 1407 2663 1475 facinora,
2685 1405 2901 1478 quibus
2948 1405 3081 1461 illos
3138 1422 3255 1461 non
3304 1404 3477 1459 modo
3526 1404 3817 1472 deorum,

2142 1497 2243 1553 sed
2278 1496 2585 1552 hominum
2633 1497 2811 1552 etiam
2862 1494 3086 1551 ratione
3134 1493 3510 1566 praeditorum
3558 1491 3821 1548 nomine

2144 1602 2387 1660 prorsus
2416 1585 2692 1657 indignos
2734 1600 2864 1641 esse
2914 1583 3349 1640 evidentissima
3406 1582 3819 1637 demonstrat.

2145 1674 2226 1731 Ad
2257 1674 2316 1729 id
2358 1678 2552 1730 autem
2585 1674 2957 1746 probandum
2997 1671 3168 1745 plura
3214 1689 3283 1727 ex
3327 1670 3399 1727 iis
3447 1670 3825 1743 singillatim

2069 1756 2117 1823 Β
2147 1767 2431 1829 recenset,
2462 1778 2717 1834 eumque
2746 1762 2805 1817 in
2832 1762 2963 1833 hac,
2995 1760 3496 1833 quemadmodum
3529 1759 3595 1814 in
3631 1775 3826 1831 supe-

2149 1852 2288 1908 riori
2320 1852 2842 1924 argumentatione,
2874 1867 3213 1923 sequemur.

2220 1941 2309 1996 Ab
2339 1940 2587 2013 Erigone
2611 1945 2807 1996 autem
2838 1939 3068 1995 dicendi
3100 1937 3283 1994 sumit
3311 1937 3588 1993 initium:
3613 1960 3651 1987 α
3696 1954 3839 2009 qua

2150 2046 2457 2103 suspensa,
2491 2030 2648 2085 sicut
2692 2028 2791 2084 ille
2839 2030 2942 2097 ait,
2990 2028 3061 2084 de
3116 2026 3325 2100 laqueo
3373 2032 3498 2095 est;
3534 2031 3603 2081 ut
3654 2025 3839 2097 virgo

2148 2118 2305 2175 inter
2349 2123 2507 2174 astra
2533 2118 2719 2192 ignita
2758 2118 2853 2174 sit.
2906 2139 2935 2169 ››
2993 2115 3213 2189 Duplex
3258 2132 3391 2173 vero
3437 2120 3527 2172 est
3558 2115 3842 2187 scripto-

2151 2224 2283 2264 rum
2317 2208 2468 2265 588
2498 2208 2868 2263 ethnicorum
2919 2208 2990 2262 de
3038 2206 3139 2261 illa
3169 2206 3414 2279 Erigone
3442 2205 3687 2277 opinio,
3729 2222 3843 2261 seu

2151 2296 2347 2370 potius
2376 2295 2593 2353 fabula.
2618 2298 2657 2351 A
2687 2295 3041 2368 quibusdam
3071 2294 3226 2351 enim
3256 2295 3473 2351 dicitur
3500 2294 3632 2349 filia
3678 2295 3843 2350 Icari

2148 2386 2542 2452 Atheniensis,
2574 2401 2748 2457 quem
2780 2401 2916 2440 cum
2964 2383 3169 2439 rustici
3209 2382 3517 2439 temulenti
3550 2383 3843 2439 occidis-

2150 2480 2300 2545 sent,
2333 2474 2433 2531 illa
2462 2478 2715 2548 paterae
2747 2475 2906 2530 necis
2948 2490 2983 2529 a
3029 2488 3174 2529 cane
3203 2472 3528 2539 admonita,
3560 2472 3840 2543 visoque

2148 2563 2308 2620 illius
2338 2564 2635 2631 cadavere,
2670 2562 2882 2635 laqueo
2913 2578 2977 2617 se
3008 2561 3343 2634 suspendit.
3384 2560 3522 2617 Post
3555 2565 3833 2616 mortem

2146 2668 2280 2708 vero
2306 2652 2436 2725 ipsa
2462 2652 2626 2725 virgo
2657 2668 2724 2707 ac
2771 2652 2935 2707 canis
2986 2651 3241 2706 monitor
3290 2666 3395 2706 suo
3444 2648 3707 2705 nomine
3741 2664 3835 2705 ιορ

2147 2740 2281 2796 dem
2312 2740 2468 2796 inter
2497 2744 2655 2796 astra
2686 2740 2903 2795 habere
2930 2740 3261 2811 ﬁnguntur.

2215 2829 2576 2886 Fabulantur
2604 2828 2704 2886 alii
2754 2829 3062 2899 Erigonem
3113 2827 3295 2885 fuisse
3338 2827 3544 2899 Egisti
3589 2832 3656 2883 et
3687 2826 3828 2899 Cly-

2141 2923 2471 2976 temnestris
2504 2918 2707 2985 tiliam,
2740 2935 2867 2990 qua
2892 2922 2955 2973 ut
2984 2917 3249 2973 Orestem
3275 2920 3603 2982 accusaret,
3630 2916 3827 2972 Athe-

2142 3026 2251 3065 nas
2279 3024 2414 3064 cum
2460 3005 2728 3081 Tyndaro
2775 3024 2879 3063 avo
2934 3023 3041 3063 suo
3083 3006 3360 3079 profecta,
3386 3005 3488 3060 ubi
3532 3005 3606 3061 de
3645 3006 3819 3060 illius

375 3109 565 3164 crum,
590 3092 856 3192 amplius
889 3116 913 3192 ξι
942 3110 1058 3150 non
1090 3093 1347 3149 auditur.
1384 3118 1408 3147 ι
1446 3094 1811 3160 Quibusdam
1833 3099 2029 3151 autem
2064 3124 2107 3192 Ο
2144 3097 2513 3153 absolutione
2541 3095 2753 3153 certior
2771 3096 2926 3153 facta
2950 3094 3278 3168 est,laqueo
3309 3094 3484 3151 vitam
3514 3094 3631 3150 sibi
3665 3095 3813 3149 ade-

380 3180 665 3254 exemplis
692 3181 752 3237 id
782 3181 1029 3253 probare
1059 3182 1349 3249 nituntur,
1383 3183 1485 3238 sed
1529 3199 1657 3254 quas
1688 3199 1803 3239 non
1836 3184 2034 3257 magni
2068 3180 2107 3192 “
2144 3187 2272 3244 mit.

388 3275 531 3327 sunt
559 3270 863 3328 momenti.
897 3270 1045 3337 Quid
1077 3287 1237 3343 ergo,
1268 3271 1319 3327 si
1348 3270 1470 3327 haec
1515 3272 1692 3328 verba
1721 3295 1749 3323 «
1783 3289 1899 3329 non
1929 3290 2032 3329 auo

381 3359 563 3431 ditur,
593 3382 624 3412 »
658 3376 766 3417 suo
797 3360 993 3416 nativo
1019 3376 1197 3416 sensu
1228 3360 1504 3432 accipias,
1533 3376 1637 3433 pro
1659 3360 2034 3433 relinquitur,

385 3447 1108 3523 spernitur,contemnitur
1124 3448 1357 3504 ‘tNonne
1377 3448 1521 3505 satis
1542 3455 1744 3521 aperta
1764 3450 2038 3524 claraque

384 3538 497 3595 erit
526 3537 765 3593 Minucii
798 3537 1107 3604 sententia,
1140 3537 1341 3593 Jovem
1392 3536 1676 3594 Latiarem
1708 3555 1816 3595 suo
1845 3540 2039 3596 adhuc

378 3630 643 3697 tempore
671 3642 876 3681 cruore
901 3625 1195 3698 perfundi,
1227 3626 1331 3682 sed
1378 3642 1494 3681 non
1553 3626 1808 3699 amplius
1846 3628 2035 3684 audiri

380 3713 705 3770 Feretrium
726 3714 755 3769 ?
791 3716 1076 3771 Ceterum
1124 3715 1245 3771 sive
1292 3714 1451 3787 legas
1482 3737 1511 3765 «
1562 3716 1821 3783 auditur,
1858 3740 1880 3765 ι
1916 3718 2037 3773 sive

382 3823 413 3855 α
443 3802 661 3870 aditur,
690 3823 721 3853 ››
756 3817 862 3859 nec
894 3802 1142 3858 multum
1174 3803 1403 3860 diversa
1430 3820 1633 3860 eorum
1664 3803 2034 3876 significatio,

382 3907 490 3949 nec
520 3908 555 3947 a
583 3891 822 3948 Minucii
855 3896 1049 3948 mente
1075 3891 1242 3948 valde
1272 3892 1801 3963 aliena‘videbitur.

453 3978 719 4053 Denique
783 4003 812 4031 «
861 3984 969 4045 tot,
1011 3980 1205 4052 inquit
1260 3980 1453 4037 adhuc
1507 3981 1820 4049 Minucius,
1876 3982 2037 4039 Jovis

383 4076 673 4135 monstra,
704 4074 849 4141 quot
876 4070 1138 4126 nomina.
1172 4091 1202 4120 »
1234 4070 1302 4125 Et
1339 4070 1469 4125 ideo
1498 4075 1652 4126 certe
1680 4071 2038 4143 Theophilus

382 4157 447 4214 in
468 4174 576 4214 suo
596 4158 671 4215 ad
690 4157 1037 4231 Autolycum
1059 4156 1207 4214 libro
1232 4175 1245 4213 :
1277 4180 1303 4211 ι
1324 4157 1424 4227 Te,
1440 4158 1650 4227 aiebat,
1680 4158 2039 4233 interrogare

384 4244 570 4314 lubet,
600 4264 635 4304 o
664 4248 859 4315 homo,
888 4251 946 4302 et
991 4252 1134 4318 quot
1161 4248 1399 4303 tandem
1450 4246 1821 4303 inveniantur
1840 4249 2032 4305 Joves.

382 4333 511 4397 Ζεὺς
572 4334 668 4408 μὶν
726 4334 831 4410 γὰρ
889 4333 941 4390 ἐν
999 4335 1243 4410 πρώτοις
1309 4335 1769 4410 προσαγορεύεται
1829 4333 2034 4408 Ὀλύμ-

379 4443 529 4496 πιος,
586 4424 677 4479 καὶ
737 4422 865 4486 Ζεὺς
924 4424 1239 4497 Λατεάριος,
1297 4423 1385 4478 καὶ
1444 4422 1571 4485 Ζιὺς
1628 4424 1887 4492 Κάσσιος,
1944 4425 2033 4479 καὶ

2212 3275 2499 3331 Minucius
2527 3290 2661 3330 vero
2710 3274 2899 3346 magis
2946 3278 3245 3345 spectasse
3287 3274 3523 3329 videtur
3568 3273 3639 3327 ad
3674 3272 3797 3343 pri-

2143 3380 2301 3421 mam
2332 3363 2689 3435 Opinionem,
2720 3380 2852 3435 quas
2896 3362 3205 3435 Erigonem
3255 3376 3578 3431 canemque
3626 3359 3791 3414 illum

2143 3455 2296 3509 inter
2324 3457 2482 3509 astra
2519 3452 2743 3509 censeri
2783 3453 3094 3523 garriebat,
3127 3450 3629 3524 quemadmodum
3659 3452 3783 3503 Sta-

2142 3541 2265 3597 tius
2292 3545 2664 3598 cantaverat:

2332 3681 2347 3696 .
2408 3675 2428 3694 .
2499 3684 2512 3697 .
2582 3681 2595 3695 .
2660 3647 2776 3697 Vim
2807 3648 2993 3711 emptis
3038 3646 3190 3697 indul
3228 3654 3320 3697 ent
3352 3649 3513 3705 astra,
3552 3656 3783 3707 meisque

2332 3708 2539 3759 Estiier
2565 3709 2823 3759 Erinones
2852 3715 3065 3759 snumat
3094 3661 3261 3759 oculs.

2330 3708 2539 3760 Estiter
2565 3709 2823 3771 Erigones
2852 3708 3065 3773 spumat
3094 3708 3261 3760 canis.

2640 3788 2813 3846 (Stat..
2844 3789 2880 3838 1.
2913 3802 2963 3839 iv
2999 3788 3261 3849 Thebaid.,
3293 3802 3345 3839 ν.
3374 3788 3515 3850 538.)

2146 3895 2319 3952 Plura
2365 3895 2416 3951 si
2466 3895 2784 3962 desideres,
2836 3896 3157 3966 Nonnium,
3200 3895 3466 3952 Servium
3533 3894 3789 3964 aliosque

2146 3984 2305 4041 adire
2332 3983 2466 4041 licet
2494 3983 2706 4053 (Noun.
2741 3983 2842 4041 lib.
2874 4001 3025 4040 xnvu
3062 3986 3261 4056 Diony.
3306 4001 3361 4040 v.
3395 3985 3523 4051 600,
3554 3987 3608 4039 et
3644 3998 3789 4053 seqq.

2143 4077 2323 4141 Serv.,
2356 4074 2419 4129 in
2452 4072 2553 4129 lib.
2597 4089 2637 4127 ιι
2668 4070 2856 4145 Georg.
2896 4074 3111 4142 Virgil.,
3142 4089 3198 4129 v.
3220 4073 3368 4145 388).
3401 4074 3795 4140 Quamobrem

2143 4161 2419 4217 Tatianus
2460 4160 2713 4217 ethnicis
2737 4162 3066 4234 objecerat:
3100 4159 3251 4215 Κύων
3287 4160 3315 4215 ὁ
3370 4167 3473 4229 τῆς
3506 4159 3797 4234 Ἠριγόνης

2144 4247 2197 4305 tv
2244 4252 2453 4319 νύρανῷ
2507 4245 2793 4307 δείκνυται.
2845 4273 2874 4302 ‹‹
2939 4250 3113 4307 Canis
3171 4252 3452 4323 Erigones
3519 4251 3580 4305 in
3653 4250 3803 4305 caelo

2143 4338 2490 4395 ostenditur.
2517 4339 2841 4410 »(Tatian..
2875 4340 3028 4396 Orat.
3059 4349 3233 4395 contr.
3268 4339 3461 4405 Gram,
3494 4355 3628 4412 pag.
3650 4338 3806 4405 149.)

2214 4427 2532 4483 Observare
2564 4445 2735 4500 porro
2766 4428 2860 4485 hic
2898 4431 3066 4500 juvat
3112 4429 3171 4484 in
3221 4434 3420 4484 nostro
3454 4444 3564 4483 ms.
3599 4428 3810 4483 codice

379 4492 524 4575 Ζεὺς,
588 4513 897 4589 Κεραύνιος,
954 4512 1044 4569 καὶ
1104 4492 1255 4575 ’Ζεὺξ
1342 4511 1667 4589 Προπάτωρ,
1735 4518 1825 4568 καί
1907 4514 2032 4576 Ζεὺς

2157 4516 2277 4589 egi,
2313 4538 2339 4566 ‹‹
2372 4522 2437 4572 ut
2468 4517 2527 4572 in
2556 4492 2717 4572 astra
2747 4492 2946 4590 ignat-a
2974 4518 3104 4584 sit,»
3140 4516 3342 4590 procul
3373 4516 3552 4572 dubio
3572 4515 3813 4571 librarii

379 4602 705 4680 Ιιαννύχιος,
735 4604 824 4659 καὶ
855 4601 979 4665 Ζεὺς
1010 4601 1345 4679 Πολιοῦχος,
1376 4604 1464 4658 καὶ
1496 4602 1622 4665 Ζεὺς
1658 4601 2028 4665 Καπετώλιος.

376 4694 609 4767 Jupiter
638 4695 896 4768 primum
924 4694 1465 4768 Olympius,deinde
1489 4695 1735 4751 Latiaris
1768 4695 2026 4764 Cassius,

380 4784 766 4854 Fulminator,
812 4784 1107 4857 Propater,
1161 4784 1427 4856 Pervigil,
1461 4785 1696 4840 urbium
1735 4786 2028 4856 Defensor,

377 4874 761 4947 Capitolinus.
796 4874 864 4930 Et
894 4874 1134 4946 quidem
1164 4874 1411 4945 Jupiter,
1444 4872 1680 4928 Saturni
1710 4872 2029 4939 ﬁlius,Cre-

376 4965 636 5020 tensium
663 4980 781 5029 rex,
806 4964 867 5019 in
897 4962 1068 5019 Creta
1092 4962 1361 5033 sepultus
1388 4966 1496 5017 est.
1522 4983 1550 5010 ››
1574 4962 1901 5033 (Theophil.
1927 4963 2025 5017 lib.

376 5068 422 5109 ιι
450 5054 530 5110 ad
552 5055 803 5126 Autolyc.
833 5068 965 5125 pag.
995 5052 1111 5121 76.)
1144 5050 1392 5105 Caeteros
1441 5053 1636 5104 autem
1665 5050 1837 5105 Joves
1868 5048 2031 5105 nulla

378 5141 682 5215 sepultura
711 5142 922 5214 dignos
952 5140 1134 5195 fuisse
1164 5139 1503 5192 arbitratur.

447 5235 628 5287 Porro
670 5237 868 5286 autem
911 5230 982 5284 de
1025 5225 1258 5282 infinita
1302 5226 1725 5297 propemodum
1768 5225 2029 5297 illorum,

374 5335 525 5392 quos
569 5325 862 5377 trecentos
912 5316 1152 5389 quidam
1204 5313 1525 5386 ﬁngebant,
1569 5314 1799 5371 Jovium
1860 5317 2031 5373 turba

374 5410 436 5465 at
474 5406 872 5473 multitudine,
905 5406 1027 5469 aut,
1060 5406 1126 5458 ut
1179 5408 1335 5458 recte
1381 5408 1583 5459 auctor
1625 5408 1821 5459 noster
1861 5403 2026 5471 dixit,

378 5495 663 5553 monstris
689 5499 746 5551 et
775 5492 1059 5567 portentis
1098 5491 1312 5549 videsis
1362 5492 1572 5549 Lilium
1603 5492 1930 5565 Giraldum,
1962 5510 2028 5551 ac

369 5583 424 5648 si
451 5584 619 5644 lubet
644 5588 703 5640 et
729 5586 913 5647 vacat.
944 5598 1071 5657 qua
1101 5581 1242 5640 alibi
1288 5581 1721 5657 disputavimus
1749 5581 2021 5655 (Girald.,

2140 4603 2332 4677 lapsu.
2366 4605 2729 4678 Quapropter
2780 4607 2839 4661 in
2885 4606 3058 4663 editis
3100 4608 3387 4679 scriptum
3430 4611 3519 4661 est
3548 4630 3575 4655 ‹‹
3611 4605 3815 4678 ignita

2140 4694 2238 4763 sit,
2272 4716 2299 4743 »ι
2328 4694 2384 4749 id
2419 4700 2529 4762 est,
2560 4699 2625 4750 ut
2655 4696 2901 4768 Erigone
2931 4695 3084 4751 inter
3131 4702 3289 4751 astra
3333 4696 3505 4767 ignea
3542 4694 3810 4750 colloca-

2140 4788 2320 4838 retur.
2369 4782 2485 4838 Nec
2528 4782 2699 4855 plane
2748 4784 3064 4855 rejicienda
3111 4784 3229 4839 haec
3274 4784 3627 4853 emendatio,
3670 4801 3812 4855 quas

2140 4872 2334 4928 citatis
2364 4873 2533 4928 Statii
2562 4879 2620 4929 et
2650 4874 2879 4930 Tatiani
2910 4874 3102 4931 verbis
3127 4874 3285 4930 haud
3318 4876 3512 4946 inepte
3543 4874 3810 4929 stabiliri

2140 4960 2645 5032 potest,Gronovio
2672 4967 2871 5018 tamen
2898 4980 3013 5019 non
3046 4962 3288 5035 placuit,
3321 4964 3654 5036 corrigique
3680 4979 3811 5018 ma-

2138 5047 2251 5105 luit
2281 5071 2308 5099 ‹‹
2338 5050 2569 5122 signata
2598 5050 2695 5119 sit,
2726 5075 2746 5102 ο
2784 5052 2842 5107 id
2878 5057 2967 5107 est
3004 5051 3215 5109 locata.
3248 5052 3361 5108 Sed
3402 5054 3571 5124 prius
3593 5058 3808 5108 osten-

2139 5137 2275 5194 dere
2294 5138 2542 5195 debebat
2564 5140 2805 5196 ubinam
2846 5140 3140 5197 Minucius
3169 5141 3280 5197 hoc
3319 5142 3596 5214 loquendi
3624 5142 3807 5196 modo

2139 5231 2357 5282 utatur.
2384 5227 2670 5284 Caeterum
2713 5245 3079 5301 quascunque
3120 5230 3198 5285 sit
3219 5231 3478 5303 genuina
3499 5229 3806 5286 illiuslec-

2138 5313 2242 5381 tio,
2281 5316 2651 5388 apertissime
2691 5316 2983 5390 significat
3015 5320 3336 5376 absurdam
3382 5322 3627 5375 omnino
3666 5335 3808 5374 esse

2137 5404 2447 5476 gentilium
2490 5408 2559 5462 de
2599 5406 2712 5462 diis
2760 5407 2885 5461 suis
2937 5408 3295 5480 opinionem,
3341 5409 3443 5482 qui
3482 5409 3806 5480 Erigonem

2137 5498 2521 5568 posteaquam
2564 5496 2772 5568 laqueo
2811 5496 2989 5551 vitam
3012 5495 3201 5554 ﬁnivit
3238 5502 3295 5555 et
3330 5499 3501 5555 deam
3540 5503 3599 5554 et
3642 5497 3813 5554 inter

2136 5587 2297 5641 astra
2316 5584 2565 5657 positam
2584 5585 2738 5647 serio
2758 5584 3181 5658 pradicabant.
