3942 6162
1606 241 2154 306 DISSEHTATIO.

3462 242 3584 305 002

249 383 382 437 Post
408 379 535 434 hree
566 377 880 444 Minucius,
911 381 969 432 et
994 381 1296 448 sequester
1313 377 1441 448 ejus
1465 375 1825 451 Cyprianus:
1857 379 1912 446 Α
1941 381 2172 440 raverit.
2199 400 2226 433 ιο
2263 380 2468 454 (Plato,
2501 381 2603 436 lib.
2638 397 2704 436 ιιι
2748 380 2813 434 de
2850 377 3077 448 Repub.,
3125 382 3268 434 tom.
3325 375 3395 444 II,
3445 391 3579 449 pag.

188 496 212 523 α
242 475 524 537 Castores,
553 489 582 516 ››
620 467 730 523 hoc
769 471 876 535 est,
917 464 1119 521 Castor
1156 469 1214 522 et
1257 465 1479 535 Pollux,
1526 489 1554 517 ‹‹
1585 466 1827 524 alternis

186 560 530 624 moriuntur,
564 561 632 611 ut
661 557 877 611 vivant.
908 579 929 606 ι
957 553 1271 626 (Cyprian.,
1321 555 1423 611 lib.
1457 555 1523 611 de
1549 555 1678 612 idat.
1720 562 1829 612 Va-

185 653 299 713 m't.,
326 663 456 719 pag.
483 647 598 716 11.)
621 647 754 710 Quae
778 645 1009 716 quidem
1057 642 1228 715 paulo
1268 644 1505 700 uberius
1529 663 1564 701 a
1585 646 1825 701 Lactan-

181 741 252 795 tio
279 738 360 794 sic
386 742 798 808 exponuntur:
834 759 862 786 α
894 735 1098 791 Castor
1143 741 1200 791 et
1247 736 1448 792 Pollux
1500 739 1639 793 dum
1687 737 1827 794 alie-

182 846 274 884 nas
304 843 558 898 sponsas
587 825 841 896 rapiunt,
876 841 1002 880 esse
1043 825 1261 896 gemini
1312 827 1633 883 desierunt.
1680 827 1826 882 Nam

181 918 363 974 dolore
386 915 621 985 injurias
644 915 974 970 concitatus
998 913 1127 970 Idas
1144 913 1392 970 alterum
1415 915 1611 988 gladio
1635 921 1828 972 trans-

178 1005 514 1072 verberavit,
566 1008 624 1058 et
680 1003 920 1059 eosdem
969 1007 1150 1074 poetae
1204 1003 1446 1060 alternis
1491 1004 1700 1072 vivere,
1752 1004 1830 1061 al-

178 1095 347 1151 ternis
375 1095 522 1148 mori
550 1097 816 1149 narrant.
844 1115 872 1141 »
900 1097 1200 1158 (Lactant,
1223 1093 1325 1149 lib.
1362 1111 1402 1159 1,
1425 1110 1550 1166 cap.
1578 1095 1664 1162 10,
1694 1111 1824 1169 pag.

180 1185 312 1254 150.)
348 1182 676 1252 Fingebant
705 1181 862 1236 enim
894 1181 1192 1237 Castorem
1224 1187 1281 1237 et
1305 1181 1619 1248 Pollucem,
1661 1184 1826 1240 Phae-

178 1274 264 1329 bes
293 1276 349 1327 et
386 1270 630 1326 Talaite
681 1270 934 1325 ﬁliarum
985 1270 1274 1342 Leucippi.
1319 1288 1450 1342 quae
1493 1272 1717 1344 Lynceo
1773 1278 1830 1330 et

177 1363 278 1418 Idae
305 1361 678 1432 desponsatas
717 1359 968 1428 fuerant,
1021 1376 1217 1415 amore
1265 1366 1488 1432 captos.
1534 1363 1825 1428 Quamob-

179 1467 286 1508 rem
315 1455 524 1505 Castor
554 1466 589 1503 a
620 1449 869 1521 Lynceo,
903 1453 966 1502 ut
996 1448 1236 1519 quidam
1269 1455 1600 1517 autumant,
1633 1451 1721 1506 vel
1753 1453 1824 1508 ab

182 1541 287 1605 lda,
316 1539 406 1594 vel
441 1555 477 1593 a
504 1539 814 1610 Meleagro,
845 1537 934 1592 vel
966 1553 1000 1592 a
1029 1536 1304 1603 Policine,
1340 1545 1402 1593 ut
1432 1539 1530 1594 alii
1580 1540 1826 1612 opinan-

180 1633 283 1694 tur,
313 1628 658 1684 interfectus
704 1630 811 1682 est.
860 1625 1062 1681 Pollux
1097 1642 1231 1682 vero
1263 1645 1296 1682 a
1325 1627 1464 1684 Jove
1507 1634 1668 1701 patre
1717 1647 1824 1686 suo

1935 484 2081 554 408).
2113 485 2227 537 Aut
2272 477 2445 534 sicuti
2487 471 2769 544 Virgilius
2816 468 3058 525 cecinit:
3111 459 3271 531 Quia'
3307 464 3583 538 Hippoly-

1935 577 2086 637 tum,
2122 584 2379 626 novercaa
2411 582 2529 622 suae
2563 567 2684 618 arte
2716 559 2998 627 occisum,
3031 557 3104 612 ad
3137 556 3316 611 vitam
3349 570 3583 610 revoca-

1935 663 2099 719 verit.
2135 656 2396 730 (Virgi1.,
2430 654 2534 709 lib.
2566 668 2645 706 v11
2677 647 2919 716 Αῖηθίάη
2950 664 3009 703 v.
3037 646 3145 700 765
3172 652 3224 700 et
3253 644 3424 716 seqq.)
3476 641 3584 698 Ea-

1936 754 2068 809 dem
2099 749 2244 805 dixit
2273 745 2580 808 Pindarus,
2609 740 2884 794 laudatus
2914 755 2948 791 a
2973 734 3350 790 Tertulliano.
3397 739 3585 787 Arno-

1935 843 2052 910 bio,
2087 839 2476 906 Athenagora,
2513 831 2610 903 qui
2646 827 2968 884 secundum
2999 829 3209 878 testem
3265 822 3586 878 Hesiodum

1937 909 2164 993 accivit,
2196 944 2230 982 a
2276 940 2391 997 quo
2449 927 2645 976 tamen
2701 914 2958 972 hominis
2987 931 3022 968 a
3052 911 3297 967 mortuis
3354 909 3587 967 excitati

1937 1035 2151 1076 nomen
2187 1015 2460 1070 reticetur
2488 1005 2880 1077 (Tertullian.,
2911 1003 3181 1074 Apologet.
3215 1017 3341 1072 cap.
3395 1001 3481 1063 14,
3531 1001 3590 1054 et

1938 1109 2040 1164 lib.
2076 1125 2115 1163 ιι
2146 1104 2216 1160 ad
2247 1104 2496 1169 Nattam,
2528 1115 2655 1169 cap.
2680 1097 2743 1150 41
2772 1112 2786 1163 ;
2821 1092 3031 1148 Arnob.
3061 1090 3160 1145 lib.
3181 1107 3254 1159 IV,
3281 1105 3413 1161 pag.
3446 1088 3545 1143 143
3571 1104 3585 1155 ;

1934 1199 2249 1268 Athenag.,
2281 1196 2468 1264 Legat.
2496 1204 2598 1262 pro
2632 1185 2952 1248 Christian.;
2985 1197 3116 1254 pag.
3175 1180 3282 1246 33;
3331 1178 3587 1243 Pindar.,

1936 1287 2056 1344 Ode
2076 1287 2155 1357 3).
2181 1281 2414 1356 Legesis
2437 1283 2712 1352 praeterea
2736 1272 3080 1333 Lucianum,
3115 1268 3450 1341 Origenem,
3485 1271 3589 1320 Ar-

1936 1376 2202 1443 nobium,
2265 1367 2650 1432 Lactantium,
2703 1362 3156 1426 Theodoretum,
3205 1373 3272 1413 ac
3320 1357 3370 1412 si
3417 1371 3590 1428 grave

1936 1483 2050 1522 non
2086 1465 2182 1534 sit,
2229 1479 2358 1534 quae
2388 1457 2617 1514 anobis
2665 1455 2725 1508 in
2776 1449 3062 1523 superiori
3105 1454 3264 1503 tomo
3311 1447 3590 1502 annotata

1936 1559 2077 1613 sunt
2106 1532 2392 1624 (unciam,
2422 1547 2566 1602 Dial.
2600 1544 2775 1609 deor.,
2809 1557 2938 1613 pag.
2991 1538 3098 1606 78;
3149 1535 3327 1606 0rig.,
3375 1532 3477 1624 lib.
3525 1551 3590 1590 ιιι

1933 1648 2075 1702 cont.
2113 1622 2273 1708 Cels,
2309 1654 2441 1712 pag.
2493 1635 2635 1701 123;
2685 1629 2925 1700 Arnob.,
2974 1626 3078 1682 lib.
3129 1642 3205 1690 tv,
3260 1640 3392 1694 pag.
3446 1622 3592 1702 143;

183 1717 353 1789 petiit,
386 1721 455 1771 ut
484 1716 781 1772 Castorem
815 1714 1252 1772 immortalitate
1304 1717 1564 1773 donaret.
1610 1717 1720 1773 Sed
1765 1718 1814 1773 id

2011 1737 2230 1797 ictant.,
2251 1729 2355 1785 lib.
2390 1746 2408 1784 ι
2442 1727 2627 1783 Instit.
2662 1739 2790 1794 cap.
2812 1722 2898 1784 17,
2923 1734 3054 1790 pag.
3084 1717 3192 1783 84;
3217 1713 3592 1826 Theodoreti.

184 1807 485 1876 impetrare
511 1821 645 1860 cum
679 1821 794 1860 non
836 1805 1144 1877 potuisset,
1177 1805 1432 1861 obtinuit
1479 1806 1830 1864 immortali-

189 1896 322 1950 tatis
349 1893 654 1948 dimidium
687 1892 810 1959 uni,
844 1897 901 1948 et
930 1893 1095 1948 alteri
1142 1894 1455 1950 dimidium
1503 1895 1830 1967 impertire-

188 1989 292 2039 tur.
325 1983 562 2038 Aternis
593 1981 752 2040 584
781 1983 975 2053 itaque
1006 1983 1213 2038 diebus
1245 1983 1432 2039 vivere
1485 1984 1623 2039 dicti
1669 1990 1828 2057 sunt,

186 2071 287 2137 vel,
319 2077 384 2126 nt
415 2071 499 2126 ait
528 2069 770 2139 Plinius,
794 2093 823 2120 «
867 2070 1108 2126 alternis
1139 2071 1348 2128 diebus
1406 2072 1660 2130 viventes
1709 2091 1831 2130 mo-

185 2160 530 2232 rientesque.
559 2183 587 2209 »
619 2159 817 2230 (Plin.,
851 2158 952 2214 lib.
983 2177 1022 2215 ιι
1044 2160 1220 2215 Natur
1239 2163 1402 2225 Hist.,
1446 2179 1570 2234 cap.
1609 2164 1665 2234 7,
1698 2181 1830 2236 pag.

186 2252 318 2322 143.)
347 2251 488 2306 Eam
523 2254 722 2304 autem
754 2251 813 2304 in
847 2266 968 2304 rem
1000 2249 1290 2308 habemus
1318 2251 1525 2308 citatos
1583 2254 1654 2310 ab
1703 2253 1834 2310 Ori-

183 2356 314 2413 gene
344 2340 456 2396 hos
485 2339 722 2395 Homeri
751 2355 992 2395 versus:

185 2479 415 2557 ’Δλλοτε
451 2481 548 2552 μὲν
592 2481 1012 2557 Δζςιιῖζᾳυςβηέςτερή
1025 2501 1202 2557 μερ-οι,
1235 2478 1438 2557 ᾅλλοτε
1467 2479 1514 2537 δ’
1545 2481 1671 2538 αὖτε

182 2549 647 2625 Τεθνᾶσινίτιμήν
681 2549 738 2606 δὲ
767 2549 1207 2629 λελόγχάὼόῖσα
1235 2554 1426 2610 Θεοῖσι.

185 2719 207 2746 ιι
240 2696 545 2752 Interdum
579 2694 817 2766 quidem
849 2694 1054 2750 vivunt
1083 2693 1322 2751 alternis
1381 2695 1609 2768 diebus,
1659 2698 1837 2754 inter-

189 2785 433 2856 dumque
466 2801 682 2840 rursus
713 2781 1059 2850 moriuntur,
1092 2783 1374 2839 honorem
1407 2790 1602 2842 autem
1641 2788 1835 2844 sortiti

189 2873 456 2944 aqualem
490 2873 627 2927 diis.
654 2872 984 2942 »(0rigen.,
1025 2871 1064 2927 l.
1094 2889 1159 2927 ιιι
1198 2877 1371 2929 contr.
1407 2873 1569 2942 Cels.,
1598 2892 1656 2947 p.
1707 2875 1834 2944 123;

187 2961 441 3030 Romen,
479 2961 693 3033 0dyss.,
718 2966 760 3014 t.
793 2961 877 3015 X1.
910 2977 963 3030 v,
1017 2961 1116 3015 331
1167 2966 1223 3016 et
1275 2963 1443 3033 seqq.)
1493 2963 1634 3019 Inde
1664 2981 1698 3019 a
1726 2966 1840 3021 Ta-

186 3051 327 3108 tiano
371 3055 504 3122 post
530 3050 802 3105 eumdem
862 3049 1178 3105 Homerum
1235 3056 1518 3106 vocantur
1573 3051 1840 3128 ἑτερήμε-

193 3159 261 3210 ροι
286 3137 617 3212 Διόσκουροι
647 3139 821 3206 (Tat.,
873 3136 1021 3193 Orat.
1072 3146 1216 3194 cont.
1267 3142 1438 3195 Graec.
1489 3157 1622 3212 pag.
1684 3143 1829 3211 150).
1863 3129 1907 3196 C

186 3226 442 3371 genique
462 3231 531 3281 ut
556 3227 706 3282 alios
727 3225 1059 3297 complures
1079 3226 1442 3296 omittamus,
1465 3229 1536 3284 de
1574 3228 1647 3285 iis
1676 3231 1834 3286 canit

205 3317 317 3371 ’ἱαῑί
351 3315 491 3371 ius:

223 3332 452 3390 irgiuus
477 3332 491 3368 :

434 3447 488 3498 Si
524 3447 742 3496 fratrem
774 3445 956 3495 Pollux
986 3446 1189 3495 alterna
1214 3452 1385 3497 morte
1411 3449 1652 3501 redemit.

430 3511 586 3573 Itque
616 3509 864 3572 reditque
893 3509 1032 3558 viam
1064 3509 1236 3558 toties.

947 3599 954 3605 '
1000 3588 1220 3652 (Virgil.,
1239 3587 1273 3638 l.
1297 3602 1346 3639 γι
1374 3591 1602 3651 liueat,
1623 3606 1671 3643 v.
1706 3595 1834 3651 121.)

187 3725 274 3865 :cd
303 3724 366 3779 id
398 3722 686 3780 omnibus
718 3735 1065 3794 persuasum
1098 3738 1212 3778 non
1258 3722 1441 3779 fuisse
1487 3724 1628 3782 alibi
1673 3726 1832 3783 vide-

221 3829 384 3865 unus.

221 3829 384 3870 imus.

243 3903 456 3958 Dehinc
491 3917 624 3957 vero
658 3899 970 3969 Minucius,
1005 3905 1180 3972 atque
1209 3901 1384 3957 etiam
1415 3903 1665 3959 totidem
1704 3921 1833 3960 ver-

190 3988 262 4045 bis
285 3990 652 4064 Cyprianus:
692 4010 720 4039 ‹‹
750 3988 1118 4060 Ᾰῖεουιαρίιιε
1159 3995 1222 4045 ut
1272 3991 1328 4045 in
1381 3991 1556 4048 deum
1607 3997 1831 4065 surgat,

190 4077 538 4136 fulminatur.
567 4101 598 4127 »
656 4077 974 4150 (Cyprium,
1012 4077 1114 4133 lib.
1146 4079 1213 4134 de
1242 4080 1372 4135 idol.
1435 4082 1644 4148 Vanit.,
1694 4098 1825 4155 pag.

190 4167 278 4236 11.)
305 4171 449 4234 Quis
482 4169 597 4223 iste
622 4167 718 4236 sit,
744 4167 794 4222 si
827 4184 860 4222 a
884 4167 1156 4223 Cicerone
1198 4169 1546 4240 postulabis,
1591 4188 1832 4244 respon-

78 4271 79 4278 η
189 4271 298 4311 sum
323 4260 392 4314 ab
424 4275 494 4314 eo
540 4256 826 4327 accipies:
885 4279 912 4306 «
944 4255 1316 4328 Esculapius
1369 4261 1688 4328 secundus,
1741 4277 1831 4316 se-

190 4346 360 4400 cundii
390 4345 673 4402 Mercurii
705 4345 884 4400 frater
914 4363 927 4400 :
960 4344 1012 4400 is
1044 4345 1287 4400 fulmine
1321 4363 1658 4417 percussus,
1692 4349 1830 4404 dici-

189 4434 275 4485 tur
299 4433 572 4491 humatus
603 4450 732 4490 esse
781 4433 1165 4506 Cynosuris.»
1212 4435 1435 4505 (Cicer.,
1484 4435 1587 4493 lib.
1639 4455 1703 4494 ιιι
1761 4440 1831 4494 de

189 4523 358 4579 Natur.
387 4525 568 4590 deor.,
603 4539 734 4595 pag.
759 4523 909 4591 248.)

251 4609 352 4667 Cur
378 4620 583 4669 autem
615 4611 863 4668 fulmine
895 4628 1211 4681 percussus
1244 4613 1438 4679 fuerit,
1488 4615 1538 4670 si
1589 4633 1828 4672 rursum

197 4700 515 4768 scisciteris,
568 4699 887 4773 respondet
934 4701 1222 4757 Diodorus
1267 4702 1525 4759 Siculus:
1607 4724 1628 4752 ι
1661 4705 1828 4761 Pluto

194 4790 464 4858 querelam
512 4791 586 4846 de
609 4789 966 4862 Esculapio,
989 4791 1138 4860 quod
1163 4790 1430 4846 videlicet
1447 4792 1830 4850 medicatione

192 4878 296 4946 ejus
346 4886 716 4935 mortuorum
779 4896 1061 4934 numerus
1119 4880 1364 4936 subinde
1445 4882 1824 4951 decresceret,

195 4969 322 5034 apud
352 4973 554 5025 Jovem
589 4967 869 5034 instituit,
902 4985 1156 5039 eumque
1213 4969 1283 5024 de
1325 4970 1618 5027 diminuta
1663 4973 1829 5045 regni

96 5107 99 5115 ,
194 5054 376 5112 inferni
411 5058 679 5130 potentia
708 5057 1020 5112 accusavit.
1056 5057 1170 5112 Hoc
1203 5058 1386 5115 iratus
1424 5059 1653 5132 Jupiter
1711 5061 1828 5116 ful-

98 5159 99 5207 )
195 5144 343 5200 minis
415 5147 532 5202 ictu
619 5145 1021 5217 {Esculapium
1104 5147 1345 5202 necavit.
1430 5148 1830 5224 Παροξυνθὲντα

192 5232 260 5283 ul
304 5235 722 5310 κεραυνώσαντα
807 5231 1141 5303 Ἀσκληπιὸν
1227 5236 1549 5313 διαφθεῖραι.
1585 5262 1615 5290 ››
1672 5240 1828 5310 (llic-

195 5320 293 5378 dor.
325 5324 533 5395 Sicu1.,
567 5325 674 5380 lib.
732 5341 784 5378 ιν
835 5325 1114 5390 Biblioth.,
1169 5341 1299 5399 pag.
1353 5327 1498 5399 190).
1550 5333 1619 5384 At
1662 5327 1827 5384 Plato

197 5413 367 5468 scribit
425 5414 593 5469 illum
656 5414 785 5467 ideo
837 5412 1079 5469 fulmine
1130 5415 1336 5486 ictum,
1395 5417 1534 5488 quia
1590 5418 1831 5474 avaritia

197 5512 426 5572 turaque
461 5508 794 5575 corruptus,
825 5525 853 5551 «
890 5501 1233 5575 epulentum
1264 5507 1579 5578 quemdam
1633 5506 1828 5565 virum

198 5582 368 5647 lethali
400 5593 606 5650 morbo
636 5591 1028 5662 laborantem,
1058 5598 1116 5649 et
1145 5594 1405 5655 animam
1435 5601 1706 5670 agentem
1735 5613 1831 5654 cu-

1939 1838 2114 1879 serm.
2147 1821 2201 1886 8,
2233 1818 2298 1874 de
2355 1819 2592 1884 Martyr.
2643 1827 2774 1882 pag.
2827 1809 2954 1871 595,
2994 1811 3136 1862 tom.
3172 1805 3191 1859 l
3221 1803 3426 1874 Appar.
3485 1799 3588 1856 lib.

1939 1930 2024 1978 ιιι,
2059 1911 2290 1965 dissert.
2326 1924 2365 1972 ι,
2399 1922 2528 1975 cap.
2557 1903 2614 1967 7,
2647 1905 2758 1955 art.
2793 1901 2842 1952 1.
2878 1913 3010 1968 pag.
3062 1894 3210 1964 754).
3265 1895 3434 1947 Recte
3483 1888 3592 1961 igi-

1939 2006 2039 2057 tur
2067 1999 2248 2066 Plato,
2277 1992 2675 2051 Tertullianus
2704 1994 2762 2043 et
2793 1984 3150 2050 Lactantius,
3183 1980 3332 2040 585
3369 1979 3450 2034 uti
3483 1993 3591 2033 suo

1940 2089 2067 2145 loco
2090 2086 2442 2150 Videbimus,
2475 2081 2610 2136 inde
2649 2094 2784 2134 cum
2832 2081 3068 2131 auctore
3119 2077 3316 2126 nostro
3355 2067 3592 2124 conclu-

1943 2179 2093 2235 dunt
2119 2173 2519 2245 Esculapium
2551 2169 2666 2225 dici
2699 2183 2814 2222 non
2846 2180 3018 2238 posse
3051 2161 3147 2216 Dei
3180 2159 3389 2214 filium.

2017 2267 2165 2333 Quid
2199 2244 2399 2336 plures
2423 2261 2451 2316 ?
2481 2281 2511 2312 ι
2536 2255 2832 2325 Hercules,
2864 2275 2892 2305 »
2920 2249 3176 2307 auctoris
3197 2247 3390 2304 adhuc
3408 2244 3593 2301 nostri

1942 2333 2307 2425 totidemque
2363 2347 2634 2422 Cypriani
2683 2345 2855 2400 verba
2905 2345 3064 2406 sunt,
3116 2361 3144 2389 ι(
3178 2342 3244 2393 ut
3293 2333 3594 2391 hominem

1945 2449 2137 2508 exuat,
2171 2423 2363 2499 OEteis
2393 2441 2528 2511 (ms.
2561 2438 2702 2508 Heg.
2737 2432 2989 2497 Henneis,
3023 2428 3124 2485 sed
3157 2425 3330 2497 male)
3361 2423 3595 2498 ignibus

1945 2538 2378 2591 concrematur.
2407 2552 2436 2580 «
2470 2529 2580 2584 Res
2613 2531 2752 2590 tota,
2784 2539 2885 2578 seu
2919 2521 3042 2576 haec
3072 2515 3324 2572 fabulas
3354 2513 3595 2569 Diodoro

1945 2623 2164 2690 Siculo,
2195 2636 2367 2693 quem
2398 2617 2634 2674 Servius
2677 2613 2961 2685 sequitur,
3015 2608 3172 2663 hunc
3220 2608 3494 2660 narratur
3535 2601 3596 2657 in

1948 2691 2227 2768 modum:
2246 2711 2562 2780 Postquam
2593 2701 2868 2760 Hercules
2898 2698 3234 2761 interulam,
3268 2711 3302 2748 a
3326 2691 3599 2762 Dejanira

1946 2803 2164 2874 philtro
2193 2796 2477 2861 centauri,
2508 2795 2578 2850 ad
2615 2791 2928 2864 perniciem
2951 2787 3306 2857 comparato,
3350 2796 3594 2853 perunc-

1945 2896 2065 2946 tam
2088 2889 2398 2953 induisset,
2421 2887 2480 2940 in
2504 2880 2816 2943 exitialem,
2835 2877 2943 2943 vel,
2969 2881 3034 2930 ut
3055 2880 3251 2928 narrat
3282 2869 3598 2935 Arnobius,

1946 2979 2006 3034 in
2031 2977 2386 3034 comitialem
2412 2973 2684 3029 morbum
2708 2968 2905 3025 statim
2927 2964 3154 3020 incidit.
3196 2959 3410 3016 Dehinc
3443 2973 3596 3012 mor-

1949 3069 2022 3124 bo
2052 3050 2509 3138 ingravescente,
2542 3067 2598 3118 et
2626 3057 2786 3116 omni
2811 3053 3220 3128 recuperandis
3255 3047 3465 3105 salutis
3495 3062 3596 3118 spe

1945 3159 2192 3228 abjecta,
2217 3170 2444 3227 pyram,
2465 3157 2530 3207 ut
2558 3147 2829 3220 Delphico
2871 3142 3106 3201 oraculo
3145 3141 3595 3210 obtemperaret,

1944 3245 2304 3302 conscendit.
2336 3243 2480 3298 Huic
2510 3241 2706 3313 ignem
2739 3234 2988 3305 subjecit
3019 3229 3383 3291 Philoctetes,
3435 3242 3596 3282 mox-

1944 3351 2058 3407 que
2091 3333 2436 3389 fulminibus
2466 3335 2624 3385 tacta
2652 3328 2712 3382 in
2743 3325 2967 3380 cineres
2996 3337 3130 3376 cum
3163 3316 3427 3374 Herculis
3469 3331 3596 3370 cor-

1943 3405 2083 3496 pore
2112 3422 2346 3477 redacta
2375 3425 2485 3476 est.
2519 3417 2724 3472 Postea
2753 3429 2884 3470 vero
2915 3427 3048 3467 cum
3085 3425 3219 3464 ossa
3266 3405 3427 3460 illius
3477 3405 3596 3458 fru-

1943 3491 2064 3568 stra
2094 3510 2286 3567 Iolaus
2309 3507 2780 3580 conquisivisset,
2814 3504 2970 3556 fama
2987 3494 3317 3571 percrebuit
3335 3494 3502 3548 illum
3521 3491 3594 3546 ad

1942 3601 2083 3657 deos
2114 3598 2472 3655 convolasse.
2530 3593 2894 3666 Augustinus
2935 3605 3070 3645 vero
3121 3585 3342 3641 indicat
3392 3582 3491 3637 ubi
3541 3586 3598 3637 et

1943 3707 2059 3761 quo
2090 3694 2352 3762 tempore
2382 3687 2439 3741 id
2472 3686 2716 3750 factum,
2745 3685 2803 3736 et
2826 3680 2958 3751 quis
2977 3676 3076 3732 ille
3099 3673 3374 3731 Hercules
3399 3670 3593 3728 fuerit.

1941 3760 2093 3835 'l‘um
2127 3760 2260 3832 inde
2293 3781 2350 3832 et
2377 3777 2450 3830 ad
2483 3772 2734 3829 auctoris
2794 3768 2978 3826 nostri
3027 3771 3283 3822 mentem
3333 3760 3597 3835 apposite

1939 3867 2024 3923 ita
2064 3868 2546 3939 argumentatur:
2599 3884 2626 3911 «
2660 3857 2960 3927 Quomodo
2994 3871 3148 3911 nunc
3193 3853 3432 3924 quidem
3485 3854 3595 3916 est,

1942 3973 2057 4012 non
2089 3955 2256 4010 video
2286 3971 2397 4024 quo
2448 3957 2615 4024 pacto
2664 3949 2760 4005 ille
2803 3945 3097 4011 Hercules,
3159 3941 3251 3998 cui
3290 3941 3350 3996 in
3401 3943 3597 3995 monte

1941 4044 2128 4101 OEtaeo
2157 4043 2346 4098 allatae
2376 4041 2678 4112 lampades
2706 4040 2960 4100 fuerunt,
2986 4041 3050 4090 ut
3071 4033 3152 4088 ait
3175 4031 3372 4100 Acius,
3397 4029 3457 4084 in
3490 4028 3594 4084 do-

1942 4150 2104 4190 mum
2138 4140 2411 4188 mternam
2446 4129 2646 4202 patris,
2678 4127 2858 4191 Jovis,
2889 4142 2956 4180 ex
2997 4122 3096 4178 illo
3149 4122 3356 4176 ardore
3404 4133 3597 4189 perve-

1941 4221 2116 4279 nerit.
2141 4246 2169 4272 ››
2201 4221 2394 4276 Adisis
2423 4218 2718 4283 Ovidium,
2749 4216 2849 4271 lib.
2882 4232 2940 4270 Ix
2977 4211 3354 4282 Metamorphq
3396 4207 3597 4264 fabula

1938 4312 2007 4378 3;
2040 4311 2386 4384 Sophoclem
2417 4309 2475 4363 in
2508 4307 2831 4372 Trachiniis,
2864 4309 3008 4359 tom.
3059 4302 3130 4368 Il,
3183 4304 3340 4354 Poet.
3389 4297 3590 4365 Graec;

1940 4400 2275 4456 Ciceronem
2310 4399 2408 4453 lib.
2442 4413 2484 4453 ιι
2521 4397 2844 4463 Tusculam,
2868 4409 3000 4464 pag.
3037 4389 3176 4456 138;
3210 4389 3489 4444 Senecam
3530 4385 3592 4440 in

1857 4509 1905 4572 Β
1940 4491 2171 4546 Hercule
2228 4489 2444 4550 Octavo;
2521 4485 2820 4542 Justinum
2896 4483 3228 4552 Martyrem,
3299 4478 3518 4548 Apolog.
3552 4490 3592 4546 ι,

1939 4596 2070 4651 pag.
2102 4580 2211 4644 76:,
2243 4579 2695 4647 Athenagoram,
2731 4574 2914 4644 Legat.
2944 4587 3045 4644 pro
3075 4571 3406 4632 Christiam,
3457 4581 3588 4639 pag.

1934 4669 2044 4736 53;
2077 4667 2495 4734 Thodoretum,
2529 4681 2706 4720 serm.
2740 4663 2793 4732 3,
2826 4662 2890 4717 de
2939 4661 3152 4729 Angel.,
3189 4675 3319 4730 pag.
3370 4657 3497 4724 510,
3537 4659 3595 4710 et

1938 4757 2128 4812 fusius
2161 4772 2415 4812 sermon.
2449 4754 2575 4809 8de
2635 4759 2894 4824 Martyr.,
2945 4767 3082 4823 pag.
3148 4751 3249 4804 591
3301 4751 3353 4802 et
3407 4759 3592 4817 seqq.;

1939 4844 2332 4910 Lactantium,
2355 4844 2453 4899 lib.
2485 4829 2764 4898 ilnstz'tut.
2792 4841 2989 4909 divin.,
3013 4857 3140 4910 cap.
3163 4837 3231 4906 9;
3267 4843 3442 4906 atque
3473 4838 3591 4903 Hy-

1937 4935 2142 5008 ginum
2175 4941 2231 4990 et
2277 4933 2718 5005 Apollodorum,
2781 4931 2882 4999 qui
2931 4930 3002 4984 de
3051 4928 3142 4982 his
3185 4925 3431 4995 aliisque
3476 4935 3592 4974 me-

1937 5023 2178 5079 moratis
2196 5022 2508 5096 gentilium
2531 5021 2906 5094 opinionibus
2923 5018 3086 5091 plura
3102 5015 3318 5086 scripto
3335 5009 3590 5067 tradide-

1934 5118 2099 5172 runt.
3273 5108 3275 5110 ’

2495 5254 2898 5314 ARTICULUS
2935 5253 3027 5308 IV.

1939 5383 2048 5441 Cur
2075 5401 2140 5439 ac
2178 5383 2447 5455 quomodo
2496 5383 2765 5455 Minucius
2795 5376 3035 5455 ostendat
3078 5374 3250 5455 falsos
3293 5385 3409 5425 esse
3448 5384 3584 5439 gen-

2006 5445 2199 5511 tiliuni
2215 5459 2364 5517 deos,
2388 5455 2651 5508 lectitatis
2685 5451 2752 5506 ab
2788 5446 3042 5504 omnibus
3077 5445 3148 5517 ad
3173 5445 3304 5517 vitae
3339 5457 3584 5496 morum-

2007 5543 2112 5600 que
2128 5515 2534 5600 institutionem
2553 5525 2713 5600 librz's
2733 5521 2972 5600 Homeri,
3004 5516 3198 5600 quibus
3216 5515 3585 5600 decantant'ur

2015 5585 2186 5656 Venus
2213 5599 2481 5666 sauciata,
2539 5599 2693 5654 Mars
2741 5585 2965 5650 vinctus
2991 5585 3041 5648 et
3086 5588 3430 5653 vulneratus,
3481 5585 3579 5641 Ια-
