4088 6150
376 253 497 322 603

1668 256 1770 318 DE
1815 252 2121 320 MlNUGll
2165 257 2509 322 OCTAVIO

3671 254 3791 314 σοι

431 387 581 461 piter
607 401 642 443 a
673 386 901 461 Briareo
934 387 1214 455 liberatus,
1271 388 1636 460 Sarpedonem
1695 389 1918 461 deﬂens,
1952 391 2026 446 il-
2055 392 2109 459 Α
2139 407 2362 459 rerum,
2397 394 2454 449 et
2497 391 2711 447 iisdem
2768 388 2982 446 tabulis
3039 387 3412 456 lnhmrentes,
3471 387 3543 443 ad
3603 401 3788 460 usque

442 457 716 535 lectusque
743 459 959 514 Veneris
1017 461 1150 516 loro.
1189 457 1443 535 Hercules
1485 467 1731 535 stercora
1759 457 2020 535 ’.ορατ-βω.

440 529 655 606 Αιίςηειϊ
705 546 868 606 pecus
917 547 1143 606 pascens
1199 534 1406 603 Apollo,
1468 534 1748 606 Neptunus
1806 529 2023 590 'muros

441 600 1134 675 reﬁczens'Laomedontis,
1194 600 1411 675 fulmen
1464 600 1608 661 Iouis
1656 623 1781 661 cum
1837 609 2026 663 Αἶηεῶ

443 675 617 749 armis
651 674 1006 749 laorz'catum,
1057 674 1244 731 Martis
1296 677 1622 749 Venerisque
1667 678 2025 748 adulterium,

448 742 781 820 Ganymedes
811 747 990 801 aJove
1036 753 1248 817 raptus,
1280 765 1344 803 ac
1369 742 1538 820 quani
1583 753 1778 805 merito
1829 742 2026 806 Home;

446 832 543 873 rus
570 833 603 872 a
629 817 859 873 Platone
886 833 957 874 ea:
977 819 1197 874 civitate
1223 835 1325 878 sua
1351 817 1553 890 eiectus
1580 824 1668 879 sit.

452 958 719 1033 Deplorat
748 960 1043 1017 Minucius
1075 961 1346 1018 miseram
1382 981 1621 1035 prorsus
1651 967 1707 1019 et
1736 962 2029 1019 infelicem

377 1047 744 1105 ethnicorum
777 1050 1193 1120 conditionem,
1227 1053 1325 1126 qui
1351 1054 1534 1110 aniles
1565 1055 1636 1108 de
1667 1054 1779 1109 diis
1811 1055 1936 1109 suis
1956 1052 2032 1108 fa-

379 1139 549 1194 bulas
579 1157 612 1195 a
661 1142 1004 1211 parentibus
1047 1143 1256 1214 edocti,
1310 1161 1454 1215 pene
1502 1160 1633 1198 cum
1684 1143 1831 1198 lacte
1869 1160 2034 1199 suxe—

376 1237 528 1286 rant.
564 1232 713 1296 Quin
744 1233 916 1288 etiam
940 1234 1284 1306 grandiores
1307 1235 1464 1301 facti,
1491 1259 1518 1284 «
1550 1234 1695 1306 ipsis
1736 1234 1948 1290 studiis
1977 1239 2035 1294 et

379 1322 730 1393 disciplinis,
753 1345 780 1371 »
811 1339 910 1379 eas
943 1329 1244 1394 poetarum
1279 1341 1345 1379 ac
1376 1325 1747 1396 polissimum
1798 1324 2035 1380 Homeri

379 1409 705 1466 didicerant
737 1413 1117 1468 carminibus.
1154 1413 1213 1468 In
1250 1413 1320 1468 iis
1351 1413 1505 1469 enim
1529 1415 2036 1486 quaejucundasi-

378 1499 434 1555 bi
455 1500 823 1567 videbantur,
850 1519 1070 1558 venena
1091 1502 1378 1566 bibentes.
1402 1505 1621 1560 auditis
1641 1504 1882 1558 deorum
1902 1521 2036 1559 suo-

377 1605 507 1644 rum
543 1590 803 1661 ﬂagitiis,
837 1608 1030 1647 mores
1062 1609 1200 1647 suos
1231 1600 1635 1664 corruperunt.
1672 1593 1818 1657 Quid
1880 1593 2037 1648 enim

380 1695 492 1735 non
536 1679 832 1748 fecissent,
889 1681 1195 1736 audientes
1244 1681 1560 1737 Homerum
1618 1678 1809 1751 illum,
1850 1687 1916 1736 ut
1961 1675 2042 1736 ait

2135 500 2380 538 summae
2411 483 2595 538 aetatis
2627 483 2804 538 robur
2835 485 3282 545 consenescunt,
3314 495 3447 534 cum
3481 479 3557 535 sit
3576 480 3788 534 veritas

2135 572 2323 640 obvia,
2351 572 2452 627 sed
2487 572 2942 643 requirentibus.
2978 592 3006 619 »
3039 571 3122 624 Ad
3173 570 3295 624 haec
3342 586 3493 643 vero,
3553 569 3788 624 tametsi

2137 662 2423 716 Homerus
2455 662 2671 733 aliique
2702 666 2881 734 poeta:
2913 665 3030 715 tam
3065 659 3314 715 nefanda
3360 660 3670 731 turpiaque
3718 659 3792 716 de

2139 752 2254 806 diis
2286 752 2548 807 carmina
2579 751 2837 816 fecerint,
2871 750 2985 820 ipsi
3014 755 3232 812 tamen,
3267 747 3419 803 sicut
3461 747 3542 803 ait
3589 753 3793 820 Augu-

2138 841 2352 907 stinus,
2385 841 2748 897 ethnicorum
2771 839 3023 913 theologi
3045 837 3408 901 dicebantur,
3433 837 3794 909 (Augustin.,

2139 928 2241 984 lib.
2275 947 2433 996 xvm,
2465 930 2532 984 de
2553 929 2735 996 Civil.,
2787 945 2913 1001 cap.
2978 928 3062 992 14,
3119 943 3253 1000 pag.
3314 926 3464 998 498.)
3512 925 3636 982 Non
3691 925 3801 981 mi-

2141 1026 2272 1074 rum
2309 1019 2508 1091 igitur,
2541 1019 2591 1075 si
2623 1020 2914 1075 Minucius
2948 1023 3145 1074 noster
3173 1017 3389 1088 aliique
3410 1014 3799 1072 vetustissimi

2141 1109 2412 1166 Ecclesia:
2443 1113 2640 1166 Patres
2674 1110 2824 1165 hanc
2847 1109 3077 1164 Homeri
3102 1114 3562 1179 ceterorumque
3598 1112 3802 1178 poeta-

2143 1216 2272 1254 rum
2288 1199 2716 1267 auctoritatem,
2742 1199 2877 1254 licet
2899 1198 3161 1254 ridiculis
3183 1197 3328 1253 adeo
3350 1196 3564 1254 fabulis
3587 1195 3804 1252 funda-

2143 1290 2287 1354 tam,
2321 1289 2471 1342 serio
2500 1287 2834 1358 saepiusque
2869 1285 3327 1358 proﬂigaverint.

2217 1390 2364 1454 Quia
2394 1407 2523 1446 vero
2555 1390 2848 1445 Minucius
2876 1393 2935 1445 et
2963 1387 3362 1444 Tertullianus
3422 1387 3650 1444 Homeri
3693 1405 3804 1445 nec

2147 1479 2352 1541 libros.
2376 1496 2478 1535 nec
2500 1479 2643 1545 loca,
2669 1479 2766 1534 ubi
2801 1479 2921 1534 haec
2953 1495 3081 1550 qua
3120 1481 3380 1544 narrant,
3412 1478 3631 1546 scripta
3657 1479 3804 1546 sint,

2151 1571 2495 1636 citaverunt,
2529 1571 2709 1626 noslri
2746 1570 2959 1625 idcirco
3008 1568 3180 1626 ofﬁcii
3233 1584 3362 1624 esse
3409 1567 3686 1624 duximus
3734 1584 3811 1624 ea

2153 1659 2497 1732 singillatim
2518 1659 2798 1725 indicare,
2823 1657 3079 1731 aliosque
3102 1657 3416 1730 appellare,
3445 1657 3680 1728 quibus,
3701 1663 3814 1712 aut

375 1768 687 1834 Minucius,
725 1791 754 1818 «
783 1745 1092 1844 inclytum,
1126 1771 1458 1836 laudatum,
1494 1745 1860 1839 coronatum,
1886 1793 1914 1819 »
1966 1772 2037 1826 ab
2070 1769 2117 1834 B
2153 1749 2424 1804 Sim'me!‘
2454 1748 2791 1844 laljdantuf‘,
2816 1755 2927 1844 ,ειη
2955 1747 3398 1844 continuantur.
3459 1751 3534 1844 De
3582 1745 3813 1844 \lenere

377 1858 651 1914 omnibus
684 1859 936 1931 populis,
976 1860 1076 1930 qui
1110 1883 1136 1909 «
1172 1860 1323 1916 bello
1367 1861 1570 1916 Troico
1603 1861 1762 1923 deos,
1795 1861 1901 1916 etsi
1955 1859 2036 1915 lu-

378 1947 483 2002 dos
516 1947 672 2016 facit,
705 1955 898 2004 tamen
934 1950 990 2004 in
1027 1949 1332 2005 hominum
1368 1952 1542 2005 rebus
1571 1956 1624 2004 et
1658 1951 1886 2006 actibus
1927 1949 2035 2004 mi-

378 2037 569 2092 scuit?
602 2037 704 2092 Hic
731 2055 931 2093 eorum
967 2039 1118 2094 586
1153 2040 1312 2110 paria
1343 2040 1692 2110 composuit,
1753 2040 2038 2096 sauciavit

376 2126 681 2194 Venerem,
716 2127 961 2182 Martem
991 2128 1196 2194 vinxit,
1247 2127 1592 2192 vulneravit,
1648 2127 1886 2199 iugavit.
1935 2127 2033 2184 Jo-

378 2233 507 2271 vem
540 2222 740 2272 narrat
770 2233 802 2270 a
828 2216 1058 2271 Briareo
1107 2216 1439 2282 liberatum,
1486 2233 1554 2271 ne
1586 2233 1619 2272 a
1649 2216 1762 2272 diis
1806 2217 2032 2272 caateris

378 2303 678 2377 ligaretur,
718 2311 775 2359 et
819 2303 1210 2376 Sarpedonem
1264 2306 1471 2374 tilium,
1522 2306 1797 2377 quoniam
1859 2306 2030 2362 morti

381 2410 494 2448 non
531 2399 754 2466 poterat
783 2394 1026 2466 eripere,
1059 2395 1317 2451 cruentis
1347 2395 1636 2451 imbribus
1670 2395 1917 2460 ﬂevisse,
1977 2400 2036 2450 et

380 2481 503 2538 loro
532 2480 772 2538 Veneris
806 2482 1086 2552 illectum,
1121 2483 1462 2558 ﬂagrantius
1486 2501 1664 2556 quam
1701 2485 1757 2539 in
1808 2483 2035 2540 adulte-

382 2588 477 2626 ras
508 2571 714 2642 soleat,
746 2589 878 2627 cum
937 2573 1168 2629 Junone
1228 2591 1402 2630 uxore
1431 2574 1835 2630 concumbere.
1879 2597 1906 2624 »
1937 2574 2039 2632 Ea-

382 2662 514 2716 dem
547 2661 740 2734 plane,
765 2663 865 2717 sed
889 2662 1020 2718 aliis
1045 2665 1234 2720 verbis
1252 2665 1568 2736 scripserat
1604 2662 2038 2719 Tcrtullianus:

383 2772 412 2800 κ
445 2750 556 2804 Sed
589 2767 901 2807 conversus
938 2751 1006 2806 ad
1052 2751 1275 2808 litteras
1313 2759 1554 2820 vestras,
1598 2753 1813 2824 quibus
1862 2753 2041 2807 infor-

385 2839 628 2894 mamini
664 2841 731 2894 ad
769 2841 1134 2912 prudentiam
1169 2847 1226 2896 et
1255 2841 1519 2898 liberalia
1562 2841 1774 2908 ofﬁcia,
1822 2846 2045 2915 quanta

383 2929 614 2984 invenio
647 2929 900 2985 ludibria
927 2933 949 2985 Ρ
979 2930 1125 2986 Deos
1157 2931 1309 2985 inter
1338 2949 1400 2986 se
1430 2937 1664 3003 propter
1683 2932 1967 3000 Trojanos
1990 2935 2048 2986 et

384 3017 655 3083 Achivos,
686 3024 751 3072 ut
799 3017 1192 3089 gladiatorum
1245 3019 1425 3091 paria,
1476 3037 1823 3092 congressos
1871 3021 2049 3092 depu-

384 3123 630 3179 gnasse;
657 3106 936 3163 Venerem
974 3109 1232 3164 humana
1262 3110 1476 3180 sagitta
1505 3110 1825 3164 sauciatam
1851 3127 1864 3178 ;
1900 3109 2044 3164 Mar-

384 3200 504 3251 tem
535 3196 811 3251 tredecim
845 3198 1150 3252 mensibus
1183 3198 1238 3252 in
1279 3197 1524 3253 vinculis
1574 3215 1718 3269 pene
1765 3215 2039 3253 consum-

388 3291 550 3358 ptum
576 3311 588 3350 ς
611 3285 814 3341 Jovem
840 3303 909 3341 ne
931 3288 1195 3341 eamdem
1221 3286 1331 3341 vim
1349 3288 1614 3343 acasteris
1635 3287 1926 3343 caelitibus
1945 3304 2040 3341 ex-

387 3378 694 3447 periretur,
726 3392 900 3446 opera
932 3375 1242 3446 cujusdam
1296 3377 1541 3432 monstri
1594 3377 1943 3442 liberatum;
1986 3381 2044 3432 et

386 3481 544 3520 nunc
569 3465 800 3520 ﬂentem
825 3465 1174 3536 Sarpedonis
1205 3481 1430 3530 casum,
1463 3483 1617 3520 nunc
1650 3468 1795 3521 fcede
1825 3467 2043 3521 cuban-

388 3559 503 3608 tem
521 3553 577 3608 in
602 3571 885 3617 sororem,
909 3556 1021 3608 sub
1043 3555 1599 3610 commemoratione
1621 3572 1732 3610 non
1758 3555 1841 3610 ita
1861 3556 2040 3610 dilec-

389 3648 581 3698 tarum
617 3643 971 3714 jampridem
1022 3643 1367 3699 amicarum.
1406 3666 1433 3693 ››
1479 3642 1745 3716 (Tertull.
1795 3645 2038 3718 Apolog.,

388 3748 515 3803 cap.
551 3731 660 3797 14.)
694 3731 927 3803 Integra
959 3731 1194 3787 Minucii
1229 3734 1412 3788 nostri
1446 3749 1510 3787 ac
1541 3732 1884 3788 Tertulliani
1918 3733 2043 3788 loca

389 3819 564 3877 simul
601 3820 951 3889 retulimus;
981 3826 1105 3876 tum
1139 3824 1277 3894 quia
1299 3822 1410 3877 sibi
1445 3821 1693 3876 invicem
1721 3828 1924 3877 mutuo
1951 3822 2039 3876 lu-

389 3926 512 3965 cem
547 3909 839 3977 all'erunt;
873 3915 996 3964 tum
1032 3911 1170 3982 quia
1194 3912 1336 3966 adeo
1366 3911 1585 3967 similia
1614 3915 1774 3975 sunt,
1822 3914 1886 3965 ut
1933 3927 2042 3965 sua

391 3991 686 4054 Minucius
717 4016 749 4053 a
778 3999 1137 4054 Tertulliano
1170 4005 1475 4055 mutuatus
1506 3999 1788 4054 videatur.

459 4088 594 4152 Quae
626 4093 821 4143 autem
853 4088 1252 4145 Tertullianus
1292 4106 1361 4144 ex
1407 4089 1773 4144 ethnicorum
1827 4089 2039 4144 litteris

387 4178 739 4249 generaliter
760 4181 1012 4248 tantum,
1041 4178 1157 4232 haec
1176 4177 1469 4232 Minucius
1489 4183 1686 4232 noster
1707 4193 1774 4232 ex
1793 4177 2041 4233 Homero

388 4266 736 4338 deprompta
765 4281 895 4321 esse
925 4264 1202 4320 declarat.
1237 4269 1424 4338 Atque
1468 4265 1606 4320 hinc
1653 4264 2042 4340 intelligimus

389 4371 494 4410 cur
511 4353 621 4420 illi,
646 4354 862 4426 aliique
882 4353 1222 4409 Christianae
1246 4353 1543 4426 religionis
1567 4353 1900 4410 defensores
1916 4355 2042 4410 bas-

388 4459 452 4498 ce
483 4445 967 4511 absurdissimas,
1004 4444 1211 4516 vixque
1246 4443 1344 4498 ulli
1378 4460 1532 4498 sanes
1565 4443 1778 4499 mentis
1819 4442 2042 4500 homini

2151 1845 2346 1893 autem
2380 1838 2662 1904 sauciata,
2689 1837 2967 1893 nimirum
2993 1855 3027 1893 a
3048 1837 3340 1902 Diomede,
3366 1837 3518 1909 quod
3546 1835 3813 1908 primum

2151 1928 2442 1984 Minucius
2470 1933 2778 1996 memorat,
2809 1927 2954 1981 illud
2985 1926 3236 1999 legimus
3260 1925 3321 1980 in
3344 1925 3548 1998 quinta
3573 1925 3818 1980 Homeri

2149 2018 2332 2084 Itz'ad.,
2358 2035 2412 2073 ν.
2435 2018 2542 2073 335
2561 2026 2610 2072 et
2629 2033 2796 2090 seqq,
2819 2019 3182 2086 citatumque
3211 2014 3323 2069 fuit
3344 2032 3378 2069 a
3406 2013 3666 2071 Platone.
3699 2012 3814 2069 lib.

2147 2124 2203 2162 1x
2227 2113 2479 2181 Sympos.
2515 2113 2723 2178 quaest.
2746 2107 2798 2168 4.
2824 2106 3076 2178 pag.739
3099 2123 3113 2173 ;
3138 2103 3406 2177 Virgilio,
3451 2103 3594 2159 581
3633 2103 3738 2160 lib.
3765 2119 3817 2159 II

2144 2197 2392 2265 £neid.,
2428 2214 2478 2251 ν.
2509 2197 2614 2250 277
2641 2196 2915 2264 ;Justino
2951 2194 3224 2267 Martyre,
3277 2194 3495 2250 Cohort.
3519 2193 3590 2249 ad
3630 2192 3812 2250 Graec.

2145 2303 2277 2358 pag.
2312 2287 2384 2354 3;
2417 2285 2808 2357 Athenagora,
2845 2285 3022 2354 Legat.
3054 2299 3154 2356 pro
3181 2281 3501 2350 Christian.,
3561 2298 3694 2355 pag.
3725 2285 3767 2336 2
3795 2283 3810 2333 ἱ

2145 2376 2440 2431 Clemente
2471 2374 2885 2443 Alexandrino,
2919 2373 3192 2428 Admonit.
3228 2373 3302 2426 ad
3323 2371 3519 2434 Gram,
3541 2370 3765 2442 pa:.23
3793 2387 3807 2437 ;

2152 2465 2488 2530 Athanasio,
2523 2463 2678 2519 Orat.
2709 2468 2890 2520 contr.
2925 2465 3130 2520 Graec”
3161 2464 3191 2534 ξ
3234 2462 3323 2527 12,
3354 2477 3485 2533 pag.
3522 2460 3644 2516 142.

2224 2587 2298 2638 De
2328 2586 2506 2636 Marte
2535 2581 2710 2636 etiam
2743 2579 2936 2634 vincto
2968 2583 3025 2634 et
3046 2577 3349 2634 vulnerato
3400 2577 3552 2649 quod
3602 2575 3804 2631 Minu-

2152 2675 2278 2730 cius
2309 2670 2586 2736 narravit,
2619 2670 2992 2726 decantatum
3027 2668 3287 2724 invenies
3316 2667 3520 2723 eadem
3573 2663 3809 2721 Homeri

2152 2761 2320 2820 Iliad.
2357 2778 2409 2829 v,
2439 2761 2801 2831 385et|seqq.
2850 2758 2922 2814 de
2970 2774 3086 2830 quo
3135 2756 3312 2812 etiam
3362 2755 3632 2812 Clemens
3683 2754 3809 2810 Ale-

2154 2853 2360 2909 xandr.
2386 2856 2445 2906 et
2467 2847 2828 2906 Athanasius
2850 2847 3042 2904 citatis
3066 2846 3230 2911 locis,
3253 2863 3320 2902 ac
3358 2845 3675 2918 Gregorius
3701 2844 3808 2900 Na-

2156 2944 2469 2998 zianzenus
2499 2945 2646 2996 orat.
2695 2939 2948 2994 3contra
3002 2937 3322 3005 Julianum,
3380 2950 3511 3008 pag.
3571 2933 3703 3002 358,
3756 2935 3806 2988 et

2159 3037 2304 3087 orat.
2336 3032 2370 3086 4
2403 3045 2533 3102 pag.
2566 3027 2691 3084 308.

2073 3145 2116 3212 α
2227 3138 2448 3195 Cecinit
2473 3137 2665 3192 adhuc
2695 3135 3003 3202 Homerus,
3039 3149 3213 3204 quem
3244 3130 3538 3186 Minucius
3560 3129 3797 3185 subinde

2151 3232 2334 3293 notat,
2378 3229 2573 3282 Jovem
2606 3243 2639 3280 a
2671 3225 2900 3279 Briareo
2957 3223 3292 3288 liberatum,
3341 3220 3516 3276 Iliade
3545 3220 3585 3286 i,
3620 3237 3672 3274 ν.
3703 3218 3798 3272 399

2149 3325 2202 3374 et
2231 3334 2374 3390 seqq.
2401 3335 2418 3382 ;
2447 3317 2516 3371 de
2539 3332 2653 3386 quo
2686 3321 2885 3386 postea
2912 3313 3185 3368 Justinus
3215 3312 3452 3383 Martyr,
3484 3310 3700 3366 Cohort.
3730 3306 3792 3363 ad

2151 3413 2352 3472 Graec,
2387 3423 2522 3480 pag.
2554 3405 2626 3473 3;
2659 3410 2717 3461 et
2747 3403 2983 3460 Servius
3033 3404 3095 3460 in
3143 3403 3242 3458 tib.
3291 3418 3347 3457 v1
3397 3399 3611 3458 rEneid.
3669 3414 3792 3470 pag.

2151 3498 2274 3553 415.

2223 3602 2439 3658 Dehinc
2467 3616 2602 3655 vero
2635 3598 2788 3670 apud
2819 3597 3092 3654 eumdem
3125 3597 3440 3653 Homerum
3476 3595 3652 3652 Iliade
3689 3612 3794 3664 xvx,

2149 3711 2202 3749 v.
2235 3693 2340 3748 667
2371 3695 2426 3747 et
2449 3706 2594 3761 seqq.
2624 3688 2680 3743 id
2745 3688 3019 3760 reperies,
3074 3687 3230 3760 quod
3289 3686 3361 3742 de
3419 3687 3620 3742 eodem
3666 3685 3793 3740 Jove

2151 3789 2208 3839 et
2235 3781 2566 3853 Sarpedone
2599 3786 2798 3832 narrat
2831 3794 2944 3832 non
3001 3776 3190 3831 solum
3247 3776 3536 3831 Minucius
3607 3789 3789 3830 verum

2151 3873 2326 3929 etiam
2357 3870 2776 3936 Athenagoras,
2810 3868 2990 3938 Legat.
3024 3882 3126 3936 pro
3158 3865 3455 3920 Christian.
3510 3881 3643 3937 pag.
3693 3865 3784 3928 2i;

2151 3962 2416 4019 Clemens
2447 3957 2894 4026 Alexandrinus,
2929 3955 3146 4012 Cohort.
3188 3954 3257 4010 ad
3287 3959 3499 4021 Graec;
3531 3971 3564 4013 a
3592 3954 3788 4026 quibus

2152 4055 2266 4109 duo
2303 4051 2533 4109 Homeri
2563 4050 2828 4106 carmina
2855 4047 3208 4119 transcripta
3237 4051 3395 4102 sunt.

2222 4162 2483 4233 Denique
2507 4161 2577 4216 de
2599 4160 2719 4216 loro
2741 4175 2841 4215 seu
2871 4157 3126 4230 cingulo,
3157 4175 3271 4230 quo
3295 4157 3515 4221 Venus,
3541 4158 3689 4214 sicut
3715 4154 3787 4210 ait

2152 4257 2355 4309 auctor
2371 4250 2626 4316 noster,J
2632 4266 2794 4306 ovem
2810 4247 3356 4306 illexit.cantantem
3374 4247 3580 4302 audies
3601 4248 3789 4302 Home-

2151 4357 2282 4397 rum
2315 4339 2481 4397 ltiad.
2503 4357 2621 4404 xiv,
2652 4355 2706 4392 ν.
2737 4338 2844 4392 204
2869 4348 2924 4393 et
2949 4353 3094 4410 seqq.
3128 4336 3442 4410 Gregorius
3465 4342 3657 4392 autem
3687 4334 3791 4389 Na.

2150 4432 2464 4486 zianzenus
2494 4428 2637 4484 illud
2675 4429 2731 4482 in
2765 4427 3032 4482 ethnicos
3063 4426 3235 4482 sicuti
3269 4426 3578 4491 Minucius,
3635 4423 3797 4479 vertit

389 4533 694 4588 credibiles
725 4533 971 4598 fabulas,
1002 4511 1250 4588 ethnicis
1281 4533 1558 4588 omnibus
1591 4533 1660 4587 ad
1698 4532 1875 4589 falsas
1913 4533 2038 4588 illo-

2156 4526 2298 4576 orat.
2338 4521 2392 4583 3,
2425 4518 2684 4574 adversus
2712 4517 3018 4585 lulianum,
3079 4532 3209 4587 pag.
3267 4517 3394 4570 258.
3459 4516 3679 4570 Videsis
3725 4511 3800 4568 ibi

389 4640 519 4678 rum
553 4623 864 4694 religiones
893 4625 1276 4679 destruendas
1302 4625 1636 4696 objicerent.
1672 4624 1857 4678 Tanto
1887 4623 2043 4680 enim

391 4713 451 4768 in
484 4713 701 4769 honore
729 4715 883 4784 apud
908 4713 1038 4770 illos
1068 4721 1192 4770 erat
1213 4716 1498 4770 Homerus
1523 4721 1583 4772 ut
1608 4732 1818 4787 pueros
1839 4716 2036 4770 decano

389 4810 512 4862 tata
531 4806 603 4860 ab
636 4804 734 4861 illo
766 4807 1008 4862 deorum
1042 4805 1298 4861 ludibria
1328 4806 1858 4878 docerent,aliique
1883 4806 2044 4863 illius

390 4897 754 4955 carminibus
783 4919 809 4948 «
839 4898 909 4952 ad
943 4897 1338 4970 prudentiam,
1363 4918 1392 4945 ››
1424 4901 1487 4950 ut
1521 4896 1602 4951 ait
1621 4896 2040 4964 Tertullianus,

391 5009 419 5037 «
453 4990 510 5042 et
538 4985 799 5042 liberalia
829 4986 1022 5042 officia
1043 5009 1062 5034 ιι
1101 4985 1579 5039 informarentur.
1634 4985 1838 5055 Itaque
1889 4985 1980 5040 his
2012 5001 2047 5040 a

389 5077 581 5148 prima
623 5081 787 5132 etate
840 5076 1072 5144 imbuti,
1114 5078 1418 5143 tantoque,
1460 5073 1543 5126 uti
1589 5073 1876 5144 putabant
1920 5075 2043 5135 viro

389 5167 564 5222 ﬁdem
596 5168 876 5238 derogare
901 5167 1062 5220 nefas
1113 5164 1414 5225 ducentes,
1459 5160 1628 5217 facile
1672 5162 2046 5217 crediderunt

388 5262 536 5317 tales
563 5280 692 5318 esse
723 5262 862 5316 deos
896 5277 1035 5315 suos
1059 5257 1260 5329 quales
1283 5257 1353 5312 ab
1371 5272 1437 5312 eo
1459 5260 1514 5311 et
1537 5255 1668 5312 aliis
1691 5255 1877 5327 poetis
1903 5257 2041 5324 ficti,

391 5353 449 5406 in
486 5353 730 5408 theatris
753 5353 1126 5423 postmodum
1159 5366 1223 5404 ac
1250 5347 1563 5421 mysteriis,
1589 5353 1652 5402 ut
1673 5347 1824 5401 intra
1845 5353 2043 5404 osten-

391 5444 621 5510 demus,
665 5442 894 5515 publice
944 5443 1528 5515 repraesentabuntur.
1599 5461 1618 5488 ‹ι
1655 5437 2042 5501 Quamobrem

392 5532 501 5596 his,
528 5555 558 5584 ››
590 5533 672 5588 ait
703 5533 1015 5605 Minucius,
1051 5557 1078 5584 «
1113 5538 1287 5606 atque
1315 5530 1648 5602 hujusmodi
1673 5528 1966 5601 figmentis
1989 5533 2046 5585 et

386 5623 708 5682 mendaciis
728 5622 1086 5684 dulcioribus
1114 5627 1582 5694 corrumpuntur
1611 5619 1846 5692 ingenia
1901 5635 2044 5690 pue-

2155 4616 2321 4665 notas
2352 4607 2526 4675 Billii,
2561 4607 2659 4678 qui
2684 4607 2859 4675 hujus
2893 4610 3070 4676 poetis
3092 4603 3372 4673 carmina,
3400 4605 3471 4659 de
3496 4603 3596 4660 illo
3615 4603 3804 4660 Vene-

2154 4699 2237 4755 ris
2265 4697 2411 4763 loro,
2444 4697 2642 4752 latinis
2672 4695 2938 4751 versibus
2971 4693 3245 4750 reddidit.

2225 4818 2348 4887 Age
2375 4829 2529 4879 vero,
2564 4816 2749 4884 atque
2770 4809 2886 4866 alia
2913 4809 3216 4864 videamus
3239 4826 3356 4864 non
3380 4809 3580 4863 minus
3602 4809 3809 4864 absur-

2156 4905 2248 4972 da,
2283 4902 2415 4958 aliis
2446 4903 2664 4974 pariter
2693 4899 2926 4957 Homeri
2966 4899 3230 4955 versibus
3275 4898 3434 4953 haud
3485 4898 3664 4955 dubie
3711 4899 3809 4954 de-

2153 4992 2392 5065 scripta,
2418 5009 2542 5065 quae
2565 4991 2853 5046 Minucius
2875 5006 2990 5045 non
3014 4987 3362 5060 designavit,
3401 5010 3429 5039 «
3454 4987 3756 5053 Hercules,
3785 5011 3810 5036 ››

2154 5082 2365 5154 inquit,
2403 5101 2430 5135 α
2463 5086 2721 5137 stercora
2750 5079 2952 5152 egerit,
2985 5082 3042 5134 et
3096 5077 3301 5149 Apollo
3345 5077 3594 5132 Admeto
3636 5093 3814 5150 pecus

2155 5171 2362 5243 pascit,
2391 5168 2761 5226 Laomedonti
2797 5183 2997 5223 muros
3029 5171 3334 5238 Neptunus
3366 5166 3646 5220 instituit.
3675 5189 3704 5217 ν
3744 5167 3815 5220 At

2155 5261 2400 5333 quintus
2421 5277 2452 5316 a
2478 5260 2727 5315 Diodoro
2746 5258 2939 5314 Siculo
2960 5256 3294 5330 perhibetur
3334 5254 3602 5310 Herculis
3624 5255 3813 5321 labor,

2155 5368 2268 5423 quo
2300 5349 2494 5422 Augize
2536 5350 2689 5420 regis
2744 5347 3040 5404 stabulum
3101 5345 3461 5401 stercoribus
3517 5346 3811 5417 purgavit.

2155 5439 2428 5495 Pluribus
2460 5439 2580 5494 haec
2612 5437 2708 5494 ille
2740 5438 3006 5509 explicat,
3032 5453 3145 5492 non
3170 5452 3340 5490 secus
3362 5451 3426 5490 ac
3462 5437 3813 5500 Pausanias,

2153 5528 2379 5586 Natalis
2401 5529 2606 5585 Comes
2625 5535 2682 5585 et
2703 5527 2796 5584 alii
2823 5528 2968 5583 bene
2992 5525 3156 5580 multi
3181 5524 3436 5594 (Diodor.
3463 5525 3668 5592 Sicul.,
3704 5522 3814 5580 lib.

2157 5637 2212 5676 ιν
2234 5619 2522 5688 Bibtz’oth.,
2552 5633 2688 5692 pag.
2722 5618 2825 5674 154
2854 5625 2905 5674 et
2931 5632 3078 5689 seqq.
3104 5633 3121 5682 ς
3153 5619 3434 5686 Pausan.,
3461 5613 3564 5671 lib.
3596 5630 3652 5682 v,
3668 5629 3816 5688 pag.
