4088 6150
1682 324 2233 387 Πιδειιιιτᾼτιο.

3544 321 3671 383 606

264 460 388 530 148).
443 456 590 514 Vide
617 462 812 513 autem
845 461 1043 513 utrum
1093 460 1299 513 auctor
1323 460 1521 515 noster
1556 458 1627 514 ad
1658 457 1890 515 Homeri
1924 458 1973 525 Α
2006 458 2293 515 Homerus
2323 462 2382 515 et
2423 458 2664 515 Ovidius
2715 458 3111 513 cantaverunt.
3159 455 3439 521 (Homer.,
3472 451 3664 525 Odyu'

260 550 404 607 Iliad.
437 566 498 615 ιι,
530 565 583 602 v.
617 549 727 602 695
745 552 797 603 et
824 563 969 619 seqq.
1006 548 1314 603 collineare
1344 549 1609 605 voluerit.

325 641 506 710 Longe
535 645 732 693 autem
784 637 1001 693 clarius
1046 637 1144 693 ille
1191 637 1399 693 cecinit
1446 642 1800 694 memoratos
1826 639 1898 693 ab

263 734 483 788 auctore
514 734 715 783 nostro
745 726 1093 799 Apollinem,
1126 728 1226 799 qui
1260 745 1433 797 pecus
1466 729 1620 801 pavit
1646 727 1898 797 Admeti,

261 825 312 876 et
336 818 690 889 Neptunum,
724 816 823 887 qui
846 817 1097 888 Trojano
1130 818 1508 874 Laomedonti
1540 835 1742 874 muros
1767 834 1900 873 con-

251 906 466 965 struxit.
502 906 766 963 Primum
797 905 1090 963 enimvero
1126 907 1379 967 occurrit
1407 908 1580 967 Iliade
1612 925 1675 969 ιι.
1708 925 1759 963 v.
1792 906 1899 961 780

248 1002 478 1068 eluqq;
532 995 853 1053 secundam
896 1011 1030 1053 vero
1086 996 1278 1067 Iliade,
1325 1013 1441 1066 xxx,
1497 1014 1549 1052 ν.
1596 997 1718 1066 443,
1751 1012 1898 1066 quas

250 1086 560 1143 Pausanias
608 1086 820 1142 citasse
865 1085 1099 1157 legitur.
1152 1086 1452 1157 (Pansan.,
1495 1085 1596 1142 lib.
1631 1103 1728 1154 νιι,
1766 1101 1895 1158 pag.

246 1176 388 1249 226.)
424 1179 497 1233 De
531 1182 775 1246 utroque
821 1182 1020 1232 autem
1068 1176 1331 1247 Apolline
1376 1184 1434 1234 et
1479 1178 1749 1249 Neptuno
1783 1177 1899 1231 Ln-

244 1267 437 1323 cianus
469 1266 537 1322 de
560 1264 888 1336 Sacriﬁciis,
925 1283 1053 1338 pag.
1082 1267 1182 1321 188
1211 1285 1223 1333 ;
1259 1267 1567 1337 Arnobius,
1592 1266 1694 1323 lib.
1730 1283 1785 1322 ιν
1805 1265 1903 1322 ad-

240 1373 375 1414 vers.
410 1355 563 1413 Geni.
614 1372 744 1427 pag.
792 1356 927 1424 114;
981 1356 1340 1423 Lactantius,
1392 1356 1493 1412 lib.
1552 1374 1589 1423 ι,
1625 1373 1751 1427 cap.
1789 1356 1897 1415 1οἰ

240 1445 661 1515 Tertullianns,
693 1446 951 1518 Apolog..
1003 1462 1130 1517 cap.
1168 1447 1266 1513 14;
1324 1447 1668 1518 Cyprianus,
1700 1446 1802 1501 lib.
1836 1445 1903 1501 de

236 1535 506 1592 idolorum
560 1536 782 1600 Venite,
835 1552 966 1607 pag.
1004 1536 1107 1603 11;
1159 1537 1547 1608 Augustinus,
1600 1536 1703 1592 lib.
1736 1554 1799 1592 ιιι
1833 1534 1907 1591 αθ

234 1626 421 1689 Cirin,
449 1642 579 1697 cap.
613 1625 669 1690 2,
699 1631 756 1679 et
786 1624 889 1680 lib.
923 1642 1083 1691 xvm,
1118 1642 1247 1696 cap.
1285 1626 1387 1693 13;
1415 1627 1672 1693 Servius,
1700 1626 1758 1681 in
1790 1625 1898 1682 lib'

236 1732 301 1771 ιιι
329 1714 515 1785 Georg.
572 1716 811 1785 Virgilii.
865 1731 917 1769 ν.
949 1718 1003 1781 2,
1057 1720 1228 1786 atque
1260 1716 1317 1770 in
1372 1715 1470 1771 lib.
1506 1734 1524 1771 1
1558 1715 1811 1783 [Εηθίίίη
1844 1705 1896 1786 νξ

2007 565 2131 607 νιιι.
2161 567 2214 603 v.
2247 550 2389 616 267;
2422 549 2608 613 0vid.,
2641 549 2741 603 lib.
2776 565 2815 604 ιι
2849 547 2913 602 de
2942 548 3059 602 Art.
3112 545 3339 600 amand.
3374 549 3507 598 ante
3539 546 3666 616 lin.)

2009 638 2067 693 Si
2099 638 2351 694 aniano
2392 647 2588 694 autem
2633 638 2951 700 credimus,
3002 635 3247 691 saltator
3288 634 3529 705 quidam
3565 651 3666 705 per

2007 744 2069 784 se
2102 728 2227 783 sine
2258 728 2599 800 strepitibu
2650 732 2707 782 et
2737 726 2917 791 tibiis,
2970 725 3070 780 sed
3120 723 3271 779 saltu
3330 728 3561 778 tantum
3596 740 3663 779 ac

2007 822 2177 889 gestu
2208 816 2349 872 illud
2386 817 2675 872 nefarium
2706 816 2948 870 deorum
2993 813 3346 869 adulterium
3379 812 3666 881 expressit

2009 907 2293 978 (Lucium,
2324 907 2388 963 de
2416 906 2620 962 Sallal.
2654 922 2786 978 pag.
2828 904 2975 974 515).
3011 903 3149 958 Inde
3196 918 3362 972 porro
3394 900 3661 959 Clemens

2008 996 2436 1053 Alexandrinus
2493 996 2724 1051 dicebat
2764 988 3106 1069 εἈφροδίτη
3162 989 3242 1044 ἐπ’
3297 994 3451 1064 ’Ἄρει
3496 1009 3662 1063 κατῃ-

2009 1083 2325 1161 σχυμμὲνη,
2356 1108 2377 1136 ι
2427 1085 2625 1141 Venus
2676 1087 2913 1156 propter
2959 1083 3195 1137 Martem
3243 1085 3330 1135 est
3364 1081 3575 1150 probro
3604 1086 3663 1138 et

2010 1176 2289 1231 dedecore
2319 1176 2544 1231 all'ecta.
2574 1196 2602 1225 ››
2656 1180 2729 1228 De
2776 1190 2841 1228 eo
2871 1171 3161 1227 Arnobius
3210 1176 3267 1225 et
3298 1170 3660 1236 Lactantius,

2012 1266 2093 1321 uti
2130 1283 2235 1321 nos
2263 1265 2418 1320 inl'ra
2448 1265 2806 1319 notabimus.
2839 1262 3039 1331 (Clem.
3071 1259 3257 1324 Alex.,
3288 1260 3563 1314 Admoml.
3592 1258 3662 1314 ad

2008 1358 2151 1427 gent.
2179 1371 2308 1426 pag.
2342 1355 2431 1423 21,
2468 1354 2765 1409 Dissertat.
2797 1351 2856 1407 in
2886 1352 3128 1415 Arnob.,
3177 1366 3305 1420 cap.
3340 1349 3426 1415 10,
3460 1352 3570 1404 art.
3609 1351 3659 1415 1,

2010 1451 2066 1500 et
2095 1445 2155 1500 in
2193 1449 2468 1511 Lactant,
2499 1461 2625 1514 cap.
2659 1444 2749 1507 31,
2779 1447 2888 1497 art.
2924 1441 2996 1511 1.)

2081 1535 2379 1591 Postremo
2401 1535 2555 1606 apud
2588 1537 2903 1589 Homerum
2928 1532 3157 1604 legitur,
3182 1528 3335 1601 quod
3368 1527 3449 1583 ait
3468 1527 3659 1583 Minu-

2011 1624 2137 1679 cius
2161 1643 2174 1681 :
2208 1647 2236 1675 ‹‹
2273 1625 2332 1679 In
2356 1624 2772 1697 Ganymedem,
2795 1623 2954 1678 Jovis
2972 1627 3267 1692 stuprum,
3291 1618 3433 1675 coelo
3465 1634 3665 1674 conse-

2011 1719 2318 1769 oratum.»
2378 1715 2446 1769 Et
2500 1719 2653 1769 certe
2709 1711 3032 1767 Pausanias
3072 1725 3085 1765 :
3120 1709 3270 1762 Ἔστι
3321 1704 3379 1761 δὲ
3434 1708 3660 1778 Ὁμήρῳ

233 1804 384 1870 554,
414 1777 684 1871 Vhssius:
704 1803 804 1859 lib.
832 1821 871 1859 ιι
903 1804 968 1859 de
991 1777 1150 1875 Orig:
1174 1808 1226 1860 et
1254 1821 1437 1876 progr.
1462 1806 1623 1871 Idol.,
1658 1777 1807 1876 capo
1830 1777 1887 1861 15;

2010 1801 2375 1874 πεποιημένα,
2435 1801 2509 1864 ὡς
2567 1798 2863 1875 ἁρπασθείη
2940 1799 3042 1853 ὑπὸ
3115 1799 3248 1851 θεῶν
3329 1777 3659 1869 Γανυμήδης

245 1909 381 1965 pag.
415 1894 499 1961 16,
529 1900 583 1948 et
608 1893 709 1948 lib.
742 1910 805 1956 ιι,
850 1911 977 1965 cap.
1032 1896 1117 1959 12,
1163 1911 1291 1967 pag.
1350 1896 1465 1950 167.
1523 1895 1602 1950 De
1628 1895 1894 1966 Apolline

251 1983 481 2038 tandem
512 1982 918 2046 Callimachus,
953 1982 1125 2039 OdeZ
1178 1984 1236 2038 in
1267 1983 1593 2055 Apollinem
1621 2009 1636 2049 ς
1669 1984 1892 2056 Euripi-

250 2074 368 2135 des,
403 2072 643 2144 Prologo
695 2071 755 2126 in
804 2070 1123 2135 Alcestim;
1172 2073 1453 2137 Nonnius,
1491 2073 1588 2129 lib.
1622 2091 1635 2131 ι
1669 2076 1890 2146 Dionys.

245 2176 291 2216 ν.
324 2161 469 2227 323;
503 2160 764 2231 Ovidius,
799 2160 899 2216 lib.
951 2179 992 2217 ιι
1021 2162 1085 2217 de
1129 2164 1252 2217 Arte
1282 2164 1533 2231 amandi,
1587 2180 1716 2235 pag.
1750 2164 1890 2230 4/17;

242 2249 664 2322 Athenagoras,
699 2255 879 2321 Legat.
915 2266 1014 2319 pro
1047 2251 1371 2315 Christian,
1406 2267 1536 2322 pag.
1561 2253 1667 2319 22;
1703 2252 1895 2307 Tatia-

240 2357 366 2397 nus.
394 2340 550 2397 Orat.
575 2345 747 2396 contr.
765 2346 961 2405 Graec,
986 2358 1114 2412 pag.
1144 2342 1237 2395 I59
1261 2359 1275 2409 ;
1301 2341 1585 2398 Eusebius
1607 2342 1664 2397 in
1690 2342 1889 2398 Chron.

236 2429 333 2485 lib.
366 2446 404 2497 ι,
446 2447 582 2502 pag.
625 2432 709 2486 19.
759 2434 949 2502 Atque
980 2430 1131 2488 588
1180 2448 1249 2486 ex
1280 2432 1406 2502 jam
1462 2432 1638 2487 citato
1692 2437 1749 2486 et
1779 2431 1891 2486 alio

238 2520 543 2591 Augustini
579 2519 704 2575 loco
734 2519 834 2574 lux
865 2519 1060 2591 aliqua
1100 2519 1354 2591 praeferri
1401 2525 1589 2592 potest
1621 2520 1729 2586 bis,
1762 2536 1892 2591 qua:

238 2608 303 2662 de
330 2609 539 2664 eadem
575 2608 859 2679 Apollinis
898 2610 1179 2664 servitute
1222 2624 1257 2664 a
1304 2608 1599 2665 Clemente
1644 2610 1891 2666 Alexan-

240 2697 393 2752 drino
435 2696 673 2768 scriptis
716 2697 929 2753 tradita
977 2697 1115 2753 alibi
1167 2699 1601 2755 annotavimus.
1648 2700 1890 2760 (Tom.I

243 2786 521 2856 Apparet,
556 2785 659 2841 lib.
693 2802 779 2857 ιιι,
831 2787 1066 2843 dissert.
1108 2788 1164 2857 2,
1211 2804 1337 2860 cap.
1391 2788 1476 2855 14,
1511 2794 1620 2845 art.
1671 2790 1722 2858 1,
1758 2805 1887 2862 pag.

248 2876 418 2947 1098.)

312 2966 497 3038 Pergit
548 2965 844 3021 Minucius
891 2965 1258 3038 ethnicisque
1306 2967 1616 3038 exprobrat
1654 2988 1683 3017 «
1728 2967 1889 3024 Jovis

249 3053 455 3110 fulmen
488 3072 624 3110 cum
656 3055 844 3110 IEneas
877 3056 1057 3110 armis
1101 3057 1158 3110 in
1193 3056 1405 3111 incude
1454 3056 1822 3112 fabricatum.
1856 3079 1886 3108 »

248 3141 475 3199 Vulcani
509 3146 581 3201 de
612 3146 822 3201 incude
849 3145 1244 3215 proculdubio
1278 3144 1554 3217 loquitur.
1579 3149 1652 3201 At
1684 3148 1886 3203 Home-

2002 1892 2275 1967 οἰνοχοεῖν
2306 1891 2409 1948 Διί.
2449 1916 2469 1943 ι
2506 1893 2791 1948 Homerus
2813 1890 3172 1947 carminibus
3206 1888 3503 1943 mandavit
3534 1887 3658 1943 suis

2003 1988 2241 2055 raptum
2273 2000 2307 2038 a
2337 1982 2449 2037 diis
2494 1982 2908 2054 Ganymedem,
2959 1980 3083 2036 Jovi
3135 1983 3200 2033 ut
3240 1976 3449 2059 pocula
3481 1976 3655 2031 mini-

2003 2078 2231 2135 straret.
2264 2089 2367 2144 pro
2398 2088 2464 2127 eo
2494 2088 2623 2126 vero
2654 2087 2838 2141 equos
2879 2070 3031 2132 Troi,
3069 2090 3097 2117 »
3127 2070 3255 2136 ejus
3304 2066 3526 2121 scilicet
3557 2082 3654 2136 ριν

2004 2161 2072 2231 ri,
2108 2182 2137 2211 ‹‹
2168 2161 2352 2217 datos.
2390 2181 2418 2211 »
2453 2161 2469 2231 (
2507 2160 2748 2225 Minuc.,
2797 2176 2927 2231 pag.
2958 2158 3103 2223 208;
3144 2161 3312 2211 Hom.
3341 2155 3528 2222 Iliad.,
3558 2171 3654 2220 xx,

2002 2268 2053 2306 v.
2085 2251 2185 2305 231
2230 2260 2282 2306 et
2327 2266 2472 2322 seqq.
2524 2257 2582 2305 et
2633 2255 2845 2321 Hymn.
2904 2248 2960 2302 in
3006 2246 3324 2312 Venerem;
3378 2243 3649 2313 Pansam,

2001 2339 2103 2396 lib.
2136 2358 2187 2395 ν.
2226 2356 2361 2411 pag.
2396 2340 2540 2411 173.)
2562 2340 2669 2394 Sed
2695 2339 2957 2394 Graecum
2989 2337 3311 2407 ipsummet
3338 2334 3492 2406 apud
3520 2349 3652 2405 poe-

2002 2436 2145 2496 tam,
2178 2429 2227 2484 si
2259 2429 2441 2493 lnbet,
2477 2429 2691 2500 poteris
2728 2427 2852 2483 loco
2883 2444 2917 2482 a
2964 2426 3134 2481 nobis
3170 2426 3348 2480 citato
3380 2424 3561 2487 adire,
3596 2426 3654 2477 et

2001 2518 2290 2575 Ovidium.
2325 2518 2426 2572 lib.
2459 2535 2496 2572 x
2527 2518 2773 2584 Metam,
2806 2517 2919 2571 fab.
2951 2517 2988 2569 5
3018 2540 3031 2581 ;
3081 2514 3478 2576 Theocritum,
3512 2512 3650 2583 ldyl.

2001 2612 2100 2673 χιι,
2132 2624 2184 2661 ν.
2217 2608 2289 2661 35
2315 2615 2366 2662 el
2418 2622 2561 2678 seqq.
2584 2622 2607 2667 .'
2656 2604 3051 2677 Apollonium.
3086 2609 3388 2670 Argonaul.
3431 2601 3530 2656 lib.
3566 2616 3649 2672 ιιι,

1998 2714 2051 2752 v.
2109 2697 2213 2751 174
2266 2704 2316 2751 el
2369 2712 2539 2768 seqq.,
2596 2711 2662 2751 ac
2709 2694 2981 2750 Nonnum
3035 2694 3289 2761 Dionys.,
3345 2690 3451 2747 lib.
3509 2708 3547 2761 ι,
3597 2707 3652 2747 v.

1997 2786 2122 2841 316.

2070 2876 2149 2931 Ex
2178 2878 2295 2930 tota
2330 2891 2498 2945 porro
2546 2873 2645 2929 illa
2692 2873 2949 2928 auctoris
2982 2870 3162 2927 nostri
3193 2870 3655 2940 argumentatio-

1999 2980 2069 3019 ne
2100 2965 2264 3019 vides
2294 2981 2435 3020 sane
2472 2980 2642 3032 quam
2680 2963 2887 3018 merito
2921 2961 3029 3033 ipsi
3062 2961 3339 3031 probetur
3368 2960 3656 3014 sententia

1997 3053 2281 3118 Platonis,
2316 3052 2414 3124 qui
2448 3057 2786 3119 Homerum,
2819 3074 2847 3101 ‹‹
2880 3050 3185 3122 inclytum,
3219 3071 3247 3098 ι)
3278 3054 3343 3103 ut
3371 3048 3650 3116 diximus,

2006 3163 2028 3191 α
2060 3141 2363 3197 laudatum
2396 3148 2453 3197 et
2481 3148 2845 3206 coronatum,
2883 3162 2912 3190 ››
2943 3156 3058 3211 quo
3091 3138 3264 3194 etiam
3306 3138 3478 3192 verbo
3509 3137 3650 3191 Ter-

253 3248 340 3288 rus
381 3239 578 3289 narrat
625 3236 918 3306 quomodo
974 3235 1033 3290 in
1083 3234 1183 3290 illa
1232 3215 1384 3290 idem
1417 3235 1737 3301 Vulcanus,
1770 3253 1885 3292 non
1919 3215 1961 3281 (ἶ
1999 3232 2281 3288 tullianus
2302 3250 2444 3288 usus
2466 3238 2574 3293 est,
2600 3230 2950 3304 pmpterilla
2974 3229 3325 3285 exsecranda
3346 3225 3656 3283 detestabi-

254 3325 413 3378 Βοοω
435 3324 691 3394 quidem,
716 3325 819 3381 sed
840 3324 1079 3379 Achillis
1102 3342 1261 3379 arma
1284 3325 1671 3381 fabricaverit.
1692 3326 1883 3397 (Hom.

251 3411 581 3478 lliad.xvm,
626 3431 678 3468 ν.
729 3414 831 3469 454
880 3423 931 3469 el
977 3414 1149 3485 seqq.)
1199 3414 1470 3486 Expende
1517 3414 1699 3487 igitur
1746 3431 1885 3471 unm

252 3506 434 3557 auctor
462 3507 661 3557 noster
688 3502 765 3557 ibi
802 3520 913 3557 non
949 3503 1140 3557 solum
1174 3505 1247 3559 ad
1270 3504 1584 3560 Homerum
1618 3520 1886 3575 respexe-

252 3589 336 3655 rit,
367 3594 459 3647 sed
509 3591 683 3648 etiam
735 3593 807 3648 ad
855 3592 1180 3665 Virgilium,
1235 3594 1334 3665 qui
1386 3593 1623 3665 quidem
1676 3594 1886 3649 cecinit

249 3677 555 3735 Vulcanum
588 3681 954 3754 Cy010pidns,
992 3682 1241 3737 fulmina
1276 3682 1401 3738 Jovi
1437 3683 1884 3747 fabricantibus,

253 3772 595 3842 pracepisse,
631 3779 695 3827 ut
732 3773 804 3827 iis
835 3772 1052 3828 relictis
1082 3790 1247 3829 arma
1294 3790 1424 3844 qum
1457 3772 1653 3827 Venus
1687 3788 1882 3844 posoe~

254 3857 362 3924 bat,
407 3861 587 3917 (Encas
634 3862 1002 3918 conﬁcerent.
1057 3861 1305 3934 (Virgil.,
1358 3863 1457 3919 lib.
1510 3859 1880 3930 vaEneidq

250 3962 295 4002 ν.
323 3951 421 4006 442
448 3956 496 4007 et
522 3952 695 4025 seqq.)

312 4046 382 4095 At
406 4040 854 4112 deprehensum,
899 4042 1069 4097 sicuti
1120 4042 1313 4097 adhuc
1359 4041 1653 4097 Minucius
1685 4046 1884 4097 noster

239 4123 512 4199 loquitur,
544 4130 617 4185 ab
640 4130 921 4199 Vulcano,
948 4131 1149 4187 Martis
1171 4138 1227 4187 et
1256 4131 1495 4187 Veneris
1526 4129 1880 4186 adulterium

1998 3322 2192 3394 liaque
2224 3328 2557 3378 commenta
2586 3337 2616 3375 e
2645 3321 2876 3376 civitate
2906 3336 3008 3375 sua
3050 3317 3239 3387 ejecit,
3268 3322 3548 3386 tanquam
3580 3314 3650 3369 li-

1995 3412 2195 3467 centiae
2225 3415 2283 3466 et
2304 3410 2621 3481 impietatis
2647 3409 3019 3480 magistrum,
3044 3412 3107 3462 ut
3128 3405 3200 3460 ait
3226 3405 3651 3473 Theodoretus,

1993 3500 2082 3555 vel
2148 3504 2431 3570 tanquam
2482 3498 2810 3569 juventutis
2867 3503 3112 3568 pestem,
3172 3494 3326 3550 sicut
3374 3492 3650 3563 Origenes

1994 3593 2147 3644 recte
2177 3589 2389 3659 arguit.
2422 3589 2525 3643 Sed
2560 3588 2684 3659 ipse
2716 3588 2877 3642 Plato
2908 3601 3230 3655 omnesque
3260 3582 3499 3638 omnino
3531 3580 3653 3635 eth-

1993 3677 2107 3733 nici
2138 3677 2313 3733 hosce
2346 3678 2688 3733 decantatas
2708 3677 2779 3731 ab
2807 3676 3054 3730 Homero
3077 3676 3355 3729 scelestos
3388 3670 3653 3741 aliosque

1992 3769 2296 3840 gentilium
2331 3770 2471 3824 deos
2502 3786 2617 3824 non
2650 3785 2787 3837 una,
2824 3767 2924 3823 sed
2957 3766 3117 3822 omni
3161 3763 3391 3820 civitate
3422 3778 3487 3815 ac
3520 3776 3649 3830 par-

1992 3865 2047 3915 te
2078 3860 2283 3914 mundi
2316 3860 2524 3927 ejicere
2557 3858 2867 3914 debebant.
2899 3853 3307 3928 (Tertull.,lib.
3333 3868 3398 3917 ιι,
3429 3851 3499 3904 ad
3523 3852 3648 3904 Nat.

1992 3965 2122 4020 cap.
2156 3949 2229 4012 7;
2263 3949 2572 4016 Theodor.,
2623 3964 2799 4002 serm.
2831 3946 2867 3999 2
2903 3945 2967 4000 de
2996 3944 3300 4013 Principio,
3338 3955 3468 4011 pag.
3503 3937 3647 4003 48ὃὶ

1991 4037 2249 4111 Origen.,
2281 4038 2382 4093 lib.
2417 4055 2471 4093 ιν
2500 4042 2674 4094 contr.
2709 4037 2871 4101 0815.,
2907 4051 3039 4106 pag.
3075 4032 3222 4102 186.)

1581 4307 1739 4363 589
1784 4303 2046 4365 CAPUT
2088 4302 2304 4364 XVIII.

225 4422 639 4489 Examinatnr
668 4426 899 4490 Caecilii
930 4434 1371 4509 argumentum
1405 4446 1529 4505 quo
1558 4428 1883 4506 gentilium
1917 4428 2067 4488 deos
2098 4427 2514 4509 exsistereeo
2572 4424 2838 4509 probare
2884 4420 3125 4493 nititur,
3179 4416 3328 4497 quia
3378 4414 3647 4475 Romani

1043 4511 1147 4590 pio
1179 4528 1395 4571 eorum
1428 4510 1601 4570 cultu
1635 4510 1969 4589 imperium
2003 4509 2194 4568 totius
2227 4507 2442 4567 mundi
2477 4506 2835 4566 meruerint.

687 4678 1086 4735 ARTICULUS
1128 4679 1413 4736 PRIMUS.

469 4770 788 4835 Exponilur
815 4769 958 4823 illud
988 4769 1199 4825 Caecilii
1226 4773 1633 4839 argumentum.

288 4853 609 4913 Contendit
638 4857 902 4913 Caecilius
947 4858 1340 4914 Romanorum
1394 4859 1704 4930 imperium
1747 4857 1875 4913 ideo

208 4962 239 4991 ‹‹
274 4944 444 5001 ultra
472 4946 612 5003 solis
638 4947 763 5002 vias
793 4950 850 5002 et
877 4946 1065 5020 ipsius
1113 4948 1325 5004 Oceani
1354 4948 1570 5003 limites
1604 4972 1624 5001 ιι
1664 4964 1875 5019 propa-

202 5039 452 5104 gatnm,
480 5036 616 5109 quia
646 5053 762 5092 non
794 5035 1022 5108 aliquos
1053 5042 1303 5107 tantum,
1339 5038 1438 5093 sed
1476 5054 1680 5093 omnes
1712 5037 1873 5103 deos,

204 5124 609 5199 universaque
638 5127 884 5181 numina
916 5129 1007 5198 pio
1035 5144 1266 5199 semper
1293 5128 1452 5183 cultu
1481 5143 1546 5181 ac
1578 5142 1711 5182 vera
1742 5126 1873 5182 reli-

203 5211 390 5278 gione
413 5215 715 5272 coluerunt
754 5220 956 5287 Neque
976 5218 1029 5272 id
1048 5217 1317 5273 solnsille
1338 5216 1601 5274 Caecilius
1623 5216 1877 5271 asseruit

210 5304 667 5377 venditavitque,
703 5306 804 5361 sed
850 5307 948 5361 alii
995 5308 1171 5361 etiam
1220 5307 1481 5378 plerique
1514 5322 1716 5361 omnes
1742 5306 1872 5361 eth-

213 5390 353 5458 nici,
394 5404 563 5465 atque
593 5395 889 5467 imprimis
918 5395 1187 5451 Valerius
1212 5397 1519 5452 Maximus.
1558 5398 1681 5452 llzec
1713 5395 1871 5452 enim

216 5477 340 5549 ipsa
394 5490 532 5540 sunt
580 5485 739 5539 illius
788 5486 1000 5539 verba:
1034 5508 1063 5534 ‹‹
1115 5486 1237 5542 Νοιι
1292 5486 1528 5546 mirum.
1577 5486 1626 5541 si
1674 5503 1775 5557 pro
1804 5502 1874 5541 eo

224 5564 463 5644 imperio
492 5574 759 5645 augendo
792 5573 1294 5647 custodiendoqne
1338 5576 1599 5648 pertinax
1628 5576 1871 5630 deorum

216 5650 838 5739 indulgentia'semper
865 5663 1159 5735 excubuit,
1191 5667 1349 5737 quod
1372 5669 1495 5721 tam
1529 5662 1875 5736 scrupulosa

1908 4682 1954 4746 D
1989 4694 2127 4733 cura
2158 4676 2397 4750 parvula
2446 4690 2677 4747 quoque
2728 4674 3025 4727 momenta
3074 4667 3376 4740 religionis
3419 4665 3643 4721 exami-

1990 4784 2130 4822 nare
2159 4767 2424 4831 videtur;
2458 4764 2596 4836 quia
2646 4778 2945 4833 nunquam
2991 4764 3244 4815 remotos
3295 4758 3366 4812 ab
3398 4755 3643 4812 exactis-

1986 4856 2137 4912 simo
2166 4855 2325 4910 cultu
2366 4853 2848 4910 caeremoniarum
2894 4849 3095 4905 oculos
3136 4846 3410 4904 habuisse
3442 4850 3646 4900 nostra

1986 4945 2190 5001 civitas
2220 4945 2611 4999 existimanda
2633 4948 2739 4999 est.
2764 4964 2792 4993 »
2826 4940 3038 5011 (Valer.
3063 4939 3235 5003 Max.,
3259 4937 3506 5005 Exempl.
3530 4947 3642 4985 me-

1983 5034 2191 5089 morab.
2226 5050 2352 5105 cap.
2390 5034 2440 5102 1,
2471 5035 2499 5101 §
2527 5033 2579 5095 8,
2613 5048 2739 5105 pag.
2777 5030 2856 5101 8.)
2884 5031 3133 5085 Tantam
3168 5032 3361 5083 autem
3396 5018 3642 5079 Romani

1985 5140 2093 5180 sua
2122 5122 2179 5178 in
2214 5124 2354 5178 deos
2386 5122 2606 5194 pietate
2638 5120 2960 5176 mercedem
3001 5117 3258 5187 accipere
3290 5129 3403 5168 non
3438 5116 3643 5182 potue-

1982 5221 2140 5283 runt,
2175 5215 2316 5287 quin
2351 5215 2407 5269 hi
2439 5214 2516 5268 dii
2552 5230 2749 5269 revera
2769 5207 3116 5273 exstiterint,
3141 5218 3491 5273 summaque
3526 5202 3643 5255 fue-

1984 5307 2058 5360 rit
2087 5302 2290 5361 eornm
2328 5310 2606 5375 potestas.

2054 5397 2165 5452 Sed
2200 5396 2337 5467 quid
2375 5395 2507 5456 sibi,
2544 5391 2795 5463 inquies,
2830 5386 3010 5442 voluit
3052 5381 3334 5447 Caecilius,
3370 5381 3466 5452 qui
3499 5380 3640 5435 dum

1983 5486 2141 5542 varia
2182 5487 2453 5542 Romanae
2478 5480 2637 5536 illius
2660 5478 2883 5550 pietatis
2907 5475 3099 5530 ofﬁcia
3122 5470 3471 5527 insolentius
3494 5487 3642 5541 prm-

1984 5575 2161 5641 dicat,
2195 5575 2349 5631 haud
2384 5570 2722 5629 dubitanter
2760 5572 3049 5622 asseverat
3079 5563 3314 5621 eosdem
3348 5562 3643 5617 Romanos

1984 5679 2099 5720 non
2132 5662 2260 5720 sola
2288 5680 2396 5722 sua
2425 5662 2664 5737 pietate,
2695 5658 2796 5718 sed
2824 5656 3041 5717 virtute
3072 5655 3250 5715 etiam
3278 5650 3487 5712 bellica
3525 5666 3650 5709 ma-
