3942 6162
328 287 446 348 607

1611 296 1715 356 DE
1759 296 2065 359 MINUCH
2109 296 2448 361 OCTAVIO

3616 295 3730 360 608

324 420 549 475 timum
582 418 727 474 illud
757 421 829 475 ab
865 420 975 476 diis
1019 423 1142 478 suis
1190 424 1537 496 impetrasse
1574 428 1922 484 beneﬁcium
1945 428 1973 483 ?
2000 430 2054 496 Α
2085 428 2371 485 dubitavit
2399 429 2790 503 Symmachus
2819 430 3000 487 hebes
3030 429 3428 501 obtusumque
3467 427 3615 483 illud
3647 432 3726 485 te-

322 510 395 565 At
427 515 679 564 mentem
731 526 1085 583 sensumque
1114 511 1274 570 illius
1322 513 1478 571 haud
1530 534 1740 591 magna
1773 517 1973 590 procul

322 595 500 652 dubio
532 597 873 653 difﬁcultate
904 600 1213 673 intelliges,
1247 603 1295 659 si
1329 604 1491 675 prius
1538 606 1844 663 observare
1872 624 1972 662 ve-

316 684 430 741 lis:
466 708 493 735 «
526 690 590 740 In
631 690 1170 760 oppugnationibus
1220 714 1248 741 υ
1286 693 1539 761 urbium,
1587 696 1971 767 quemadmo-

322 774 463 829 dum
497 780 627 845 post
658 776 917 832 Verrium
950 778 1218 835 Flaccum
1254 782 1458 837 scribit
1485 783 1730 851 Plinius,
1767 806 1795 834 «
1827 784 1970 841 soli-

321 868 447 918 tum
482 880 515 917 a
542 866 819 920 Romanis
869 869 1268 925 sacerdotibus
1311 873 1537 927 evocari
1573 873 1767 940 deum,
1802 875 1972 944 cujus

319 952 379 1007 in
414 952 599 1008 tutela
628 953 906 1026 oppidum
935 961 1110 1023 esset,
1143 958 1520 1031 promittique
1558 960 1640 1016 illi
1674 963 1970 1030 eumdem,

322 1045 425 1096 aut
454 1041 794 1113 ampliorem
827 1046 980 1116 apud
1014 1047 1307 1103 Romanos
1336 1048 1581 1105 cultum.
1612 1050 1681 1105 Et
1710 1052 1904 1118 durat,
1940 1073 1969 1101 »

321 1130 509 1202 pergit
539 1130 657 1196 ille,
694 1154 722 1181 «
768 1131 827 1187 in
877 1135 1217 1205 pontiﬁcum
1260 1137 1577 1209 disciplina
1624 1140 1679 1194 id
1711 1156 1968 1209 sacrum,

282 1244 283 1249 η
320 1224 667 1291 constatque
697 1222 826 1278 ideo
871 1222 1250 1291 occultatum,
1283 1226 1343 1281 in
1380 1228 1551 1298 cujus
1580 1228 1762 1283 tutela
1788 1229 1972 1286 Roma

319 1314 493 1375 esset,
527 1326 598 1364 ne
629 1310 729 1381 qui
760 1310 1017 1367 hostium
1050 1313 1229 1370 simili
1254 1316 1424 1371 modo
1457 1322 1740 1389 agerent»
1772 1317 1969 1388 (Plin.,

319 1395 420 1451 lib.
452 1414 629 1453 κχνιιι
658 1399 850 1455 Natur.
886 1401 1016 1456 Hist.
1041 1418 1167 1474 cap.
1198 1404 1254 1473 2,
1278 1420 1409 1475 pag.
1432 1405 1584 1476 559.)
1614 1406 1827 1461 Eadem
1844 1423 1972 1460 nar-

318 1491 409 1540 rat
440 1485 790 1551 Macrobius,
826 1490 1253 1563 formulamque
1291 1493 1543 1562 exhibet,
1575 1511 1693 1566 qua
1722 1495 1969 1550 Romani

318 1574 375 1630 in
413 1576 647 1632 urbium
682 1578 1088 1635 obsidionibus
1116 1581 1390 1637 tutelares
1438 1599 1638 1638 earum
1671 1585 1808 1639 deos
1838 1600 1969 1639 evo-

320 1679 472 1726 care,
504 1665 765 1738 ipsisque
784 1668 1005 1740 templa
1034 1686 1098 1725 ac
1120 1669 1291 1726 ludos
1317 1688 1519 1728 vovere
1549 1678 1971 1729 consueverant

318 1752 619 1824 (Macrob.,
651 1755 753 1811 lib.
808 1773 869 1812 ιιι
915 1758 1226 1826 Saturnal.,
1275 1777 1400 1832 cap.
1449 1762 1527 1830 9).
1579 1762 1779 1834 Itaque
1810 1762 1968 1819 hunc

319 1842 521 1914 procul
551 1844 729 1901 dubio
760 1847 834 1902 ob
881 1847 1152 1904 bellicum
1198 1866 1420 1905 morem

320 1931 613 1989 Romanos
642 1951 677 1990 a
707 1935 821 1991 diis
847 1938 1172 1994 obtinuisse
1189 1939 1366 1995 totius
1399 1941 1603 1995 mundi
1635 1941 1966 2012 imperium.

321 2022 621 2086 Quomodo
653 2030 847 2080 autem
892 2026 951 2080 id
993 2027 1237 2097 probare
1286 2034 1530 2084 conatus
1578 2028 1673 2099 sit,
1706 2031 1970 2085 attenda-

319 2126 475 2176 mus,
506 2112 555 2166 si
586 2112 789 2182 placet.
822 2113 1109 2182 Primum,
1142 2138 1170 2165 ‹‹
1206 2117 1346 2173 dum
1380 2124 1670 2185 exercent,
1697 2140 1725 2167 »
1756 2119 1968 2189 inquit,

318 2222 345 2250 ‹‹
379 2198 439 2254 in
466 2200 647 2256 armis
677 2202 950 2258 virtutem
998 2203 1328 2277 religiosam
1372 2228 1422 2274 η,
1472 2207 1714 2262 deorum
1747 2208 1972 2264 scilicet

318 2288 433 2358 pia,
469 2289 552 2343 uti
586 2289 862 2360 diximus,
894 2293 1246 2363 evocatione,
1281 2295 1563 2364 factisque
1606 2295 1971 2353 solemnibus

316 2376 487 2445 votis,
504 2378 793 2448 precibus.
818 2385 874 2436 et
891 2383 1512 2454 sacriﬁciis.Secundo,
1529 2408 1557 2434 α
1580 2386 1721 2440 dum
1743 2386 1968 2453 urbem,

317 2468 561 2522 Romam
623 2470 902 2526 muniunt
949 2488 1247 2528 sacrorum
1303 2472 1708 2547 religionibus,
1761 2497 1789 2524 ››
1847 2460 1969 2531 tam

317 2553 465 2621 suis,
496 2573 673 2627 quam
695 2558 944 2615 aliarum
976 2577 1010 2615 a
1031 2577 1093 2615 se
1124 2561 1479 2618 devictarum
1513 2564 1795 2635 gentium.
1821 2563 1967 2618 Nam

316 2644 390 2701 iis
444 2646 767 2716 debellatis,
826 2649 1057 2705 illarum
1118 2667 1252 2706 cum
1308 2652 1467 2722 deos,
1526 2660 1646 2706 lum
1709 2668 1965 2719 sacrum,

317 2750 418 2790 seu
453 2737 648 2807 potius
677 2738 985 2810 profanum
1010 2740 1447 2813 nefandumque
1471 2740 1696 2795 cultum
1721 2741 1965 2796 Romam

316 2826 716 2895 asportabant.
764 2830 954 2900 Atque
1003 2830 1269 2885 eamdem
1323 2830 1395 2885 ob
1444 2847 1683 2886 causam
1716 2830 1969 2899 subjecit

312 2911 614 2970 Caecilius:
651 2938 679 2967 ‹‹
712 2915 863 2972 Dum
896 2919 1157 2990 undique
1186 2919 1447 2992 hospites
1501 2921 1641 2975 deos
1672 2923 1962 2991 quaerunt,

310 3006 367 3057 et
396 3020 536 3059 suos
565 3005 807 3061 faciunt.
839 3029 868 3058 »

380 3111 759 3184 Prosequitur
778 3113 895 3183 ille,
920 3114 1117 3187 aitque
1141 3116 1433 3171 Romanos
1463 3132 1576 3172 non
1599 3115 1693 3172 bis
1708 3120 1964 3171 tantum-

307 3200 480 3255 modo
530 3202 645 3272 piis
691 3205 991 3276 sacrisque
1042 3206 1252 3260 ritibus
1298 3206 1503 3260 urbem
1555 3222 1721 3260 suam
1765 3207 1959 3259 muni-

302 3289 479 3355 visse,
512 3292 667 3348 590
697 3310 898 3350 verum
928 3296 1101 3350 etiam
1135 3318 1163 3346 ‹‹
1194 3295 1371 3350 castis
1400 3294 1746 3366 virginibus,
1781 3294 1961 3349 nimi-

304 3395 437 3434 rum
460 3379 816 3450 Vestalibus,
842 3384 1161 3456 multisque
1184 3384 1504 3440 honoribus
1530 3400 1596 3439 ac
1619 3383 1959 3438 nominibus

304 3471 697 3537 sacerdotum,
732 3494 760 3521 ››
792 3473 851 3528 id
882 3479 990 3537 est,
1037 3474 1368 3545 stipendiis,
1401 3474 1708 3540 reditibus,
1743 3473 1958 3527 immu-

303 3556 587 3613 nitatibus
618 3577 684 3614 ac
731 3561 1071 3634 privilegiis.
1106 3568 1173 3618 Et
1220 3563 1378 3618 hunc
1408 3563 1646 3633 quidem
1694 3578 1822 3617 esse
1853 3578 1957 3616 au-

303 3644 478 3698 ctoris
507 3647 690 3700 nostri
741 3665 1002 3713 sensum,
1036 3667 1070 3705 a
1109 3650 1462 3721 quibusdam
1489 3650 1730 3706 minime
1762 3666 1957 3722 perce-

301 3736 490 3802 ptum,
525 3734 858 3790 conﬁrmari
890 3743 1080 3808 potest
1108 3739 1440 3811 Symmachi
1464 3738 1666 3794 itidem
1699 3738 1954 3811 gentilis,

301 3824 478 3890 atque
507 3824 798 3879 Ambrosii
830 3826 879 3880 ei
916 3828 1322 3898 respondentis
1353 3827 1718 3884 auctoritate.
1752 3828 1813 3882 In
1853 3845 1957 3883 sua

300 3908 595 3966 enimvero
626 3912 1013 3985 Symmachus
1045 3916 1114 3970 ad
1143 3914 1616 3971 Valentinianum
1651 3916 1959 3986 imperato-

301 4013 418 4053 rem
452 3999 730 4057 relatione
760 4002 854 4059 his
902 4020 1036 4059 eum
1089 4004 1398 4077 compellat
1434 4007 1665 4061 verbis:
1708 4026 1733 4057 α
1767 4009 1955 4060 Hono-

300 4094 527 4145 raverat
572 4090 664 4147 lex
707 4098 1017 4163 parentum
1066 4093 1325 4149 Vestales
1372 4093 1625 4167 virgines
1676 4110 1741 4149 ac
1782 4094 1957 4150 mini-

300 4180 452 4234 stros
477 4180 722 4237 deorum
755 4183 909 4237 victu
942 4184 1170 4238 modico
1204 4184 1503 4255 justisque
1552 4183 1891 4255 privilegiis.
1928 4206 1957 4233 »

299 4266 681 4342 (Symmach.,
734 4272 887 4344 apud
941 4272 1144 4327 Ambr.
1196 4273 1371 4329 Relat.
1428 4274 1458 4345 §
1506 4272 1592 4340 14,
1639 4289 1772 4343 pag.
1809 4272 1958 4345 831.)

297 4355 397 4411 Cui
432 4360 745 4430 respondet
790 4361 1183 4417 Ambrosius:
1221 4385 1248 4411 «
1283 4360 1697 4416 Sacerdotibus
1746 4360 1871 4415 suis
1901 4352 1960 4416 et

298 4446 586 4503 ministris
605 4456 934 4519 queruntur
947 4451 1228 4506 alimenta
1246 4449 1480 4523 publica
1500 4467 1615 4506 non
1638 4449 1954 4531 deberi.....

2082 516 2203 575 lum
2237 520 2295 575 in
2344 519 2707 577 Christianos
2757 520 2848 575 bis
2901 520 3276 591 paucioribus
3324 518 3516 574 verbis
3542 519 3729 575 adhuc

2077 612 2390 681 torquere:
2430 629 2459 660 «
2510 608 2638 664 Haec
2685 626 2849 665 sacra
2892 609 3234 665 Annibalem
3281 626 3315 664 a
3358 608 3673 673 moenibus,
3703 625 3737 663 a

2079 696 2360 768 Capitolio
2393 698 2653 754 Senonas
2679 697 3038 769 repulerunt.
3074 720 3101 747 »
3133 698 3515 770 (Symmacb.,
3560 699 3734 767 Helm,

2079 788 2108 853 §
2136 787 2191 858 9,
2225 803 2357 859 pag.
2382 788 2508 853 830,
2540 792 2598 843 et
2628 788 2916 856 Ambros,
2950 787 3134 860 Epist.
3172 787 3256 858 18,
3282 788 3309 855 §
3338 787 3392 855 4,
3426 803 3558 859 pag.
3588 787 3746 857 834.)

2148 894 2221 946 At
2250 894 2574 951 Gronovius
2605 900 2739 966 post
2779 895 3008 966 aliquos
3058 894 3203 950 alios
3235 893 3296 948 in
3347 894 3607 949 auctoris
3638 911 3751 949 no-

2080 981 2184 1037 stri
2214 987 2393 1054 textu,
2426 1000 2492 1039 ac
2517 990 2721 1040 contra
2764 983 3151 1055 manuscripti
3201 983 3386 1039 nostri
3422 983 3646 1038 codicis
3679 983 3752 1037 ﬁ—

2078 1070 2212 1125 dem
2244 1088 2348 1144 pro
2398 1072 2631 1129 «iratos
2662 1096 2691 1123 »
2738 1073 3052 1146 legendum
3083 1072 3358 1144 opinatur
3404 1072 3679 1127 «iratus.
3716 1094 3745 1122 ››

2082 1159 2202 1215 Non
2244 1161 2398 1217 enim
2434 1162 2701 1231 Romani,
2734 1163 2945 1235 inquit,
3002 1183 3031 1217 κ
3072 1166 3555 1234 contempserunt
3599 1162 3746 1218 deos

2078 1248 2279 1316 iratos,
2313 1267 2346 1305 ο.
2376 1251 2591 1322 quibus
2622 1268 2680 1307 se
2729 1252 3002 1323 castigari
3034 1251 3385 1307 sentiebant.
3418 1272 3446 1300 ››
3497 1250 3749 1307 Minucii

2078 1336 2275 1409 itaque
2307 1338 2461 1394 hunc
2491 1339 2768 1411 Opinatur
2786 1357 2917 1397 esse
2946 1357 3188 1396 sensum
3214 1355 3227 1394 :
3262 1340 3504 1395 Romani
3540 1340 3751 1395 colunt

2079 1428 2219 1483 deos
2249 1445 2408 1496 suos,
2444 1446 2591 1501 quos
2620 1430 2791 1497 alius,
2837 1430 2910 1486 iis
2939 1446 3105 1502 opem
3157 1447 3325 1485 suam
3359 1430 3747 1500 negantibus,

2080 1538 2108 1567 ‹‹
2140 1517 2322 1572 iratus
2355 1540 2384 1567 »
2408 1519 2532 1589 ja'n
2566 1520 2901 1590 sprevisset.
2934 1523 3149 1575 Verum
3174 1517 3380 1574 melior
3400 1519 3605 1590 procul
3630 1520 3744 1573 du-

2078 1606 2172 1662 bio
2205 1605 2313 1661 erit
2342 1624 2574 1676 sensus,
2599 1609 2647 1664 si
2677 1608 2838 1680 legas
2862 1625 2875 1663 :
2911 1631 2939 1659 ‹‹
2966 1609 3121 1675 Quos
3148 1606 3298 1662 alius
3322 1608 3447 1678 jam
3479 1607 3745 1678 sprevis-

2077 1700 2167 1751 set
2194 1695 2374 1751 iratos
2405 1719 2457 1761 »,
2490 1698 2721 1768 sibique
2747 1698 2965 1753 idcirco
2994 1695 3278 1753 auxilium
3312 1713 3427 1751 non
3459 1696 3745 1751 ferentes.

1638 1783 1779 1865 {(123
1810 1783 1968 1865 ίξξξηο
2000 1800 2046 1865 Β
2077 1783 2222 1848 Quid
2257 1802 2527 1858 namque,
2564 1786 2613 1841 si
2651 1786 2763 1841 sibi
2796 1802 3009 1842 nomen
3046 1808 3076 1836 ι(
3127 1785 3309 1840 iratos
3343 1807 3370 1834 »
3402 1790 3747 1856 opponatur

1469 1852 1679 1948 aﬁﬂfl‘lt
1706 1851 1970 1948 Caelum
2002 1851 2045 1865 υ
2079 1895 2108 1923 ‹‹
2137 1873 2252 1929 diis
2279 1851 2566 1947 propitiis,
2600 1896 2630 1924 »
2653 1875 2724 1930 de
2746 1875 2961 1947 quibus
2991 1874 3160 1948 plura
3182 1875 3333 1945 apud
3368 1851 3741 1930 Brissonium

2076 1962 2190 2035 legi
2222 1964 2515 2035 possunt?
2557 1964 2867 2034 (Brisson.,
2915 1964 3017 2020 lib.
3054 1982 3071 2019 1
3118 1964 3184 2021 de
3230 1968 3412 2020 Form.
3462 1979 3596 2036 pag.
3634 1964 3743 2019 120

2078 2056 2129 2108 et
2154 2053 2324 2125 seqq.)
2354 2053 2491 2117 Quae
2544 2070 2715 2125 porro
2768 2053 3032 2109 Caecilius
3081 2054 3153 2108 de
3184 2053 3463 2124 Capitolio
3491 2070 3525 2107 a
3554 2060 3743 2109 Seno-

2080 2141 2253 2196 nibus
2284 2141 2524 2197 obsesso
2555 2148 2730 2214 atque
2764 2143 3159 2198 Romanorum
3192 2143 3251 2197 in
3284 2144 3425 2197 deos
3457 2140 3745 2212 religione

2078 2236 2332 2297 enarrat,
2364 2231 2485 2287 Ιιωθ
2516 2249 2549 2287 a
2578 2232 2707 2287 Tito
2738 2232 2916 2300 Livio,
2961 2231 3191 2288 Valerio
3246 2231 3519 2301 Maximo,
3551 2230 3749 2297 Floro,

2079 2318 2325 2390 aliisque
2346 2320 2632 2392 explicata
2654 2321 2912 2377 invenies
2938 2322 3104 2391 (Liv.,
3122 2320 3225 2377 lib.
3249 2320 3352 2393 v,§
3378 2321 3466 2388 46,
3482 2326 3537 2375 et
3560 2337 3752 2391 seqq.;

2078 2406 2271 2462 Valer.
2305 2408 2479 2475 Mam,
2514 2408 2614 2463 lib.
2649 2426 2689 2473 ι,
2721 2425 2853 2480 cap.
2888 2410 2940 2475 1,
2973 2408 3005 2482 §
3036 2410 3103 2464 10
3132 2412 3190 2464 et
3221 2408 3323 2475 11;
3353 2407 3525 2475 Flor.,
3560 2406 3670 2463 lib.
3708 2424 3749 2476 ι,

2078 2512 2203 2567 cap.
2240 2496 2343 2563 13;
2378 2497 2518 2552 ibid.
2557 2514 2687 2569 pag.
2722 2498 2835 2570 51).

2148 2585 2233 2640 Ad
2266 2584 2385 2639 haec
2413 2601 2547 2641 vero
2593 2586 2859 2642 Cecilius
2901 2586 3058 2641 aliud
3109 2585 3408 2660 religionis
3441 2585 3733 2641 Romano~

2076 2690 2208 2728 rum
2241 2679 2465 2729 certum
2498 2690 2627 2730 esse
2673 2679 2843 2746 putat
2872 2681 3311 2747 argumentum,
3351 2694 3372 2721 α
3428 2675 3570 2729 dum
3602 2690 3734 2729 aras

2075 2767 2387 2818 exstruunt
2417 2763 2634 2835 ignotis
2666 2763 3012 2820 numinibus
3043 2768 3101 2820 et
3134 2764 3426 2820 Manibus.
3461 2786 3489 2812 ››
3514 2765 3590 2818 De
3616 2763 3730 2834 pri-

2076 2852 2190 2906 mis
2216 2852 2330 2906 Ι]ωο
2378 2858 2520 2907 sunt
2564 2852 2910 2908 Tertulliani
2958 2854 3170 2909 verba:
3225 2876 3245 2901 σι
3295 2852 3526 2908 Invenio
3562 2853 3730 2923 plane

2074 2939 2291 3011 ignotis
2313 2939 2425 2995 diis
2455 2958 2586 2996 aras
2620 2941 2989 3012 prostitutas.
3042 2942 3154 2996 Sed
3196 2944 3372 2996 attica
3400 2940 3730 2996 idololatria

2074 3034 2181 3083 est.
2216 3034 2358 3084 Item
2391 3029 2629 3085 incertis
2658 3030 2791 3096 diis,
2825 3031 2924 3086 sed
2958 3028 3295 3101 superstitio
3330 3030 3591 3085 Romana
3620 3035 3730 3086 est.

2075 3122 2253 3174 Porro
2283 3119 2489 3174 incerti
2543 3119 2622 3173 dii
2672 3120 2869 3174 minus
2925 3119 3066 3183 noti,
3118 3124 3183 3174 ut
3224 3119 3419 3174 minus
3466 3120 3603 3175 certi
3635 3137 3649 3185 ;
3678 3125 3735 3173 et

2074 3206 2317 3277 proinde
2349 3207 2555 3279 ignoti,
2580 3208 2717 3278 quia
2744 3208 2938 3262 minus
2969 3207 3109 3262 certi
3131 3205 3423 3279 (Tertull.,
3454 3207 3556 3261 lib.
3588 3210 3729 3262 cont-

2067 3295 2262 3361 Marc.,
2285 3313 2416 3367 cap.
2446 3297 2521 3368 9).
2547 3296 2773 3360 Quibus
2796 3302 2991 3352 autem
3014 3298 3208 3351 verbis
3232 3297 3413 3368 ignoti
3436 3294 3519 3349 illi
3547 3295 3623 3349 dii
3649 3295 3737 3350 in-

2067 3391 2435 3452 vocarentur,
2470 3386 2516 3440 si
2571 3386 2720 3441 scire
2761 3403 2949 3455 aveas,
3002 3385 3252 3451 Gellius,
3306 3383 3639 3440 Macrobius
3668 3400 3731 3439 ac

2066 3474 2405 3529 Brissonius
2452 3478 2509 3529 te
2556 3474 2853 3529 docebunt
2900 3473 3103 3546 (Gell.,
3159 3474 3304 3529 591
3360 3473 3461 3527 lib.
3513 3474 3729 3528 11Noct.

2064 3564 2256 3628 Attia,
2289 3579 2417 3635 cap.
2451 3563 2522 3618 28
2551 3588 2565 3629 ;
2601 3562 2878 3634 Macrob.,
2911 3562 3011 3618 lib.
3053 3580 3120 3618 ιιι
3152 3563 3467 3630 δαιιινηαι.,
3500 3578 3626 3633 cap.
3655 3562 3727 3628 9;

2067 3652 2352 3717 Brisson.,
2382 3651 2485 3706 lib.
2519 3658 2539 3706 ι
2568 3650 2632 3707 de
2658 3652 2934 3719 Formul.,
2970 3651 3116 3723 120).

2139 3741 2443 3796 Miraberis
2475 3740 2717 3796 forsitan
2740 3741 2799 3795 in
2835 3746 3089 3796 mentem
3114 3741 3470 3813 quibusdam
3501 3741 3725 3795 venisse

2067 3830 2461 3886 adulteratum
2492 3846 2620 3885 esse
2663 3828 2810 3884 illud
2842 3828 3055 3885 Caecilii
3102 3830 3364 3897 verbum,
3395 3835 3452 3884 et
3485 3850 3514 3878 ‹‹
3543 3828 3723 3884 Mani-

2066 3920 2199 3989 bus,
2233 3942 2262 3968 »
2294 3936 2360 3974 ac
2395 3935 2497 3990 pro
2542 3917 2642 3972 illo
2688 3918 3065 3973 scribendum
3099 3941 3127 3969 ‹‹
3178 3918 3473 3974 inanibus.
3510 3940 3539 3967 ››
3570 3914 3722 3971 Nihil

2067 4009 2284 4080 quippe
2315 4007 2503 4079 magis
2534 4012 2737 4063 contra
2784 4009 3191 4063 auctoritatem
3234 4024 3344 4062 ms.
3387 4006 3607 4062 codicis
3638 4022 3725 4062 re-

2067 4097 2147 4170 gii
2178 4103 2236 4152 et
2267 4096 2523 4152 auctoris
2557 4101 2812 4152 mentem
2847 4096 2985 4168 ﬁngi
3012 4096 3220 4168 potuit.
3250 4096 3390 4160 Quis
3421 4096 3578 4150 enim
3613 4095 3728 4150 nisi

2068 4183 2416 4241 somniando
2448 4185 2786 4256 suspicatus
2814 4190 2902 4240 est
2923 4184 3237 4256 Caecilium,
3271 4184 3368 4257 qui
3402 4184 3480 4240 ibi
3509 4185 3729 4239 ethnici

2068 4274 2327 4330 hominis
2340 4279 2543 4329 contra
2561 4273 2640 4329 Cb
2651 4274 2959 4329 ristianum
2981 4280 3173 4347 partes
3186 4274 3326 4345 agit,
3342 4274 3493 4329 serio
3512 4274 3731 4330 dixisse

2068 4381 2102 4419 a
2130 4362 2409 4418 Romanis
2439 4380 2571 4418 aras
2602 4362 2715 4418 diis
2749 4386 2777 4413 ‹‹
2806 4363 3083 4420 inanibus
3113 4386 3140 4414 ››
3176 4363 3357 4418 fuisse
3386 4362 3729 4418 extructas?

2139 4475 2211 4525 At
2241 4486 2546 4542 quorsum,
2593 4469 2889 4541 inquiunt,
2932 4470 3013 4526 ibi
3046 4493 3074 4519 ‹‹
3128 4470 3379 4525 Manium
3416 4490 3445 4518 ››
3479 4468 3727 4533 mentio,

298 4533 480 4632 Nam?
509 4541 716 4632 mne?
752 4539 994 4632 ἀοηεξνίει
1040 4539 1300 4632 ᾆξδίυδνίε
1349 4545 1405 4595 εἴ
1434 4540 1625 4632 Ιθεξίεα
1662 4540 1953 4632 θτιξερίοίο
1984 4530 2030 4596 D
2061 4564 2161 4616 aut
2188 4530 2281 4615 cui
2310 4530 2588 4632 incogniti
2638 4530 2768 4615 esse
2815 4530 3293 4631 poterant?0uid
3344 4574 3502 4629 ergo,
3539 4558 3590 4611 si
3624 4530 3727 4613 ad;

298 4622 411 4678 bus
442 4625 745 4697 denegavit
773 4652 786 4694 ;
819 4628 945 4683 sola
970 4629 1203 4684 sublata
1232 4634 1372 4684 sunt
1394 4629 1632 4701 praedia,
1664 4629 1803 4700 quia
1834 4645 1948 4684 non

298 4710 570 4783 religiose
609 4716 926 4772 utebantur
954 4718 1046 4789 iis,
1080 4735 1207 4790 quae
1256 4719 1555 4791 religionis
1580 4721 1714 4792 jure
1746 4719 1949 4774 defen-

294 4801 517 4859 derent.
546 4825 575 4853 »
605 4804 899 4875 (Ambros.
934 4806 1127 4878 epist.,
1162 4809 1247 4877 18,
1275 4810 1303 4875 §
1334 4809 1543 4881 13-1‘5.)

365 4911 656 4968 Audacter
686 4912 877 4968 adhuc
898 4914 1160 4970 Caecilius
1185 4920 1544 4972 contestatur
1572 4918 1712 4971 deos
1739 4914 1947 4971 tulisse

290 5001 687 5056 certissimum
722 5003 998 5058 Romanis
1036 5003 1342 5070 auxilium,
1382 5028 1402 5052 ι
1436 5004 1578 5058 dum
1609 5004 1855 5070 obsessi,
1888 5014 1946 5063 et

291 5091 436 5147 citra
466 5092 815 5164 Capitolium
841 5094 1016 5165 capti,
1051 5093 1251 5149 colunt
1279 5094 1439 5160 deos,
1465 5110 1612 5165 quos
1641 5094 1792 5149 alius
1817 5098 1942 5164 jam

289 5180 606 5252 sprevisset
635 5182 835 5246 iratos,
870 5189 926 5238 et
955 5200 1057 5254 per
1077 5182 1376 5238 Gallorum
1401 5186 1574 5253 acies,
1601 5183 1941 5239 mirantium

288 5272 727 5341 superstitionis
749 5274 1079 5340 audaciam,
1104 5278 1354 5347 pergunt
1383 5272 1515 5329 telis
1535 5273 1808 5341 inermes,
1839 5275 1939 5330 sed

286 5358 449 5414 cultu
481 5361 780 5434 religionis
811 5364 1042 5435 armati,
1075 5364 1217 5419 dum
1250 5363 1435 5434 captis
1466 5361 1778 5417 hostilibus
1802 5380 1939 5420 mos-

287 5447 486 5517 nibus,
518 5451 710 5507 adhuc
741 5453 1053 5507 ferociente
1100 5453 1359 5519 victoria,
1394 5453 1637 5508 numina
1666 5452 1815 5507 victa
1844 5470 1939 5509 ve-

287 5542 587 5592 nerantur.
624 5560 652 5589 «
698 5540 779 5595 De
820 5541 1149 5598 Senonibus
1178 5542 1379 5615 procul
1428 5543 1606 5598 dubio
1654 5541 1937 5615 loquitur,

285 5626 411 5697 qui,
441 5628 785 5700 capta_urbe
813 5629 1019 5700 Roma,
1050 5630 1401 5705 Capitolium
1431 5631 1800 5689 obsidebant.
1821 5632 1936 5691 Nec

2052 4650 2335 4721 jectivum
2372 4673 2393 4699 α
2428 4648 2645 4720 ignotis
2679 4673 2701 4701 ι
2733 4649 2805 4704 ad
2833 4647 3025 4704 solum
3073 4646 3511 4703 substantivum
3547 4669 3576 4696 ‹‹
3612 4664 3721 4701 nu-

2062 4738 2383 4794 minibus»
2430 4737 2758 4793 referatur?
2805 4738 3060 4792 Manium
3108 4742 3305 4792 autem
3344 4734 3425 4790 ibi
3455 4734 3725 4791 Caecilius

2057 4826 2274 4882 idcirco
2297 4826 2585 4894 meminit,
2609 4826 2743 4898 quia
2762 4826 2978 4881 ethnici
3002 4826 3213 4897 sapius
3233 4823 3726 4888 eosinvocabant,

2057 4916 2462 4988 sacriﬁciaque
2519 4915 2636 4970 illis
2706 4915 3014 4970 faciebant.
3076 4915 3275 4986 Neque
3339 4912 3517 4967 etiam
3578 4912 3727 4966 adeo

2055 5009 2242 5072 erant,
2291 5004 2465 5060 sicuti
2513 5003 2738 5075 volunt,
2796 5004 3070 5059 omnibus
3128 5001 3364 5074 cogniti.
3416 5000 3565 5055 Nam
3598 4999 3727 5064 alii,

2054 5095 2552 5168 quemadmodum
2585 5094 2855 5149 observat
2873 5092 3127 5159 Servius,
3151 5091 3283 5147 illos
3306 5088 3599 5158 caelestes,
3622 5088 3731 5143 alii

2050 5182 2310 5237 infernos
2336 5182 2494 5251 deos,
2529 5181 2629 5237 alii
2658 5187 2998 5247 nocturnos,
3030 5186 3209 5252 atque
3240 5181 3390 5234 inter
3418 5178 3635 5233 omium
3664 5184 3723 5232 et

2048 5274 2267 5326 terram
2297 5270 2494 5342 vagari
2526 5270 2982 5326 arbitrabantur.
3009 5270 3088 5327 De
3120 5270 3212 5325 bis
3254 5268 3424 5341 plura
3456 5268 3729 5322 Servius-

2048 5366 2106 5418 et
2134 5360 2319 5416 Lilius
2351 5359 2640 5433 Gyraldus
2679 5364 2861 5428 (Serv.
2883 5405 2896 5426 ,
2930 5362 2988 5416 iu
3034 5360 3136 5415 lib.
3172 5376 3236 5415 ιιι
3277 5358 3492 5414 Αἳηεὶά.
3522 5355 3727 5428 Virga

2047 5466 2185 5523 pag.
2222 5450 2365 5517 266;
2399 5447 2659 5521 Gyrald..
2690 5449 2978 5520 Syntagm.
3008 5450 3066 5515 7,
3096 5451 3166 5505 de
3197 5449 3331 5503 Hist.
3361 5446 3533 5512 deor.,
3568 5463 3723 5520 pag.

2044 5540 2191 5611 205).
2218 5537 2371 5594 Nihil
2392 5538 2573 5613 igitur
2593 5539 2940 5599 mutandum
2958 5539 3017 5594 in
3035 5537 3292 5595 auctoris
3310 5536 3494 5594 nostri
3517 5540 3691 5593 textu
3704 5577 3721 5603 ,

2044 5630 2167 5686 sive
2197 5628 2481 5700 cognitos,
2511 5628 2633 5686 sive
2657 5626 2989 5700 incognitas
3018 5627 3220 5686 Manes
3248 5623 3485 5683 dixeris.
