4088 6150
7 115 107 420 l
252 327 357 389 609

252 327 357 389 609

1661 317 2211 381 DISSERTATIO.

3529 329 3651 389 610

313 455 572 527 Denique
619 451 918 509 concludit
947 450 1246 507 Caecilius:
1281 471 1310 502 κ
1348 450 1441 507 Sic
1470 451 1613 506 dum
1638 450 1887 507 Romani
1916 454 1972 519 Α
1998 465 2133 505 vero
2183 448 2305 505 haec
2348 450 2679 506 confirmari
2738 452 3009 525 Cypriani
3046 456 3401 525 testimonio,
3436 460 3536 529 qui
3580 478 3649 515 es.

253 547 640 606 universarum
666 543 929 615 gentium
954 558 1119 597 sacra
1145 541 1495 612 suscipiunt,
1510 542 1687 596 etiam
1712 557 1890 613 regna

254 640 598 693 meruerunt.
629 656 656 681 ››
689 632 904 688 Verum
936 632 1172 703 quidem
1201 636 1289 687 est
1320 632 1591 686 universa
1621 632 1887 711 gentium

254 743 400 782 sacra
441 742 474 779 a
506 722 788 778 Romanis
839 726 1111 793 suscepta
1149 721 1349 776 fuisse.
1386 720 1531 776 Nam
1564 720 1803 776 Ovidius
1829 719 1889 775 id

253 816 406 873 unico
438 814 547 868 hoc
579 829 748 867 versu
773 810 1022 866 cecinit:

312 940 515 1003 Dignus
542 937 715 987 Roma
741 936 907 994 locus,
941 948 1059 1003 quo
1083 936 1222 1003 psus
1251 935 1424 1003 omnis
1455 937 1561 1003 eat.

952 997 1142 1059 (Ovid.,
1167 998 1199 1046 ι.
1237 1012 1251 1046 ι
1284 998 1440 1057 Fast.,
1477 1004 1501 1057 §
1529 1002 1598 1053 3.)

250 1116 343 1172 Sed
375 1117 446 1171 de
476 1115 568 1170 bis
599 1113 752 1169 alius
785 1112 953 1168 nobis
982 1112 1211 1167 dicendi
1242 1110 1406 1167 locus
1435 1111 1565 1166 erit.

311 1204 573 1261 Caecilius
604 1219 776 1274 porro
806 1201 1023 1272 aliique
1044 1199 1292 1272 gentiles
1314 1217 1383 1255 ex
1403 1200 1684 1275 hactenus
1716 1197 1888 1255 dictis

246 1293 441 1350 conﬁci
476 1308 645 1364 posse
677 1291 964 1362 putabant
1006 1292 1142 1345 deos
1189 1306 1328 1345 suos
1358 1306 1557 1345 revera
1586 1289 1890 1355 exsistere,

248 1384 377 1456 quia
408 1380 680 1445 Romani,
713 1402 741 1431 «
776 1380 916 1435 dum
950 1379 1414 1447 universarum,»
1438 1380 1524 1434 uti
1556 1376 1651 1432 ille
1680 1378 1893 1449 garrie-

245 1473 360 1535 bat,
392 1494 419 1520 ‹‹
454 1470 713 1541 gentium
745 1484 911 1524 sacra
954 1468 1307 1540 suscipiunt,
1338 1467 1513 1523 etiam
1547 1483 1726 1539 regna
1764 1483 1890 1522 me-

246 1564 565 1617 ruerunt.»
597 1557 805 1624 Negari
853 1562 1049 1613 autem
1106 1573 1221 1611 non
1271 1561 1481 1628 potest,
1514 1556 1666 1611 hanc
1717 1572 1889 1628 argu-

249 1649 655 1706 mentationem
690 1664 805 1702 non
859 1644 1089 1700 minimi
1138 1645 1394 1717 profecto
1433 1662 1561 1701 esse
1592 1646 1889 1717 ponderis,

248 1739 294 1795 si
326 1744 487 1794 tanta
531 1738 796 1796 veritate.
831 1740 1052 1807 quanta
1101 1733 1352 1789 falsitate
1404 1735 1707 1790 niteretur.
1759 1734 1888 1789 Vim

247 1828 405 1883 illius
434 1826 599 1899 plane
631 1824 818 1880 sensit
846 1822 1529 1893 Tertullianus,eamque
1561 1824 1717 1879 hisce
1748 1822 1890 1878 nihil
1923 1826 1970 1892 Β

252 1917 453 1989 utique
486 1914 905 1971 dissimulando
937 1912 1243 1984 proposuit
1273 1912 1463 1967 verbis
1488 1929 1501 1967 :
1525 1937 1544 1961 ι
1583 1912 1707 1969 Non
1725 1914 1893 1968 omit-

249 2012 363 2062 tam
386 2005 1057 2077 congressionem,quam
1091 2006 1361 2074 provocat
1386 2000 1486 2056 illa
1514 2003 1891 2074 praesumptio

249 2095 585 2162 dicentium,
620 2094 914 2149 Romanos
948 2109 1049 2164 pro
1082 2093 1288 2148 merito
1334 2091 1729 2163 religiositatis
1759 2091 1889 2147 dili-

248 2184 600 2256 gentissime
630 2183 689 2237 in
716 2187 943 2237 tantum
965 2180 1347 2237 sublimitatis
1378 2180 1661 2246 elatos,ut
1690 2182 1888 2237 orbem

247 2274 601 2343 occuparint,
625 2277 684 2327 et
713 2271 1096 2343 adeo~dignos
1141 2287 1291 2335 esse,
1324 2275 1389 2325 ut
1420 2276 1626 2342 praeter
1655 2277 1891 2327 caeteros

246 2361 504 2432 ﬂoreant,
537 2361 636 2433 qui
687 2360 805 2415 illis
849 2360 1107 2415 officium
1165 2366 1371 2431 prater
1400 2365 1635 2415 caeteros
1670 2360 1892 2415 faciunt

242 2451 523 2523 (Tertull.,
557 2451 803 2521 Apolog.,
836 2467 962 2522 cap.
994 2449 1105 2521 25).
1131 2449 1240 2504 Sed
1300 2449 1407 2504 hoc
1451 2450 1888 2505 eruditissimus

238 2540 330 2596 ille
360 2541 671 2595 Africanus
703 2538 952 2610 scriptor
983 2539 1149 2605 falso,
1174 2538 1327 2593 sicut
1368 2555 1474 2594 suo
1505 2537 1631 2594 loco
1659 2539 1889 2593 videbi-

243 2628 608 2695 mus,falsius
640 2644 769 2683 esse
799 2627 1357 2683 demonstrat.Nunc
1379 2632 1571 2682 autem
1594 2628 1887 2698 quomodo

245 2718 344 2773 hoc
375 2719 572 2790 ipsum
607 2721 1020 2789 argumentum
1069 2733 1103 2772 a
1130 2715 1382 2771 Minucio
1430 2720 1629 2772 nostro
1660 2715 1887 2772 refella-

246 2813 352 2875 tur,
381 2806 843 2863 examinandum
874 2809 983 2861 est.

718 2958 871 3015 592
910 2956 1307 3013 ARTICULUS
1348 2956 1418 3012 II.

246 3064 525 3135 Quomodo
559 3066 846 3120 Minucius
871 3064 1078 3119 Caecilii
1122 3063 1346 3133 refellat
1391 3065 1799 3133 argumentum,
1832 3077 1896 3118 ac

307 3137 642 3192 demonstret
672 3137 1033 3191 Romanorum
1072 3136 1366 3205 imperium
1407 3136 1729 3204 neutiqu
1768 3135 1896 3189 illo-

309 3227 441 3263 rum
472 3210 535 3261 in
559 3208 686 3262 deos
734 3209 1017 3274 religione,
1050 3208 1145 3261 sed
1192 3208 1473 3275 impietate
1519 3214 1569 3260 et
1614 3206 1904 3261 sceleribus

308 3296 427 3335 esse
458 3280 777 3349 fundatum,
812 3279 1136 3347 nullumque
1164 3277 1358 3349 iisdem
1388 3278 1643 3347 Romanis
1684 3277 1753 3331 ad
1777 3293 1906 3349 pro-

301 3348 603 3424 pagandos
630 3351 790 3421 regni
817 3349 953 3419 ﬁnes
977 3349 1255 3424 auxilium
1277 3348 1403 3402 deos
1434 3349 1643 3424 tulisse,
1670 3348 1907 3424 necipri-

304 3420 399 3478 'mo
454 3420 1041 3494 quidem’peregrinos
1087 3420 1444 3494 et_advenas,
1492 3421 1716 3475 Martem
1748 3420 1907 3494 Thra-

306 3491 496 3559 cium,
556 3491 737 3549 Jovem
790 3492 1087 3561 Creticum,
1144 3492 1412 3545 lunonem
1468 3494 1748 3560 Argivam,
1806 3491 1904 3547 Sa-

305 3569 495 3620 miam
550 3568 603 3620 el
662 3566 906 3632 Poenam,
964 3579 1062 3619 nec
1125 3562 1364 3617 Dianam
1429 3563 1741 3630 Tauricam,
1806 3570 1912 3619 aut

307 3639 529 3695 ldwam
558 3640 819 3691 Matrem.

308 3751 653 3809 Ridiculam
687 3752 1083 3807 Romanorum
1115 3750 1175 3805 in
1200 3750 1337 3806 deos
1368 3766 1507 3805 suos
1537 3749 1908 3822 pietatisjac-

240 3843 506 3897 tentiam
532 3845 699 3896 tanta
723 3839 1005 3895 facilitate
1054 3840 1344 3895 Minucius
1376 3838 1663 3912 reprimit,
1692 3844 1914 3911 quanta

245 3929 588 3986 temeritate
619 3929 1001 3985 venditabant
1033 3944 1094 3984 se
1142 3926 1429 4000 singulari
1460 3927 1911 3999 castissimoque

259 4020 600 4074 eorumdem
623 4019 863 4073 deorum
888 4016 1051 4073 cultu
1074 4016 1551 4073 meruissetotius
1574 4016 1780 4072 mundi
1802 4017 1913 4072 im-

260 4108 510 4177 perium.
543 4106 776 4163 Nullius
808 4107 965 4163 enim
1004 4106 1214 4180 gentis,
1248 4106 1366 4162 sive
1412 4106 1540 4177 ejus
1570 4106 1912 4177 primordia,

265 4196 386 4251 sive
416 4213 760 4268 progressus
792 4196 1237 4268 spectes,major
1264 4195 1392 4262 fuit,
1418 4211 1596 4266 quam
1629 4194 1916 4251 Romano-

268 4300 400 4339 rum
430 4284 720 4357 impietas.
757 4284 963 4340 Sciunt
996 4300 1136 4339 sane
1164 4299 1367 4339 omnes
1398 4282 1643 4355 primam
1678 4283 1913 4339 illorum

268 4371 550 4443 originem
583 4391 699 4429 non
722 4372 959 4428 aliunde
984 4374 1429 4443 ductam,quam
1462 4388 1496 4427 a
1528 4372 1913 4444 perditorum,

270 4459 749 4533 facinorosorum,
775 4462 1506 4527 incestorum,sicariorum
1540 4466 1597 4517 et
1624 4468 1915 4535 grassato-

1999 538 2220 602 omnia,
2254 538 2536 595 hactenus
2586 547 2925 609 memorata,
2959 560 3027 598 ex
3057 544 3165 600 hoc
3214 544 3341 617 ipso
3392 549 3645 605 auctoris

1998 626 2123 681 loco
2154 626 2430 682 delibavit
2479 630 2692 701 (Cypr.,
2744 628 2845 685 lib.
2881 631 2945 687 de
2994 633 3124 689 idol.
3192 636 3323 689 Van.
3370 653 3499 709 pag.
3544 639 3644 704 16).

1999 715 2143 771 Cum
2169 722 2364 771 autem
2390 717 2508 771 haec
2533 718 2763 773 nemine
2786 720 3138 777 reclamante
3162 724 3281 778 sint
3298 726 3645 797 certissima,

1999 823 2069 862 ex
2098 807 2191 862 his
2223 816 2375 863 recte
2429 808 2719 864 Minucius
2770 818 2972 867 contra
3017 814 3307 871 Caecilium
3353 818 3650 873 concludit

1999 894 2149 950 nihil
2179 913 2307 951 esse
2335 896 2429 951 his
2461 897 2855 953 Romanorum
2908 900 3091 956 initiis
3124 925 3152 952 ‹‹
3185 904 3593 977 irreligiosius,
3620 929 3649 955 ››

2000 985 2306 1056 magisque
2338 985 2686 1041 sceleratum
2718 993 2776 1043 et
2806 988 3077 1060 impium.

2074 1073 2262 1145 Pergit
2288 1072 2408 1139 ille,
2443 1080 2498 1129 et
2526 1076 2783 1131 ostendit
2814 1077 3104 1136 Romanos
3136 1083 3359 1148 eadem,
3394 1102 3511 1156 qua
3539 1103 3650 1141 coe-

1999 1166 2226 1233 perant,
2260 1162 2559 1234 impietate
2590 1164 2902 1237 imperium
2934 1184 3106 1224 suum
3141 1188 3653 1245 propagasse,pro-

1997 1250 2184 1306 ximas
2222 1251 2489 1307 videlicet
2519 1253 2780 1309 civitates
2831 1273 2962 1311 cum
2999 1259 3121 1313 suis
3153 1260 3388 1332 templis
3418 1267 3473 1316 et
3504 1261 3652 1317 alta-

1999 1339 2163 1395 ribus
2194 1342 2730 1412 evertendo,captos
2752 1343 2949 1401 hostes
2974 1349 3233 1419 cogendo
3266 1351 3388 1405 suis
3421 1352 3652 1407 sceleri-

1998 1429 2111 1483 bus
2144 1429 2377 1495 sociari,
2412 1454 2441 1480 α
2473 1432 2811 1504 templaque
2862 1435 3059 1489 omnia
3100 1437 3171 1491 de
3220 1440 3538 1511 manubiis,
3592 1440 3650 1496 id

1999 1523 2107 1583 est,
2140 1519 2211 1573 de
2244 1519 2433 1575 ruinis
2465 1521 2725 1585 urbium,
2756 1544 2784 1573 »
2839 1522 3077 1579 Minucii
3124 1527 3298 1582 verba
3326 1534 3486 1598 sunt,
3520 1552 3549 1579 ‹‹
3582 1530 3653 1586 de

2002 1607 2208 1679 spoliis
2240 1608 2584 1678 deorum,de
2614 1611 2873 1667 caedibus
2907 1615 3651 1678 sacerdotum.construen-

2001 1696 2094 1752 do.
2128 1717 2154 1746 ››
2189 1698 2602 1765 Quamobrem,
2650 1721 2678 1749 «
2724 1700 2915 1768 toties,
2965 1724 2993 1751 ››
3052 1708 3116 1757 ut
3155 1703 3250 1759 ille
3308 1705 3499 1762 adhuc
3548 1708 3654 1778 ait,

2001 1807 2032 1836 «
2092 1786 2371 1841 Romanis
2430 1788 2741 1859 impiatum
2772 1795 2881 1857 est,
2939 1792 3167 1861 quoties
3202 1793 3651 1866 triumphatum.

2002 1876 2111 1930 Tot
2141 1875 2212 1929 de
2243 1876 2354 1930 diis
2386 1876 2592 1948 spolia,
2637 1883 2777 1949 quot
2822 1880 2893 1934 de
2939 1881 3212 1951 gentibus
3255 1887 3312 1937 et
3351 1888 3586 1956 tropaea.
3623 1906 3652 1936 ››

2002 1963 2166 2019 Unde
2197 1964 2348 2020 hanc
2380 1966 2758 2023 meritissimo
2796 1969 2931 2037 jure
2978 1969 3137 2025 elicit
3175 1972 3609 2030 conclusionem
3637 1992 3651 2031 :

2008 2075 2035 2108 ιι
2065 2054 2247 2126 Igitur
2278 2056 2518 2110 Romani
2555 2072 2668 2111 non
2703 2057 2831 2112 ideo
2863 2058 3028 2125 tanti,
3063 2062 3217 2131 quod
3249 2062 3527 2135 religiosi,
3550 2064 3651 2119 sed

2000 2144 2155 2215 quod
2189 2144 2431 2215 impune
2461 2144 2746 2217 sacrilegi.
2782 2168 2810 2195 ››

2070 2232 2404 2303 Perpendas
2440 2239 2632 2289 autem
2682 2234 2877 2298 velim,
2929 2240 3126 2293 utrum
3172 2240 3485 2308 Minucius,
3518 2259 3652 2299 cum

2000 2322 2123 2377 haec
2156 2322 2459 2389 scriberet,
2493 2323 2563 2377 ad
2598 2324 2941 2379 Tertulliani
2978 2328 3121 2398 Apol
3144 2330 3434 2401 ogeticum
3461 2349 3573 2387 non
3600 2349 3659 2388 re

1999 2413 2269 2484 spexerit.
2304 2413 2450 2467 Nam
2484 2413 2542 2467 in
2566 2414 2672 2469 hoc
2703 2414 2851 2471 libro
2886 2423 3201 2490 postquam
3224 2423 3487 2477 eamdem
3524 2422 3654 2479 eth-

1998 2503 2264 2557 nieorum
2320 2501 2691 2571 jactationem
2745 2507 3057 2578 exagitavit
3105 2514 3280 2582 atque
3335 2512 3652 2584 oppressit,

1998 2596 2412 2663 argumentum
2442 2608 2612 2647 suum
2642 2592 2750 2649 hac
2771 2595 2951 2649 simili
2974 2598 3348 2654 conclusione
3370 2600 3618 2656 absolvit
3642 2619 3655 2657 :

1999 2702 2028 2731 α
2061 2682 2209 2753 Ergo
2242 2697 2355 2736 non
2402 2687 2536 2736 ante
2580 2681 2836 2754 religiosi
2886 2684 3156 2752 Romani,
3197 2704 3375 2759 quam
3428 2689 3650 2762 magni,

1996 2768 2245 2840 ideoque
2266 2786 2381 2824 non
2404 2769 2476 2824 ob
2498 2769 2607 2825 hoc
2629 2771 2996 2845 magni,quia
3016 2774 3477 2849 religiosi.Atqui
3508 2795 3653 2849 quo-

1998 2858 2173 2912 modo
2204 2858 2276 2912 ob
2310 2856 2649 2930 religionem
2682 2860 2902 2931 magni,
2943 2863 3160 2932 quibus
3209 2866 3551 2937 magnitudo
3579 2868 3653 2922 de

2000 2944 2432 3017 irreligiositate
2462 2948 2774 3018 provenit?
2802 2948 2867 3002 Ni
2923 2950 3091 3005 fallor
3137 2953 3316 3021 enim,
3349 2972 3521 3011 omne
3570 2972 3655 3011 re-

2004 3050 2185 3108 gnum
2211 3034 2296 3090 vel
2328 3036 2639 3107 imperium
2674 3037 2826 3093 593
2862 3039 3032 3095 bellis
3063 3042 3366 3112 quaeritur,
3398 3048 3454 3099 et
3482 3044 3662 3100 victo-

2012 3123 2116 3178 riis
2161 3130 2535 3195 propagatur.
2574 3126 2744 3181 Porro
2794 3126 2942 3182 bella
2988 3134 3045 3183 et
3092 3130 3345 3186 victoria.-
3393 3134 3579 3203 captis
3608 3135 3669 3187 et

2015 3210 2231 3267 eversis
2270 3211 2593 3283 plurimum
2646 3214 2890 3270 urbibus
2937 3222 3225 3274 constant.
3262 3220 3321 3274 Id
3372 3222 3669 3292 negotium

2016 3300 2143 3356 sine
2172 3302 2414 3356 deorum
2446 3302 2663 3371 injuria
2704 3320 2815 3359 non
2848 3309 2958 3360 est.
2992 3305 3220 3362 Eaedem
3270 3314 3497 3382 strages
3530 3327 3667 3365 mm-

2017 3390 2179 3445 nium
2208 3394 2265 3445 et
2296 3390 2670 3462 templorum,
2704 3409 2873 3463 pares
2922 3395 3106 3451 caedes
3143 3397 3356 3453 civium
3388 3406 3445 3454 et
3474 3416 3666 3455 sacer-

2017 3479 2363 3544 dotum,nec
2393 3479 2717 3535 dissimiles
2750 3481 2964 3554 rapinis
2996 3501 3297 3542 sacrarum
3332 3487 3669 3545 divitiarum

2016 3574 2074 3624 et
2103 3569 2500 3639 profanarum.
2534 3569 2645 3624 Tot
2693 3569 2874 3642 igitur
2911 3573 3217 3647 sacrilegia
3246 3576 3669 3650 Romanorum,

2018 3663 2161 3729 quot
2188 3662 2441 3729 tropaea:
2476 3662 2563 3713 tot
2602 3659 2673 3714 de
2703 3660 2837 3728 diis,
2871 3668 3013 3733 quot
3053 3664 3124 3719 de
3154 3666 3427 3737 gentibus
3458 3668 3670 3722 trium-

2018 3747 2157 3819 phi:
2191 3750 2279 3801 tot
2310 3747 2621 3812 manubiae,
2654 3755 2800 3819 quot
2844 3757 3081 3808 manent
3128 3754 3318 3811 adhuc
3359 3756 3674 3813 simulacra

2020 3834 2384 3907 captivorum
2444 3836 2707 3892 deorum.
2770 3860 2798 3887 ››
2856 3840 3124 3915 Tertull.,
3184 3845 3363 3915 λιμοι,
3405 3862 3531 3918 cap.
3580 3847 3673 3917 25,

2021 3940 2153 3997 pag.
2184 3925 2303 3995 28.)

2093 4014 2254 4079 Quod
2278 4018 2471 4069 autem
2488 4016 2777 4072 Minucius
2798 4034 2867 4073 ex
2888 4018 3146 4075 hostium
3166 4020 3519 4093 urbiumque
3537 4038 3672 4093 cap-

2019 4106 2213 4157 tarum
2249 4102 2547 4159 manubiis
2575 4104 2795 4177 templa
2816 4106 3058 4163 deorum
3090 4126 3124 4164 a
3145 4109 3423 4164 Romanis
3453 4110 3679 4166 victori.

2021 4191 2132 4245 bus
2154 4194 2488 4246 constructa
2517 4192 2710 4258 refert,
2736 4194 2793 4248 id
2823 4194 2971 4250 Flori
2996 4197 3328 4253 testimonio
3349 4196 3679 4253 luculenter

2022 4280 2420 4336 conﬁrmatur.
2454 4279 2534 4335 De
2565 4282 2885 4352 Tarquinio
2917 4286 3133 4339 etenim
3176 4285 3438 4358 Superbo
3463 4286 3580 4341 haec
3604 4286 3675 4342 ab

2023 4386 2089 4426 eo
2120 4370 2415 4425 memorias
2448 4372 2724 4426 mandata
2752 4372 3001 4445 legimus
3026 4391 3038 4430 :
3064 4399 3092 4424 u
3120 4375 3199 4430 De
3228 4376 3524 4432 manubiis
3546 4393 3677 4447 cap—

2021 4463 2218 4513 tarum
2250 4459 2485 4513 urbium
2507 4460 2791 4531 templum
2816 4462 3013 4517 erexit.
3039 4485 3067 4511 ››
3088 4463 3285 4535 (Flor.,
3305 4463 3407 4519 lib.
3443 4483 3461 4520 1
3492 4470 3619 4519 Rer.
3644 4482 3680 4520 a

268 4562 410 4601 rum
444 4550 826 4615 multitudine,
868 4551 926 4605 in
950 4549 1178 4623 asylum
1208 4554 1581 4623 congregata,
1611 4567 1677 4605 ac
1709 4552 1921 4606 Romuo
1951 4565 1997 4629 D
2027 4553 2185 4604 Rom.
2217 4556 2376 4617 gest,
2408 4564 2535 4618 cap.
2583 4549 2665 4618 7.)
2715 4549 3139 4607 Tertullianum
3179 4569 3313 4609 vero
3346 4572 3479 4609 mox
3509 4555 3679 4610 audi-

266 4634 397 4690 lum
412 4639 936 4710 parricidiojecisse
950 4640 1113 4695 urbis
1126 4656 1244 4695 suae
1260 4638 1397 4693 fund
1408 4639 1918 4711 amenta(August.

266 4723 468 4791 lib.m,
496 4728 561 4783 de
606 4729 790 4798 Civit.,
841 4746 967 4802 cap.
990 4729 1045 4797 6,
1099 4744 1231 4801 pag.
1293 4729 1399 4796 62;
1450 4728 1639 4783 Livius
1687 4732 1745 4783 et
1773 4728 1917 4797 alii).

268 4812 407 4868 Mox
436 4814 532 4871 ille
564 4840 591 4866 «
623 4815 865 4883 alienas,
897 4839 926 4870 ιο
983 4817 1066 4872 uti
1100 4816 1395 4872 Minucius
1447 4815 1549 4881 ait,
1587 4839 1607 4865 ι
1661 4817 1921 4890 virgines

271 4902 406 4958 sine
439 4921 613 4975 more,
648 4928 676 4957 »
712 4906 769 4961 id
800 4911 907 4977 est,
942 4906 1069 4963 sine
1126 4905 1245 4961 ullo
1302 4904 1564 4977 exemplo
1622 4910 1723 4961 aut
1772 4907 1923 4961 bono

274 5006 463 5060 more,
494 5016 521 5043 ‹‹
554 4995 772 5067 rapuit.
808 5018 836 5045 »
864 4995 986 5059 Quo
1016 4994 1292 5067 loquendi
1326 4994 1497 5049 modo
1528 4994 1599 5049 ad
1624 4993 1769 5049 illud
1802 4995 1921 5051 Vir-

276 5079 561 5149 gilianum
594 5083 836 5139 alludit:
912 5136 919 5141 .

546 5246 559 5259 .
627 5210 735 5274 ._Et
764 5213 944 5274 raptas
969 5210 1084 5274 sige
1112 5222 1263 5274 more
1292 5208 1534 5257 Sabinas.

613 5272 839 5336 (Virgil.,
869 5286 953 5323 vm
976 5272 1206 5330 zEneid.,
1238 5285 1286 5320 ν.
1319 5274 1450 5326 655.)

345 5382 492 5440 Tum
522 5386 732 5442 deinde
766 5387 1051 5444 Romulus
1084 5386 1301 5443 bellum
1329 5382 1528 5440 intulit
1556 5402 1578 5431 α
1603 5399 1802 5440 earum
1834 5401 1930 5457 pa-

285 5475 566 5541 rentibus,
596 5476 653 5531 id
686 5482 794 5547 est,
830 5478 1045 5533 soceris
1078 5477 1221 5533 suis.
1250 5498 1279 5526 »
1312 5477 1449 5540 Quae
1484 5473 1722 5545 quidem
1754 5476 1931 5531 verba

290 5556 337 5615 in
368 5565 530 5636 regio
560 5565 754 5622 codice
783 5565 1199 5640 leguntur.Cur
1225 5580 1361 5637 ergo
1392 5562 1492 5619 illa
1519 5562 1761 5634 quidam
1783 5580 1926 5635 prae-

289 5659 511 5717 Postere
530 5655 713 5711 textui
738 5655 958 5713 inserta
979 5656 1445 5723 ariolentur,non
1464 5653 1749 5711 videmus.
1768 5653 1932 5710 Adde

2027 4637 2223 4692 vimus
2252 4636 2538 4691 dicentem
2572 4637 2967 4694 Romanorum
3002 4644 3309 4699 manubias
3338 4659 3466 4700 esse
3500 4644 3680 4716 capti-

2028 4742 2235 4781 vorum
2265 4727 2506 4780 deorum
2538 4726 2872 4783 simulacra.
2904 4731 2974 4784 At
3004 4730 3112 4786 hoc
3143 4733 3378 4805 quidem
3414 4750 3528 4789 non
3570 4733 3680 4787 mi-

2032 4832 2145 4871 nus
2177 4818 2373 4887 aperte
2404 4814 2496 4870 his
2526 4815 2827 4872 Prudentii
2860 4819 3122 4875 versibus
3154 4823 3472 4878 asseritur:

2124 4950 2443 4998 Innumeros
2473 4953 2593 5011 post
2620 4948 2813 4999 deinde
2845 4951 2991 5011 deos,
3024 4954 3215 5005 virtute
3245 4956 3476 5005 subactis

2126 5012 2375 5082 llr-bibus,
2406 5025 2471 5061 ex
2487 5012 2655 5082 claris
2684 5015 2891 5082 peperit
2920 5016 3018 5064 sibi
3052 5018 3220 5067 Roma
3244 5019 3552 5082 triumphis,

2128 5075 2271 5123 Inter
2292 5075 2562 5123 fumantes
2589 5075 2909 5138 templorum
2938 5085 3143 5129 armata
3173 5081 3356 5129 ruinas

2130 5138 2358 5204 _Dextera
2387 5137 2616 5204 victoris,
2649 5140 2931 5189 simulacra
2959 5141 3166 5191 hostilia
3197 5144 3353 5204 cepit,

2128 5199 2192 5249 Et
2220 5200 2430 5262 captiva
2463 5202 2698 5260 domum,
2732 5216 2993 5251 venerans
3013 5218 3110 5253 ceu
3139 5199 3362 5253 numina
3391 5204 3555 5254 vexit.

2133 5324 2707 5391 Romatriumphantis
2727 5326 2937 5391 quoties
2966 5327 3114 5375 ducis
3143 5329 3344 5391 inclyta
3373 5342 3586 5378 currum

2132 5387 2408 5435 Plausibus
2434 5388 2660 5447 excepit.
2690 5389 2849 5435 toties
2879 5389 3066 5437 altaria
3094 5387 3276 5439 divum

2136 5450 2368 5507 Addidit,
2404 5454 2457 5498 et
2486 5450 2667 5512 spoliis
2698 5450 2908 5498 sibimet
2938 5464 3073 5499 uova
3105 5455 3326 5503 numina
3354 5454 3496 5507 fecit.

2599 5528 2893 5588 (Prudent.,
2926 5531 2963 5590 Ι,
2997 5532 3310 5595 Symmach.,
3339 5538 3452 5595 52.)

2111 5657 2182 5710 At
2210 5652 2445 5710 brevius
2474 5652 2812 5710 Lactantius
2842 5658 2898 5709 et
2926 5656 3147 5728 templa
3176 5662 3235 5714 et
3264 5658 3578 5716 simulacra
3608 5658 3687 5714 si-
