3942 6162
378 344 493 405 6H

1668 336 1771 397 DE
1813 327 2121 396 MINUCII
2165 326 2508 391 OCTAVIO

3810 9 3942 177 τι

3677 318 3785 385 ΘΙΙ

379 478 694 551 gniﬁeasse
714 478 963 533 videtur.
999 475 1104 531 Ubi
1156 473 1311 530 enim
1350 469 1612 529 hostium
1643 470 1819 526 urbes
1849 466 2030 524 armis
2060 469 2113 537 Α
2214 462 2447 519 Videsis
2478 457 2853 551 Pausaniam.
2878 453 3005 551 (lib.
3056 468 3146 551 ιι]⁸
3172 468 3305 526 pag.
3356 453 3549 551 58,_et
3576 454 3784 551 Ιῇὴέιιι,

381 568 780 623 Romanorum
831 568 1145 622 subversas
1191 568 1499 633 memorat,
1530 562 1610 617 ibi
1670 559 2035 616 continenter

380 659 728 730 subjungit:
766 680 792 708 ‹‹
822 657 1177 713 Consecrant
1221 654 1334 709 diis
1367 653 1676 709 manubias
1706 655 1759 705 et
1796 650 2032 720 rapinas

379 765 539 804 suae.
580 772 599 796 ι
636 748 845 819 (Lact.,
878 746 979 801 lib.
1016 763 1033 801 ι
1065 746 1252 802 Instit.
1312 760 1437 815 cap.
1484 743 1537 805 6,
1575 756 1702 813 pag.
1740 738 1880 804 170;
1908 735 2031 791 Uis-

377 845 516 896 sert.
552 839 609 894 in
642 840 905 894 Lactant.
940 854 1066 909 cap.
1099 836 1305 900 33,art.
1340 834 1499 904 4.)Ex
1532 829 1825 887 manubiis
1859 827 2034 896 siqui—

377 930 534 999 dem,
567 929 624 983 id
658 933 765 994 est,
801 926 1062 999 pecuniis
1094 942 1163 980 ex
1191 924 1424 979 vendita
1468 920 1729 976 hostium
1764 934 2031 984 suorum,

377 1022 444 1073 ut
474 1018 613 1072 alibi
648 1016 1088 1088 explicabimus,
1124 1012 1320 1086 praeda
1350 1010 1585 1075 coactis,
1620 1025 1767 1064 nova
1788 1009 2030 1062 deorum

378 1107 743 1162 mdiﬁcabant
792 1104 1032 1175 templa,
1064 1120 1129 1158 ac
1186 1107 1373 1173 rapta,
1414 1114 1726 1170 secumque
1783 1097 2030 1152 Romam

378 1201 675 1268 asportata
697 1195 934 1249 deorum
960 1192 1294 1257 simulacra,
1320 1196 1377 1245 et
1405 1190 1465 1244 in
1496 1187 1732 1259 templis
1762 1186 1887 1241 suis
1908 1182 2030 1239 col-

376 1283 567 1340 locata
596 1286 789 1339 denuo
822 1282 1245 1338 consecrabant
1276 1280 1698 1350 ornabantque.

448 1374 636 1429 Testis
656 1389 888 1445 quoque
907 1373 1074 1427 nobis
1096 1376 1184 1426 est
1201 1369 1397 1425 Cicero
1423 1369 1749 1423 detractum
1773 1381 1807 1420 a
1831 1362 2031 1436 Diony-

376 1464 463 1520 sio
485 1470 733 1537 tyranno
757 1461 1223 1533 amiculum,quo
1245 1460 1445 1516 Jovem
1469 1461 1705 1513 ornarat
1733 1471 1801 1511 ex
1822 1470 2028 1510 manu-

378 1554 491 1609 biis
514 1552 1060 1624 Carthaginensium
1080 1553 1367 1622 tyrannus
1398 1546 1829 1612 Gelo.Quadam
1863 1543 2028 1600 insu-

378 1659 480 1714 per
508 1641 565 1697 in
598 1642 861 1696 oratione
892 1657 905 1695 :
932 1639 1038 1705 Qui
1064 1656 1197 1694 cum
1231 1637 1563 1706 )Etolis,ait,
1588 1634 1769 1692 Ennio
1792 1633 2027 1701 comite,

379 1730 617 1787 bellavit
636 1729 1018 1796 Fulvius,non
1044 1728 1333 1783 dubitavit
1355 1724 1877 1782 manubias.Musis
1899 1739 2031 1778 con-

378 1836 607 1877 secrare
636 1819 864 1909 (Cicer.,
906 1817 1006 1872 lib.
1060 1833 1119 1909 iii
1154 1817 1243 1909 _De
1288 1815 1706 1909 Naturdeui-a,
1738 1829 1870 1909 pag.
1901 1812 2029 1878 252,
2062 1839 2110 1909 Β

378 1909 483 1965 lin.
516 1910 605 1980 87,
640 1914 698 1963 et
728 1908 876 1965 Orat.
910 1923 1010 1979 pro
1038 1906 1266 1972 Archia,
1301 1922 1430 1979 pag.
1462 1905 1588 1971 390,
1620 1903 1724 1959 lin.
1767 1903 1881 1974 25).

453 1998 644 2071 Pergit
672 1996 961 2066 Octavius,
995 2002 1172 2067 atque
1197 2011 1304 2050 suo
1334 2002 1391 2050 et
1419 1993 1888 2049 Christianorum
1929 2007 2033 2046 no-

379 2092 537 2144 mine
569 2090 639 2143 ab
672 2085 1004 2142 adversario
1036 2102 1143 2141 suo
1176 2084 1425 2155 aliisque
1453 2082 1704 2139 ethnicis
1736 2083 1881 2153 petit
1902 2083 2033 2151 qui-

379 2194 514 2233 nam
548 2177 627 2231 dii
664 2175 942 2232 Romanis
973 2174 1411 2246 propitii,atque
1444 2172 1503 2227 in
1536 2171 1706 2227 bellis
1734 2172 1807 2227 ad
1832 2186 2037 2243 propa-

376 2271 599 2338 ganilos
629 2266 773 2321 ﬁnes
824 2264 1049 2335 imperii
1097 2262 1189 2318 sui
1239 2263 1538 2333 adjutores
1569 2261 1856 2325 venerint,
1890 2278 2032 2317 num

376 2353 666 2426 peregrini
697 2359 754 2408 et
783 2353 1038 2421 advenis,
1069 2351 1158 2408 vel
1191 2351 1408 2423 proprii
1458 2368 1525 2406 ac
1553 2349 1893 2406 vernaculi?
1932 2351 2033 2405 At-

378 2442 477 2516 qui
511 2442 655 2498 nulli
679 2459 747 2498 ex
778 2442 851 2497 iis
884 2458 1055 2513 opem
1080 2440 1360 2496 Romanis
1384 2440 1531 2495 ferre
1554 2438 2031 2512 potuerunt.Non

378 2531 551 2605 primi
583 2531 1002 2603 quidem.Nam
1038 2531 1330 2603 quomodo
1365 2529 1643 2585 Romanis
1676 2528 1909 2601 propitii
1933 2528 2033 2583 ad-

371 2623 714 2694 jutoresque
740 2621 1008 2688 fuissent,
1043 2620 1143 2693 qui
1180 2636 1483 2691 nunquam
1516 2626 1756 2692 potuere
1786 2618 2029 2673 clientes

378 2710 750 2784 cultoresque
780 2728 919 2767 suos
948 2716 1149 2767 contra
1191 2710 1449 2766 hostium
1494 2725 1739 2765 suorum
1770 2708 2028 2781 impetus

379 2800 581 2856 tueri?
614 2822 643 2849 ‹‹
674 2806 870 2872 Neque
900 2799 1056 2856 enim
1086 2800 1332 2866 eos,»ait
1362 2797 1711 2865 Minucius,«
1746 2797 2027 2852 adversus

380 2906 519 2945 suos
551 2889 841 2955 homines,
873 2906 907 2945 a
933 2888 1149 2961 quibus
1178 2888 1539 2955 colebantur,
1553 2885 1640 2942 vel
1673 2885 1824 2941 Mars
1844 2885 2027 2941 Thra-

380 2981 528 3050 cius,
560 2979 649 3036 vel
696 2980 925 3052 Jupiter
971 2978 1252 3046 Creticus,
1280 2977 1369 3034 vel
1416 2977 1571 3033 Juno
1615 2976 1842 3047 Argiva,
1874 2991 2029 3030 nunc

381 3074 578 3137 Poena,
612 3086 768 3124 nunc
818 3068 1001 3124 Diana
1054 3069 1325 3140 Taurica,
1373 3066 1460 3123 vel
1510 3071 1694 3122 mater
1739 3064 1909 3130 Idaea,
1941 3062 2028 3119 vel

380 3159 665 3232 Egyptia,
698 3158 799 3214 illa
830 3176 944 3213 non
979 3158 1131 3214 594
1176 3158 1441 3223 numina,
1473 3157 1575 3212 sed
1622 3161 1908 3228 portenta,
1935 3156 2030 3224 ju-

376 3255 596 3305 verant.
632 3271 659 3299 n
692 3249 803 3304 Eos
832 3249 1126 3304 enimvero
1176 3248 1567 3303 Romanorum
1614 3245 1794 3301 armis
1846 3243 2028 3299 victos
2060 3223 2103 3291 (οἶ

380 3338 838 3413 profligatosque
861 3338 1041 3394 fuisse
1072 3354 1243 3393 nemo
1274 3344 1363 3392 est
1389 3338 1488 3408 qui
1539 3336 1776 3391 nesciat.
1810 3336 2028 3400 Quam-

381 3432 581 3485 obrem
615 3427 1067 3501 Cyprianus,qui
1098 3427 1300 3482 eodem
1333 3442 1402 3482 ex
1433 3424 1540 3480 hoc
1572 3430 1805 3479 auctore
1828 3428 2027 3479 nostro

379 3520 606 3590 repetit,
640 3519 1006 3573 continenter
1048 3516 1297 3586 adjecit:
1331 3538 1359 3566 «
1393 3517 1528 3581 Quae
1573 3515 1773 3586 utique
1802 3512 1849 3569 si
1885 3511 2027 3584 quid

380 3606 689 3678 potestatis
719 3606 1201 3677 habuissent,sua
1228 3621 1296 3660 ac
1321 3620 1564 3660 suorum
1597 3620 1776 3677 regna
1805 3619 2030 3658 servas-

377 3702 526 3751 sent.
564 3718 591 3743 »
618 3696 809 3767 (Cypr.
844 3694 921 3749 lib
953 3737 969 3764 ,
993 3696 1070 3749 De
1096 3695 1291 3749 idolor.
1328 3695 1529 3757 ναίω..
1563 3710 1691 3765 pag.
1730 3693 1840 3763 13.)

446 3786 603 3841 Scire
635 3791 828 3840 autem
863 3784 913 3838 si
943 3784 1077 3856 quis
1108 3784 1323 3855 cupiat,
1366 3782 1468 3855 qui
1499 3783 1617 3837 sint
1644 3782 1906 3854 illi,quos
1927 3780 2030 3837 Mi-

375 3875 586 3931 nucius
612 3878 882 3947 portenta
904 3873 1215 3928 numinum
1241 3864 1851 3943 appellavit,dicemus
1876 3870 2028 3927 Mar-

371 3969 485 4020 tem
514 3966 643 4020 ideo
665 3964 978 4018 Thracium
1004 3961 1584 4035 cognominari,quia
1603 3960 1870 4016 nonnulli
1894 3976 2029 4016 eum

371 4071 439 4110 ex
470 4053 719 4111 Thracia
748 4052 1063 4109 oriundum
1096 4054 1464 4123 putaverunt,
1503 4049 1585 4104 uti
1615 4067 1649 4105 a
1680 4051 1849 4105 nobis
1889 4048 2033 4121 alibi

370 4144 742 4201 observatum
776 4147 865 4198 est
894 4144 1058 4213 (tom.
1096 4140 1116 4196 Ι
1151 4141 1412 4211 Apparat.
1464 4137 1566 4193 lib.
1620 4155 1703 4206 in,
1735 4138 2027 4194 dissertet.

371 4248 413 4302 ι,
446 4250 573 4304 cap.
605 4232 660 4302 9,
694 4236 803 4287 art.
841 4249 881 4302 ι,
908 4246 1039 4303 pag.
1066 4229 1215 4301 753).
1252 4228 1336 4282 Ad
1371 4227 1491 4283 haec
1522 4244 1654 4285 vero
1683 4228 2030 4285 Ammianus

370 4321 747 4378 Marcellinus
778 4322 1121 4393 (Ammian.,
1153 4317 1255 4373 lib.
1288 4333 1464 4387 xxvu,
1489 4334 1615 4389 cap.
1651 4318 1701 4384 4,
1740 4334 1871 4389 pag.
1902 4316 2027 4389 482)

370 4410 617 4467 Martem
649 4410 976 4467 Thracibus
1004 4408 1264 4465 maximo
1287 4407 1494 4463 honori
1516 4405 1819 4478 cultuique
1849 4406 2031 4463 fuisse

368 4501 739 4555 testificatur.

442 4589 522 4644 De
550 4590 689 4644 Jove
721 4594 913 4643 autem
958 4588 1201 4653 Cretico,
1255 4602 1431 4658 quem
1489 4585 1710 4641 scilicet
1755 4583 1815 4641 in

372 4685 575 4734 natum
592 4683 649 4733 et
662 4678 956 4750 sepultum
974 4676 1509 4747 ferebant,quemad
1521 4678 1755 4731 modum
1770 4674 2024 4744 Junone,

374 4784 507 4824 cum
541 4768 769 4839 Argiva,
801 4772 926 4822 tum
958 4767 1156 4823 Samia
1185 4766 1340 4822 haud
1371 4765 1552 4823 semel
1597 4766 2022 4840 disputavimus

373 4859 562 4929 (Tom.
598 4858 911 4929 IApparat.
946 4856 1046 4912 lib.
1081 4873 1165 4923 III,
1197 4873 1329 4928 cap.
1384 4856 1443 4924 7,
1474 4861 1581 4912 art.
1633 4858 1688 4923 4,
1739 4873 1870 4931 pag.
1893 4858 2021 4927 730,

372 4951 430 5002 et
454 4963 584 5018 cap.
616 4948 672 5013 8,
696 4952 804 5003 art.
838 4964 880 5015 1,
912 4962 1045 5019 pag.
1093 4946 1221 5011 735,
1271 4949 1329 5001 et
1373 4960 1501 5017 cap.
1547 4945 1640 5013 44,
1660 4951 1771 5002 art.
1800 4948 1856 5019 5,
1886 4962 2020 5021 pag.

370 5035 519 5109 827).

446 5126 570 5181 Huc
600 5124 839 5182 accedat
882 5125 1079 5182 Cicero
1124 5121 1249 5193 (lib.
1285 5138 1306 5181 ι
1347 5121 1413 5181 de
1445 5123 1655 5182 Natura
1699 5121 1851 5182 deor.
1888 5139 2019 5197 pag.

369 5217 518 5288 207),
552 5217 651 5289 qui
683 5217 754 5271 de
786 5216 975 5288 prima
1014 5215 1245 5271 Juuone
1293 5214 1414 5271 hmo
1464 5214 1712 5288 posteris
1741 5214 2019 5271 tradidit:

374 5328 402 5357 α
433 5310 505 5362 At
536 5324 650 5363 non
680 5314 770 5364 est
796 5306 951 5377 talis,
982 5323 1049 5362 ac
1079 5305 1329 5378 Sospita,
1360 5308 1592 5378 Argiva,
1625 5322 1728 5361 nec
1760 5304 2023 5360 Romana

373 5399 547 5450 Juno.
582 5398 727 5470 Ergo
762 5400 878 5452 alia
925 5396 1152 5468 species
1196 5396 1448 5450 Junonis
1478 5396 1735 5467 Argivis,
1766 5394 1881 5451 alia
1913 5394 2021 5449 La-

375 5484 534 5539 tinis.
569 5507 596 5535 »
634 5487 714 5542 De
744 5486 853 5542 hac
900 5493 1095 5543 autem
1147 5485 1377 5542 Junone
1424 5484 1567 5540 illud
1616 5484 1845 5558 Virgilii
1902 5500 2022 5540 car-

376 5589 510 5630 men
536 5573 789 5648 legimus
813 5594 825 5632 :

623 5709 821 5760 Juaoai
851 5709 1059 5775 Argivis
1079 5710 1253 5772 justus
1282 5706 1561 5759 adolemus
1581 5707 1834 5759 honores.

2142 568 2275 625 pag.
2306 552 2445 622 95.),
2483 548 2805 604 Luoianum
2836 544 2921 617 (de
2947 544 3197 613 Sacriﬁc.
3232 558 3362 615 pag.
3386 544 3534 614 185).
3558 549 3619 599 et
3646 544 3791 601 Stra-

2143 642 2352 697 bonem
2386 640 2512 711 (lib.
2548 656 2603 704 v,
2638 654 2765 710 pag.
2811 637 2936 705 215,
2970 639 3029 690 et
3074 632 3175 688 lib.
3240 650 3319 696 v1,
3351 649 3485 705 pag.
3514 634 3664 704 252),
3698 637 3791 706 qui

2144 730 2501 787 mentionem
2555 728 2713 782 illius
2763 726 2917 781 haud
2969 723 3149 780 semel
3208 723 3492 793 fecerunt,
3544 724 3699 779 sicut
3744 730 3797 779 et

2142 820 2241 876 alii
2273 820 2620 875 recentiores
2653 818 2796 871 bene
2832 812 3021 869 multi.

2214 910 2293 965 De
2358 910 2590 964 Junone
2654 922 2787 963 vero
2853 903 3050 960 Samia
3097 902 3217 957 hinc
3282 905 3485 958 narrat
3547 901 3801 957 Ethlius

2142 999 2293 1069 apud
2372 996 2727 1053 Clementem
2812 992 3269 1049 Alexandrinum
3346 992 3365 1062 (
3398 990 3653 1047 Admom’t
3733 992 3803 1047 ad

2142 1087 2297 1143 Gent.
2368 1103 2501 1158 pag.
2584 1086 2685 1155 30)
2746 1102 2759 1139 :
2818 1088 2927 1151 Τῆς
3008 1080 3215 1153 Σαμίας
3283 1081 3480 1152 “Ηρας,
3541 1078 3615 1141 ὥς
3695 1101 3802 1153 φη.

2141 1196 2222 1230 σιν
2285 1172 2533 1245 Α’ίθλιος,
2585 1171 2847 1249 πρότερον
2930 1172 3023 1243 μὲν
3099 1170 3165 1238 ἦν
3239 1167 3383 1230 σανὶς
3456 1167 3681 1245 ὕστερον
3748 1165 3805 1224 δὲ

2140 1264 2227 1321 ἐπὶ
2313 1262 2626 1339 Προκλέους
2710 1262 2994 1339 ἄρχοντος,
3058 1254 3481 1335 ἀνδριαντοειδὲς
3569 1257 3803 1335 ἐγένετο.

2142 1378 2170 1405 «ι
2204 1354 2683 1412 Samianunonis
2704 1352 2868 1425 prius
2908 1352 3143 1423 quidem
3189 1356 3310 1406 erat
3341 1348 3563 1419 tabula,
3599 1357 3810 1422 postea

2140 1450 2362 1515 autem,
2392 1443 2685 1499 Archonte
2718 1441 2971 1508 Procleo,
2996 1440 3053 1495 in
3086 1440 3337 1495 formam
3368 1445 3575 1495 statua:
3606 1440 3812 1495 efﬁcta

2140 1545 2247 1592 est.
2279 1557 2307 1585 »
2342 1533 2506 1589 Unde
2528 1536 2688 1605 patet
2714 1548 2890 1604 quam
2945 1529 3189 1601 antiqua
3228 1529 3403 1584 fuerit
3431 1528 3592 1584 illius
3642 1530 3811 1601 apud

2140 1624 2407 1680 ethnicos
2435 1620 2751 1677 veneratio.
2776 1622 2915 1692 Lege
2937 1618 3153 1681 adhuc,
3174 1618 3221 1673 si
3244 1616 3407 1684 velis,
3440 1617 3810 1676 Pausaniam

2138 1713 2267 1784 (lib.
2295 1730 2394 1783 vn,
2428 1728 2559 1786 pag.
2615 1711 2766 1781 209),
2816 1715 2873 1764 et
2928 1708 3234 1780 Origenem
3295 1706 3419 1779 (lib.
3480 1724 3555 1768 1v,
3608 1707 3810 1764 Contr.

2142 1803 2307 1871 Cels.,
2341 1818 2472 1875 pag.
2509 1800 2653 1871 196).
2690 1798 3003 1870 Utriusque
3035 1814 3206 1869 porro
3237 1795 3396 1852 illius
3424 1796 3713 1861 Junonis,
3744 1814 3811 1853 ac

2141 1894 2347 1960 tertiae,
2379 1908 2509 1963 quas
2538 1892 2727 1955 Pana,
2758 1905 2860 1945 seu
2922 1886 3397 1957 Carthaginensis
3454 1887 3808 1957 vocabatur,

2143 1982 2235 2040 his
2265 1981 2542 2052 Virgilius
2573 1978 2933 2036 carminibus
2965 1976 3267 2034 meminit:

2236 2124 2373 2175 Urbs
2402 2122 2620 2187 antiqua
2648 2122 2750 2172 fuit
2772 2120 2932 2186 (Tyrii
2959 2124 3184 2171 tenuere
3215 2118 3413 2177 coloni)

2235 2188 3348 2249 Carthago...........

3146 2264 3153 2274 ι

2206 2286 2221 2301 ο
2288 2285 2303 2301 ο
2374 2287 2386 2298 ι
2456 2286 2463 2293 ο
2538 2283 2550 2297 ο
2619 2282 2634 2296 ο
2704 2281 2717 2296 ο
2786 2283 2799 2295 ο
2870 2282 2883 2294 ο
2953 2281 2966 2294 ο
3037 2283 3048 2293 ο
3121 2282 3133 2294 ο
3204 2279 3217 2293 ο
3284 2279 3299 2292 σ

2235 2313 2403 2371 Quam
2430 2312 2573 2360 Juno
2603 2309 2773 2359 fertur
2800 2310 2956 2359 terris
2985 2308 3153 2367 magis
3182 2308 3435 2356 omnibus
3466 2320 3631 2357 unam

2237 2375 2541 2423 Posthaiiita
2570 2373 2795 2421 coluisse
2825 2376 3020 2420 Samo:
3052 2371 3137 2419 hic
3166 2371 3307 2419 illius
3336 2384 3504 2431 arma,

2236 2439 2335 2487 Hic
2354 2451 2543 2486 currus
2572 2435 2704 2485 fuit:
2730 2435 2832 2483 hoc
2863 2448 3082 2493 regnum
3116 2437 3215 2482 dea
3242 2434 3493 2490 gentibus
3517 2446 3659 2492 esse,

2235 2501 2288 2549 Si
2319 2513 2426 2564 qua
2456 2500 2565 2548 fata
2594 2500 2794 2554 sinant,
2821 2498 2929 2561 jam
2964 2502 3074 2546 tum
3107 2496 3385 2560 tenditque
3415 2494 3688 2559 fovetque.

2233 2624 2405 2676 Prima
2433 2624 2579 2687 quod
2602 2622 2667 2674 ad
2698 2623 2907 2687 Trojam
2939 2636 3036 2685 pro
3059 2622 3238 2671 charis
3266 2625 3503 2682 gesserat
3527 2623 3703 2686 Argis.

2789 2700 2978 2764 (Virg.,
3000 2700 3036 2750 l.
3067 2714 3081 2748 ι
3112 2698 3336 2759 ,Εηεὶόη
3366 2713 3419 2762 v,
3444 2698 3542 2762 16.)

2213 2835 2465 2904 Denique
2494 2836 2566 2890 de
2595 2838 2775 2889 Matre
2807 2834 2953 2889 Idaea
2983 2833 3137 2889 infra
3166 2834 3411 2900 dicetur,
3446 2833 3600 2888 sicut
3638 2837 3693 2888 et
3722 2831 3797 2888 de

2138 2926 2486 2982 monstrosis
2517 2924 2920 2996 Egyptiorum
2954 2922 3300 2978 numinibus
3320 2922 3593 2993 superius
3616 2922 3795 2977 disse-

2138 3017 2387 3072 ruimus.
2421 3015 2488 3069 Et
2512 3014 2572 3068 hi
2618 3012 2855 3083 quidem
2891 3012 2971 3067 dii
3002 3013 3238 3083 deaeque
3268 3017 3425 3076 sunt,
3459 3028 3609 3083 quos
3640 3012 3793 3066 sicut

2137 3104 2319 3160 alium
2347 3102 2669 3176 quemlibet
2709 3100 2934 3157 nullam
2988 3101 3230 3157 omnino
3286 3117 3455 3174 opem
3507 3100 3789 3155 Romanis

2137 3194 2348 3250 tulisse
2378 3192 2669 3247 Minucius
2722 3197 2870 3246 recte
2919 3191 3194 3246 asseruit.
3243 3191 3359 3246 Nec
3410 3189 3584 3262 longe
3624 3189 3788 3246 aliter

2141 3284 2421 3339 adversus
2443 3279 2860 3353 Symmachum
2891 3280 3239 3335 Ambrosius
3260 3285 3464 3352 postea
3482 3295 3795 3351 argumen-

2138 3378 2299 3428 tatus
2328 3376 2451 3427 est:
2485 3394 2515 3421 ‹‹
2546 3370 2751 3425 Utrum
2784 3369 3005 3435 volunt,
3041 3369 3278 3443 eligant.
3313 3370 3371 3425 Si
3417 3370 3475 3423 in
3511 3369 3793 3424 Romanis

2136 3463 2402 3519 vicerunt
2431 3476 2617 3523 sacra,
2653 3459 2711 3513 in
2760 3458 3321 3531 Carthaginensibus
3352 3475 3488 3531 ergo
3519 3463 3794 3530 superata

2138 3556 2313 3609 sunt:
2349 3549 2400 3605 si
2457 3549 2515 3603 in
2574 3548 2725 3606 595
2786 3548 3349 3620 Carthaginensibus
3405 3546 3792 3620 triumphata,

2138 3658 2243 3697 nec
2274 3638 2553 3695 Romanis
2585 3637 2786 3709 utique
2808 3638 3175 3709 profuerunt.
3205 3660 3233 3687 ››
3264 3638 3584 3707 (Ambros.,
3615 3638 3792 3707 Epist.

2144 3731 2227 3797 18,
2261 3729 2369 3798 §6,
2403 3743 2533 3799 pag.
2564 3727 2715 3793 834.)

2212 3818 2383 3874 Recte
2413 3832 2550 3888 ergo
2608 3815 2903 3871 Minucius
2955 3833 3024 3872 ex
3080 3816 3254 3872 dictis
3313 3815 3613 3871 concludit
3654 3815 3797 3871 nihil

2140 3908 2331 3981 magis
2362 3906 2523 3962 dictu
2559 3905 2905 3963 absurdum.
2931 3922 3109 3978 quam
3145 3907 3218 3962 ab
3249 3905 3659 3978 hujuscemodi
3681 3904 3799 3961 diis

2139 4002 2196 4055 et
2224 3996 2447 4051 deabus
2477 3995 2738 4050 desertos
2776 4011 3210 4068 oppressosque
3248 3995 3502 4051 cultores
3536 4011 3700 4058 suos,
3730 3998 3802 4049 ut

2142 4085 2387 4142 Romani
2420 4084 2648 4157 imperii
2682 4085 2825 4140 iines
2867 4083 3272 4141 dilatarentur.
3306 4084 3593 4140 Eumdem
3626 4083 3800 4157 plane

2138 4174 2200 4231 in
2232 4174 2475 4230 modum
2504 4172 2657 4229 idem
2684 4173 3027 4229 Ambrosius
3058 4174 3342 4230 adversus
3375 4173 3801 4245 Symmachum

2139 4263 2457 4336 disputavit
2479 4280 2529 4318 τα
2563 4262 2707 4318 Nam
2741 4262 2812 4318 de
2840 4263 3229 4335 Senonibus,»
3250 4279 3431 4335 supra
3459 4279 3492 4317 a
3514 4262 3797 4330 Minucio,

2140 4353 2293 4409 sicut
2341 4352 2619 4421 vidimus,
2661 4351 2838 4408 tacito
2886 4358 3081 4409 tamen
3136 4352 3397 4418 nomine,
3445 4351 3797 4425 designatis,

2139 4466 2167 4494 ‹‹
2202 4442 2341 4516 quid
2373 4441 2603 4515 loquar.
2649 4458 2797 4514 quos
2846 4442 3111 4514 Capitolii
3156 4448 3377 4499 secreta
3419 4448 3799 4513 penetrantes

2138 4534 2409 4590 Romanis
2440 4530 2700 4603 reliquiae
2724 4548 2835 4586 non
2860 4532 3157 4593 tulissent.
3195 4531 3306 4588 nisi
3328 4547 3428 4587 eos
3450 4532 3669 4604 pavido
3697 4549 3798 4587 au-

1860 4586 2027 4695 (ίῗξίίθλ
2056 4602 2102 4668 Ι)
2246 4586 2503 4693 strepitu
2541 4586 3028 4691 prodidissetmn
3049 4586 3507 4695 qualesvtempla
3531 4586 3801 4676 Romana

2134 4710 2414 4785 prasules
2444 4709 2758 4765 habebant.
2795 4710 2901 4766 Ubi
2932 4715 3073 4767 tunc
3117 4716 3242 4767 erat
3279 4709 3563 4781 Jupiter?
3614 4711 3709 4765 An
3739 4710 3799 4764 in

2134 4817 2339 4857 ansere
2367 4798 2763 4871 loquebatur?
2796 4823 2817 4849 ι
2873 4801 3057 4872 (Idem
3090 4805 3118 4873 ξ
3164 4802 3224 4867 5,
3256 4816 3419 4872 supr.
3455 4804 3567 4855 art.
3606 4802 3688 4870 1.)
3721 4798 3802 4856 Et

2130 4888 2436 4946 Annibalis
2464 4888 2725 4944 victoriis
2754 4888 2931 4945 simili
2968 4891 3139 4947 modo
3172 4889 3417 4963 gentiles
3452 4890 3802 4961 premebat:

2139 5002 2162 5030 a
2192 4977 2443 5035 Annibal
2476 4978 2576 5033 diu
2601 4978 2784 5035 sacris
2806 4979 3109 5036 insultavit
3128 4978 3494 5049 Romanis,et
3525 4978 3643 5035 diis
3664 4994 3807 5034 con-

2131 5071 2224 5124 tra
2250 5084 2315 5124 se
2343 5067 2765 5123 dimicantibus
2797 5084 2986 5141 usque
3013 5069 3084 5125 ad
3118 5085 3321 5125 muros
3351 5068 3518 5124 urbis
3554 5068 3806 5126 vincen-

2134 5159 2238 5215 dos
2269 5156 2671 5230 pervenit.Cur
2702 5172 2763 5213 se
2791 5158 3045 5214 obsideri
3077 5158 3234 5231 passi
3269 5162 3541 5228 sunt,pro
3574 5157 3808 5228 quibus

2133 5248 2373 5304 deorum
2406 5262 2649 5301 suorum
2682 5263 2845 5303 arma
2890 5249 3271 5322 pugnabant?
3299 5268 3329 5301 ι)
3374 5247 3624 5319 (Ambr.,
3659 5245 3806 5301 ibid.

2131 5339 2162 5413 §
2194 5339 2269 5409 4.)
2298 5336 2427 5402 Adi,
2461 5335 2509 5389 si
2542 5335 2703 5391 lubet
2731 5342 2789 5391 et
2818 5345 3003 5403 vacat,
3036 5355 3163 5409 quae
3214 5336 3433 5392 ibidem
3484 5335 3807 5391 annotavi-

2134 5443 2286 5483 mus.
2318 5422 2555 5480 Nullum
2587 5425 2767 5497 igitur
2795 5426 3038 5483 Romani
3061 5424 3417 5495 subsidium,
3452 5441 3570 5495 quo
3602 5424 3811 5497 impe-

2131 5517 2284 5574 rium
2320 5531 2493 5571 suum
2525 5521 2857 5588 augeretur,
2890 5534 2923 5573 a
2953 5515 3277 5591 peregrinis
3298 5515 3411 5572 diis
3435 5527 3539 5569 nec
3561 5528 3819 5588 compa-

2131 5622 2280 5677 rare,
2308 5621 2413 5662 nec
2461 5621 2697 5680 sperare
2727 5611 3063 5679 potuerunt,
3106 5620 3296 5682 neque
3352 5604 3529 5662 etiam
3582 5612 3618 5661 a
3672 5618 3817 5663 ver-

2132 5694 2357 5753 naculis
2408 5711 2473 5751 ac
2518 5696 2791 5767 propriis,
2842 5698 2995 5769 quod
3040 5697 3166 5769 jam
3214 5693 3629 5753 excutiendum
3693 5700 3815 5752 est.
