4088 6150
412 345 534 405 615

1694 340 1797 400 DE
1840 337 2154 400 MINUCII
2197 338 2544 403 OCTAVIO

3704 342 3829 402 616

415 474 825 532 immutatione
852 475 932 528 ita
960 476 1216 543 vocatur,
1249 473 1488 528 fratrem
1534 472 1716 528 fuisse
1743 471 2061 529 Pithumni.
2093 471 2150 537 Α
2179 471 2279 544 qui
2310 470 2455 528 alios
2503 471 2901 529 Romanorum
2958 474 3097 529 deos
3127 490 3161 528 a
3204 472 3455 528 Minucio
3484 473 3828 545 appellatos.

414 565 516 621 Hic
548 569 741 620 autem
785 562 984 631 fertur,
1032 560 1227 634 inquit
1277 562 1430 617 idem
1483 562 1735 629 Servius,
1769 578 1943 616 usum
1974 560 2063 615 in-

413 654 643 711 venisse
702 669 976 725 agrorum
1050 652 1582 718 stercorandorum,
1635 660 1805 719 atque
1852 650 2066 704 idcirco

418 743 763 816 impositum
812 741 895 795 illi
946 739 1307 811 Sterquilinii
1358 756 1591 794 nomen.
1643 739 1876 793 Primus
1925 754 2066 809 quo-

418 850 531 905 que
560 833 775 887 dicitur
822 830 1177 902 excogitasse
1210 851 1237 880 ‹‹
1286 829 1555 901 pinsendi
1606 828 1881 883 frumenti
1916 850 1943 876 »
1975 844 2066 882 ar-

416 927 557 990 tem,
614 921 857 992 ideoque
913 936 947 974 a
1003 919 1324 990 pistoribus
1383 918 1513 973 coli.
1591 918 1816 987 Adjecit
1867 921 2066 972 tamen

416 1010 648 1067 Servius
661 1016 977 1080 utrumque
1002 1008 1383 1062 Pithumnum
1401 1011 1457 1062 et
1474 1006 1808 1061 Pilumnum
1832 1005 2071 1077 quibus-

418 1100 550 1155 dam
583 1099 818 1154 eosdem
879 1097 1102 1152 censeri
1160 1112 1227 1151 ac
1290 1096 1587 1151 Castorem
1648 1100 1704 1150 et
1752 1094 2065 1161 Pollucem,

416 1190 488 1243 ab
520 1186 650 1241 aliis
683 1202 814 1241 vero
846 1186 1110 1239 Laudum
1143 1186 1303 1251 deos,
1338 1201 1486 1256 quos
1515 1184 1691 1238 etiam
1723 1184 1901 1239 Varro
1930 1199 2066 1237 con-

412 1275 645 1349 jugales
677 1276 815 1330 deos
846 1291 974 1329 esse
1004 1274 1358 1344 suspicatur.
1387 1275 1450 1328 In
1484 1273 1830 1344 posteriores
1861 1271 2070 1326 deinde

419 1372 603 1438 poetae
632 1381 837 1419 versus
866 1364 1057 1418 denuo
1078 1363 1308 1418 Servius
1347 1362 1615 1417 observat
1653 1366 1967 1431 utrumque
1996 1360 2068 1414 ab

419 1455 622 1510 eodem
655 1453 912 1507 Varrone
958 1450 1069 1505 dici
1124 1450 1440 1505 infantium
1499 1450 1659 1519 deos,
1709 1450 1909 1520 eisque
1968 1464 2069 1520 pro

422 1559 707 1616 puerpera
738 1541 952 1596 lectum
985 1540 1190 1609 sterni,
1223 1540 1363 1593 dum
1415 1537 1769 1611 exploretur,
1802 1555 1873 1593 an
1906 1536 2071 1592 utilis

420 1632 517 1696 sit,
553 1630 650 1702 qui
684 1635 855 1685 natus
886 1635 994 1685 est.
1028 1628 1289 1699 Denique
1318 1627 1414 1684 ille
1452 1644 1558 1682 nos
1590 1629 1866 1682 admonet
1895 1642 2071 1697 quos-

421 1722 554 1777 dam
592 1718 817 1791 opinari
871 1718 1134 1774 Pilumno
1165 1732 1377 1772 nomen
1428 1715 1642 1770 idcirco
1675 1717 1899 1781 datum,
1933 1715 2073 1787 quia

423 1808 579 1865 mala
625 1808 883 1863 infantiae
916 1806 1115 1879 pellit:
1148 1808 1248 1862 sed
1299 1806 1435 1861 huic
1466 1804 1919 1860 nomenclationi
1949 1812 2070 1858 tam

422 1903 618 1971 aperte
647 1898 990 1970 refragatur,
1022 1912 1200 1969 quam
1228 1895 1392 1950 alteri
1423 1895 1700 1951 libentius
1732 1894 2069 1949 subscribit.

492 2007 575 2061 Ad
608 2010 861 2060 Consum
910 2004 1147 2059 tandem
1178 2003 1353 2058 deum
1404 2002 1557 2074 quod
1592 2006 1832 2074 spectat,
1865 2000 2073 2057 litteris

424 2112 458 2152 a
490 2094 796 2152 Plutarcho
828 2093 1104 2148 traditum
1155 2091 1406 2164 legimus
1455 2091 1745 2147 solemnes
1794 2089 1982 2156 ludos,
2013 2091 2073 2145 in

426 2184 642 2258 quibus
667 2181 895 2239 Sabinae
917 2182 1171 2253 virgines
1202 2186 1377 2251 raptae
1418 2184 1577 2244 sunt,
1609 2178 1858 2233 indictos
1892 2178 2073 2232 fuisse

426 2290 461 2328 a
493 2272 1080 2342 Romulo,postquam
1108 2269 1429 2325 invenisset
1457 2269 1749 2323 defossam
1782 2268 1890 2323 sub
1920 2271 2075 2321 terra

424 2362 733 2434 cujusdam
766 2359 859 2415 dei
889 2376 1072 2426 aram,
1109 2375 1281 2431 quem
1314 2361 1569 2413 Consum
1599 2357 1900 2412 vocabant.
1926 2357 2072 2411 Eum

428 2459 623 2507 autem
672 2466 800 2505 esse
849 2453 1015 2520 putat
1072 2449 1195 2503 sive
1237 2446 1620 2503 consiliorum
1666 2444 1989 2517 praesidem,
2041 2461 2075 2500 a

426 2538 691 2608 consilio,
722 2537 811 2593 vel
842 2556 875 2593 a
906 2536 1246 2593 consulibus
1297 2536 1380 2591 sic
1429 2535 1928 2608 cognominatum,
1953 2534 2074 2589 sive

425 2630 763 2701 Neptunum
792 2632 1118 2698 equestrem
1173 2625 1516 2698 (Plutarch.,
1568 2626 1629 2679 in
1663 2626 1780 2679 Vita
1835 2623 2072 2689 Romuli,

428 2736 562 2792 pag.
620 2718 731 2789 25).
782 2719 852 2772 Et
912 2716 1100 2771 Livius
1166 2714 1403 2787 quidem
1461 2714 1696 2770 eosdem
1750 2713 1940 2779 ludos,
1974 2711 2075 2782 qui

427 2806 730 2863 consualia
772 2804 1162 2877 appellantur,
1213 2804 1271 2858 in
1320 2802 1571 2874 Neptuni
1626 2801 1924 2873 Equestris
1964 2800 2073 2855 ho-

422 2913 624 2953 norem
656 2913 689 2951 a
722 2893 969 2949 Romulo
1013 2897 1247 2965 paratos
1305 2891 1564 2948 declarat
1605 2891 1848 2962 (Livius,
1896 2889 1997 2944 lib.
2032 2904 2072 2955 1,

425 2990 451 3051 §
501 2985 578 3058 9).
656 2984 1070 3039 Verumtamen
1130 2981 1388 3036 Varrro:
1468 2979 1798 3049 Consualia,
1861 2977 2072 3049 inquit,

420 3075 597 3139 dicta,
630 3090 665 3128 a
694 3073 903 3143 Conso,
937 3072 1089 3143 quod
1123 3076 1247 3125 tum
1301 3069 1453 3124 feriae
1504 3067 1751 3140 publicae
1776 3068 1828 3123 ei
1860 3068 1985 3133 deo,
2019 3069 2077 3122 et

421 3164 479 3219 in
514 3163 666 3217 circo
692 3162 764 3216 ad
796 3178 958 3215 aram
990 3161 1117 3231 ejus
1149 3157 1601 3214 asacerdotibus
1632 3158 1781 3211 ﬁunt
1808 3156 1932 3210 ludi
1965 3154 2072 3225 illi,

422 3212 1186 3325 q—uibusvﬁrgines—Sa’binze
1212 3212 1397 3319 raptae
1427 3246 1636 3317 (Varr.,
1664 3249 1729 3301 de
1759 3246 1913 3316 Ling.
1949 3212 2071 3311 lat,
2105 3212 2147 3278 C

422 3359 555 3415 pag.
586 3342 702 3410 50.)
738 3361 765 3389 ››
799 3341 859 3395 In
892 3339 1153 3393 animum
1188 3342 1384 3392 tamen
1434 3342 1601 3391 tuum
1632 3352 1747 3390 non
1796 3335 1877 3389 ita
1910 3333 2075 3388 facile

419 3432 664 3486 inducas
687 3445 961 3501 magnam
984 3427 1166 3483 fuisse
1196 3427 1302 3481 hos
1324 3426 1477 3481 inter
1503 3424 1817 3496 scriptores
1849 3422 2073 3477 dissen-

422 3512 671 3576 sionem.
706 3517 900 3575 Testis
934 3517 1228 3588 siquidem
1289 3515 1457 3570 nobis
1486 3526 1571 3569 est
1620 3512 1931 3585 Dionysius
1962 3510 2073 3565 Ha-

420 3608 836 3674 licarnasseus,
862 3622 1036 3677 quem
1054 3606 1307 3660 Consum
1334 3602 1577 3659 Romani
1606 3599 2073 3667 vocabant,hunc

422 3715 456 3753 a
504 3696 715 3753 Graecis
772 3690 1085 3748 Ποσειδῶνα
1158 3691 1490 3767 σεισίχθονα,
1548 3692 1842 3763 Neptnum
1906 3694 2072 3744 terra;

421 3787 577 3845 598
609 3790 1011 3856 quassatorem
1044 3784 1392 3855 nuncupari,
1416 3797 1667 3853 eumque
1696 3780 1889 3852 ipsum
1923 3795 2072 3845 esse,

420 3874 482 3929 in
514 3876 684 3944 cujus
718 3872 994 3928 honorem
1044 3869 1215 3927 ludos
1246 3888 1425 3943 supra
1474 3874 1826 3925 memoratos
1858 3867 2075 3923 Romu-

420 3962 514 4020 lus
546 3961 806 4017 instituit
834 3959 1095 4034 (Dionys.
1152 3959 1357 4027 Halic.,
1388 3960 1489 4014 lib.
1544 3975 1583 4013 ιι
1615 3958 1885 4028 Antiquit.
1918 3961 2071 4012 Rom.

421 4068 554 4124 pag.
592 4050 742 4121 100.)

491 4157 678 4229 Magis
711 4161 908 4212 autem
933 4156 1332 4212 Tertullianus
1364 4155 1598 4211 eosdem
1642 4154 1954 4226 scriptores
1984 4152 2076 4207 his

417 4247 611 4304 verbis
643 4246 794 4301 inter
831 4263 894 4302 se
939 4245 1249 4302 conciliat:
1285 4268 1313 4295 «
1348 4243 1561 4298 Exinde
1610 4242 1733 4297 ludi
1768 4241 2079 4311 Consualia

424 4337 585 4404 dicti,
652 4335 751 4407 qui
806 4334 973 4391 initio
1030 4334 1366 4407 Neptunum
1425 4333 1882 4387 honorabant...
1937 4331 2079 4385 Con-

422 4426 612 4483 sualia
644 4424 891 4480 Romulo
940 4424 1279 4489 defendunt,
1313 4424 1467 4495 quod
1516 4439 1585 4478 ea
1614 4422 1800 4477 Conso
1848 4419 2081 4476 dicave—

422 4515 498 4570 rit
528 4516 657 4579 deo,
691 4520 756 4567 ut
785 4513 1008 4583 volunt,
1041 4513 1294 4578 consilii,
1328 4515 1455 4582 ejus
1488 4511 1727 4577 scilicet,
1760 4509 1914 4582 quod
1939 4515 2079 4564 tunc

2174 565 2359 616 Conso
2420 561 2729 633 adjungit:
2784 562 3018 631 «Sic,»
3078 563 3293 633 inquit,
3354 584 3383 612 «
3418 561 3591 618 homo
3653 564 3828 619 deum

2177 651 2688 719 commentahitur,
2746 652 3036 722 quomodo
3102 651 3387 707 Romulus
3441 652 3716 717 Consum,
3775 657 3834 708 et

2176 738 2377 794 Tatius
2408 739 2759 805 Cloacinam,
2796 746 2853 795 et
2898 739 3179 795 Hostilius
3231 740 3525 797 Pavorem.
3562 764 3589 789 ››
3620 741 3830 809 (ldem,

2176 827 2279 883 lib.
2314 847 2331 884 ι
2392 835 2531 884 cont.
2565 831 2827 885 Marcion.
2863 847 2990 901 cap.
3043 829 3158 900 18.)
3188 830 3480 884 Minucius
3538 829 3831 901 siquidem

2177 917 2363 973 dixit:
2424 917 2815 974 «Cloacinam
2875 918 3080 973 Tatius
3118 923 3173 973 et
3230 918 3452 973 invenit
3517 923 3576 973 et
3629 920 3831 990 coluit,

2178 1009 2459 1061 Pavorem
2491 1007 2772 1063 Hostilius
2820 1010 2995 1079 atque
3027 1006 3310 1062 Pallorem
3338 1020 3351 1060 :
3396 1024 3530 1062 mox
3576 1025 3610 1063 a
3639 1009 3834 1063 nescio

2179 1111 2290 1166 quo
2321 1096 2521 1151 Febris
2543 1096 2827 1151 dedicata.
2854 1116 2882 1148 ι
2918 1098 3051 1161 Quae
3102 1097 3337 1168 quidem
3368 1097 3612 1152 totidem
3641 1098 3835 1152 verbis

2179 1201 2213 1239 a
2240 1185 2527 1257 Cypriano
2556 1186 2912 1256 transcripta
2959 1190 3099 1240 sunt
3126 1188 3347 1257 (Cypr.,
3404 1185 3508 1241 lib.
3543 1186 3609 1241 de
3635 1185 3832 1242 idolor.

2183 1275 2395 1343 Vam’L,
2445 1291 2577 1347 pag.
2639 1275 2749 1347 10).
2807 1275 3025 1329 Horum
3074 1279 3267 1329 autem
3302 1274 3683 1330 ridiculorum
3728 1292 3832 1330 nu-

2181 1362 2430 1432 minum,
2483 1368 2654 1434 atque
2712 1362 2887 1419 etiam
2947 1362 3423 1435 supradictorum
3482 1363 3621 1430 Pici,
3655 1369 3713 1419 et
3742 1364 3835 1420 Ti-

2180 1452 2387 1521 berini,
2419 1451 2623 1525 Varro)
2650 1452 2751 1508 lib.
2787 1471 2862 1523 Iv,
2893 1452 2956 1509 de
2986 1454 3145 1523 Ling.
3181 1454 3301 1507 Lat.
3335 1469 3467 1525 pag.
3502 1454 3568 1507 18
3597 1458 3649 1508 ει
3678 1454 3833 1524 αφ),

2180 1541 2334 1612 apud
2368 1544 2765 1613 Augustinum
2816 1541 2941 1613 (lib.
2975 1559 3031 1597 1v
3084 1542 3149 1596 de
3179 1542 3364 1609 Civit.,
3416 1558 3545 1610 cap.
3582 1543 3671 1608 10,
3707 1557 3831 1614 pag.

2183 1630 2306 1701 159)
2332 1631 2689 1686 mentionem
2740 1630 2900 1688 facit.
2932 1635 3007 1686 At
3063 1630 3413 1686 nominatim
3465 1631 3537 1686 de
3567 1630 3835 1687 Cloacina

2182 1718 2557 1775 Lactantius:
2600 1741 2626 1771 α
2657 1719 2957 1785 Cloacinae,
2992 1742 3020 1769 ››
3052 1720 3266 1791 inquit,
3299 1742 3328 1769 ‹‹
3362 1719 3832 1788 simulacrum,in

2182 1808 2387 1863 Cloaca
2434 1808 2689 1863 maxima
2748 1813 3061 1881 repertum,
3090 1808 3294 1863 Tatius
3350 1810 3736 1875 consecravit,
3784 1814 3835 1864 et

2182 1897 2319 1966 quia
2343 1898 2514 1968 cujus
2565 1902 2722 1953 esset
2773 1897 2997 1969 effigies
3056 1898 3389 1969 ignorabat,
3451 1915 3521 1953 ex
3566 1897 3697 1953 loco
3743 1898 3832 1953 ille

2181 2002 2393 2041 nomen
2427 1986 2726 2058 imposuit.
2764 2009 2785 2035 ι»
2850 1986 3136 2057 (Lactant.
3195 1985 3297 2041 lib.
3329 2004 3348 2042 1
3377 1986 3442 2042 de
3468 1987 3595 2056 [αις.
3633 1989 3830 2059 Βειί9.,

2182 2090 2309 2146 cap.
2341 2076 2432 2142 20,
2496 2092 2626 2148 pag.
2663 2077 2809 2147 104.)
2841 2075 2951 2130 Adi
3008 2075 3224 2140 adhuc,
3280 2076 3330 2132 si
3383 2075 3552 2141 velis,
3609 2076 3833 2132 Tertul-

2180 2162 2401 2218 lianum
2435 2164 2586 2235 (loco
2618 2165 2880 2235 proxime
2910 2164 3083 2219 citato
3137 2168 3195 2219 et
3224 2163 3326 2218 lib.
3358 2164 3423 2220 de
3445 2165 3591 2219 Pall.
3625 2181 3748 2236 cap.
3779 2166 3829 2234 3,

2182 2251 2494 2323 alioquein
2536 2253 2710 2325 libro)
2740 2258 2798 2309 et
2846 2253 3244 2326 Augustinum
3297 2252 3421 2323 (lib.
3456 2270 3532 2324 Iv,
3556 2255 3623 2309 de
3656 2253 3829 2321 Civil.,

2183 2357 2309 2413 cap.
2343 2344 2397 2408 8,
2430 2358 2562 2414 pag.
2591 2343 2685 2409 93,
2710 2347 2767 2399 et
2794 2359 2919 2415 cap.
2971 2344 3062 2411 23,
3097 2359 3229 2415 pag.
3272 2343 3419 2413 404),
3465 2342 3566 2416 qui
3598 2360 3712 2399 non
3743 2359 3830 2398 so-

2184 2431 2305 2486 lum
2338 2432 2409 2487 de
2452 2430 2740 2501 Cloacina,
2773 2433 2874 2487 sed
2937 2432 3151 2487 notatis
3208 2431 3451 2504 insuper
3508 2450 3542 2488 a
3589 2432 3833 2489 Minucio

2184 2524 2383 2576 nostro
2414 2519 2647 2587 Pavore,
2681 2519 2905 2576 Pallore
2935 2525 2991 2577 et
3020 2520 3200 2575 Febre
3230 2521 3515 2594 disputat.

2254 2626 2379 2681 Non
2413 2626 2629 2682 desunt
2660 2643 2850 2698 porro,
2883 2627 2985 2700 qui
3043 2629 3382 2685 existimant
3428 2626 3593 2683 illam
3624 2626 3836 2683 Cloaci-

2185 2731 2315 2771 nam
2347 2731 2473 2770 esse
2520 2716 2807 2784 eamdem,
2859 2733 2986 2789 quae
3015 2736 3049 2773 a
3109 2717 3297 2772 Plinio
3345 2716 3545 2773 Venus
3574 2716 3840 2772 Cloacina

2185 2803 2277 2859 his
2308 2802 2640 2875 appellatur
2696 2804 2927 2861 verbis:
2963 2829 2990 2855 «
3018 2806 3295 2862 Traditur
3323 2809 3550 2877 myrtea
3596 2806 3835 2860 verbena

2185 2891 2479 2947 Romanos
2525 2892 2911 2965 Sabinosque,
2966 2911 3099 2950 cum
3149 2900 3387 2966 propter
3440 2898 3638 2965 raptas
3669 2893 3827 2965 virgi-

2162 2998 2289 3037 nes
2320 2981 2599 3036 dimicare
2628 2981 2968 3047 voluissent,
3000 2983 3283 3055 depositis
3333 2982 3513 3038 armis
3560 2986 3827 3054 purgatos

2184 3069 2244 3124 in
2275 3086 2341 3125 eo
2372 3070 2518 3137 loco,
2553 3069 2652 3141 qui
2684 3088 2839 3126 nunc
2869 3072 3038 3143 signa
3063 3071 3307 3128 Veneris
3336 3070 3617 3126 Cloacina
3640 3070 3823 3126 habet.

2183 3158 2383 3213 Cluere
2407 3158 2563 3214 enim
2597 3159 2823 3230 antiqui
2882 3177 3129 3233 purgare
3189 3161 3460 3217 dicebant
3503 3160 3696 3231 (Plin.,
3731 3159 3820 3214 lib.

2182 3264 2253 3302 xv
2281 3249 2471 3302 Natur.
2508 3248 2666 3313 Ηίδῑ..
2697 3265 2824 3321 cap.
2855 3250 2948 3316 29,
2981 3266 3115 3322 pag.
3144 3251 3292 3321 212).
3330 3274 3350 3301 ι
3388 3250 3497 3305 Sed
3540 3266 3673 3305 cum
3715 3248 3824 3303 haec

2183 3335 2383 3392 Venus
2414 3337 2715 3409 purgatrix
2762 3339 2957 3404 fuerit,
2991 3338 3142 3395 male
3189 3355 3324 3394 cum
3352 3355 3441 3406 ea,
3472 3339 3545 3393 de
3576 3355 3686 3410 qua
3713 3336 3821 3408 agi-

2185 3443 2340 3492 mus,
2374 3425 2644 3481 Cloacina
2672 3428 2952 3482 confundi
2986 3427 3235 3483 videtur.

2255 3519 2334 3569 De
2356 3513 2488 3568 aliis
2511 3519 2706 3569 autem
2723 3516 3078 3586 portentosis
3096 3516 3440 3572 numinibus
3454 3533 3487 3572 a
3511 3516 3751 3571 Minucio
3768 3518 3819 3569 et

2184 3603 2483 3659 Lactantio
2511 3602 2728 3658 ibidem
2784 3605 3146 3675 memoratis,
3183 3607 3409 3672 Pavore,
3462 3604 3702 3673 Pallore,
3733 3607 3817 3657 Fe-

2182 3693 2286 3748 bre
2315 3697 2371 3748 et
2399 3692 2598 3747 Morbo
2629 3692 2767 3748 alibi
2828 3693 3217 3751 disseruimus
3274 3694 3440 3766 (tom.
3478 3696 3521 3761 l,
3554 3696 3816 3766 Apparal.,

2182 3781 2284 3837 lib.
2317 3799 2401 3848 ιιι,
2427 3781 2661 3839 dissert.
2706 3799 2747 3851 ι,
2779 3798 2908 3854 cap.
2939 3783 2994 3852 9,
3029 3789 3138 3838 art.
3180 3786 3232 3839 4.
3269 3800 3401 3856 pag.
3460 3784 3569 3839 764
3595 3792 3643 3838 et
3666 3782 3816 3853 αφ),

2183 3871 2667 3943 ostendimusque
2688 3869 2790 3925 illa
2807 3871 2881 3925 ab
2907 3871 3157 3928 ethnicis
3187 3872 3247 3928 in
3272 3874 3517 3929 deorum
3549 3875 3815 3928 Averrun-

2184 3976 2408 4027 corum,
2442 3960 2595 4016 599
2619 3959 2739 4015 sive
2769 3958 2906 4014 mali
2939 3961 3342 4033 depulsorum,
3370 3978 3545 4035 grege
3576 3977 3685 4017 non
3704 3958 3815 4014 sine

2186 4049 2441 4105 maxima
2470 4047 2802 4104 insulsitate
2831 4055 3267 4107 annumeratos.

2255 4159 2465 4212 Totum
2515 4158 2710 4210 autem
2755 4158 2878 4210 tam
2929 4155 3313 4213 ridiculorum
3354 4158 3597 4213 deorum
3628 4166 3813 4228 agmen

2186 4244 2469 4300 claudunt
2498 4265 2527 4293 «
2574 4245 2725 4299 Acca
2779 4244 3084 4299 Laurentia
3139 4250 3198 4301 et
3242 4245 3434 4316 Flora,
3480 4245 3811 4305 meretrices,

2187 4337 2253 4387 ut
2300 4331 2382 4386 ait
2438 4335 2641 4386 auctor
2695 4334 2912 4397 noster,
2973 4332 3362 4404 pr0pudiosae,
3405 4335 3560 4389 inter
3606 4330 3817 4387 morbos

2190 4422 2583 4476 Romanorum
2614 4423 2671 4475 et
2721 4420 2861 4475 deos
2911 4423 3338 4493 computandae.
3374 4446 3396 4475 ι
3432 4423 3572 4486 Quae
3603 4420 3817 4493 quidem

2190 4516 2256 4567 ut
2312 4509 2718 4581 intelligantur
2773 4509 3202 4566 observandum
3259 4516 3369 4580 est,
3402 4518 3505 4568 aut
3564 4506 3823 4566 memoria

425 4603 779 4659 Sabinarum
838 4603 1131 4675 virginum
1193 4602 1458 4674 rapinam
1506 4600 1794 4655 militibus
1843 4599 1970 4655 suis
2019 4598 2078 4675 in
2112 4585 2157 4649 D
2189 4599 2569 4670 repetendum
2620 4598 2775 4670 quod
2833 4602 3054 4654 veteres
3110 4599 3479 4655 tradiderunt
3526 4595 3824 4655 Romulum

428 4691 805 4747 matrimonia
855 4693 1291 4765 excogitavit....
1329 4692 1394 4746 Et
1444 4706 1599 4745 nunc
1647 4706 1745 4744 ara
1775 4689 1962 4744 Conso
1994 4673 2081 4741 illi

428 4782 487 4836 in
531 4780 681 4835 circo
723 4780 955 4835 defossa
1005 4787 1095 4836 est
1126 4782 1196 4836 ad
1260 4780 1481 4851 primas
1529 4784 1714 4833 metas
1763 4778 1874 4833 sub
1904 4782 2080 4847 terra,

430 4887 563 4925 cum
621 4868 999 4942 inscriptione
1078 4869 1456 4940 hujusmodi:
1517 4871 1741 4922 Consus
1814 4865 2078 4934 consilio,

427 4960 582 5016 Mars
613 4958 827 5026 duello,
864 4967 1033 5016 Lares
1056 4959 1224 5015 coillo
1254 4960 1537 5030 potentes.
1568 4955 1907 5010 Sacriﬁcant
1927 4955 2080 5026 apud

429 5066 558 5106 eam
618 5048 799 5105 Nonis
855 5050 995 5105 Julii
1053 5048 1383 5104 sacerdotes
1432 5043 1672 5115 publici,
1720 5044 1787 5097 42
1844 5043 2078 5099 Kalend.

432 5139 825 5211 Septembres,
853 5140 1066 5194 ﬂamen
1091 5136 1408 5203 Quirinalis
1430 5139 1487 5187 et
1507 5131 1762 5205 virgines
1789 5132 2080 5202 (Tertull.,

428 5226 532 5282 lib.
570 5229 640 5283 De
671 5227 866 5299 Spect,
918 5244 1045 5297 cap.
1096 5228 1150 5295 5,
1203 5242 1335 5296 pag.
1369 5224 1481 5293 92).
1518 5244 1545 5270 ››
1577 5222 1723 5294 Lege
1768 5221 1979 5293 adhuc,
2032 5221 2082 5277 si

434 5316 653 5381 lubeat,
715 5316 1063 5382 Arnobium,
1097 5315 1198 5369 lib.
1233 5331 1296 5369 ιιι
1355 5311 1485 5367 adv.
1539 5316 1725 5379 Gent.,
1778 5328 1905 5383 pag.
1942 5312 2081 5379 113;

437 5406 852 5476 Hieronymum
888 5405 947 5458 in
989 5404 1120 5458 Vita
1151 5403 1462 5458 Hilarionis
1494 5418 1623 5473 pag.
1655 5401 1719 5455 81
1748 5417 1761 5467 ;
1805 5401 2082 5473 Augusti-

437 5510 603 5558 num,
647 5491 748 5546 lib.
809 5509 880 5559 ιν,
921 5493 987 5549 de
1034 5493 1187 5550 Είυίι.
1224 5510 1348 5565 cap.
1406 5492 1492 5557 11,
1526 5506 1656 5562 pag.
1720 5490 1810 5560 97,
1843 5496 1900 5545 et
1953 5491 2081 5547 Ser-

435 5582 626 5649 vium,
661 5580 721 5636 in
748 5580 845 5639 lib.
872 5586 967 5639 vni
997 5583 1208 5641 Ainez‘d.
1242 5582 1444 5656 Virgil.
1479 5596 1611 5653 pag.
1642 5580 1769 5635 525.

504 5676 629 5743 Age
672 5686 825 5743 vero,
863 5679 1039 5747 atque
1095 5674 1311 5731 iterum
1371 5671 1612 5743 prodeat
1665 5667 2082 5741 Tertullianus,

2191 4693 2247 4745 et
2287 4689 2535 4743 Remum
2596 4686 2925 4743 adulterino
2985 4687 3189 4743 Martis
3245 4689 3558 4745 concubitu
3611 4706 3643 4743 a
3684 4685 3831 4741 Rhea

2190 4777 2381 4851 Sylvia
2433 4775 2653 4832 Vestali
2704 4776 2907 4844 editos,
2942 4780 3138 4848 atque,
3174 4783 3239 4833 ut
3294 4778 3535 4849 quidam
3596 4778 3769 4839 aiunt,
3801 4788 3834 4826 a

2191 4867 2348 4939 lupa,
2382 4870 2485 4922 aut
2540 4864 2713 4921 sicuti
2745 4864 2841 4921 alii
2902 4867 3114 4935 verius,
3163 4871 3423 4934 narrant,
3459 4884 3493 4922 a
3526 4864 3830 4922 Laurentia

2191 4958 2490 5023 educatos,
2536 4971 2736 5026 quam,
2789 4954 2983 5026 inquit
3041 4956 3257 5025 Livius,
3317 4955 3553 5028 vulgato
3610 4965 3839 5026 corpore

2191 5046 2393 5118 lupam
2448 5044 2602 5100 inter
2654 5047 2915 5116 pastores
2965 5050 3225 5100 vocatam
3285 5049 3640 5118 putaverunt
3702 5041 3837 5115 (Liv.

2192 5135 2460 5201 Decad.1,
2515 5132 2616 5188 lib.
2650 5150 2691 5204 1,
2749 5132 2878 5205 §4).
2914 5133 3275 5207 Quapropter
3333 5134 3635 5207 publicum
3691 5147 3841 5188 scor-

2193 5229 2318 5279 tum
2348 5221 2764 5280 aTertulliano
2816 5228 3055 5278 vocatur
3106 5224 3492 5293 (Tertullian..
3547 5223 3838 5295 Apologet.,

2195 5331 2321 5385 cap.
2358 5314 2445 5378 13,
2504 5329 2633 5384 pag.
2692 5312 2804 5383 l5).
2860 5313 2966 5367 Sed
3025 5313 3081 5368 id
3144 5332 3259 5370 non
3293 5313 3594 5386 prohibuit
3626 5307 3845 5384 quomi-

2193 5420 2305 5458 nus
2329 5404 2388 5457 in
2421 5403 2661 5457 dearum
2695 5406 3009 5474 aggregata
3065 5403 3237 5459 fuerit
3294 5419 3634 5471 numerum,
3673 5406 3843 5471 atque

2194 5493 2253 5548 in
2286 5492 2413 5561 ejus
2474 5492 2751 5546 honorem
2811 5490 3026 5546 festum
3058 5496 3114 5547 et
3170 5509 3358 5565 sacra,
3412 5509 3539 5565 quae
3598 5490 3850 5545 Lauren-

2193 5581 2334 5638 tiala
2363 5580 2743 5647 vocabantur,
2802 5578 3072 5636 instituta
3129 5582 3267 5639 sint.
3300 5587 3521 5640 Horum
3581 5578 3848 5638 omnium

2194 5671 2245 5728 si
2272 5676 2452 5727 testes
2481 5667 2723 5742 produci
2754 5670 3034 5739 postules,
3067 5670 3173 5725 tibi
3229 5687 3438 5743 prater
3486 5669 3719 5725 Livium
3749 5668 3853 5723 da-
