4088 6150
195 331 306 391 617

1634 331 2170 394 DISSERTATIO.

3487 335 3610 398 618

191 463 381 520 bimus
444 461 788 536 Dionysium
864 462 1396 532 Halicarnasseum,
1471 463 1574 520 lib.
1655 465 1922 537 .1ntiq.A
2024 465 2165 528 Quis
2194 479 2351 537 ergo,
2397 465 2448 520 si
2501 464 2637 536 quid
2682 479 2836 521 sanas
2885 466 3099 522 mentis
3151 466 3382 538 habeat,
3409 470 3612 526 audita

197 558 415 612 Roman.
464 568 600 625 pag.
649 551 721 606 26
767 557 824 608 et
873 553 984 620 70;
1033 551 1417 609 Plutarchum
1469 554 1527 609 in
1582 555 1704 610 Vita
1747 555 1848 610 Ro-

196 644 343 711 muli,
380 659 515 716 pag.
552 642 638 706 19,
682 647 739 696 et
789 646 1002 715 Quazst.
1057 643 1284 698 Roman.
1337 659 1476 715 pag.
1535 643 1686 710 272;
1721 642 1848 699 Ovi-

200 733 346 789 dium
377 730 478 788 lib.
537 748 577 786 u
609 732 816 787 Faster.
853 731 978 786 init.
1007 750 1022 802 ;
1073 731 1337 788 Servium
1372 733 1430 787 in
1462 731 1562 787 lib.
1599 749 1616 788 ι
1651 733 1850 788 ιιΕηείά

204 822 376 894 Virgil.
406 836 468 876 v.
507 820 639 891 278,
661 827 714 876 et
733 836 881 892 seqq.
913 839 924 889 ;
959 825 1017 876 et
1046 820 1243 892 ipsum
1269 820 1582 894 Virgilium
1615 821 1717 876 lib.
1751 837 1848 878 vm

200 910 394 966 inciti.
442 926 503 965 v.
567 909 696 977 630,
746 918 800 964 et
837 926 1021 982 δίνᾳᾳά
1073 909 1327 964 Plinium
1388 907 1495 966 lib.
1551 916 1673 978 vin,
1718 926 1846 982 cap.

201 1002 274 1069 17,
304 1016 434 1073 pag.
471 999 609 1066 163;
643 1002 700 1054 et
744 997 843 1053 lib.
895 1015 988 1066 xv,
1039 1015 1172 1071 cap.
1230 999 1317 1066 18,
1368 1013 1500 1071 pag.
1554 997 1692 1068 197;
1728 999 1850 1054 Ma-

201 1089 445 1146 crobium
479 1087 590 1144 lib.
631 1104 648 1142 ι
700 1087 928 1143 Saturn.
979 1103 1107 1160 cap.
1159 1088 1268 1156 10;
1325 1092 1387 1144 Α.
1435 1086 1710 1159 Gellium,
1745 1086 1844 1149 lib.

196 1196 248 1234 v1
273 1179 412 1234 Noct.
475 1177 646 1233 Attio.
709 1193 836 1250 cap.
868 1177 946 1244 7;
1004 1177 1394 1244 Lactantium,
1444 1176 1546 1233 lib.
1596 1194 1658 1245 ιι,
1710 1193 1842 1249 cap.

196 1269 274 1340 20,
305 1283 432 1340 pag.
470 1267 566 1321 101
615 1270 672 1322 et
699 1267 824 1333 102,
873 1265 1048 1322 sicuti
1097 1283 1204 1322 suo
1247 1265 1370 1321 loco
1418 1265 1846 1336 ostendemus;

200 1356 580 1429 Augustinum
610 1353 718 1412 lib.
756 1357 897 1411 XVlil
927 1355 1001 1412 de
1045 1354 1204 1410 Civit.
1254 1371 1381 1426 cap.
1413 1355 1504 1424 21,
1537 1370 1672 1426 pag.
1696 1354 1803 1410 503
1832 1373 1846 1424 ;

199 1444 483 1501 Aurelium
543 1444 832 1501 Victorem
900 1461 1002 1501 seu
1063 1447 1326 1501 autorem
1385 1443 1486 1499 lib.
1557 1443 1624 1499 de
1684 1444 1842 1515 Orig.

199 1535 333 1592 Geni.
387 1537 543 1592 Rom.
606 1541 738 1590 ante
795 1534 996 1606 ﬁnem,
1059 1537 1115 1589 et
1169 1533 1237 1589 de
1293 1533 1436 1589 Viris
1495 1531 1846 1604 illustribus,

195 1641 314 1696 cap.
349 1625 400 1680 1.

257 1713 441 1781 Flora,
493 1712 688 1785 inquit
732 1711 1046 1782 Minucius,
1096 1711 1277 1769 altera
1332 1711 1442 1767 fuit
1492 1709 1848 1783 propudiosa

189 1805 476 1876 meretrix,
527 1822 656 1877 quae
707 1807 873 1871 teste,
934 1804 1086 1876 apud
1147 1803 1418 1871 Gellium,
1475 1806 1547 1858 M.
1606 1802 1822 1858 Catone

199 1917 225 1947 α
256 1893 446 1966 palam
491 1909 732 1966 corpore
779 1893 1090 1966 pecuniam
1143 1913 1172 1942 »
1223 1882 1500 1964 quaesivit
1533 1889 1700 1963 (Gell.
1739 1889 1838 1946 lib.

188 2001 243 2040 1x
301 1985 449 2040 Νοει.
509 1983 669 2038 Attio.
732 1999 863 2055 cap.
929 1982 1022 2052 20,
1081 1997 1213 2054 pag.
1273 1980 1420 2052 485).
1474 1978 1842 2051 Turpissimo

189 2077 378 2129 autem
427 2071 526 2127 illo
576 2075 804 2144 quaestu
851 2087 986 2127 cum
1035 2086 1302 2142 magnas.
1355 2069 1434 2124 ait
1483 2067 1842 2134 Lactantius,

192 2179 323 2234 opes
352 2165 772 2233 comparasset,
822 2177 1026 2216 eorum
1075 2159 1364 2215 haeredem
1417 2155 1701 2230 populum
1733 2159 1843 2211 Ro-

194 2268 422 2307 manum
465 2260 535 2306 ea
584 2250 914 2306 conditione
964 2248 1242 2319 instituit,
1296 2251 1361 2302 ut
1412 2247 1646 2301 illarum
1687 2245 1845 2301 redi-

195 2345 251 2396 tu
281 2341 404 2413 ipsa
433 2338 647 2396 natalis
677 2339 802 2394 dies
851 2355 960 2394 sua
1005 2337 1318 2408 quotannis
1368 2335 1664 2401 ludorum,
1697 2350 1845 2407 quos

197 2429 458 2498 Florales,
522 2428 640 2484 sive
699 2426 948 2484 Floralia
1024 2430 1530 2499 nuncupaverunt,
1593 2424 1846 2479 editione

203 2518 580 2575 celebraretur
636 2520 919 2590 (Lactant.
992 2515 1092 2571 lib.
1172 2533 1192 2572 ι
1255 2517 1493 2571 Institut.
1570 2530 1697 2586 cap.
1758 2514 1842 2583 10,

204 2625 322 2681 pag.
355 2609 497 2676 103).
536 2607 645 2664 Sed
699 2607 836 2680 quia
887 2605 1168 2678 temporis
1195 2605 1367 2678 lapsu
1416 2604 1538 2660 haec
1568 2601 1840 2659 ludorum

207 2699 352 2771 origo
407 2698 756 2771 turpissima
805 2706 854 2753 et
914 2697 1153 2752 infamis
1204 2696 1328 2752 visa
1385 2700 1492 2766 est,
1554 2695 1846 2750 ﬁnxerunt

208 2786 354 2843 illam
385 2804 515 2844 esse
565 2788 758 2856 deam,
791 2802 918 2857 quae
966 2785 1226 2856 ﬂoribus,
1283 2784 1369 2841 vel
1417 2790 1483 2840 ut
1521 2784 1603 2840 ait
1646 2789 1844 2854 Augu-

207 2877 401 2937 stinus.
429 2875 774 2933 ﬂorentibus
799 2875 1106 2932 frumentis
1129 2874 1497 2947 praesidebat,
1521 2891 1587 2929 ac
1618 2876 1844 2928 mutato

208 2966 369 3037 priori
447 2964 740 3022 Chloridis
813 2965 1047 3021 nomine
1115 2963 1344 3020 Floram
1410 2962 1846 3036 appellaverunt

206 3056 454 3126 (August.
490 3054 598 3114 lib.
657 3071 714 3110 1v
760 3054 824 3112 de
872 3055 1032 3111 Civit.
1082 3069 1207 3126 cap.
1242 3054 1299 3120 8,
1350 3069 1482 3126 pag.
1512 3052 1625 3125 94).
1661 3051 1842 3107 Mere-

203 3147 363 3202 tricie
417 3164 552 3204 vero
607 3146 769 3204 illius
817 3148 960 3203 artis
1018 3146 1363 3202 memoriam
1412 3161 1545 3200 cum
1609 3144 1844 3216 penitus

205 3235 414 3293 abolere
445 3254 560 3292 non
606 3243 861 3308 possent,
910 3236 1226 3292 commenti
1274 3239 1413 3290 sunt
1458 3250 1585 3290 eam
1619 3249 1734 3288 non
1767 3231 1838 3287 ab
1869 3217 1914 3286 C

205 3323 381 3398 aliquo
411 3325 669 3396 homine,
726 3326 824 3382 sed
859 3343 892 3380 a
937 3324 1196 3397 Zephyro
1229 3325 1333 3380 deo
1382 3324 1563 3380 fuisse
1607 3325 1842 3379 constu-

208 3421 436 3484 pratam.
470 3414 647 3480 Quasi
681 3431 812 3470 vero
836 3417 1108 3486 stuprum
1140 3413 1232 3468 dei
1284 3413 1500 3480 minus,
1531 3428 1708 3483 quam
1739 3411 1842 3468 ho-

211 3502 388 3572 minis,
450 3503 800 3575 probrosum
849 3502 964 3558 dici
1015 3502 1221 3574 queat!
1275 3503 1360 3557 Ab
1406 3501 1606 3557 Ovidio
1650 3506 1845 3556 tamen

209 3591 336 3663 hac,
366 3610 482 3649 non
513 3609 682 3648 secus
725 3596 900 3664 atque
947 3591 1061 3648 alia
1107 3590 1220 3647 diis
1266 3591 1390 3648 suis
1444 3607 1726 3664 perquam
1760 3588 1845 3644 di-

207 3681 482 3752 gnissima
509 3681 930 3737 decantantur:

287 3841 494 3892 Chloris
529 3855 695 3903 eram,
725 3855 847 3904 quae
877 3841 1028 3890 Flora
1055 3855 1234 3899 vocor,
1268 3844 1520 3905 corrupta
1548 3841 1716 3890 latino

347 3905 596 3954 Nominis
625 3909 705 3953 est
734 3905 900 3954 nostri
933 3906 1105 3953 littera
1130 3918 1302 3966 graeca
1329 3918 1482 3954 sono.

287 3967 488 4017 Chloris
519 3981 661 4030 eram
693 3968 935 4030 Nymphs
962 3967 1135 4030 campi
1167 3967 1350 4030 felicis,
1384 3967 1473 4016 ubi
1502 3966 1655 4015 audis

348 4032 478 4079 Rem
510 4028 796 4078 fortunatis
825 4038 946 4078 ante
976 4028 1139 4078 fuisse
1170 4029 1314 4077 viris.

289 4091 415 4150 Quae
448 4093 609 4140 fuerit
643 4092 772 4140 mihi
802 4091 993 4153 forma,
1023 4105 1184 4153 grave
1207 4095 1287 4140 est
1317 4104 1532 4141 narrare
1561 4090 1850 4140 modestis:

351 4155 453 4205 Sed
485 4169 741 4217 generum
771 4156 923 4202 matri
952 4156 1186 4217 repperit
1216 4154 1309 4202 illa
1337 4154 1516 4203 deum.

292 4218 392 4288 Ve_r
420 4216 534 4266 erat
553 4217 858 4288 :“errabam.
888 4216 1504 4288 Zephyi'usponsp‘exit:
1537 4216 1744 4266 abibam
1771 4229 1782 4264 :

353 4281 694 4342 Insequitur;
725 4279 900 4341 fugio:
935 4278 1124 4328 fortior
1153 4278 1238 4328 ille
1273 4278 1389 4327 fuit.

632 4359 830 4417 (Ovid.,
859 4358 894 4406 l.
915 4372 952 4405 ν
979 4357 1172 4408 Faster.
1202 4371 1255 4407 ν.
1289 4360 1379 4408 195
1408 4360 1458 4407 et
1483 4359 1646 4422 seqq.)

207 4511 365 4567 θοι)
391 4511 585 4584 Neque
615 4511 850 4567 dubites
881 4511 1170 4566 famosam
1203 4509 1365 4565 illam
1398 4509 1762 4565 meretricem
1799 4507 1859 4565 in

1828 1847 1842 1874 ’
1877 1847 1922 1912 B

1962 551 2064 610 illa
2118 556 2359 611 deorum
2410 571 2478 610 ac
2523 555 2763 610 dearum
2821 554 3068 612 ridicula
3113 572 3354 629 prorsus
3405 563 3462 614 et
3518 558 3612 614 in-

1961 643 2100 698 fami
2159 648 2409 709 caterva,
2464 643 2661 700 statim
2723 661 2836 698 non
2897 645 3174 700 fatebitur
3231 663 3408 718 quam
3461 651 3614 703 recte

1959 731 2250 788 Minucius
2299 733 2536 788 illorum
2577 733 3075 790 enumerationem
3121 735 3232 791 hac
3283 753 3396 791 non
3434 736 3612 793 inele-

1959 822 2119 893 ganti
2180 822 2368 878 ironia
2421 821 2769 877 concludat?
2822 843 2849 872 «
2898 822 3001 878 lsti
3056 823 3279 880 scilicet
3331 825 3613 882 adversus

1959 915 2217 977 caeteros,
2246 910 2344 983 qui
2386 911 2444 965 in
2495 910 2812 982 gentilibus
2865 910 3225 981 colebantur,
3280 913 3611 970 Romanum

1961 997 2273 1071 imperium
2324 998 2738 1071 protulerunt?
2788 1020 2816 1049 ‹‹
2869 999 2976 1055 Sed
3029 1017 3150 1071 age.
3202 1005 3259 1057 et
3308 1003 3612 1060 videamus

1959 1087 2173 1159 quibus
2216 1088 2314 1145 ille
2362 1087 2494 1144 aliis
2541 1089 2834 1144 rationum
2881 1089 3194 1146 momentis
3223 1090 3374 1147 hanc
3404 1093 3612 1148 absur-

1960 1177 2094 1232 dam
2125 1177 2467 1234 eorumdem
2491 1178 2880 1234 Romanorum
2899 1177 3296 1250 opinationem
3328 1179 3614 1237 convellat

1957 1268 2014 1321 et
2042 1265 2312 1340 dissipet.

2517 1427 2778 1485 ARTICU
2789 1427 2922 1485 LUS
2961 1427 3052 1484 IV.

1957 1551 2134 1620 Quam
2159 1551 2370 1620 falsum
2414 1553 2488 1606 sit
2535 1551 2598 1608 ob
2653 1567 2925 1608 concessas
2984 1553 3287 1610 Vestalibus
3339 1562 3390 1610 et
3431 1571 3614 1612 sacer-

2026 1620 2261 1698 dot_ib_us_
2285 1623 2529 1698 honores,
2597 1623 2837 1698 dataque
2877 1625 3202 1695 privilegia,
3250 1627 3616 1698 ampliﬁcatos

2027 1710 2062 1748 α
2090 1693 2197 1749 diis
2228 1695 2457 1750 Romani
2487 1696 2708 1764 imperii
2742 1693 2889 1765 ﬁnes
2907 1715 2926 1751 :
2976 1706 3179 1767 quanta
3205 1693 3436 1767 fuerint
3459 1702 3611 1755 utro-

2027 1781 2256 1842 rumque
2277 1767 2688 1842 incontinentia
2701 1783 2770 1842 ac
2789 1768 3025 1840 ﬂagitia,
3052 1774 3216 1840 atque
3236 1769 3299 1824 in
3324 1771 3456 1842 ipsis
3476 1775 3611 1827 tem-

2019 1838 2129 1910 plis
2156 1837 2431 1894 adulteria
2460 1847 2514 1894 et
2542 1839 2854 1910 sacrilegia.

2023 2014 2149 2070 Non
2181 2013 2432 2071 molliori
2480 2015 2720 2070 brachio
2762 2013 2910 2071 illud
2961 2015 3255 2074 Minucius
3284 2017 3591 2091 propulsat

1953 2104 2109 2175 quod
2141 2104 2503 2160 venditatum
2543 2121 2578 2160 a
2615 2103 2838 2160 Caecilio
2889 2104 3437 2173 animadvertimus,
3469 2108 3610 2164 deos

1952 2194 2218 2250 subsidio
2267 2193 2492 2249 venisse
2542 2193 2842 2264 Romanis,
2894 2194 3192 2267 totiusque
3237 2196 3393 2252 orbis
3442 2199 3608 2252 terra

1954 2282 2185 2339 dedisse
2240 2283 2552 2354 imperium
2619 2283 2693 2338 ob
2758 2299 3068 2340 concessos
3134 2283 3468 2341 Vestalibus
3514 2301 3608 2340 sa-

1954 2372 2405 2444 cerdotibusque
2471 2372 2724 2428 honores
2787 2371 3040 2444 dataque
3104 2372 3426 2446 privilegia.
3486 2373 3610 2437 Quo

1953 2461 2108 2518 enim
2140 2460 2331 2529 titulo,
2379 2461 2574 2532 arguit
2622 2459 2932 2529 Minucius,
2968 2462 3024 2516 id
3075 2461 3334 2518 Vestales
3383 2467 3484 2519 aut
3513 2479 3610 2518 sa-

1953 2551 2216 2606 cerdotes
2264 2550 2653 2606 meruerunt?
2702 2549 2980 2622 Nunquid
3035 2551 3190 2623 apud
3253 2550 3384 2607 illas
3427 2551 3615 2624 major

1953 2639 2177 2694 caeteris
2206 2639 2465 2709 castitas,
2508 2643 2609 2694 aut
2655 2639 2810 2710 apud
2861 2638 3004 2694 istos
3054 2637 3258 2711 religio
3301 2638 3612 2696 sanctior?

1954 2727 2194 2784 Minime
2221 2728 2506 2799 gentium.
2538 2727 2807 2783 Plurimae
2853 2727 3148 2784 enimvero
3196 2727 3454 2785 Vestales
3485 2729 3610 2785 vio-

1951 2817 2082 2874 lata)
2105 2816 2396 2888 pudicitiae
2448 2817 2732 2872 dederunt
2781 2833 3004 2888 pcenas,
3053 2832 3200 2888 quas
3250 2816 3374 2872 alia
3406 2833 3610 2874 earum

1952 2907 2216 2978 gregales
2246 2923 2361 2961 non
2393 2906 2592 2961 minus
2639 2906 2897 2978 quidem,
2947 2906 3050 2961 sed
3091 2905 3377 2963 occultius
3413 2905 3610 2979 impu-

1953 2995 2094 3051 dice
2127 2994 2477 3067 effugerunt.

2025 3083 2185 3140 Rhea
2228 3083 2519 3156 siquidem
2569 3082 2765 3156 Sylvia
2810 3083 3083 3154 Vestalis,
3133 3083 3220 3141 uti
3268 3083 3442 3158 paulo
3471 3087 3607 3142 ante

1953 3173 2428 3240 observabamus,
2464 3178 2522 3229 et
2563 3173 2706 3229 scite
2736 3173 3097 3247 Augustinus
3137 3179 3272 3246 post
3317 3174 3464 3232 alios
3492 3191 3610 3233 me-

1953 3267 2162 3335 morat,
2218 3262 2373 3334 turpi
2423 3262 2708 3318 adulterio
2762 3263 3010 3319 Remum
3058 3267 3235 3336 atque
3285 3262 3603 3321 Romulum

1951 3351 2208 3408 edidisse
2263 3351 2554 3408 ferebatur
2605 3352 2872 3424 (August.
2932 3351 3036 3408 lib.
3091 3369 3252 3424 xviii,
3309 3352 3377 3409 de
3433 3355 3606 3410 Civit.

1953 3458 2082 3513 cap.
2111 3442 2202 3510 21,
2259 3456 2390 3512 pag.
2421 3440 2571 3513 503).
2624 3440 2837 3506 Quidni
2884 3456 3021 3513 ergo
3077 3445 3135 3497 et
3177 3439 3304 3496 alia:
3346 3441 3623 3498 Vestales

1956 3547 2198 3603 pravum
2229 3528 2389 3584 illius
2427 3528 2758 3600 exemplum
2808 3528 3050 3602 impune
3081 3545 3144 3586 se
3191 3530 3411 3586 imitari
3442 3545 3615 3603 posse

1957 3618 2357 3676 crediderint?
2411 3618 2725 3674 Suetonius
2771 3635 2903 3675 vero
2956 3623 3157 3676 narrat
3213 3619 3616 3677 Domitianum

1959 3711 2182 3766 incesta
2205 3706 2550 3779 Vestalium,
2603 3724 2638 3763 a
2679 3711 2843 3780 patre
2889 3725 2996 3764 suo
3029 3715 3086 3764 et
3125 3707 3304 3765 fratre
3334 3709 3618 3782 neglecta,

1957 3797 2115 3854 varie
2145 3813 2212 3852 ac
2242 3812 2438 3852 severe
2466 3795 2815 3864 coercuisse,
2839 3796 3034 3868 priora
3050 3796 3283 3870 capitali
3307 3797 3619 3870 supplicio,

1960 3888 2286 3959 posteriora
2315 3901 2474 3941 more
2511 3884 2710 3940 veteri.
2746 3908 2774 3936 «
2805 3885 2951 3941 Nam
3000 3903 3134 3942 cum
3184 3885 3480 3955 Ocellatis,
3513 3886 3620 3942 ad-

1963 3975 2052 4032 dit
2081 3973 2196 4042 ille,
2230 3971 2552 4041 sororibus,
2586 3973 2726 4028 item
2771 3971 3074 4030 Varonillas
3123 3972 3373 4029 liberum
3413 3971 3619 4028 mortis

1963 4062 2330 4137 permisisset
2375 4061 2709 4128 arbitrium,
2759 4067 3244 4135 corruptoresque
3283 4077 3484 4117 earum
3523 4077 3620 4119 re~

1965 4152 2238 4225 legasset,
2291 4167 2424 4208 mox
2479 4149 2803 4208 Corneliam
2863 4151 3146 4224 virginem
3197 4149 3539 4219 maximam,
3593 4169 3621 4200 »ι

1965 4241 2023 4296 id
2069 4245 2179 4309 est,
2239 4240 2372 4297 aliis
2418 4239 2754 4297 Vestalibus
2811 4241 3162 4312 praefectum,
3216 4265 3242 4290 «
3291 4237 3624 4295 absolutam

1967 4331 2131 4397 olim,
2193 4329 2404 4386 dehinc
2472 4329 2641 4399 longo
2712 4327 3016 4385 intervallo
3091 4325 3395 4399 repetitam
3450 4331 3629 4400 atque

1969 4419 2314 4486 convictam,
2364 4418 2558 4475 defodi
2609 4417 2938 4490 imperavit,
2988 4421 3467 4488 stupratoresque
3514 4416 3631 4472 vir-

1970 4509 2062 4580 gis
2093 4508 2152 4562 in
2187 4507 2422 4563 comitio
2455 4507 2526 4562 ad
2558 4524 2758 4564 necem
2807 4505 2969 4563 caedi.
3015 4527 3044 4558 n
3076 4507 3342 4576 (Sueten.
3373 4505 3477 4563 lib.
3508 4521 3636 4576 vm,

205 4601 442 4656 dearum
472 4616 645 4674 grege
675 4617 709 4656 a
739 4599 1056 4673 gentilibus
1104 4603 1548 4654 annumeratam
1580 4597 1857 4670 implora-
1891 4587 1937 4652 D
1970 4598 2027 4653 in
2066 4598 2189 4653 Vita
2217 4597 2423 4652 Domit.
2475 4595 2505 4668 §
2553 4596 2632 4668 8.)
2686 4596 2832 4652 Hinc
2881 4595 3172 4652 Eusebius
3221 4599 3402 4666 notat,
3439 4593 3636 4652 Domi-

210 4693 440 4762 tamque
469 4690 598 4759 ejus
626 4705 817 4761 opem,
853 4704 924 4744 ne
957 4689 1154 4760 fruges
1183 4687 1501 4758 aliquando
1529 4701 1861 4758 corrumpe-

226 4784 426 4834 rentur.
451 4779 597 4834 Nam
623 4778 800 4832 Varro
820 4777 940 4832 ὴιεο
963 4779 1032 4832 de
1059 4793 1121 4832 se
1143 4778 1269 4843 ipso
1292 4777 1506 4831 litteris
1528 4775 1858 4832 mandavit:

230 4888 250 4913 «
276 4869 486 4933 Quarto
509 4867 709 4923 invoco
738 4866 1027 4938 Robigum
1059 4881 1124 4920 ac
1152 4864 1404 4936 Floram,
1427 4866 1644 4936 quibus
1675 4863 1864 4936 propi-

229 4955 308 5011 tiis
354 4973 538 5028 neque
587 4957 792 5024 rubigo
863 4959 1154 5009 frumenta
1219 4959 1394 5026 atque
1454 4955 1692 5011 arbores
1737 4969 1864 5011 cor-

233 5045 453 5117 rumpit,
470 5061 653 5115 neque
668 5063 780 5099 non
803 5042 1145 5114 tempestive
1163 5043 1387 5099 ﬂorent.
1405 5046 1608 5115 itaque
1621 5043 1865 5115 publica

237 5130 431 5206 Robigo
479 5135 631 5188 i'erize
689 5131 1010 5203 Robigalia,
1064 5132 1241 5186 Flora:
1292 5131 1412 5187 ludi
1473 5133 1721 5188 Floralia
1776 5134 1864 5188 in-

240 5222 426 5293 stituti,
461 5245 488 5272 »
521 5225 708 5286 (Varr.
737 5221 837 5276 lib.
870 5239 889 5275 1
910 5223 974 5276 de
995 5226 1069 5278 Re
1090 5223 1322 5292 rustica,
1345 5222 1516 5288 init.),
1548 5223 1621 5278 de
1652 5223 1867 5294 quibus

240 5307 286 5364 in
313 5312 567 5384 sequenti
601 5310 1009 5368 dissertatione
1031 5311 1341 5382 agendum.
1373 5310 1633 5383 Denique
1665 5314 1872 5368 Corne-

241 5395 334 5454 lius
360 5401 596 5458 Tacitus
627 5401 923 5456 memoriae
952 5400 1548 5471 prodiditdedicatam
1575 5418 1610 5456 a
1638 5401 1868 5459 Tiberio

243 5489 429 5546 (lassare
466 5492 635 5562 juxta
688 5490 908 5544 circum
964 5489 1288 5544 maximum
1343 5512 1363 5538 ι
1423 5489 1602 5544 Floras
1661 5492 1866 5558 aadem,

248 5575 299 5631 ab
330 5580 488 5635 Lucio
515 5585 573 5635 et
604 5583 794 5633 Marco
825 5575 1077 5652 publicis
1106 5577 1374 5637 aedilibus
1403 5580 1804 5639 constitutam.
1840 5600 1863 5634 ι

251 5662 426 5742 (Tacit.
465 5667 568 5728 lib.
601 5675 664 5738 Il,
699 5669 830 5742 post
859 5666 1042 5740 med.)

542 5796 811 5860 Parnm.
858 5793 965 5858 ill.

1971 4687 2130 4742 tiano
2187 4685 2342 4742 601
2393 4685 2742 4757 imperante,
2773 4708 2803 4736 ‹‹
2836 4689 2954 4741 tres
2982 4684 3240 4758 virgines
3268 4684 3536 4743 Vestales
3564 4685 3638 4743 ob

1972 4781 2243 4848 stuprum
2273 4777 2607 4831 damnatas.
2633 4797 2663 4826 ››
2694 4775 2934 4847 (Euseb.
2963 4775 3162 4831 Chron.
3193 4776 3264 4832 ad
3290 4792 3427 4831 ann.
3451 4775 3639 4847 2099.)

1972 4865 2052 4923 De
2083 4864 2347 4921 Cornelia
2375 4869 2573 4920 autem
2605 4865 2827 4922 Plinius
2857 4867 2930 4922 ad
2963 4865 3366 4924 Minucianum
3397 4863 3634 4921 scribit:

1976 4979 2004 5006 ιι
2035 4956 2119 5010 Ad
2171 4953 2530 5027 supplicium
2578 4955 2773 5014 nescio
2825 4971 2897 5012 an
2952 4955 3253 5022 innocens,
3304 4958 3458 5011 certe
3507 4956 3636 5008 tan-

1976 5061 2152 5118 quam
2184 5061 2401 5101 nocens
2423 5045 2602 5101 ducta
2626 5049 2733 5103 est.
2760 5066 2789 5096 ››
2823 5043 2992 5113 (Plin.
3017 5047 3188 5118 Epist.
3223 5042 3326 5098 lib.
3359 5057 3436 5114 xv,
3467 5040 3638 5114 epist.

1980 5133 2090 5208 11.)
2119 5133 2230 5190 Sed
2265 5133 2333 5190 de
2381 5133 2540 5190 illius
2589 5137 2791 5206 stupro
2836 5135 3119 5207 justeque
3150 5128 3642 5188 condemnatione

1980 5223 2138 5279 nullo
2171 5223 2343 5295 plane
2392 5223 2565 5280 modo
2613 5223 2926 5279 Suetonius
2969 5220 3277 5278 dubitavit.
3327 5219 3468 5275 Tres
3499 5215 3644 5273 alias

1979 5312 2327 5370 Plutarchus
2361 5312 2624 5369 Vestales
2669 5316 2978 5378 memorat,
3011 5309 3280 5366 videlicet
3327 5305 3644 5377 )Emiliam,

1982 5403 2265 5465 Liciniam
2292 5405 2351 5457 et
2398 5402 2691 5471 Martiam,
2745 5418 2892 5474 quas
2934 5401 3192 5458 incestus
3232 5415 3434 5471 poenas
3464 5396 3649 5454 luisse

1984 5491 2268 5566 perhibet,
2302 5495 2614 5564 postquam
2641 5490 2922 5548 nefariam
2947 5507 3082 5546 cum
3103 5488 3244 5544 viris
3267 5486 3647 5544 consuetudi-

1985 5598 2120 5639 nem
2165 5581 2290 5654 jam
2338 5579 2439 5637 diu
2497 5579 2863 5638 habuissent.
2915 5578 3232 5656 (Plutarch.
3285 5579 3490 5649 Quasi.
3543 5576 3652 5633 Ro-

1983 5687 2136 5731 man.
2191 5685 2322 5746 pag.
2369 5671 2522 5745 284).
2572 5670 2645 5728 At
2694 5670 2956 5747 Lipsium
3004 5671 3304 5747 preterea,
3353 5666 3405 5726 si
3457 5670 3651 5738 vacat,

3253 5792 3332 5861 20
