4088 6150
431 366 550 424 619

1722 361 1823 422 DE
1869 360 2173 424 MlNUCll
2220 358 2564 423 OCTAVIO

3445 0 3482 12 τ’
3529 0 3726 38 -τνιτυῖν-
3749 0 4011 40 τῑτμνῖτ·

3716 360 3826 423 620

429 495 589 552 adire
618 492 834 566 poteris
863 494 1043 566 (Lips.
1094 493 1257 566 Synt.
1309 493 1374 550 de
1427 495 1573 551 Vesta
1620 503 1670 550 et
1726 495 1918 551 Vestal.
1952 511 2076 566 cap.
2110 499 2164 561 Α
2193 495 2412 551 ethnici
2451 498 2752 551 tantorum
2801 492 3088 548 scelerum
3133 496 3314 549 testes
3345 497 3483 550 sunt
3511 493 3828 552 certissimi.

427 584 482 654 3,
515 587 659 640 tum.
693 584 794 652 ΙΙΙ,
829 599 960 656 pag.
993 584 1142 655 606).

499 673 822 741 Addamus,
856 670 905 729 si
948 673 1130 741 lubet,
1162 672 1558 742 Ambrosium,
1587 673 1682 745 qui
1713 672 2082 744 Symmacho,

432 761 635 819 eodem
667 763 840 818 modo
872 766 1048 834 atque
1077 763 1361 832 Caecilius,
1407 764 1686 820 adversus
1719 763 2085 820 Christianos

429 868 498 910 ao
555 867 660 925 pro
707 852 958 909 ethnicis
1011 853 1446 926 argumentanti
1501 854 1814 925 respondet
1860 858 2082 925 septem

427 944 660 998 tantum
694 958 799 999 suo
827 945 1089 1014 tempore
1127 942 1488 1015 superfuisse
1516 941 1799 1010 Vestales,
1832 958 2082 1014 quarum

433 1053 453 1081 ι
490 1047 608 1088 non
638 1035 747 1101 est,
782 1054 810 1082 ››
857 1031 1053 1104 inquit
1104 1053 1133 1084 «
1163 1032 1486 1105 virginitas,
1543 1049 1670 1106 quas
1717 1030 1904 1105 pretio
1933 1029 2084 1087 emi-

423 1124 542 1188 tur,
617 1137 734 1177 non
812 1121 1048 1178 virtutis
1123 1122 1318 1178 studio
1383 1121 1717 1194 possidetur
1791 1121 2082 1192 (Ambros.

424 1208 602 1282 epist.
643 1210 730 1280 18,
764 1209 947 1267 Contr.
982 1209 1296 1283 Symmach.
1330 1227 1463 1284 pag.
1495 1211 1644 1283 836).
1965 1226 1971 1230 ·

445 1296 691 1370 .Neque
761 1297 1049 1356 minorem
1109 1299 1319 1356 asserit
1375 1304 1578 1356 auctor
1647 1302 1846 1355 noster
1900 1295 2085 1354 fuisse

423 1385 792 1444 ethnicorum
815 1390 1187 1446 sacerdotum
1211 1405 1387 1461 quam
1420 1388 1740 1445 Vestalium
1770 1386 2081 1460 impudici-

423 1476 589 1532 tiam.
618 1498 646 1528 «
679 1476 786 1533 Ubi
810 1479 989 1549 enim,
1015 1501 1044 1529 »
1077 1479 1268 1551 inquit
1297 1479 1412 1550 ille,
1437 1502 1465 1530 ‹‹
1495 1479 1684 1551 magis
1711 1496 1743 1535 a
1773 1476 2085 1534 sacerdoti-

423 1566 557 1637 bus,
589 1582 763 1636 quam
794 1566 947 1623 inter
973 1585 1103 1624 aras
1150 1572 1206 1624 et
1246 1568 1490 1624 delubra
1518 1571 1928 1625 conducuntur
1956 1571 2082 1623 stu-

423 1671 548 1726 pra,
607 1658 935 1712 tractantur
979 1656 1289 1729 lenocinia,
1340 1657 1628 1714 adulteria
1676 1655 2082 1713 meditantur?

423 1743 812 1816 Frequentius
841 1745 900 1801 in
949 1747 1300 1803 aedituorum
1344 1745 1593 1815 cellulis,
1636 1763 1813 1819 quam
1844 1747 1904 1801 in
1934 1745 2081 1818 ipsis

419 1830 807 1903 lupanaribus
821 1833 1076 1944 flagrans
1096 1834 1286 1944 libido
1319 1836 1675 1908 defungitur.
1697 1835 2082 1936 »A.texpende
2111 1877 2156 1944 Β

418 1935 634 1993 quaeso,
668 1928 866 1978 utrum
918 1923 999 1979 ibi
1050 1925 1121 1980 ad
1170 1925 1292 1981 haec
1341 1943 1454 1982 non
1505 1923 1840 1996 respexerit,
1884 1941 2012 1996 qum
2044 1941 2078 1980 a

413 2009 772 2066 Tertulliano
804 2011 960 2067 dicta
1001 2013 1289 2086 legimus:
1349 2035 1374 2068 α
1406 2015 1468 2070 In
1519 2013 1755 2086 templis
1788 2012 2078 2069 adulteria

412 2099 704 2171 componi,
757 2101 912 2156 inter
969 2118 1101 2158 aras
1159 2101 1448 2159 lenocinia
1505 2103 1767 2169 tractari,
1819 2102 1877 2157 in
1928 2102 2076 2175 ipsis

410 2187 758 2260 plerumque
787 2189 1145 2246 aedituorum
1177 2195 1235 2247 et
1255 2193 1628 2248 sacerdotum
1655 2190 2072 2259 tabernaculis,

410 2277 520 2332 sub
553 2276 762 2332 iisdem
820 2277 998 2345 vitiis,
1054 2284 1110 2335 et
1163 2281 1432 2352 apicibus
1482 2285 1538 2337 et
1582 2281 1860 2354 purpuris
1903 2281 2076 2337 thure

410 2364 711 2436 ﬂagrante,
771 2365 1074 2424 libidinem
1132 2370 1470 2443 expungi.»
1521 2369 1784 2442 (Tertull.
1840 2370 2071 2444 Apotog.

414 2469 542 2525 cap.
579 2454 666 2520 15,
699 2471 828 2526 pag.
869 2456 979 2527 16.)
1030 2456 1393 2531 QuaprOpter
1422 2458 1536 2514 alio
1581 2459 1639 2514 in
1673 2459 1818 2516 libro
1851 2459 2073 2532 ipsam-

416 2547 536 2598 met
564 2542 954 2600 idololatriam
975 2545 1056 2600 ita
1077 2544 1414 2616 loquentem
1438 2547 1668 2603 induxit
1693 2565 1705 2603 :
1731 2571 1758 2598 «
1793 2547 1908 2619 Ego
1941 2548 2074 2620 qui-

419 2632 549 2687 dem
573 2631 901 2688 idololatria
922 2634 1246 2705 saapissime
1269 2635 1529 2694 moechis:
1552 2637 1916 2692 occasionem
1939 2637 2074 2692 sub-

420 2721 707 2780 ministro.
743 2723 947 2778 Sciunt
971 2723 1087 2780 luci
1129 2725 1266 2793 mei,
1317 2730 1373 2782 et
1403 2727 1518 2783 mei
1565 2732 1818 2799 montes,
1849 2733 1906 2784 et
1932 2727 2070 2784 vivae

416 2826 580 2881 aqua:
611 2811 856 2884 ipsaque
899 2813 956 2868 in
1008 2813 1254 2869 urbibus
1302 2815 1543 2888 templa,
1593 2821 1881 2888 quantum
1913 2833 2071 2874 ever-

413 2901 603 2956 tendas
633 2901 924 2973 pudicitiae
954 2919 1358 2975 procuremus.
1393 2927 1422 2957 »
1451 2905 1713 2978 (Tertull.
1746 2905 1848 2962 lib.
1881 2905 1946 2962 de
1969 2908 2072 2962 Pa-

413 2987 564 3045 dicit.
602 3005 728 3062 cap.
760 2992 817 3057 5,
848 3007 982 3064 pag.
1022 2992 1174 3064 719.)
1207 2993 1355 3057 Quid
1402 2995 1555 3065 quod
1589 2995 1905 3052 Phoenissae
1940 3012 2069 3052 mu-

411 3076 602 3145 lieres,
655 3082 721 3134 ut
770 3079 851 3134 ait
897 3079 1275 3153 Athanasius,
1326 3084 1613 3153 putabant
1661 3083 1895 3156 vulgato
1935 3087 2069 3140 ante

409 3165 566 3222 idola
604 3183 862 3240 corpore,
914 3169 1053 3225 deos
1103 3171 1222 3226 fore
1265 3171 1374 3226 sibi
1427 3172 1711 3245 prepitios
1758 3173 2064 3244 (Athenas.

411 3253 561 3312 Orat.
591 3260 763 3312 contr.
801 3257 952 3313 (ient.
984 3257 1014 3331 §
1043 3260 1133 3328 26,
1167 3276 1299 3330 pag.
1351 3261 1464 3330 24).
1496 3263 1568 3316 At
1613 3262 1681 3317 de
1711 3261 2066 3318 Tcrtulliano
2097 3257 2140 3324 C

409 3342 602 3400 adhuc
661 3363 766 3402 suo
825 3345 950 3402 loco
1023 3347 1336 3404 dicendum
1406 3351 1662 3420 (Dissert.
1730 3353 1790 3407 in
1845 3351 2064 3408 Tertull.

410 3433 686 3505 Apologet.
716 3452 839 3508 cap.
869 3436 960 3506 24,
995 3441 1101 3493 art.
1135 3438 1211 3509 3).

483 3523 680 3596 Neque
710 3525 926 3582 dixeris
956 3525 1076 3582 haec
1107 3527 1353 3583 fortasse
1385 3545 1419 3585 a
1448 3528 1793 3585 Christianis
1824 3529 2065 3603 scripto~

411 3611 597 3680 ribus,
656 3612 1015 3686 implacabili
1071 3615 1439 3672 ethnicorum
1497 3618 1629 3674 odio
1687 3618 1900 3688 ductis,
1963 3622 2068 3676 aut

410 3700 594 3771 gratis
625 3701 893 3769 conﬁcta,
922 3707 1023 3759 aut
1051 3703 1340 3762 malitiose
1367 3706 1743 3780 ampliﬁcata.
1768 3712 1914 3764 Nam
1938 3708 2066 3763 inﬁ~

411 3788 552 3844 nitis
582 3793 1001 3862 propemodum
1029 3793 1416 3866 ipsorummct
1445 3796 1754 3868 gentilium
1796 3797 2063 3854 testimo-

411 3876 545 3946 niis,
581 3897 710 3951 quae
739 3882 1038 3939 brevitatis
1070 3900 1250 3940 causa
1281 3885 1632 3958 omittimus,
1663 3886 1895 3959 probari
1930 3903 2062 3959 pos-

407 3972 566 4023 sunt.
621 3971 894 4035 Quaedam
945 3971 1142 4044 itaque
1191 3973 1305 4028 huc
1356 3973 1629 4030 retulisse
1676 3975 1949 4045 sufﬁciat,
1995 3993 2062 4034 ac

404 4056 661 4128 primum
696 4059 933 4131 quidem
965 4060 1085 4116 haec
1116 4061 1302 4117 Ovidii
1333 4062 1632 4121 carmina:

528 4183 772 4260 Euminis
802 4185 983 4260 exigui
1008 4185 1181 4260 fuerat
1210 4199 1374 4249 prope
1395 4186 1600 4260 templa
1625 4200 1883 4251 recessus,

530 4245 811 4309 Speluncae
833 4245 1032 4309 similis,
1068 4245 1250 4298 nativo
1278 4245 1471 4310 punice
1499 4245 1690 4310 fectus,

529 4309 822 4374 Pelligione
854 4324 1003 4374 sacer
1026 4313 1214 4372 prisca,
1237 4325 1341 4374 quo
1375 4312 1540 4362 multa
1565 4313 1810 4362 sacerdos

528 4371 724 4438 Lignea
754 4371 1049 4438 contulerat
1079 4371 1321 4424 veterum
1351 4375 1636 4425 simulacra
1665 4376 1889 4426 deorum
1913 4392 1927 4438 ;

526 4435 678 4485 Hunc
706 4435 825 4496 init,
857 4441 910 4486 et
939 4437 1102 4486 vetito
1134 4441 1361 4486 temerat
1390 4439 1624 4489 sacraria
1652 4439 1870 4501 probro.

901 4515 1095 4580 (Ovid.,
1123 4516 1157 4566 l.
1184 4531 1217 4566 ι
1246 4517 1603 4583 Hetamorph.,
1637 4522 1661 4578 ς
1692 4519 1922 4584 penult.)

399 4626 605 4685 Acrius
635 4646 768 4687 vero
795 4630 1094 4688 Juvenalis
1125 4632 1182 4689 in
1215 4633 1336 4691 haec
1364 4635 1712 4707 turpissima
1754 4635 1975 4709 flagitia
2003 4641 2060 4694 et
2087 4629 2135 4695 D

400 4718 706 4792 sacrilegia
736 4719 820 4777 sic
847 4721 1177 4779 invehitur:

524 4843 711 4914 ljuper
721 4845 964 4914 en_im,rut
981 4848 1182 4914 repeto,
1205 4845 1388 4914 fanum
1409 4847 1580 4914 Isidis,
1605 4851 1656 4914 et
1671 4849 2054 4914 _Ganymedem,

521 4907 657 4972 91η
682 4909 827 4958 Pacis
856 4913 908 4958 et
937 4907 1160 4958 advecta
1179 4913 1384 4958 secreto
1414 4909 1610 4972 palatia
1639 4907 1839 4972 Matris,

517 4969 581 5039 ξι
603 4985 864 5039 cererem,
889 4985 1014 5039 nam
1043 4985 1151 5039 qu_o
1181 4984 1314 5039 non_
1338 4969 1541 5039 prostat
1582 4971 1780 5039 femina
1809 4969 2010 5039 templo
2030 4977 2054 5025 ’ἲ

517 5033 701 5082 Notior
728 5035 937 5084 Auﬁdio
969 5033 1212 5083 mmchus
1241 5033 1508 5082 celebrare
1538 5034 1747 5083 solebas

517 5096 669 5155 Quod
703 5101 868 5156 taceo,
900 5103 1058 5160 atque
1091 5097 1235 5158 ipsos
1264 5096 1422 5145 etiam
1453 5095 1709 5146 inclinare
1738 5099 1975 5148 maritos.

773 5175 1057 5241 (Juvenal.,
1092 5173 1269 5236 Satyr.
1300 5187 1370 5234 ιν,
1405 5189 1451 5223 υ.
1483 5176 1543 5224 22
1572 5177 1621 5224 et
1649 5183 1806 5241 seqq.)

386 5284 563 5346 Plura
592 5292 788 5349 adhuc
816 5292 1008 5364 legere
1056 5291 1273 5362 poteris
1326 5288 1384 5344 in
1418 5293 1577 5346 sexta
1631 5291 1790 5350 illius
1822 5295 2048 5370 Satyrs,

386 5378 486 5434 ubi
518 5385 728 5452 praeter
756 5381 871 5437 alia
902 5383 1048 5437 bene
1079 5377 1265 5437 multa
1295 5379 1475 5436 dixit:

543 5517 582 5554 ,Α
659 5522 672 5536 .
750 5525 820 5554 _._
855 5488 1558 5554 _Jamquerexspectaturin
1598 5491 1766 5541 hortis

481 5547 590 5599 Aut
625 5551 766 5613 apud
799 5551 977 5603 lsiacaz
1011 5547 1191 5616 potius
1224 5547 1454 5602 éacraria
1485 5551 1639 5604 lenae.

1221 5630 1410 5696 (Idem,
1440 5631 1638 5697 Satyr.,
1668 5648 1736 5696 vr,
1765 5649 1813 5687 v,
1844 5637 1975 5695 485.)

447 5723 652 5810 Neque
673 5738 860 5811 poctas
908 5736 1158 5803 tantum,
1209 5730 1314 5791 sed
1364 5729 1463 5791 alii
1512 5730 1689 5792 etiam
1731 5731 2048 5809 scriptores

2190 586 2392 639 Nonne
2420 583 2576 640 enim
2607 581 2804 638 Cicero
2836 580 3117 653 quaeritur
3147 579 3413 637 Clodium
3444 598 3571 639 esse
3598 604 3626 634 «
3658 581 3827 639 homi-

2191 688 2326 728 nem
2357 672 2548 740 illum,
2577 694 2605 722 »
2637 671 2736 744 qui
2767 671 3170 742 pulvinaribus
3192 695 3218 722 ‹‹
3244 670 3414 728 Bonis
3439 672 3556 728 deae
3580 677 3827 744 stuprum

2191 761 2452 818 intulerit
2482 778 2666 834 eaque
2713 777 2903 832 sacra,
2957 778 3082 834 quas
3113 762 3219 816 viri
3273 761 3478 828 oculis,
3519 779 3592 818 ne
3621 762 3827 835 impru-

2192 852 2383 909 dentis
2413 851 2671 925 quidem,
2717 852 2899 926 aspici
2933 853 3019 910 fas
3069 856 3176 922 est,
3209 867 3324 908 non
3373 851 3564 907 solum
3611 855 3830 923 aspectu

2190 942 2366 1014 virili,
2434 944 2534 999 sed
2610 942 2832 1022 ﬂagitio
2906 946 3227 1016 stuproque
3298 941 3573 997 violarit?
3643 943 3828 1012 (Cicer.

2193 1033 2345 1089 Orat.
2405 1033 2494 1102 30,
2553 1032 2619 1088 de
2677 1034 2924 1104 Aruspic.
2981 1032 3136 1103 Resp.
3196 1046 3330 1104 pag.
3389 1031 3512 1099 429,
3573 1030 3677 1086 lin.
3729 1033 3832 1103 34.)

2191 1121 2394 1178 Nonne
2424 1121 2737 1179 Suetonius
2769 1121 2892 1178 haec
2923 1121 2993 1178 de
3024 1121 3256 1177 Tiberio
3306 1121 3658 1194 imperatore
3688 1120 3832 1177 litte-

2192 1212 2272 1267 ris
2321 1210 2739 1284 consignavit?
2792 1233 2822 1262 α
2880 1212 3081 1267 Fertur
3129 1210 3306 1266 etiam
3358 1209 3419 1265 in
3465 1211 3834 1267 sacriﬁcando

2192 1302 2487 1372 quondam
2521 1305 2730 1373 captus
2762 1300 2904 1356 facie
2952 1299 3208 1355 ministri
3240 1315 3498 1355 acerram
3545 1300 3839 1371 praeferen-

2188 1394 2288 1459 tis,
2321 1393 2594 1465 nequisse
2625 1392 2936 1463 abstinere,
2964 1390 3105 1464 quin
3130 1407 3278 1465 pene
3296 1390 3534 1446 vixdum
3565 1407 3626 1446 re
3652 1390 3836 1448 divina

2190 1490 2444 1557 peracta,
2507 1483 2726 1540 ibidem
2784 1483 2981 1541 statim
3041 1484 3348 1539 seductum
3417 1488 3833 1556 constupraret,

2190 1576 2483 1648 simulque
2531 1575 2766 1632 fratrem
2823 1575 2950 1647 ejus
3012 1574 3336 1643 tibicinem,
3387 1579 3564 1646 atque
3618 1575 3836 1646 utrique

2190 1685 2346 1736 mox,
2409 1668 2564 1740 quod
2623 1670 2827 1722 mutuo
2885 1665 3173 1739 ﬂagitium
3245 1666 3618 1737 exprobrant,
3681 1682 3837 1721 crura

2190 1758 2452 1830 fregisse.
2501 1778 2528 1808 »
2579 1757 2842 1826 (Sueten.
2894 1755 2996 1812 lib.
3048 1771 3133 1825 ιιι,
3188 1757 3248 1810 in
3301 1755 3418 1810 Vita
3467 1754 3645 1810 Tiber.
3695 1757 3724 1824 §
3769 1756 3834 1827 l.)

2189 1847 2426 1912 Dicendi
2486 1847 2656 1902 ﬁnem
2723 1849 2875 1902 certe
2933 1861 3048 1901 non
3124 1843 3470 1914 faceremus,
3541 1843 3591 1898 si
3651 1846 3837 1900 omnia

2185 1937 2569 1994 describenda
2597 1939 2814 2003 essent,
2847 1951 2972 2006 qua
3003 1937 3248 2005 uterque
3297 1936 3353 1989 et
3384 1931 3480 1989 alii
3521 1933 3591 1988 de
3622 1932 3717 1989 his
3744 1933 3838 1988 de.

2185 2026 2471 2082 testandis
2504 2025 2820 2082 sceleribus
2851 2041 3001 2096 stupe
3032 2022 3244 2095 saepius
3274 2022 3666 2078 tradiderunt.

2259 2120 2333 2172 At
2364 2116 2412 2172 si
2443 2133 2511 2172 ea
2539 2114 2735 2171 omnia
2765 2114 2838 2169 ab
2877 2113 3148 2185 ipsismet
3187 2111 3609 2180 sacerdotibus,
3645 2112 3733 2167 uti
3771 2112 3841 2167 ab

2185 2205 2306 2278 illo,
2343 2207 2414 2262 de
2446 2222 2560 2278 quo
2591 2204 2744 2260 infra
2765 2203 3198 2271 disserendum,
3219 2202 3315 2272 qui
3349 2200 3615 2258 Herculis
3648 2217 3844 2274 perso-

2186 2313 2321 2353 nam
2350 2296 2578 2368 agebat,
2610 2311 2724 2350 non
2770 2292 3278 2365 perpetrabantur,
3311 2290 3351 2344 ii
3391 2294 3547 2347 certe
3578 2290 3846 2363 plerique

2185 2402 2389 2443 omnes
2420 2384 2654 2441 illorum
2682 2381 2897 2440 conscii
2931 2385 3116 2437 erant.
3145 2380 3290 2436 Vide
3319 2395 3455 2452 ergo
3487 2396 3665 2450 quam
3698 2381 3848 2438 falso

2183 2479 2240 2533 et
2267 2475 2642 2547 impudenter
2701 2471 2918 2528 ethnici
2948 2469 3316 2527 venditarent
3345 2473 3586 2542 propter
3613 2487 3854 2551 conces-

2183 2581 2281 2622 sos
2311 2565 2404 2620 his
2449 2562 2850 2620 sacerdotibus
2899 2577 2966 2617 ao
3013 2559 3347 2616 Vestalibus
3395 2557 3647 2616 honores
3678 2561 3858 2616 data-

2183 2670 2296 2726 que
2351 2652 2654 2726 privilegia
2721 2652 3015 2708 Romanos
3070 2649 3253 2706 totius
3335 2651 3624 2704 terrarum
3683 2649 3857 2708 orbis

2181 2744 2425 2816 adeptos
2456 2759 2587 2800 esse
2611 2740 2947 2815 imperium.

2757 2881 3150 2942 ARTICULUS
3187 2881 3254 2938 V.

2181 2992 2451 3064 Quomodo
2508 2992 2782 3066 Minacias
2822 2991 3077 3066 ostendat
3116 2993 3485 3049 Romanorum
3540 2995 3860 3066 imperium

2249 3068 2448 3138 pietate
2499 3065 2735 3138 inqdfeos
2776 3080 2884 3138 nec
2927 3064 3230 3138 fundatum
3279 3081 3379 3120 nec
3429 3064 3681 3129 auctum,
3716 3079 3858 3136 quia

2249 3136 2488 3210 Assyrii,
2547 3137 2703 3210 Medi,
2766 3137 2966 3204 Persae,
3028 3136 3218 3203 Graeci,
3277 3139 3529 3208 Αἴθωνιέὶ
3583 3151 3853 3210 regnave-

2248 3208 2382 3264 runt
2412 3218 2540 3263 ante
2569 3208 2713 3274 ittos,
2762 3216 2813 3262 et
2841 3212 2970 3262 ante
3010 3223 3202 3262 eorum
3250 3210 3563 3280 Pontiﬁces,
3597 3209 3848 3274 Arvales,

2249 3280 2444 3349 Salios,
2485 3282 2717 3336 Vestales
2747 3287 2909 3350 atque
2936 3280 3199 3350 Augures.

2247 3407 2440 3478 Pergit
2470 3404 2780 3473 Minucius,
2826 3403 3058 3476 alioque
3101 3421 3216 3461 non
3265 3404 3512 3462 minoris
3561 3403 3836 3478 ponderis

2177 3497 2520 3566 argumento
2551 3508 2618 3549 ea
2648 3492 2845 3548 omnia
2875 3491 3108 3562 refellit,
3142 3510 3267 3564 quae
3305 3493 3570 3550 Caecilius
3602 3511 3667 3549 ac
3697 3509 3836 3564 gen-

2175 3581 2305 3639 tiles
2339 3582 2589 3639 Romani
2635 3582 2707 3638 de
2756 3582 2970 3637 tradito
3018 3581 3131 3637 sibi
3178 3586 3413 3655 propter
3443 3599 3737 3638 summam
3772 3581 3831 3634 in

2174 3672 2314 3728 deos
2343 3689 2481 3728 suos
2512 3671 2785 3744 pietatem
2818 3671 2999 3726 totius
3031 3671 3238 3726 mundi
3268 3671 3514 3744 imperio
3545 3670 3722 3727 stulte
3743 3670 3830 3740 ja-

2175 3761 2479 3817 ctitabant.
2533 3760 2658 3818 Non
2706 3760 2767 3815 hi
2817 3759 3113 3817 enimvero
3159 3761 3263 3828 dii,
3313 3777 3461 3833 quos
3497 3761 3673 3816 falsos
3702 3773 3824 3814 esse

2173 3850 2562 3917 ostendimus,
2618 3853 2719 3904 aut
2761 3865 2941 3921 regna
2989 3849 3115 3905 suis
3169 3848 3494 3906 cultoribus
3525 3850 3822 3915 dederunt,

2172 3943 2276 3996 aut
2304 3941 2774 4012 propagaverunt
2797 3954 3000 3994 eorum
3033 3939 3217 3996 ﬁnes:
3260 3940 3361 3995 sed
3394 3939 3517 3994 haec
3547 3937 3702 3994 solus
3729 3951 3822 3990 ve-

2171 4047 2275 4086 rus
2305 4030 2791 4102 omnipotensque
2836 4029 2990 4085 Deus
3038 4030 3254 4101 quibus
3303 4046 3368 4085 ac
3418 4030 3647 4100 quando
3678 4026 3819 4092 vult,

2168 4118 2436 4192 largitur.
2462 4119 2660 4190 Neque
2689 4118 2748 4174 id
2770 4118 3018 4190 probatu
3042 4119 3282 4175 difﬁcile
3298 4123 3408 4175 est.
3442 4119 3609 4186 Nam,
3633 4131 3821 4190 quem-

2171 4209 2492 4265 admodum
2550 4212 2700 4265 recte
2750 4209 2943 4279 arguit
2989 4209 3299 4277 Minucius,
3352 4225 3674 4281 omnesque
3716 4220 3820 4261 no-

2167 4305 2396 4366 verunt,
2428 4321 2456 4348 «
2502 4298 2650 4354 Ante
2702 4296 2854 4365 illos,
2905 4297 3222 4366 Romanos,
3268 4297 3385 4354 Deo
3427 4298 3818 4371 dispensante,

2169 4387 2270 4443 diu
2303 4404 2482 4460 regna
2509 4391 2846 4452 tenuerunt,
2895 4387 3140 4460 Assyrii,
3180 4387 3351 4454 Medi,
3403 4392 3612 4458 Persis,
3646 4383 3821 4443 (ἕτθοὶ

2168 4477 2344 4532 etiam
2395 4479 2452 4532 et
2486 4475 2759 4550 Egyptii,
2813 4492 2950 4533 cum
3002 4476 3328 4546 Pontiﬁces,
3386 4481 3442 4532 et
3484 4473 3736 4541 Arvales,
3769 4474 3827 4526 et

2167 4563 2377 4632 Salios,
2409 4568 2466 4621 et
2519 4564 2807 4633 Vestales,
2864 4569 2921 4620 et
2975 4567 3241 4637 Augures
3286 4581 3402 4621 non
3465 4564 3758 4621 haberent.
3801 4581 3820 4607 ι

2169 4654 2337 4710 Prius
2365 4671 2498 4710 vero
2518 4653 2740 4709 dixerat
2759 4653 3158 4710 Tertullianus
3181 4671 3358 4727 regna
3381 4654 3454 4710 ab
3477 4652 3578 4709 illo
3601 4665 3826 4708 summo

2169 4745 2282 4799 Deo
2332 4743 2684 4816 dispensari,
2747 4759 2850 4799 nec
2901 4760 3011 4799 sua
3059 4744 3352 4807 Romanos
3410 4759 3444 4799 a
3495 4742 3670 4798 ﬁctiis
3715 4739 3830 4794 diis

2166 4833 2292 4890 suis
2341 4833 2655 4904 accepisse.
2706 4832 2934 4888 Etenim
2987 4856 3016 4883 ‹‹
3066 4836 3387 4905 regnarunt
3442 4829 3826 4904 Babylonii,»

2168 4923 2320 4978 603
2351 4922 2562 4993 inquit,
2597 4944 2626 4971 ‹‹
2659 4925 2792 4976 ante
2821 4923 3150 4988 Pontiﬁces,
3181 4927 3237 4977 et
3290 4921 3444 4976 Medi
3476 4927 3612 4976 ante
3643 4918 3826 4984 Ouin—

2165 5011 2510 5069 decimviros
2567 5015 2624 5066 et
2697 5012 2947 5083 Egyptii
3007 5017 3139 5066 ante
3213 5011 3423 5077 Salios,
3493 5015 3552 5066 et
3605 5005 3826 5081 Assyrii

2165 5106 2297 5157 ante
2329 5101 2641 5173 Lupercos,
2675 5104 2734 5156 et
2780 5102 3100 5156 Amazones
3147 5104 3284 5156 ante
3328 5099 3588 5172 virgines
3621 5097 3826 5152 Vesta-

2163 5189 2266 5246 les.
2303 5213 2329 5240 »
2377 5187 2744 5261 (Tertullian.
2795 5189 3065 5261 Apotoget.
3118 5205 3243 5260 cap.
3293 5189 3385 5253 26,
3440 5203 3572 5259 pag.
3619 5188 3726 5254 28;
3770 5187 3826 5239 et

2159 5279 2267 5338 lib.
2307 5297 2368 5348 ιι,
2400 5281 2479 5337 ad
2506 5279 2733 5334 Nation.
2766 5295 2894 5351 cap.
2928 5280 3016 5346 17,
3051 5296 3106 5351 p.
3137 5280 3255 5346 79.)

2231 5369 2409 5426 Paulo
2437 5374 2633 5426 tamen
2666 5367 2834 5425 aliter
2857 5367 3180 5443 Cyprianus
3211 5384 3224 5424 :
3250 5390 3278 5418 ‹‹
3305 5368 3524 5438 Regna,
3549 5387 3578 5416 »
3614 5363 3823 5436 inquit,

2160 5485 2190 5512 «
2225 5478 2338 5517 non
2373 5460 2581 5517 merito
2612 5458 2906 5528 accidunt,
2939 5458 3040 5514 sed
3089 5462 3242 5513 sorte
3291 5457 3614 5512 variantur.
3648 5457 3822 5512 Ceste.

2160 5569 2290 5609 rum
2313 5550 2651 5623 imperium,
2675 5554 2809 5605 ante
2839 5547 3150 5615 Romanos,
3175 5550 3564 5602 tenueruntet
3583 5541 3815 5618 Assyrii,

2157 5647 2216 5700 et
2245 5640 2416 5707 Medi,
2447 5644 2503 5696 et
2533 5639 2716 5694 Persa:
2741 5656 2755 5708 ;
2789 5642 2846 5694 et
2878 5639 3103 5694 Graecos
3132 5641 3188 5692 et
3211 5635 3510 5710 Egyptios
3543 5648 3813 5709 regnasse

2159 5731 2561 5810 cognovimus.
2598 5729 2684 5788 Ita
2727 5727 2951 5787 vicibus
2989 5731 3350 5804 potestatum
3393 5725 3672 5785 Romanis
3701 5738 3812 5804 quo
