4088 6150
215 384 308 446 821

215 535 328 592 quo,
356 520 422 573 ut
452 515 696 587 eateris,
731 513 1058 588 imperandi
1087 516 1322 586 tempus
1352 513 1604 582 obvenit,
1627 531 1659 566 ι
1707 512 1834 585 (Cy-
1865 514 1918 580 Α

215 609 381 682 prian.
414 606 479 664 de
509 605 706 662 Idolor.
740 621 866 661 van.
914 620 1048 676 pag.
1111 604 1197 676 13)
1255 603 1312 658 id
1371 606 1477 672 est,
1532 618 1712 676 regna
1755 601 1844 657 in-

213 696 586 754 constantiam
615 699 674 751 et
703 693 1170 750 vicissitudinem
1205 707 1401 748 rerum
1449 690 1842 747 humanarum

211 787 400 844 sortita
430 789 592 851 sunt,
623 801 690 840 ac
720 783 872 840 sicut
901 781 1276 855 principium,
1302 781 1386 837 ita
1405 781 1583 836 ﬁnem
1624 779 1844 835 habue-

209 880 346 932 runt.
382 875 714 931 Romanum
749 877 942 928 autem
974 871 1288 943 imperium
1319 870 1492 942 longo
1523 874 1656 941 post
1677 867 1848 941 plura

210 965 309 1022 alia
325 969 590 1038 tempore
610 963 802 1036 ccepit,
826 965 1002 1033 atque
1035 959 1227 1032 bellis,
1252 965 1315 1016 ut
1337 960 1612 1031 diximus,
1639 957 1845 1030 impie-

207 1060 328 1124 tate,
363 1054 708 1120 sceleribus,
741 1050 1064 1124 sacrilegiis
1096 1050 1406 1105 fundatum
1456 1065 1522 1104 ac
1567 1062 1848 1121 propaga-

208 1150 318 1201 tum
349 1147 463 1199 est.
495 1146 571 1198 At
599 1143 720 1198 haec
751 1141 904 1197 Deus
944 1139 1318 1212 omnipotens
1367 1142 1424 1194 et
1471 1135 1848 1210 aequissimus

210 1231 541 1307 justissimis
571 1231 643 1287 de
674 1230 868 1287 causis
899 1228 1211 1302 permittit,
1243 1232 1419 1300 atque
1449 1227 1546 1285 illo
1605 1225 1848 1299 permit-

215 1327 366 1392 tents,
402 1320 620 1393 quibus
679 1323 738 1376 et
784 1319 1020 1392 quando
1067 1316 1206 1384 vult,
1258 1333 1438 1390 regna
1484 1315 1683 1373 omnia
1729 1315 1851 1371 dis-

218 1416 537 1485 pensantur.

272 1504 400 1556 Cum
427 1498 629 1556 nullus
643 1502 860 1566 autem,
882 1512 954 1554 ne
969 1495 1254 1553 minimus
1279 1495 1518 1568 quidem
1543 1492 1854 1551 dubitandi

218 1590 350 1646 locus
380 1589 477 1660 sit,
514 1587 657 1660 quin
687 1586 913 1659 Assyrii
959 1584 1203 1657 aliasque
1236 1602 1270 1640 a
1301 1584 1696 1656 scriptoribus
1749 1599 1854 1638 no-

223 1680 332 1736 stris
360 1679 676 1735 nominata
723 1679 926 1750 gentes
985 1679 1118 1730 ante
1175 1674 1470 1730 Romanos
1523 1689 1705 1744 regna
1748 1688 1858 1729 sua

224 1769 527 1836 habuerint,
552 1771 780 1823 certum
806 1781 935 1822 esse
958 1765 1131 1821 debet
1154 1780 1260 1819 nec
1281 1762 1595 1835 imperium
1645 1765 1856 1818 Roma-

224 1875 426 1927 norum,
455 1873 562 1913 nec
594 1855 846 1912 aliorum
879 1853 1230 1928 populorum
1263 1869 1443 1924 regna
1471 1853 1544 1908 ab
1585 1851 1850 1924 ipsorum
1883 1889 1929 1956 Β

225 1949 322 2004 diis
350 1949 552 2004 donata
581 1962 849 2018 unquam
885 1945 1086 2001 fuisse.
1120 1942 1193 1999 Ut
1231 1941 1370 2014 quid
1421 1941 1577 1998 enim
1629 1957 1698 1996 ea
1743 1941 1850 1996 de-

223 2037 433 2102 dissent,
468 2054 598 2110 quis
630 2035 1008 2109 postmodum
1041 2034 1236 2089 ablata
1265 2036 1423 2100 sunt,
1458 2035 1558 2086 aut
1605 2031 1664 2088 in
1723 2046 1851 2101 qum

224 2127 434 2183 Romani
466 2132 524 2182 et
555 2126 675 2196 alii,
707 2142 826 2181 non
857 2125 984 2180 sine
1033 2139 1270 2180 summa
1318 2119 1614 2193 impietate
1665 2118 1850 2175 maxi-

224 2234 404 2289 moque
432 2217 678 2272 deorum
729 2217 1088 2286 contemptu,
1141 2209 1528 2268 invaserunt?
1575 2208 1750 2266 Plura
1799 2209 1850 2265 si

223 2307 331 2378 quis
357 2306 550 2362 adhuc
583 2305 896 2370 desideret,
919 2303 970 2359 is
1002 2303 1170 2358 adeat
1199 2301 1570 2357 Ambrosium
1604 2304 1660 2354 et
1698 2303 1848 2355 Pru-

225 2395 473 2463 dentium,
509 2395 612 2468 qui
643 2393 913 2450 funditus
945 2395 1213 2448 evertunt
1240 2391 1506 2446 eamdem
1557 2388 1848 2444 Romano-

223 2501 328 2540 rum
350 2483 915 2556 argumentationem
927 2527 940 2552 ,
954 2499 987 2538 a
1000 2480 1352 2554 Symmacho
1366 2478 1570 2552 gentili
1592 2477 1848 2534 absurde

220 2575 522 2646 repetitam.
556 2573 786 2629 Videsis
816 2573 994 2628 etiam
1024 2570 1442 2643 Augustinum,
1476 2567 1577 2640 qui
1603 2567 1727 2623 haec
1758 2566 1846 2622 fu-

219 2663 322 2719 sius
349 2663 743 2736 prosequitur,
775 2666 834 2718 et
862 2659 1152 2716 insulsam
1184 2659 1522 2716 eorumdem
1581 2655 1846 2713 ethnico-

218 2768 328 2808 rum
373 2752 756 2824 jactationem
809 2750 1082 2822 opprimit
1128 2766 1194 2804 ao
1239 2748 1510 2821 proﬂigat
1556 2745 1844 2819 (Ambros.

216 2841 362 2914 epist.
397 2843 484 2909 18,
516 2858 648 2914 pag.
681 2840 788 2897 833
821 2844 879 2896 et
908 2856 1074 2912 seqq.
1111 2838 1386 2894 Prudent.
1436 2836 1538 2892 lib.
1589 2854 1650 2902 II,
1700 2837 1843 2891 cont.

212 2927 499 3000 Symmach.
532 2929 634 2998 ξιξ.
666 2928 815 3000 Aug.
849 2926 950 2982 lib.
1004 2943 1069 2982 in
1111 2926 1176 2982 de
1233 2925 1346 2982 Civ.
1396 2940 1522 2996 cap.
1579 2925 1634 2996 8,
1682 2923 1739 2995 9,
1789 2925 1848 2979 et

209 3032 392 3090 seqq.;
425 3022 482 3073 et
507 3017 611 3073 lib.
646 3033 721 3086 iv,
754 3033 884 3089 cap.
914 3016 950 3084 3
980 3019 1036 3072 et
1064 3014 1274 3087 seqq.).

275 3107 376 3163 Sed
399 3125 432 3164 a
455 3107 625 3164 nobis
654 3105 870 3178 aliquis
913 3105 1070 3161 haud
1095 3104 1268 3160 dubie
1294 3099 1710 3170 sciscitabitur,
1747 3100 1845 3173 qui

213 3192 316 3249 sint
341 3194 423 3249 illi
458 3194 690 3250 Arvales
720 3198 776 3248 et
806 3191 968 3258 Salii,
1031 3207 1282 3264 quorum
1332 3188 1688 3244 mentionem
1739 3187 1845 3242 Mi-

215 3284 404 3340 nucius
437 3289 635 3340 noster
663 3283 817 3338 fecit.
853 3282 1242 3347 Quamobrem
1275 3279 1413 3334 huic
1471 3275 1848 3349 respondebi-
1883 3264 1925 3331 C

217 3389 334 3429 mus
362 3373 453 3430 his
483 3372 842 3443 totidemque
875 3369 1048 3426 Plinii
1104 3368 1337 3425 verbis:
1384 3390 1408 3418 (ι
1441 3369 1724 3422 Arvorum
1766 3382 1860 3422 sa-

218 3464 460 3519 cerdotes
490 3460 774 3518 Romulus
805 3460 863 3514 in
896 3458 1107 3532 primis
1155 3456 1438 3522 instituit,
1485 3472 1664 3528 seque
1709 3455 1854 3512 duo-

221 3550 498 3607 decimum
528 3552 765 3607 fratrem
800 3547 1114 3622 appellavit
1158 3547 1309 3602 inter
1357 3545 1511 3613 illos,
1562 3549 1634 3602 ab
1683 3549 1852 3601 Acca.

222 3639 511 3697 Laurentia
544 3639 770 3695 nutrice
809 3655 917 3694 sua
956 3636 1206 3709 genitos,
1242 3635 1438 3707 spicea
1467 3651 1700 3702 corona,
1731 3650 1859 3706 quae

221 3728 349 3785 vitta
375 3729 503 3786 albo
538 3728 932 3800 colligaretur,
970 3727 1027 3780 in
1060 3725 1382 3781 sacerdotio
1437 3723 1522 3780 eis
1575 3741 1678 3795 pro
1732 3723 1860 3779 reli-

226 3818 542 3889 giosissima
563 3816 785 3889 insigni
817 3817 973 3884 data,
1006 3831 1134 3888 quae
1167 3814 1362 3887 prima
1389 3814 1543 3887 apud
1566 3813 1861 3870 Romanos

224 3922 415 3964 corona
441 3909 627 3964 fuit.»
667 3907 840 3979 (Plin.
895 3905 999 3961 lib.
1048 3921 1212 3974 xvm,
1262 3904 1399 3960 Hist.
1447 3904 1569 3960 Nat.
1624 3919 1751 3973 cap.
1803 3903 1858 3971 2,

221 4012 342 4069 pag.
392 3999 546 4068 433.)
593 3996 788 4052 Alium
837 4000 1047 4051 testem
1093 3995 1144 4050 si
1195 3992 1476 4066 postules,
1516 3992 1630 4048 cito
1679 3991 1863 4048 aderit

219 4085 457 4143 Sabinus
505 4085 859 4155 Massurius,
895 4085 1068 4155 cujus
1111 4084 1287 4139 verba
1316 4083 1387 4138 ab
1437 4085 1498 4138 A.
1547 4080 1730 4138 Gellio
1781 4080 1864 4137 sic

218 4177 559 4249 transcripta
590 4178 768 4232 sunt:
803 4197 829 4224 «
864 4169 941 4229 Ea
989 4171 1204 4228 mulier
1253 4188 1320 4227 ex
1366 4171 1676 4227 duodecim
1729 4169 1867 4228 ﬁliis

220 4266 472 4321 maribus
501 4281 690 4322 unum
723 4269 908 4319 morte
938 4261 1156 4319 amisit.
1194 4262 1260 4316 In
1298 4259 1461 4316 illius
1508 4261 1702 4316 locum
1754 4261 1866 4318 Ro-

219 4353 416 4410 mulus
445 4358 595 4410 Accae
629 4352 954 4411 Laurentia;
986 4367 1114 4407 sese
1147 4349 1334 4406 ﬁlium
1365 4350 1546 4416 dedit,
1578 4367 1757 4422 seque
1811 4355 1870 4407 et

219 4447 457 4499 caeteros
485 4445 605 4516 ejus
639 4443 798 4499 filius
849 4443 1058 4498 fratres
1115 4439 1354 4496 Arvales
1405 4439 1737 4513 appellavit.
1789 4441 1868 4496 Eo

218 4535 475 4606 tempore
503 4534 815 4608 collegium
849 4531 1071 4589 mansit
1120 4531 1366 4586 fratrum
1411 4527 1711 4585 Arvalium
1761 4546 1869 4584 nu-

1619 375 2164 440 DISSERTATIO.

3482 382 3603 442 622

1951 529 2109 569 mero
2135 511 2463 583 duodecim,
2487 515 2657 586 cujus
2688 513 2997 572 sacerdotii
3028 513 3260 587 insigne
3290 517 3380 573 est
3409 513 3608 587 spicea

1955 619 2168 659 corona
2222 608 2279 658 et
2327 602 2469 658 albas
2519 603 2716 660 infulas
2781 626 2808 654 ››
2857 603 3026 674 (Gell.
3060 603 3160 660 lib.
3191 621 3230 677 ι,
3261 606 3410 662 Noct.
3443 606 3603 660 Attio.

1955 707 2081 763 cap.
2113 692 2167 760 7,
2197 708 2328 765 pag.
2361 691 2511 764 377.)
2542 691 2722 749 Varro
2749 697 2940 750 autem
2974 692 3107 750 illos
3136 693 3374 752 Arvales
3400 694 3608 749 fratres

1956 786 2323 854 nuncupatos
2356 798 2485 838 esse
2517 782 2830 855 dixit,quia
2857 783 3092 856 publica
3123 800 3288 841 sacra
3318 783 3610 840 faciebant

1955 875 2020 926 ut
2067 889 2204 928 arva
2248 872 2462 928 ferrent
2511 872 2731 945 fruges,
2765 877 2938 944 atque
2984 873 3200 930 idcirco
3232 878 3495 930 mactatas
3536 872 3609 930 ab

1955 959 2073 1017 illis
2106 960 2307 1018 hOStliB
2336 962 2733 1030 Ambarvales,
2771 967 2832 1018 ut
2862 962 2942 1018 ait
2966 963 3196 1034 Festus,
3224 963 3380 1020 604
3409 961 3607 1036 appel-

1955 1048 2251 1105 labantur.
2304 1072 2334 1100 »
2379 1049 2568 1122 (Varr.
2619 1049 2720 1106 lib.
2780 1067 2837 1105 1v
2891 1050 2958 1106 de
3003 1051 3172 1125 Ling.
3225 1052 3321 1110 ιαι.
3353 1068 3486 1125 pag.
3517 1051 3609 1109 21.

1956 1143 2108 1196 Fest.
2142 1157 2269 1212 cap.
2298 1141 2370 1196 2O
2397 1140 2463 1198 de
2497 1142 2644 1198 Verb.
2680 1140 2928 1211 Signi/ie.
2958 1145 3015 1198 et
3045 1141 3104 1197 in
3134 1143 3376 1215 Fragm.)

2030 1230 2138 1296 Qui
2195 1234 2389 1286 autem
2438 1230 2654 1286 fuerint
2682 1230 2824 1286 Salii
2874 1229 3104 1288 docebit
3141 1235 3198 1287 te
3245 1231 3460 1304 Livius,
3510 1229 3612 1287 ubi

1960 1319 2030 1376 de
2063 1319 2255 1375 Numa
2301 1318 2586 1391 Pompilio
2635 1319 2757 1376 haec
2809 1320 3024 1392 scripto
3055 1321 3334 1377 tradidit:
3373 1341 3400 1375 α
3428 1318 3612 1378 Salios

1962 1408 2270 1465 duodecim
2295 1408 2466 1465 Marti
2496 1408 2746 1466 Gradivo
2777 1409 2942 1483 legit,
2971 1408 3301 1482 tunicaeque
3332 1410 3498 1482 pictas
3529 1410 3615 1466 in-

1963 1498 2128 1571 signe
2158 1496 2336 1566 dedit,
2374 1502 2430 1554 et
2460 1515 2639 1571 super
2667 1498 2927 1555 tunicam
2959 1515 3186 1556 mneum
3210 1500 3428 1573 pectori
3453 1503 3615 1572 tegu-

1964 1603 2121 1654 men,
2156 1587 2529 1659 cmlestiaque
2560 1604 2746 1654 arma,
2778 1605 2906 1660 quae
2955 1588 3168 1645 ancilia
3220 1588 3608 1662 appellantur,

1968 1678 2138 1748 ferre,
2171 1693 2237 1732 ac
2270 1693 2372 1748 per
2402 1677 2606 1732 urbem
2639 1678 2742 1744 ire,
2771 1682 3045 1734 canentes
3067 1679 3328 1734 carmina
3357 1694 3492 1734 cum
3513 1677 3616 1733 tri-

1966 1766 2130 1840 pudii
2163 1765 2528 1837 solemnique
2557 1765 2772 1822 saltatu
2798 1767 3001 1838 jussit.
3037 1789 3064 1816 »
3095 1766 3418 1840 (Liv.lib.i,
3446 1765 3612 1839 §22.)

1966 1860 2036 1912 At
2066 1855 2236 1928 longe
2268 1853 2435 1928 plura
2463 1855 2534 1910 de
2563 1855 2637 1910 iis
2668 1855 2923 1924 Servius,
2955 1860 3130 1929 atque
3186 1855 3339 1911 inter
3383 1854 3615 1913 Grmcos

1960 1944 2328 2012 Plutarchus,
2390 1948 2446 2000 et
2503 1943 2816 2018 Dionysius
2873 1944 3376 2013 Halicarnasseus,
3436 1949 3613 2016 atque

1960 2034 2078 2106 alii,
2111 2051 2259 2106 quos
2290 2033 2451 2090 adire
2483 2032 2720 2090 cuilibet
2749 2038 3084 2107 promptum
3118 2038 3226 2091 est.
3265 2033 3444 2090 Nobis
3474 2049 3610 2091 vero

1960 2123 2074 2181 alia
2103 2123 2480 2196 postmodum
2511 2127 2775 2179 occurret
2803 2123 2875 2179 de
2905 2123 3001 2179 his
3031 2123 3224 2181 adhuc
3280 2122 3609 2180 disserendi

1958 2213 2185 2270 occasio
2218 2215 2393 2286 (Serv.
2426 2214 2485 2268 in
2518 2213 2614 2268 lib.
2647 2229 2745 2280 vn,
2777 2212 2991 2268 Eneid.
3025 2229 3158 2286 pag.
3206 2212 3334 2268 503.
3386 2212 3614 2269 Plutar-

1958 2302 2050 2359 ch.
2084 2303 2143 2358 in
2178 2303 2280 2360 Vit.
2307 2303 2545 2373 Numa,
2579 2319 2713 2375 pag.
2772 2302 2865 2358 66.
2913 2301 3151 2376 Dionys.
3199 2300 3450 2358 Halicar.
3503 2300 3610 2357 lib.

1957 2410 2020 2465 ιι,
2054 2409 2187 2465 pag.
2218 2392 2334 2461 29.)

2028 2483 2112 2538 Ab
2145 2481 2355 2537 iisdem
2386 2497 2558 2553 porro
2585 2479 2970 2552 scriptoribus
3001 2477 3216 2536 litteris
3251 2480 3606 2537 mandatum

1958 2575 2066 2639 est,
2101 2570 2392 2643 quomodo
2424 2570 2579 2626 idem
2610 2569 2801 2626 Numa
2841 2568 3160 2641 Pompilius
3214 2568 3520 2627 Pontifices
3549 2574 3610 2626 et

1955 2660 2218 2717 Vestales
2248 2658 2593 2730 instituerit,
2626 2676 2691 2716 ac
2722 2657 2928 2731 quales
2958 2658 3195 2726 fuerint,
3226 2660 3609 2731 quemadmo-

1957 2751 2095 2807 dum
2131 2755 2424 2823 Augures,
2457 2749 2556 2820 qui
2589 2749 2740 2818 cibo,
2775 2752 2840 2804 ut
2898 2747 2980 2804 ait
3037 2749 3253 2814 Cicero,
3305 2749 3602 2820 pullorum

1957 2856 2053 2897 ore
2084 2843 2186 2895 aut
2216 2842 2475 2910 sumpto,
2507 2841 2608 2893 aut
2632 2837 2869 2908 rejecto,
2897 2835 2985 2892 vel
3017 2837 3078 2892 in
3118 2841 3333 2893 terram
3364 2837 3608 2894 cadente

1957 2945 2019 2986 se
2052 2929 2250 2984 futura
2283 2926 2579 3000 presagire
2610 2942 2676 2982 ac
2707 2926 3101 2998 praenuntiare
3149 2926 3607 2984 mentiebantur.

1956 3019 2066 3075 Sed
2101 3019 2158 3074 id
2190 3035 2224 3073 a
2251 3016 2422 3072 nobis
2452 3014 2512 3070 in
2545 3013 2811 3087 sequenti
2840 3015 3030 3088 capite
3061 3015 3372 3073 enodatius
3428 3014 3610 3088 expli-

1959 3108 2214 3164 candum
2245 3111 2336 3164 est
2369 3105 2505 3174 (Cic.
2538 3104 2640 3160 lib.
2674 3121 2714 3160 ιι
2739 3105 2804 3161 de
2833 3105 3065 3161 Divinit.
3098 3121 3155 3176 p.
3195 3104 3345 3178 289).

2032 3198 2190 3253 Satis
2221 3199 2417 3252 autem
2450 3195 2605 3249 inter
2632 3209 2838 3250 omnes
2869 3197 3099 3250 constat
3121 3193 3273 3250 hanc
3296 3193 3478 3251 fuisse
3497 3194 3617 3267 pri-

1964 3303 2122 3343 mam
2152 3284 2389 3340 illorum
2421 3283 2789 3340 sacerdotum
2820 3282 3285 3356 pontificumque
3325 3283 3616 3340 Romano-

1963 3393 2118 3445 rum,
2152 3391 2218 3430 ac
2246 3373 2490 3446 proinde
2521 3389 2725 3428 eorum
2756 3371 3058 3446 religionis
3113 3377 3171 3428 et
3225 3372 3444 3444 publici
3487 3373 3620 3430 deo-

1964 3480 2095 3519 rum
2127 3460 2324 3518 cultus
2355 3460 2814 3516 institutionem.
2845 3461 2917 3514 At
2943 3458 3236 3516 Minucius
3267 3464 3423 3516 recte
3479 3459 3618 3515 hinc

1965 3550 2263 3609 concludit
2295 3549 2510 3606 falsum
2542 3566 2688 3618 esse,
2718 3549 3011 3605 Romanos
3043 3566 3152 3605 sua
3178 3549 3238 3604 in
3271 3549 3446 3605 hosce
3477 3549 3616 3606 deos

1967 3642 2181 3716 pietate
2212 3639 2498 3695 meruisse
2532 3639 2711 3694 totius
2742 3638 2950 3694 mundi
2979 3637 3314 3710 imperium.
3348 3638 3494 3695 Nam
3519 3655 3618 3694 an-

1967 3735 2204 3802 tequam
2235 3744 2335 3784 eos
2383 3726 2662 3796 colerent,
2711 3727 3037 3799 regnabant
3089 3727 3312 3800 Assyrii
3371 3727 3616 3800 aliaeque

1969 3822 2193 3892 gentes,
2227 3817 2499 3889 superius
2530 3815 2867 3885 nominatae,
2899 3832 3026 3886 quae
3056 3832 3196 3872 suos
3234 3815 3451 3889 pariter
3479 3818 3620 3874 deos

1969 3907 2420 3976 venerabantur,
2450 3909 2507 3961 et
2535 3903 2770 3961 illorum
2803 3904 2986 3960 cultui
3031 3905 3364 3962 sacerdotes
3420 3905 3622 3978 praefe-

1971 4000 2190 4054 cerant.
2220 3995 2395 4066 Atqui
2429 3993 2526 4051 isti
2558 3994 2628 4050 ab
2658 3994 2750 4049 his
2783 3993 2897 4050 diis
2931 3995 3056 4051 suis
3091 4010 3270 4067 regna
3299 4011 3415 4050 non
3459 4010 3624 4051 acce-

1973 4089 2205 4159 perunt,
2239 4085 2452 4156 quibus
2494 4100 2592 4139 eos
2648 4083 2841 4139 adhuc
2900 4083 3226 4140 colentibus
3285 4083 3626 4157 ademptum

1975 4181 2082 4232 est.
2115 4175 2265 4248 Ergo
2301 4190 2408 4230 nec
2439 4173 2687 4229 Romani
2718 4174 2960 4231 deorum
3020 4173 3140 4230 sive
3196 4189 3462 4243 suorum,
3509 4172 3630 4229 sive

1977 4265 2304 4320 alienorum
2338 4264 2553 4334 favore,
2581 4262 2670 4318 vel
2725 4262 2938 4318 auxilio
2995 4262 3193 4335 adepti
3252 4264 3391 4318 sunt
3446 4262 3632 4335 impe-

1978 4354 2154 4420 rium,
2187 4354 2342 4426 quod
2372 4348 2624 4409 summis
2655 4351 2975 4408 sceleribus
3032 4352 3343 4410 fundatum
3402 4368 3470 4409 ac
3500 4367 3633 4426 pro-

1979 4447 2259 4518 pagatum
2291 4439 2682 4498 ostendimus.
2716 4440 2828 4497 Sed
2885 4441 2957 4495 de
3015 4440 3109 4496 his
3158 4440 3352 4499 adhuc
3407 4439 3525 4501 alia
3571 4441 3634 4500 in

1979 4531 2393 4590 dissertatione
2423 4530 2717 4603 agendum
2748 4529 2918 4587 nobis
2947 4529 3075 4587 erit.

1696 4673 1952 4738 CAPUT
1994 4675 2147 4738 XIX.

217 4781 679 4864 Expenduntur
727 4787 1122 4864 argumenta,
1175 4778 1405 4864 quibus
1434 4779 1719 4864 Otacilius
1775 4800 1850 4843 ex
1901 4781 2266 4864 miraculis,_
2297 4779 2588 4864 oraculis,
2640 4780 2960 4864 auspiciis,
3019 4782 3321 4864 auguriis,
3379 4781 3638 4846 somniis

713 4860 904 4944 atque
936 4863 1074 4925 aliis
1103 4860 1618 4942 praedictionibus
1646 4861 1797 4925 deos
1839 4864 2103 4927 existere
2132 4862 2390 4944 probari
2417 4880 2600 4942 posse
2627 4860 2968 4927 arbitratus
2997 4870 3109 4927 est.

673 4987 1070 5048 ARTICULUS
1121 4985 1417 5044 PRIMUS.

227 5073 419 5134 Utrum
448 5080 703 5138 Caecilius
731 5081 852 5136 deos
880 5081 1146 5135 exsistere
1169 5075 1486 5149 probaverit
1516 5093 1586 5133 ex
1632 5078 1883 5135 miracu-

309 5149 371 5204 iis
399 5154 648 5212 Claudia:
681 5153 925 5222 Quintia
954 5164 1080 5222 quae
1107 5150 1315 5218 navim,
1347 5163 1473 5220 qua
1503 5149 1668 5208 [dcte
1684 5152 1888 5207 Matris

309 5225 663 5281 simulacrum
694 5223 1013 5289 vehebatur,
1072 5222 1192 5277 solo
1234 5237 1332 5276 sua
1376 5222 1599 5289 cingulo
1649 5224 1888 5279 traxisse

313 5294 612 5360 ferebatur:
668 5297 910 5353 Castoris
956 5299 1009 5348 et
1061 5293 1326 5360 Pollucis,
1396 5293 1494 5365 qui
1542 5309 1584 5348 α
1627 5297 1890 5351 Romanis

314 5373 639 5438 reportatam
667 5372 736 5425 de
761 5374 1080 5438 Persefrege
1103 5365 1394 5438 victoriam
1436 5369 1890 5438 annuntiarunt;

322 5436 511 5497 Latinii
535 5443 764 5509 somnio,
801 5455 905 5512 quo
929 5436 1050 5512 ludi
1079 5437 1421 5512 instaurati;
1465 5437 1756 5512 Deciorum
1796 5437 1891 5512 de:

320 5514 531 5586 vatione,
567 5531 672 5586 qua
702 5509 874 5586 hostes
904 5510 1034 5586 fusi
1076 5514 1131 5564 et
1180 5509 1330 5586 victi,
1370 5523 1464 5586 _a_c_
1492 5509 1669 5564 simili
1714 5509 1897 5586 Curtii

324 5577 604 5654 devotioni,
655 5601 763 5658 qua
793 5577 978 5639 hiatus
1011 5588 1180 5637 terra?
1209 5577 1551 5636 mirabiliter
1599 5583 1896 5656 completus

327 5664 586 5714 narratur.
1717 5682 1726 5688 '

337 5737 587 5807 Omnium
639 5747 1148 5824 argumentorum,
1199 5739 1418 5816 quibus
1489 5741 1706 5803 ethnici
1757 5745 1897 5805 deos

1909 4993 1957 5058 D
1987 5006 2127 5047 suos
2150 5003 2349 5045 revera
2378 4986 2657 5045 exsistere
2687 4988 3059 5061 probandum
3077 4985 3641 5062 susceperunt,illud

1994 5087 2251 5161 profecto
2281 5085 2515 5142 videtur
2543 5085 2927 5158 pracipuum,
2954 5088 3109 5161 quod
3143 5103 3211 5143 ex
3241 5101 3442 5143 eorum
3475 5083 3646 5140 mira-

1995 5175 2164 5245 culis,
2191 5174 2464 5242 oraculis,
2484 5175 2783 5248 auspiciis,
2801 5176 3064 5250 auguriis
3096 5175 3344 5247 aliisque
3374 5173 3649 5245 hujusce-

1999 5266 2158 5322 modi
2218 5267 2366 5323 605
2438 5265 2913 5338 praedictionibus
2971 5265 3180 5322 elicere
3264 5263 3651 5321 conabantur.

2001 5365 2183 5425 Nemo
2215 5364 2372 5421 enim
2398 5365 2534 5434 jure
2565 5379 2822 5436 unquam
2851 5363 3059 5420 merito
3092 5362 3331 5435 negabit
3360 5361 3512 5418 hanc
3561 5375 3658 5416 ar-

2001 5453 2526 5528 gumentationem,
2558 5452 2608 5509 si
2642 5451 2880 5508 veritate
2911 5453 3215 5520 niteretur,
3251 5456 3310 5508 et
3338 5467 3407 5507 ea
3435 5449 3656 5519 omnia,

2003 5570 2130 5626 quis
2161 5549 2379 5608 ethnici
2410 5547 2707 5607 venditare
2737 5549 3027 5620 solebant,
3056 5550 3107 5607 si
3165 5552 3446 5606 creatura:
3502 5547 3662 5606 vires

2003 5641 2408 5715 superassent,
2443 5637 2685 5696 maximi
2715 5655 2844 5698 esse
2901 5639 3178 5714 ponderis
3238 5655 3305 5697 ac
3351 5636 3660 5696 momenti.

2006 5739 2396 5810 Quamobrem
2425 5736 2528 5799 illa
2556 5737 2762 5801 sedulo
2791 5743 2848 5800 et
2877 5755 3038 5802 more
3067 5742 3270 5801 nostro
3309 5737 3397 5798 ita
3449 5733 3669 5800 exami-
