4088 6150
516 303 634 364 623
1803 297 1904 362 DE
1951 296 2252 362 MINUCII
2301 299 2495 364 OCTA
2511 303 2642 364 VlO
3743 323 3834 386 tm

513 435 710 491 nanda
741 436 897 502 sunt,
932 436 994 489 ut
1025 431 1168 488 nihil
1201 432 1524 505 quidquam
1557 432 1714 489 exiis
1738 433 2163 501 dissimulatur,
2199 442 2250 507 Α
2281 452 2480 490 eorum
2519 436 2787 507 praesidio
2822 436 3050 492 Persem
3084 451 3272 509 regem
3309 456 3340 494 a
3380 444 3626 501 Romanis
3666 448 3832 510 victum

515 539 643 596 quae
700 521 788 612 vel
845 521 1401 612 gentilisCaacilius
1452 521 1691 612 profert,
1745 521 1832 612 vel
1865 524 2180 612 respondet
2285 528 2342 580 et
2387 528 2643 597 captum,
2691 529 2868 597 atque
2913 526 3213 582 victoriam
3262 527 3440 585 Romae
3483 531 3597 605 ipso
3631 537 3730 605 die,
3752 555 3836 612 quo

516 611 887 668 Christianus
918 611 1213 680 Octavius,
1248 629 1314 667 ac
1348 609 1603 683 singula,
1637 611 1827 683 quoad
1857 610 1979 666 fieri
2012 615 2175 683 pote-
2285 619 2578 687 reportata
2622 615 2832 683 fuerat,
2883 615 3109 672 senatui
3162 617 3508 689 nuntiatam;
3552 609 3836 697 deniqueiin

517 701 620 772 rit,
649 704 708 757 et.
735 704 1083 772 augeantur,
1134 706 1190 758 et
1231 701 1438 772 majori
1471 701 1899 772 perfundantur
1928 699 2175 760 lumine.
2289 702 2432 758 tanti
2485 704 2751 759 miraculi
2801 705 3146 761 memoriam
3194 710 3405 763 erectas
3440 725 3620 766 eorum
3645 719 3838 773 statuas.

590 809 737 866 Cum
769 807 992 865 Caecilio
1031 808 1228 880 itaque
1260 826 1293 865 a
1323 807 1624 864 miraculis
1651 807 2025 880 incipiamus.
2054 808 2163 872 Quc

2285 792 2500 880 Eadem
2550 798 2791 849 narrant
2839 794 3104 851 Valerius
3155 795 3431 852 Maximus
3476 797 3587 869 (lib.
3618 817 3652 868 ι,
3681 819 3780 876 cap.
3802 807 3842 876 8,

519 898 750 969 majori,
785 897 1108 970 inquiebat,
1134 879 1443 954 imiraculo
1485 898 1623 954 deos
1654 879 1935 954 exsistere
1966 900 2022 952 et
2051 896 2176 954 suis
2284 879 2398 955 ἓίο
2445 898 2577 954 Pag-
2627 883 2718 948 62v
2770 887 2826 938 et
2875 885 3088 956 δοίη),
3141 883 3346 940 Florus
3395 884 3511 957 (ml-
3558 905 3592 956 i:
3631 907 3737 962 (³⁸1)·
3765 895 3845 963 “lt

518 1002 690 1059 opem
739 987 890 1043 ferre
936 986 1169 1058 probari
1219 991 1429 1060 potest,
1484 1003 1662 1060 quam
1713 1003 1801 1058 eo,
1852 1004 1966 1058 quo
1995 986 2177 1043 Mater
2282 970 2634 1060 Αξηωίεξουε
2665 971 3038 1060 Marcellinus
3070 971 3194 1045 (Ῑίδσ
3227 990 3418 1042 XXVI“:
3449 992 3567 1048 cal).
3598 980 3846 1052 4νροδῗδ),

515 1058 667 1132 Idae
721 1095 748 1128 α
791 1075 1040 1131 adventu
1089 1092 1195 1132 suo
1221 1058 1282 1132 et
1323 1058 1588 1148 probavit
1626 1079 1904 1132 matrona:
1937 1077 2172 1132 castita-
2283 1058 2592 1132 DlonYSlus
2647 1059 3132 1148 Halicarnasseus
3188 1060 3309 1130 (lib-
3369 1079 3440 1131 νίν
3503 1066 3666 1138 Αηίίίῖι
3717 1069 3849 1139 Roma

513 1168 653 1232 tem,
687 1167 743 1220 et
775 1163 985 1220 Urbem
1018 1170 1176 1221 metu
1203 1147 1399 1222 hostili
1431 1164 1743 1221 liberavit?
1776 1186 1805 1214 »
1842 1163 2052 1220 Paucis
2080 1164 2163 1219 his

2281 1162 2412 1220 pag.
2447 1149 2595 1219 350),
2628 1147 2977 1206 Plutarchus
3028 1150 3112 1220 (in
3159 1152 3258 1207 Vit.
3292 1151 3575 1222 Curictam,
3603 1171 3716 1226 pag.
3741 1157 3853 1228 215),

511 1251 726 1321 νει-δίε,
761 1270 890 1325 (με,
922 1252 1218 1310 nonnullis
1248 1255 1498 1310 obscura
1529 1271 1656 1310 esse
1700 1257 1966 1326 possunt,
2017 1252 2172 1309 desi-
2280 1240 2337 1293 et
2362 1236 2461 1292 alii
2493 1238 2711 1310 plures.
2747 1239 2958 1295 Verum
2989 1256 3057 1295 ex
3083 1239 3198 1295 illis
3230 1239 3408 1313 aliqui
3439 1241 3572 1297 illud
3603 1244 3743 1299 nobis
3766 1250 3854 1300 tra-

515 1346 656 1413 gnat
712 1341 934 1398 celebre
993 1344 1146 1413 apud
1205 1343 1471 1398 ethnicos
1531 1344 1844 1415 scriptores
1917 1341 2163 1399 Claudite

2281 1327 2482 1382 didere
2515 1344 2630 1383 non
2678 1333 2964 1400 tanqua'n
3012 1329 3252 1386 omnino
3293 1334 3531 1401 certum,
3561 1332 3648 1387 sed
3677 1349 3856 1389 rumore

493 1431 763 1495 .Quintiae
795 1433 1036 1488 factum.
1070 1432 1319 1488 Narrant
1348 1414 1962 1505 enimverolapideum
1987 1432 2163 1501 Idaeis,

2281 1414 2513 1486 publico
2562 1417 2945 1472 venditatum.
2999 1417 3146 1481 Quin
3198 1419 3316 1473 imo
3366 1418 3554 1474 Cicero
3606 1420 3730 1475 duos
3763 1438 3856 1493 per-

520 1537 623 1576 seu
671 1521 913 1576 deorum
961 1521 1186 1588 matris,
1234 1521 1343 1576 hoc
1375 1526 1483 1592 est,
1529 1521 1789 1594 Cybeles,
1816 1539 1915 1577 seu
1949 1520 2163 1579 Cereris

2281 1510 2518 1560 sonatos
2564 1505 2834 1562 homines
2901 1505 3150 1578 induxit,
3202 1505 3448 1562 Balbum
3495 1507 3746 1574 Stoicum,
3785 1512 3859 1581 qui

521 1607 904 1666 simulacrum
937 1610 1283 1666 Pessinunte
1304 1593 1668 1681 Romam,ut
1685 1611 1934 1667 Annibal
1957 1610 2172 1668 Punico
2280 1593 2390 1648 hoc
2412 1594 2676 1667 exemplo
2707 1595 2952 1667 Ρτοδανθ
2983 1600 3231 1650 00mm“
3259 1597 3496 1652 deorum
3523 1614 3733 1652 5110mm
3753 1616 3856 1670 Ρτῖθ·

521 1697 672 1754 bello
720 1714 789 1753 ex
837 1698 1005 1755 italia
1057 1697 1388 1771 pelleretur,
1431 1699 1686 1771 quodam
1712 1703 1840 1755 vate
1867 1701 2170 1768 suadente,
2283 1684 2555 1756 sentiam,
2587 1683 2796 1740 deinde
2827 1701 2960 1740 νθΓο
2992 1685 3224 1741 comam
3251 1687 3671 1753 Academicum.
3697 1687 3792 1742 hac
3808 1689 3858 1741 ad

521 1793 847 1848 advectum.
877 1793 965 1846 Ad
998 1793 1147 1849 ostia
1177 1798 1372 1848 autem
1403 1792 1678 1848 Tiberina
1709 1810 1841 1849 cum
1865 1793 2175 1867 navis,qua
2201 1821 2248 1886 B
2282 1771 2467 1886 ξοίιθδ
2501 1772 3118 1886 ίδδωξξιτθιῖξξδίθίξξξω
3147 1773 3383 1886 Eligit:
3414 1774 3511 1830 Ῑίδ·
3544 1791 3580 1830 Π
3623 1775 3858 1886 ἀέρἀξξινι

519 1881 902 1936 simulacrum
949 1882 1260 1952 ferebatur,
1321 1881 1668 1954 appulisset,
1729 1881 1809 1938 ita
1856 1861 2167 1940 immotum
2201 1861 2248 1886 υ
2278 1861 2448 1954 ξίφη»
2482 1878 2614 1934 Pag-
2662 1862 2788 1934 214,
2841 1862 2944 1917 Ῑίη-
2975 1863 3084 1932 2δῖ
3145 1866 3202 1918 εἴ
3234 1861 3338 1921 lib.
3393 1880 3474 1930 ιιι»
3508 1880 3630 1936 1338-
3656 1863 3859 1929 241,11“-

515 1975 862 2045 permansit,
894 1978 958 2028 ut
1005 1973 1168 2028 nulla
1197 1951 1504 2029 hominum
1534 1973 1588 2029 vi
1621 1951 1876 2046 potuerit
1903 1973 2028 2030 loco
2059 1991 2166 2030 suo
2276 1951 2387 2022 3O)'

515 2061 820 2117 dimoveri.
870 2062 1018 2117 Tum
1068 2079 1200 2118 vero
1247 2063 1510 2132 Claudia,
1543 2063 1637 2118 cui
1668 2063 1955 2119 hactenus
1988 2064 2169 2120 dubia
2346 2057 2517 2114 Aliud
2551 2058 2816 2116 Caecilius
2866 2063 3034 2132 urget
3078 2058 3455 2116 miraculum.
3489 2081 3516 2111 «
3549 2059 3718 2115 Testis
3743 2058 3863 2113 ludo.

515 2150 805 2221 pudicitia:
835 2151 992 2206 fama
1018 2151 1228 2218 fuerat,
1257 2167 1386 2206 eam
1419 2150 1850 2207 evidentissime
1880 2152 2165 2224 probavit,
2276 2165 2427 2216 rum,
2482 2169 2510 2198 »
2560 2149 2772 2220 inquit,
2823 2172 2851 2199 «
2903 2149 3107 2205 offensi
3135 2149 3325 2218 Jovis,
3367 2148 3438 2204 de
3468 2148 3680 2205 somnio
3705 2147 3863 2220 plebeii

515 2255 648 2294 cum
681 2243 815 2311 post
845 2240 1007 2294 lusas
1037 2239 1109 2295 ad
1140 2240 1334 2308 deam,
1379 2245 1444 2295 ut
1472 2239 1724 2308 aiebant,
1759 2257 1956 2311 preces
1988 2241 2166 2297 simu-

512 2327 738 2383 lacrum
790 2326 948 2383 illius
995 2344 1130 2383 cum
1160 2328 1289 2400 ipsa
1317 2330 1446 2384 navi
1499 2329 1647 2400 sola;
1678 2345 1902 2403 suoque
1936 2335 2165 2387 tantum

516 2417 774 2487 cingulo,
806 2432 921 2488 quo
965 2417 1210 2472 Romani
1242 2416 1530 2484 volebant,
1564 2419 1623 2473 in
1655 2423 1868 2474 terram
1903 2419 2163 2476 deduxit.

515 2505 587 2560 Et
617 2505 740 2560 haec
770 2503 1008 2577 quidem
1039 2506 1288 2577 posteris
1321 2507 1749 2562 mandaverunt
1789 2507 2004 2576 Livius,
2037 2509 2167 2565 Ovi-

518 2595 674 2664 dius,
706 2611 771 2650 ac
802 2594 976 2666 paulo
1001 2595 1310 2650 obscurius
1341 2595 1568 2664 Cicero;
1604 2601 1778 2668 atque
1811 2597 1987 2652 etiam
2011 2598 2170 2655 Chri-

2275 2236 2534 2293 hominis
2584 2238 2834 2295 iteratio.
2886 2262 2907 2292 ι
2964 2239 3023 2295 Si
3064 2238 3158 2294 cui
3190 2256 3332 2295 vero
3363 2239 3485 2293 haec
3507 2255 3614 2310 quo
3641 2238 3864 2303 breviora,

2277 2343 2342 2384 eo
2391 2328 2726 2386 obscuriora
2773 2329 3105 2402 videantur,
3150 2330 3448 2403 implicata
3492 2329 3719 2384 inveniet
3751 2327 3869 2382 hisce

2277 2414 2571 2474 Ciceronis
2627 2417 2860 2476 verbis:
2923 2442 2952 2470 «
2999 2419 3142 2475 Cum
3195 2419 3359 2476 bello
3407 2417 3581 2474 latino
3609 2414 3869 2492 1udi_votivi

2277 2506 2520 2562 maximi
2568 2507 2825 2579 primum
2882 2507 3109 2577 ﬁerent,
3156 2509 3377 2565 civitas
3417 2511 3638 2580 repente
3665 2507 3723 2562 ad
3751 2521 3872 2560 arma

2276 2601 2365 2652 est
2394 2597 2660 2653 excitata.
2719 2597 2913 2668 Itaque
2961 2597 3118 2654 ludis
3149 2598 3540 2665 intermissis,
3572 2592 3871 2652 instaurativi

2278 2685 2580 2741 constituti
2615 2691 2772 2742 sunt.
2808 2687 2913 2753 Qui
2949 2691 3282 2760 antequam
3321 2689 3766 2755 fierent,cumque
3784 2684 3874 2752 jam

2277 2773 2531 2846 populus
2562 2776 2944 2842 consedisset,
2981 2792 3183 2831 servus
3222 2793 3331 2849 per
3359 2777 3575 2832 circum
3606 2790 3721 2828 cum
3740 2771 3874 2842 virgis

2278 2863 2616 2934 caederetur,
2649 2864 2874 2920 furcam
2905 2867 3119 2931 ferens,
3151 2866 3382 2922 ductus
3415 2870 3519 2920 est.
3545 2864 3676 2918 Exin
3699 2860 3877 2917 cuidam

2279 2953 2497 3008 rustico
2553 2953 2815 3008 Romano
2867 2953 3179 3009 dormienti
3247 2953 3413 3011 visus
3463 2957 3550 3008 est
3595 2950 3780 3013 venire,
3806 2945 3876 3016 qui

2281 3041 2915 3112 diceretpraasultorem
2950 3041 3062 3097 sibi
3092 3052 3213 3096 non
3253 3043 3548 3114 placuisse
3577 3039 3732 3105 ludis,
3752 3037 3881 3107 idque

2283 3130 2356 3185 ah
2388 3147 2453 3185 eo
2479 3133 2713 3200 jussum
2747 3147 2874 3186 esse
2905 3147 3038 3185 eum
3071 3131 3316 3186 senatui
3349 3128 3788 3194 nuntiore,illum
3814 3139 3883 3177 au-

2205 3194 2247 3261 C
2283 3224 2400 3277 tem
2435 3237 2550 3275 non
2582 3237 2833 3289 ausum;
2866 3219 3076 3275 iterum
3111 3237 3251 3277 esse
3283 3220 3442 3277 idem
3469 3219 3772 3291 jussum,et
3796 3227 3884 3268 mo-

2284 3309 2495 3379 nitum,
2547 3326 2618 3364 ne
2667 3308 2783 3363 vim
2833 3326 3002 3366 suam
3050 3310 3313 3379 experiri
3345 3308 3536 3376 vellet,
3570 3324 3636 3362 ne
3662 3311 3766 3360 tum
3793 3300 3884 3372 qui-

2282 3399 2413 3452 dem
2445 3415 2572 3454 esse
2599 3415 2807 3454 ausum
2836 3423 2850 3461 ς
2897 3399 3024 3453 exin
3059 3398 3257 3454 tilium
3295 3400 3427 3469 ejus
3458 3414 3584 3453 esse
3611 3398 3884 3456 mortuum;

2283 3489 2548 3542 eamdem
2581 3489 2638 3541 in
2671 3488 2918 3543 somniis
2957 3489 3434 3544 admonitionem
3470 3488 3642 3542 fuisse
3675 3484 3882 3538 tertiam:

2281 3584 2409 3632 tum
2463 3577 2628 3631 illum
2675 3578 2851 3630 etiam
2901 3575 3149 3631 debilem
3186 3578 3443 3642 factum,
3479 3592 3599 3630 rem
3626 3574 3691 3629 ad
3719 3571 3885 3626 amicos

2283 3666 2585 3735 detulisse,
2621 3682 2872 3737 quorum
2900 3666 2970 3719 de
2996 3666 3300 3721 sententia
3330 3665 3606 3721 lecticula
3634 3665 3686 3718 in
3715 3657 3886 3715 curiam

2282 3771 2410 3811 esse
2440 3755 2723 3820 delatum,
2753 3769 3007 3825 cumque
3037 3756 3274 3810 senatui
3311 3757 3608 3811 somnium
3635 3746 3889 3807 enarravis-

2283 3849 2371 3898 set
2403 3843 2648 3916 pedibus
2692 3843 2818 3897 suis
2848 3843 3088 3897 domum
3121 3845 3467 3899 revertisse.
3504 3844 3692 3913 Itaque
3716 3833 3890 3893 somnio

518 2683 693 2739 stiani
725 2685 1059 2756 scriptores,
1092 2685 1405 2756 Arnobius,
1430 2685 1783 2757 Lactantius,
1805 2688 2168 2759 Augustinus

517 2778 574 2830 et
603 2772 701 2828 alii
729 2773 871 2844 (Liv.
913 2772 1107 2828 Decad.
1140 2789 1224 2844 ιιι,
1273 2772 1374 2830 lib.
1405 2791 1481 2843 IV,
1514 2777 1648 2846 post
1674 2774 1908 2830 initium
1938 2793 1952 2845 ;
1981 2776 2167 2851 Ovid.,

517 2861 621 2916 lib.
657 2879 708 2917 ιν
742 2864 884 2918 Fust.
909 2862 938 2935 §
968 2864 1039 2917 3:
1083 2862 1262 2919 Cicer.
1299 2867 1444 2918 orat.
1479 2863 1672 2935 30,pro
1702 2865 1902 2936 Arusp.
1936 2866 2166 2939 Respon.

516 2966 650 3023 pag.
682 2951 1202 3021 438;Tertullian.
1250 2952 1546 3023 Apologet.,
1591 2970 1719 3025 cap.
1769 2954 1879 3022 22;
1930 2956 2168 3024 Arnoh.,

515 3040 616 3095 lib.
670 3058 768 3113 vn,
816 3041 940 3097 adv.
990 3041 1165 3112 Gent.,
1220 3059 1357 3114 pag.
1395 3043 1502 3097 253
1548 3049 1606 3097 et
1645 3059 1851 3115 seqq.;
1889 3045 2168 3115 Lactant.,

519 3129 623 3185 lib.
659 3147 720 3194 ιι,
752 3146 878 3202 cap.
911 3133 983 3198 7;
1017 3134 1198 3202 Aug.,
1231 3129 1334 3188 lib.
1371 3148 1408 3186 ιι
1439 3130 1504 3186 de
1544 3131 1733 3198 Civit.,
1778 3149 1906 3204 cap.
1937 3135 2013 3200 7;
2064 3132 2168 3190 lib.

521 3234 608 3286 ιιι,
639 3236 765 3291 cap.
804 3220 904 3287 12;
938 3227 994 3275 et
1023 3218 1122 3274 lib.
1155 3237 1209 3290 x,
1245 3236 1372 3292 cap.
1407 3221 1514 3293 16).

594 3327 706 3382 Sed
737 3327 1027 3382 Arnobius
1070 3327 1401 3398 respondet,
1451 3327 1561 3382 hoc
1599 3327 1649 3382 si
1697 3344 1899 3384 verum
1938 3327 2033 3395 sit,
2069 3328 2175 3384 Ro-

522 3433 729 3472 manos
762 3416 976 3470 frustra
1006 3415 1324 3470 credidisse
1349 3415 1527 3486 hujus
1557 3415 1879 3483 simulacri,
1904 3433 2006 3471 seu
2038 3417 2172 3473 Pes-

523 3504 769 3561 sinuntii
801 3505 1101 3575 lapidis,in
1133 3520 1248 3574 quo
1283 3504 1509 3559 nullum
1542 3505 2176 3576 ineratnumeu,opera

522 3595 611 3650 vel
643 3595 858 3650 auxilio
892 3599 1141 3665 partam,
1189 3594 1273 3648 uti
1317 3593 1696 3650 venditabant
1723 3595 1961 3664 ethnici,
1993 3596 2172 3650 victo-

525 3687 692 3754 riam,
728 3687 903 3740 decus
935 3684 1069 3739 Urbi
1114 3683 1473 3750 restitutum,
1520 3699 1585 3738 ac
1616 3689 1907 3755 porrectos
1941 3682 2174 3754 imperii

524 3775 767 3832 Romani
803 3776 967 3830 ﬁnes.
1001 3774 1146 3828 Nam
1193 3779 1392 3844 postea
1422 3773 1585 3828 caesis
1618 3773 2058 3845 proﬂigatisque
2087 3777 2171 3829 tot

513 3865 813 3935 tantisque
846 3864 1240 3918 Romanorum
1270 3861 1618 3916 exercitibus
1657 3861 1760 3916 illa
1789 3878 1929 3916 sane
1959 3863 2172 3917 eximia

519 3955 693 4009 deum
747 3958 932 4007 mater
997 3951 1284 4005 maximos
1341 3949 1478 4005 belli
1536 3951 1792 4021 impetus
1840 3966 1945 4005 nec
1975 3951 2165 4023 fregit,
2281 3949 2658 4003 θοωρνοοαῐο
2689 3949 2722 3986 8
2752 3949 2983 4030 εθηιξῑυν
3017 3949 3189 3986 ιυαοε
3225 3949 3365 3988 11108
3415 3949 3628 3988 lterum
3658 3949 3832 4025 "18“ij

517 4059 623 4099 nec
653 4040 1022 4114 repulit.Jam
1053 4056 1186 4095 vero
1214 4057 1248 4095 a
1277 4038 1448 4094 nobis
1477 4020 1845 4094 observatum
1871 4042 1958 4095 est
1989 4020 2170 4094 simili
2278 4026 2368 4075 ίοε
2400 4021 2696 4114 ῙῙξθ-Ψοξίίεθ
2727 4036 2799 4114 P1:
2797 4020 3024 4114 Ofilium
3056 4023 3164 4075 θεί-
3200 4043 3231 4069 ”
3266 4021 3414 4093 (CiO-
3451 4020 3553 4076 “b-
3590 4037 3607 4075 ι
3637 4021 3703 4075 de
3729 4020 3892 4075 Dim"

516 4132 690 4188 modo
718 4108 1040 4187 Minucium
1087 4127 1325 4194 dixisse,
1378 4126 1653 4182 tutelares
1685 4127 1920 4183 urbium
1953 4130 2008 4182 et
2033 4143 2171 4198 gen-
2278 4126 2410 4181 9⁸8·
2438 4110 2566 4177 264»
2600 4108 2701 4164 Ῑίη·
2739 4109 2852 4180 49ο)

512 4223 662 4278 tium
697 4221 836 4276 deos
871 4217 1089 4273 nullam
1125 4216 1266 4288 ipsis
1299 4223 1400 4271 aut
1448 4217 1723 4271 Romanis
1754 4217 2032 4272 adversus
2063 4216 2164 4272 ho-
2349 4217 2490 4271 Rem
2539 4215 2731 4271 adhuc
2776 4215 2947 4287 paulo
2985 4215 3230 4274 uberius
3264 4217 3556 4275 describit
3585 4215 3762 4272 Livius
3787 4209 3893 4282 (Liv.
3990 4277 3991 4292 χ

504 4315 626 4367 stos
655 4325 794 4366 suos
822 4324 992 4380 Opem
1028 4305 1258 4362 tulisse.
1291 4305 1457 4361 Nunc
1489 4310 1684 4360 autem
1717 4304 2165 4376 respondithaec
2275 4303 2377 4360 lib.
2440 4322 2500 4370 ιι,
2559 4321 2684 4376 cap.
2745 4305 2856 4375 36),
2911 4309 2969 4360 et
3025 4321 3202 4374 quem
3276 4311 3496 4363 Orator
3553 4310 3610 4361 et
3663 4299 3893 4359 Arnobius
3990 4309 3991 4322 λ

2276 4393 2398 4466 (lib.
2455 4411 2557 4460 v11,
2606 4393 2728 4448 adv.
2781 4397 2953 4464 gent.,
3006 4409 3136 4465 pag.
3186 4395 3302 4451 244
3354 4401 3415 4452 et
3453 4397 3644 4468 seqq.)
3676 4388 3898 4448 rusticum
3990 4459 3991 4468 χ

505 4417 622 4455 non
656 4416 804 4462 vera,
841 4397 942 4453 sed
977 4395 1122 4452 falsa
1151 4411 1280 4452 esse
1312 4394 1620 4460 miracula,
1653 4397 1855 4465 utpote
1887 4410 2014 4464 quae
2047 4409 2163 4448 non

505 4488 721 4543 virtute
763 4486 961 4558 aliqua
1007 4485 1221 4556 divina,
1271 4485 1370 4540 sed
1420 4485 1754 4540 daemonum
1785 4483 2031 4549 artibus,
2066 4498 2164 4555 po-
2276 4484 2558 4538 duntaxat
2631 4487 2860 4549 vocant,
2935 4482 3009 4537 ab
3068 4482 3188 4549 illo,
3248 4490 3440 4558 atque
3496 4485 3568 4540 ab
3626 4478 3894 4552 Augustino

509 4576 692 4632 tentia
720 4581 776 4632 et
807 4574 1113 4646 praestigiis
1146 4574 1296 4629 facta
1325 4573 1560 4628 fuerint.
1621 4571 1782 4639 Quod
1832 4572 1903 4626 ab
1937 4570 2057 4640 illo,
2099 4574 2163 4626 ut
2194 4560 2238 4625 D
2273 4574 2323 4629 Τ.
2391 4574 2636 4628 Latinius
2694 4573 2939 4644 (August
3017 4570 3120 4628 lib.
3172 4589 3254 4639 ιν,
3322 4575 3391 4631 de
3444 4575 3632 4640 Civit,
3676 4587 3786 4641 cap.
3812 4565 3896 4631 26).

508 4664 682 4738 paulo
714 4667 847 4736 post
892 4662 1288 4729 ostendemus,
1337 4662 1570 4735 copiose
1616 4677 1683 4716 ac
1722 4661 2028 4732 perspicue
2059 4660 2163 4716 de-
2274 4679 2406 4735 pag.
2438 4663 2585 4732 207),
2635 4661 2693 4715 in
2751 4661 3007 4733 quadam
3043 4661 3224 4732 hujus
3258 4664 3530 4718 editione
3564 4663 3670 4717 Tib.
3702 4658 3895 4714 Atinius,

505 4757 887 4810 monstratur.
2273 4751 2535 4824 plebeius
2567 4752 2761 4817 homo,
2820 4751 2916 4820 qui
2951 4767 2983 4804 a
3012 4750 3299 4822 Dionysio
3335 4752 3774 4808 Halicarnasseo
3801 4742 3898 4814 (lib-

578 4843 791 4899 Eadcm
824 4856 1056 4915 quoque
1087 4839 1469 4914 responsione
1500 4838 1555 4893 id
1593 4839 1664 4894 ab
1714 4839 1840 4911 ipso
1898 4838 2156 4911 explodi-
2270 4858 2347 4896 v11
2413 4841 2594 4910 Antiq.
2644 4839 2818 4904 Rom,
2879 4855 3012 4911 pag.
3063 4840 3209 4910 472),
3267 4845 3329 4896 et
3398 4839 3726 4902 Plutarcho,
3777 4836 3898 4886 Τῖτος

2271 4934 2494 4988 Λατῖνος
2571 4927 2886 5000 (Plutarch.
2968 4928 3027 4982 in
3109 4927 3228 4983 Vita
3320 4930 3643 4998 Coriolan,
3699 4931 3821 4980 tom.
3868 4917 3900 4985 ι,

2268 5035 2398 5091 pag.
2428 5018 2574 5089 225),
2635 5016 2781 5073 satis
2838 5017 3018 5081 dives,
3077 5034 3111 5071 a
3165 5016 3415 5074 Valerio
3467 5022 3663 5073 autem
3695 5009 3902 5069 Maximo

2266 5108 2390 5178 (lib,
2440 5125 2480 5177 1,
2527 5123 2653 5178 cap.
2704 5109 2760 5172 7,
2810 5104 2839 5178 §
2887 5105 2962 5178 4),
3011 5105 3123 5160 nisi
3171 5105 3228 5159 in
3269 5108 3409 5178 ejus
3437 5107 3616 5162 editis
3646 5120 3706 5160 ac
3735 5111 3901 5156 manu-

2264 5196 2497 5268 scriptis
2528 5199 2785 5251 erratum
2819 5195 2914 5256 sit,
2947 5195 3001 5248 T.
3047 5195 3300 5262 Atinius,
3341 5203 3403 5251 et
3437 5215 3473 5252 a
3507 5192 3788 5250 Lactantio
3816 5185 3901 5240 Tib.

2260 5286 2500 5341 Altinius
2531 5285 2840 5356 (Lactant,
2883 5283 2983 5338 lib.
3032 5301 3095 5353 ιι,
3146 5300 3280 5354 cap.
3317 5287 3378 5351 7,
3418 5302 3556 5357 pag.
3592 5281 3731 5351 476),
3762 5271 3906 5332 altia-

2261 5375 2456 5430 crobio
2489 5373 2612 5443 (lib.
2644 5391 2664 5428 ι
2693 5372 3023 5438 Saturnal.,,
3053 5390 3177 5445 cap.
3214 5374 3337 5445 11),
3375 5375 3479 5445 qui
3514 5375 3573 5428 id
3608 5386 3751 5427 anno
3778 5362 3904 5421 601

501 4937 618 5004 tur,
669 4933 823 5004 quod
868 4931 1133 4988 Caecilius
1181 4929 1392 4984 deinde
1450 4930 1534 4982 sic
1591 4928 1828 4996 objicit:
1878 4952 1906 4979 ‹‹
1956 4929 2157 4984 Testes

501 5022 875 5095 Equestrium
933 5023 1176 5075 fratrum
1234 5017 1290 5070 in
1350 5017 1505 5086 lacu,
1565 5015 1718 5070 sicut
1759 5017 2154 5084 ostenderant,

502 5116 706 5169 statuae
738 5113 1110 5175 consecratae,
1161 5107 1261 5178 qui
1295 5104 1511 5174 anheli,
1543 5105 1959 5176 spumantibus
1988 5105 2155 5176 equis

501 5205 671 5275 atque
703 5198 1089 5263 fumantibus,
1139 5197 1210 5251 de
1257 5194 1432 5250 Perse
1469 5191 1768 5250 victoriam
1796 5210 1862 5248 ea
1893 5192 2004 5257 die,
2039 5209 2155 5264 qua

494 5292 752 5348 fecerant
795 5289 1236 5344 nuntiaverunt.
1293 5306 1320 5334 »
1366 5287 1678 5355 Equestres
1716 5288 1912 5338 autem
1944 5286 2152 5341 fratres

496 5379 754 5452 appellat
784 5379 1075 5434 Castorem
1107 5379 1166 5430 et
1196 5375 1348 5430 806
1381 5373 1850 5444 Pollucem,quos
1881 5371 1980 5428 alii
2002 5373 2152 5446 Tyn-

495 5470 734 5525 daridas
759 5472 967 5522 vocant
999 5464 1303 5540 (Cicer.lib.
1340 5481 1380 5518 ιι
1410 5463 1474 5519 de
1503 5464 1696 5519 Namr.
1731 5463 1909 5533 deor.,
1941 5464 2147 5534 p.214;

492 5560 551 5616 et
588 5555 802 5614 Tuscul.
835 5573 876 5626 ι,
902 5572 1031 5630 pag.
1068 5555 1189 5623 119,
1224 5554 1328 5610 lin.
1363 5554 1438 5624 3).
1485 5553 1775 5608 Audacter
1801 5567 1934 5608 vero
1985 5569 2149 5610 asse-

490 5649 652 5716 verat
680 5646 831 5703 facta
861 5646 934 5702 ab
963 5644 1078 5704 illis
1108 5645 1223 5701 duo
1256 5641 1564 5720 miracula,
1599 5657 1664 5698 ac
1695 5642 1882 5716 primo
1909 5640 2148 5714 quidem

2334 5553 2529 5609 llatur.

2300 5570 2529 5610 ematur.

2260 5570 2295 5626 Ρ
2328 5642 2547 5700 Verum
2579 5641 2738 5700 citati
2783 5659 2818 5700 a
2865 5641 3037 5700 nobis
3068 5642 3425 5700 Lactantius
3457 5645 3517 5698 et
3546 5635 3898 5715 Augustinus,

413 5821 504 5871 “tu

2281 3932 2658 4003 comprobato
2689 3948 2722 3986 a
2752 3935 2983 3997 senatu,
3017 3930 3189 3986 ludos
3225 3932 3365 3988 illos
3415 3932 3628 3988 iterum
3658 3930 3890 3983 instaura-
3990 3929 3991 4003 )

2260 5464 2332 5519 ab
2364 5463 2516 5520 Urbe
2548 5463 2783 5519 condita
2821 5463 2924 5518 473
2971 5462 3297 5535 contigisse
3333 5462 3569 5529 scribit,
3603 5461 3796 5517 Annius
3820 5470 3904 5528 ap-
3990 5485 3991 5490 π
