4088 6150
63 101 195 360 Γ

218 355 328 414 625

1646 357 2192 417 DISSERTATIO.

3501 355 3621 420 626

213 487 704 558 quemadmodum
735 487 1046 559 Minucius,
1085 487 1467 557 contendunt,
1489 487 1609 543 haec
1641 489 1850 544 daemo-
1883 490 1935 558 Α
1968 503 2002 542 a
2033 489 2264 545 nemine
2297 489 2604 562 potuisset,
2631 489 2705 546 M.
2739 488 3026 558 Curtium,
3057 487 3402 547 bellicosum
3445 489 3620 562 juve-

213 593 348 631 num
370 575 519 633 dolis
546 595 610 633 ac
632 577 942 652 praestigiis
971 595 1098 634 esse
1117 577 1429 634 tribuenda
1455 595 1466 632 :
1492 599 1516 627 ‹‹
1537 577 1614 633 De
1639 577 1803 649 ipsis,
1834 599 1858 625 ››

209 665 397 736 inquit
427 665 741 733 Minucius,
785 692 804 716 α
839 667 936 723 illa
970 685 1095 739 quee
1130 667 1302 740 paulo
1334 671 1466 723 ante
1498 666 1650 721 dicta
1700 669 1858 733 sunt,

215 754 520 828 utJupiter
551 755 722 812 ludos
754 761 1039 828 repeteret
1072 774 1138 812 ex
1171 758 1420 822 somnio,
1448 761 1511 811 ut
1533 772 1666 811 cum
1694 755 1862 827 equis

209 848 469 900 Castores
495 844 854 916 viderentur,
882 851 945 901 ut
967 846 1268 918 cingulum
1295 853 1572 902 matronae
1597 844 1863 900 navicula

207 940 580 1006 sequeretur;
621 935 738 992 haec
770 937 971 992 omnia
1000 936 1192 993 sciunt
1225 936 1488 1008 plerique
1549 953 1682 1006 pars
1730 951 1862 990 ves-

208 1030 359 1081 trum
391 1026 555 1098 ipsos
583 1028 877 1084 daemones
911 1029 982 1084 de
1014 1045 1074 1084 se
1106 1027 1251 1100 ipsis
1299 1027 1584 1093 conﬁteri,
1635 1026 1862 1098 quoties

211 1133 242 1171 a
270 1116 437 1172 nobis
466 1117 776 1173 tormentis
804 1117 1140 1184 verborum,
1173 1120 1229 1172 et
1261 1115 1544 1172 orationis
1574 1115 1861 1170 incendiis

217 1205 278 1261 de
299 1205 638 1277 corporibus
654 1206 1023 1279 exiguntur.»
1041 1207 1175 1271 Qua:
1198 1205 1439 1278 quidem
1457 1205 1605 1260 infra
1619 1203 1863 1277 explica-

220 1295 396 1351 bimus
427 1293 660 1363 clarius,
680 1299 736 1352 et
765 1313 938 1368 quam
977 1313 1108 1352 vera
1141 1295 1859 1360 sint,demonstrabimus.

285 1401 422 1467 Quid
456 1401 668 1458 deinde
697 1401 1009 1460 Czecilius?
1040 1427 1066 1452 ‹‹
1102 1404 1172 1458 Et
1204 1403 1533 1468 Deciorum,
1586 1425 1615 1451 »
1643 1400 1861 1472 inquit,

227 1513 250 1541 ι
277 1491 492 1546 devotio
524 1495 669 1546 rata.
703 1513 732 1540 »
763 1491 863 1547 His
885 1492 1126 1556 ille,nec
1155 1491 1424 1563 pluribus
1448 1490 1640 1546 verbis
1672 1489 1864 1544 innuit

232 1579 409 1635 Decios
442 1585 667 1651 patrem
727 1586 782 1636 et
836 1580 1050 1648 filium,
1118 1582 1336 1652 quibus
1367 1580 1548 1652 aliqui
1591 1583 1860 1650 nepotem

231 1668 555 1740 adjungunt,
589 1673 905 1741 postquam
940 1685 1000 1724 se
1032 1687 1134 1742 pro
1169 1669 1448 1724 Romanis
1479 1667 1862 1723 excercitibus

233 1759 594 1826 devovissent,
628 1765 884 1816 armatos
914 1759 1162 1816 irruisse
1195 1759 1419 1815 medios
1451 1759 1509 1813 in
1543 1759 1760 1827 hostes,
1794 1772 1862 1812 ac

233 1848 585 1919 desperatam
611 1849 866 1920 gloriosa
896 1856 1081 1904 morte
1111 1849 1408 1904 victoriam
1442 1849 1625 1904 fuisse
1655 1863 1863 1903 conse-
1895 1863 1940 1926 Β

238 1938 406 1990 cutos.
438 1943 626 2007 Atque
669 1937 790 1992 haec
847 1938 987 1992 varii
1050 1937 1382 2008 scriptores,
1416 1954 1480 1992 ac
1538 1937 1595 1990 in
1656 1934 1860 2006 primis

233 2023 430 2093 Cicero,
462 2024 724 2081 Valerius
756 2027 1063 2088 Maximus.
1122 2026 1344 2096 Florus,
1379 2024 1599 2080 Plinius
1655 2029 1713 2079 et
1767 2023 1860 2078 Li-

231 2113 346 2169 vius
373 2119 778 2190 narraverunt.

292 2201 496 2258 Verum
530 2203 706 2258 Balbo
738 2203 931 2259 Stoico
964 2203 1082 2260 hinc
1112 2205 1264 2276 apud
1318 2203 1646 2259 Ciceronem
1711 2201 1858 2272 obji-

227 2289 381 2345 cienti
420 2291 608 2359 Cotta,
645 2297 918 2363 tanquam
963 2294 1184 2350 caeteris
1242 2293 1518 2348 omnibus
1582 2291 1854 2359 ethnicis,

227 2380 490 2435 adversus
511 2381 874 2436 Christianos
906 2388 1105 2454 postea
1135 2383 1501 2455 pugnaturis,
1526 2381 1752 2436 obviam
1777 2381 1858 2437 ire

226 2467 516 2538 voluisset,
548 2468 642 2524 bis
682 2471 983 2542 respondit
1010 2472 1240 2527 verbis:
1303 2493 1332 2522 «
1388 2471 1471 2526 Tu
1523 2475 1719 2526 autem
1756 2471 1857 2526 De-

225 2557 435 2612 ciorum
496 2559 905 2615 devotionibus
959 2560 1220 2632 placatos
1250 2575 1379 2616 esse
1435 2561 1575 2616 deos
1632 2576 1856 2615 censes.

226 2645 344 2709 Quas
374 2645 484 2702 fuit
515 2663 718 2703 eorum
747 2652 912 2703 tanta
943 2649 1224 2720 iniquitas
1278 2656 1344 2705 ut
1394 2649 1609 2721 placari
1645 2647 1858 2721 populo

229 2733 471 2790 Romano
499 2752 614 2790 non
644 2742 905 2808 possent,
940 2737 1053 2793 nisi
1111 2737 1216 2792 viri
1267 2738 1412 2794 tales
1465 2737 1858 2794 occidissent?

223 2823 527 2878 Consilium
560 2823 705 2878 illud
741 2826 1161 2897 imperatorum
1188 2827 1313 2894 fuit,
1349 2827 1447 2898 qui
1491 2828 1689 2898 patrias
1721 2843 1857 2882 con-

222 2915 484 2979 solerent,
508 2913 641 2967 vitae
665 2929 775 2968 non
807 2922 1125 2986 parcerent.
1147 2917 1448 2972 Rebantur
1468 2916 1624 2970 enim
1655 2917 1773 2970 fore
1797 2919 1860 2970 ut

223 3002 496 3058 exercitus
548 3002 980 3074 imperatorem,
1030 3021 1180 3076 equo
1229 3005 1468 3060 incitato
1495 3021 1556 3059 se
1578 3004 1635 3058 in
1660 3004 1857 3059 hostes

221 3087 626 3146 immittentem
652 3098 1165 3163 persequerentur.
1198 3095 1258 3148 Id
1280 3095 1432 3165 quod
1460 3093 1668 3149 evenit.
1695 3115 1722 3142 »
1745 3093 1856 3164 (Ci-

220 3193 326 3233 cer.
359 3179 458 3235 lib.
504 3198 546 3235 II
570 3181 636 3236 de
663 3183 877 3247 Finib.,
909 3199 1039 3254 pag.
1073 3185 1137 3237 61
1171 3201 1184 3250 ;
1235 3183 1337 3237 lib.
1373 3199 1388 3236 ι
1442 3181 1680 3246 Tuscul.,
1723 3199 1852 3253 pag.

1971 593 2126 645 nem,
2160 594 2287 634 sese
2319 578 2432 634 diis
2490 579 2808 645 devovisse,
2859 584 3036 652 atque
3094 583 3411 651 armatum,
3467 597 3616 654 equo

1972 683 2311 732 conscenso,
2342 685 2468 724 eam
2502 668 2559 723 in
2598 685 2834 740 specum
2870 687 2931 725 se
2971 669 3202 726 dedisse
3263 670 3617 742 prrecipitem

1973 772 2037 810 ac
2069 757 2370 824 continuo,
2403 762 2465 812 ut
2497 757 2754 829 loquitur
2785 756 3046 814 Valerius
3077 758 3360 814 Maximus
3405 758 3617 831 (Valer.

1973 845 2143 915 Max.,
2179 845 2276 900 lib.
2311 863 2362 916 v,
2397 863 2522 917 cap.
2556 848 2608 902 6.
2644 845 2780 920 §2),
2825 851 3034 903 terram
3094 847 3320 918 injectis
3379 848 3619 904 honoris

1971 934 2159 1004 gratia
2194 935 2479 1006 frugibus,
2513 935 2828 1006 pristinum
2889 952 3263 1008 recuperasse
3323 936 3616 994 habitum.

1973 1020 2132 1085 Quod
2169 1023 2325 1077 Livio
2358 1023 2855 1094 quemadmodum
2888 1025 3116 1080 Caecilio
3159 1041 3274 1080 non
3328 1027 3619 1084 mediocre

1973 1111 2304 1183 prodigium
2337 1113 2660 1168 videbatur.
2695 1113 2806 1168 Sed
2836 1114 3017 1168 Varro
3049 1113 3260 1185 (Varr.,
3295 1113 3394 1168 lib.
3456 1133 3512 1169 1v.
3550 1117 3623 1172 de

1974 1201 2128 1272 Ling.
2164 1201 2282 1266 lat,
2312 1218 2441 1273 pag.
2477 1202 2547 1256 36
2577 1206 2631 1257 et
2661 1203 2848 1274 seqq.)
2879 1202 3166 1273 triplicem
3195 1218 3261 1257 ea
3292 1204 3361 1258 de
3409 1221 3468 1258 re
3499 1204 3618 1259 his-

1973 1290 2180 1345 toriam
2216 1308 2250 1345 a
2279 1290 2544 1361 Procilio,
2583 1292 2788 1347 Pisone
2817 1296 2875 1346 et
2904 1290 3048 1346 .Elio
3095 1290 3336 1358 Stilone,
3392 1291 3622 1349 diversa

1975 1379 2370 1448 narrantibus,
2407 1381 2697 1451 proditam
2729 1378 3013 1452 perhibet.
3049 1379 3198 1444 Quid
3257 1396 3408 1448 vero,
3461 1382 3618 1453 quod

1973 1473 2224 1524 Zonaras
2257 1470 2507 1541 (Zonar.,
2543 1469 2640 1524 lib.
2703 1476 2782 1526 vix
2840 1470 3064 1538 Annal.,
3122 1469 3152 1542 §
3198 1470 3289 1538 25,
3325 1487 3456 1542 pag.
3489 1469 3618 1540 360)

1973 1557 2046 1612 iis
2075 1573 2138 1613 se
2162 1556 2402 1613 minime
2425 1558 2852 1630 refragaturum
2877 1575 3006 1614 esse
3024 1559 3348 1630 profitetur,
3371 1561 3471 1632 qui
3495 1560 3618 1616 haec

1973 1664 2004 1702 a
2036 1647 2148 1702 tidc
2181 1647 2298 1702 veri
2331 1645 2520 1702 aliena
2549 1647 2990 1702 existimabunt.
3019 1647 3256 1704 Orosius
3287 1665 3418 1704 vero
3442 1666 3618 1722 quos-

1971 1751 2201 1806 cunque
2231 1735 2351 1791 sive
2381 1735 2540 1804 deos,
2570 1736 2688 1790 sive
2715 1735 2983 1792 homines
3009 1736 3270 1809 corripit,
3303 1737 3403 1809 qui
3453 1742 3619 1794 terra

1973 1824 2224 1892 hiatum,
2257 1824 2369 1880 nisi
2399 1823 2562 1880 vivus
2591 1824 2764 1880 homo
2795 1825 3121 1892 sorbeatur,
3165 1826 3442 1898 compleri
3502 1844 3621 1883 non

1974 1929 2143 1985 posse
2175 1911 2394 1986 Opinati
2426 1917 2564 1968 sunt
2594 1913 2804 1984 (Oros,
2839 1912 2939 1969 lib.
2977 1931 3038 1968 ιιι
3069 1915 3226 1979 Hist,
3252 1932 3378 1987 cap.
3410 1918 3487 1984 5).
3513 1916 3621 1971 De-

1971 2002 2170 2074 nique,
2204 2019 2274 2057 ne
2303 2003 2720 2074 Hieronymum
2753 2002 2992 2058 omnino
3042 2007 3474 2075 praetereamus,
3523 2005 3624 2060 ob-

1977 2092 2392 2163 servarejuvat
2421 2109 2554 2147 eum
2589 2098 2786 2164 aperte
2816 2091 3084 2147 docuisse
3116 2092 3210 2149 his
3265 2093 3465 2161 Curtii,
3510 2094 3617 2150 De-

1970 2179 2192 2234 ciorum
2220 2179 2589 2250 aliorumque
2617 2177 2903 2234 similium
2939 2178 3124 2245 factis,
3159 2180 3427 2250 quamvis
3484 2197 3618 2236 vera

1967 2285 2096 2325 esse
2128 2269 2462 2340 probentur,
2505 2269 2678 2322 ﬁdem
2739 2267 3204 2324 Christianorum
3267 2286 3383 2324 non
3443 2271 3615 2327 modo

1969 2376 2083 2414 non
2117 2358 2324 2428 minui,
2359 2359 2459 2414 sed
2493 2358 2563 2414 iis
2599 2358 2720 2414 fieri
2752 2358 3079 2414 certiorem.
3113 2379 3140 2408 »
3175 2358 3231 2414 Si
3265 2357 3549 2426 historiis,
3586 2381 3614 2409 ››

1969 2447 2176 2520 inquit,
2215 2472 2236 2497 ι
2272 2447 2578 2521 gentilium
2611 2447 2929 2517 credimus,
2958 2447 3376 2520 quodCodrus,
3399 2453 3456 2504 et
3474 2449 3612 2503 Cur-

1966 2538 2104 2604 tius,
2127 2542 2184 2592 et
2214 2538 2369 2594 Decii
2402 2554 2620 2604 mures,
2654 2535 3017 2609 pestilentias
3051 2537 3305 2609 urbium,
3329 2543 3383 2594 et
3407 2539 3613 2604 fames,

1967 2631 2021 2682 et
2053 2625 2205 2682 bella
2236 2626 2359 2682 suis
2393 2627 2681 2682 mortibus
2713 2626 3114 2698 represserint,
3145 2631 3364 2698 quanto
3426 2627 3615 2698 magis

1966 2715 2074 2770 hoc
2092 2715 2190 2771 Dei
2228 2715 2364 2770 Filio
2394 2715 2672 2787 possibile
2704 2715 3060 2770 credendum
3091 2719 3199 2783 est,
3224 2717 3378 2788 quod
3411 2731 3617 2773 cruore

1967 2822 2073 2860 suo
2095 2822 2208 2859 non
2233 2805 2436 2859 urbem
2463 2822 2664 2870 unam,
2691 2805 2788 2860 sed
2815 2808 3003 2860 totum
3034 2809 3310 2877 purgaret
3325 2805 3525 2861 orbem
3552 2805 3564 2860 ι
3588 2827 3616 2855 ι»

1968 2893 2320 2965 (Hieronym.
2359 2893 2412 2946 in
2447 2911 2574 2965 cap.
2611 2911 2626 2947 1
2661 2893 2837 2964 Epist.
2870 2892 2941 2947 ad
2973 2892 3179 2962 Ephes.
3214 2909 3267 2948 ν.
3305 2894 3384 2964 7.)
3441 2893 3617 2950 Plura

1967 2983 2039 3036 de
2078 2981 2170 3036 his
2200 2980 2450 3036 insolitis
2505 2981 2824 3048 effectibus,
2859 2997 2990 3052 quze
3021 2981 3304 3037 miracula
3359 2981 3614 3038 ethnicis

1966 3072 2332 3134 videbantur,
2365 3071 2628 3142 disputat
2648 3072 3034 3143 Augustinus,
3060 3087 3233 3141 quem
3265 3071 3432 3127 facile
3454 3071 3616 3127 adire

1968 3159 2184 3233 poteris
2214 3161 2504 3232 (August.,
2536 3159 2635 3214 lib.
2667 3177 2702 3214 ιι
2731 3161 2806 3215 De
2835 3161 2973 3228 Cia,
3009 3176 3142 3232 pag.
3194 3159 3339 3230 252;
3395 3165 3451 3216 et
3507 3161 3610 3217 lib.

220 3267 346 3332 130;
381 3233 482 3324 mg.
506 3233 625 3336 in,
649 3233 1056 3342 ιζεέξίιζᾶδῗῗιέ
1082 3233 1336 3339 eges:
1350 3233 1680 3344 agilis;
1723 3233 1853 3326 ’ρζῗὲ

1970 3267 2079 3314 xxx,
2113 3267 2238 3320 cap.
2272 3251 2306 3303 6
2337 3259 2386 3305 et
2414 3265 2586 3320 seqq.,
2621 3265 2750 3319 pag.
2783 3250 2886 3303 724
2915 3253 2969 3302 et
2999 3251 3166 3321 seqy.)

216 3358 322 3412 rad.
351 3359 406 3425 2,
441 3377 573 3431 pag.
604 3361 705 3415 434
734 3388 748 3429 ;
781 3359 973 3416 Valer.
1005 3365 1176 3428 Max.,
1207 3361 1310 3417 lib.
1342 3379 1394 3428 ν,
1429 3379 1553 3433 cap.
1586 3363 1642 3429 6,
1675 3366 1702 3430 §
1736 3361 1771 3413 5
1801 3364 1856 3416 et

215 3446 282 3513 6;
315 3447 539 3514 Florus,
574 3449 676 3503 lib.
716 3468 774 3518 ιι,
811 3466 938 3520 cap.
975 3451 1042 3505 14
1071 3456 1127 3506 et
1185 3452 1292 3517 17;
1353 3450 1525 3515 Plin.,
1578 3449 1680 3504 lib.
1713 3466 1851 3516 xxu,

215 3538 355 3591 Hist.
386 3542 580 3592 natur.
616 3555 745 3608 pag.
785 3539 922 3605 180;
955 3556 1080 3610 cap.
1114 3543 1170 3602 2,
1204 3555 1334 3610 pag.
1356 3540 1481 3593 557.
1509 3538 1628 3595 Liv.
1659 3538 1850 3593 Decad.

208 3640 243 3688 ι,
274 3623 374 3680 lib.
408 3644 570 3697 xvm,
606 3643 737 3698 pag.
777 3627 871 3680 121
902 3645 914 3694 ;
948 3629 1086 3696 Cic.,
1119 3628 1220 3682 lib.
1260 3645 1297 3682 ιι
1327 3629 1396 3683 de
1425 3629 1616 3684 Natur.
1671 3629 1852 3697 Deor.,

205 3728 332 3785 pag.
365 3716 510 3782 215;
565 3720 622 3770 et
677 3714 779 3771 lib.
836 3733 920 3787 ιιι,
981 3733 1111 3788 pag.
1165 3718 1317 3784 242.)
1372 3717 1622 3771 Tantum
1677 3715 1857 3786 igitur

205 3802 391 3873 abest,
429 3805 582 3860 utin
617 3803 723 3862 hac
745 3805 987 3862 victoria
1045 3805 1347 3878 quidpiam
1409 3804 1697 3871 miraculi,
1757 3808 1856 3860 aut

203 3889 448 3949 deorum
481 3893 857 3965 praesentium
890 3893 1090 3949 auxilii
1123 3896 1304 3950 fuisse
1360 3893 1668 3966 putaverit,
1712 3894 1854 3966 quin

195 3981 395 4050 potius
431 3983 751 4038 maximam
782 3983 1041 4050 illorum,
1077 3985 1126 4040 si
1153 3985 1209 4039 id
1244 3984 1538 4052 fecissent,
1571 3983 1853 4054 iniquita-

194 4074 312 4124 tem
345 4072 508 4127 haud
542 4072 836 4128 immerito
863 4078 1158 4145 coarguat.
1220 4075 1396 4129 Docet
1453 4073 1651 4144 itaque
1703 4073 1853 4128 hanc

192 4157 503 4216 Deciorum
535 4162 902 4218 devotionem
937 4162 1080 4218 nihil
1117 4161 1277 4217 aliud
1313 4162 1494 4219 fuisse
1527 4163 1641 4217 nisi
1675 4161 1855 4234 impe-

186 4255 459 4305 ratorum
493 4250 875 4325 στρατήγημα,
910 4255 1340 4322 consuetasque
1371 4263 1525 4308 artes
1553 4256 1610 4307 et
1664 4251 1849 4318 dolos,

183 4338 421 4406 quibus
449 4340 652 4395 hostes
681 4340 982 4409 fuderunt,
1015 4358 1080 4396 ac
1113 4341 1182 4396 de
1216 4341 1288 4397 iis
1320 4347 1688 4412 reportarunt
1734 4342 1848 4396 vic-

185 4426 443 4483 toriam.
474 4428 576 4484 Cui
608 4429 848 4500 quidem
888 4429 1086 4497 Cottas,
1147 4447 1250 4486 seu
1309 4431 1503 4498 malis,
1557 4431 1850 4486 Ciceronis

180 4518 498 4572 sententiae
529 4519 786 4574 Zonaras
819 4519 1240 4590 subscripsisse
1270 4519 1433 4574 visus
1471 4525 1562 4575 est
1599 4520 1848 4590 (Zonar.,

181 4601 290 4658 lib.
339 4622 422 4661 vu
444 4609 652 4662 Annal.
686 4608 714 4679 ξ
743 4609 832 4674 26,
867 4625 998 4680 pag.
1031 4609 1180 4678 362).

259 4693 574 4751 Postremo
607 4697 835 4751 addidit
867 4696 1163 4752 Caecilius:
1205 4716 1226 4744 ε
1258 4697 1448 4753 Testis
1477 4702 1534 4753 et
1589 4697 1846 4766 Curtius,

191 4782 294 4850 qui
330 4785 549 4855 equitis
580 4786 672 4840 sui
703 4785 793 4841 vel
826 4785 994 4851 mole,
1024 4785 1112 4841 vel
1170 4785 1389 4842 honore
1445 4785 1667 4841 hiatum
1717 4802 1851 4857 pro-

191 4869 398 4927 fundae
427 4873 717 4946 voraginis
748 4874 1143 4946 coaequavit.»
1192 4875 1438 4940 Quidam
1497 4879 1706 4946 putant
1763 4872 1842 4927 ibi

195 4957 416 5029 duplex
443 4978 569 5018 esse
599 4962 821 5018 librarii
881 4965 1184 5032 mendum,
1246 4981 1311 5018 ac
1364 4981 1466 5036 pro
1499 4988 1527 5014 ‹ι
1560 4963 1840 5034 equitis...

198 5041 438 5116 honore,
472 5072 500 5100 ι)
531 5051 909 5106 scribendum
950 5073 970 5099 α
1004 5055 1206 5123 equi...
1244 5069 1437 5108 onere.
1494 5076 1522 5102 »
1581 5053 1691 5108 Sed
1754 5069 1851 5106 ne-

204 5136 530 5208 quicquam.
565 5139 796 5194 Etenim
829 5140 1033 5196 scribit
1065 5141 1256 5196 Livius
1286 5142 1550 5197 Curtium
1611 5165 1639 5192 a
1697 5159 1848 5213 equo

211 5238 381 5290 quam
412 5229 662 5298 maxime
695 5233 919 5300 poterat
949 5237 1152 5286 ornato
1176 5231 1482 5287 insedisse.
1515 5254 1542 5280 ››
1571 5231 1851 5287 Observat

218 5317 392 5370 autem
425 5317 657 5373 Servius
690 5341 714 5366 ‹‹
752 5316 1008 5389 equitem
1045 5342 1071 5369 ››
1103 5319 1422 5391 aliquando
1453 5321 1604 5392 apud
1655 5320 1844 5392 Virgi-

227 5393 347 5484 lium
379 5405 526 5462 idem
561 5413 738 5478 atque
771 5423 987 5479 equum
1022 5411 1352 5484 signiticarc
1376 5410 1514 5480 (Liv.
1577 5411 1762 5466 Det-art.
1800 5427 1839 5480 ι,

229 5483 300 5546 liv.
327 5511 418 5564 v11,
452 5513 582 5569 pag.
624 5498 760 5564 106;
794 5497 1024 5570 Virgil.,
1059 5499 1160 5556 lib.
1195 5506 1257 5557 in
1289 5501 1480 5571 Georg.
1516 5517 1566 5556 ν.
1598 5499 1744 5572 116.)

280 5602 425 5659 308
452 5604 619 5674 Apud
656 5605 927 5659 eumdem
962 5623 1130 5677 porro
1165 5608 1384 5661 Livium
1419 5607 1689 5677 legimus,
1714 5621 1847 5660 cum

217 5693 544 5766 Npentiuus
575 5692 766 5752 medio
799 5694 858 5751 in
886 5694 1048 5753 urbis
1078 5694 1200 5752 foro
1221 5695 1418 5753 hiatus
1443 5701 1605 5753 terra
1631 5694 1850 5768 espleri

2035 3338 2314 3393 Cmterum
2347 3355 2415 3394 ea
2446 3339 2642 3394 omnia
2671 3337 3020 3393 Christianis
3050 3338 3276 3408 objecta
3322 3355 3355 3393 a
3383 3338 3610 3396 Caecilio

1965 3427 2168 3483 aliisve
2197 3427 2516 3498 gentilibus
2539 3426 2824 3497 exempla,
2841 3427 2961 3481 sive
2983 3428 3484 3496 argumenta,jam
3510 3427 3614 3482 Mi-

1966 3517 2176 3571 nucius
2205 3516 2610 3572 invictissimis
2640 3516 2758 3571 illis
2791 3515 3121 3571 rationibus
3154 3517 3416 3570 funditus
3464 3516 3610 3571 sub-

1964 3611 2231 3671 verterat,
2267 3605 2484 3676 quibus
2538 3621 2720 3660 unum
2781 3606 3190 3660 tantummodo
3250 3606 3453 3670 Deum,
3505 3622 3611 3659 nec

1966 3695 2161 3766 plures
2191 3711 2319 3749 esse
2349 3694 2791 3750 demonstravit.
2823 3698 3039 3749 Verum
3074 3693 3184 3748 hac
3232 3694 3611 3765 responsione

1965 3801 2078 3839 non
2111 3789 2442 3852 contentus,
2476 3783 2668 3854 palam
2723 3781 2961 3836 cuilibet
3014 3782 3153 3838 facit
3200 3797 3268 3838 ea
3298 3783 3516 3849 omnia,
3548 3787 3614 3837 ut

1965 3873 2136 3944 paulo
2168 3875 2304 3928 ante
2332 3873 2607 3940 diximus,
2643 3887 2708 3926 ac
2766 3871 3036 3942 sequenti
3096 3871 3282 3942 capite
3341 3873 3610 3926 ostende-

1965 3979 2122 4028 mus,
2153 3963 2302 4016 facta
2334 3961 2516 4016 fuisse
2567 3961 2898 4015 daemonum
2943 3959 3330 4015 fraudulentis
3381 3960 3610 4015 artibus

1963 4056 2020 4106 et
2049 4050 2379 4122 praestigiis.

2527 4165 2784 4221 ARTICU
2799 4164 2925 4220 LUS
2966 4164 3036 4220 ῙΙ.

1962 4276 2192 4330 Deorum
2221 4275 2570 4345 praesentiam
2606 4290 2637 4326 α
2671 4272 2886 4345 Caecilio
2941 4287 3051 4345 non
3102 4271 3331 4345 probari
3369 4270 3607 4345 oraculis

2035 4343 2328 4416 vatumque
2357 4347 2650 4415 responsis,
2683 4344 2880 4414 quibus
2913 4343 3184 4416 Minucius
3217 4343 3437 4416 opponit
3480 4343 3606 4395 Am-

2030 4413 2271 4488 phiarai,
2332 4413 2568 4477 Tiresias.
2625 4413 2892 4488 Apollinis
2923 4414 3110 4488 Pythii
3145 4413 3416 4484 exempla,
3447 4419 3608 4483 atque

2031 4485 2373 4544 oraculorum
2406 4487 2872 4556 amphibologiam
2901 4493 2955 4540 et
2984 4485 3268 4554 defectum.

1880 4606 1926 4670 D
2030 4620 2286 4676 Tametsi
2322 4621 2391 4674 ad
2425 4619 2787 4691 probandam
2817 4618 3058 4673 deorum
3095 4617 3457 4690 praesentiam
3492 4632 3608 4672 non

1959 4711 2146 4766 infimi
2181 4709 2459 4764 momenti
2513 4708 2633 4763 sint
2689 4707 2945 4777 oracula,
3004 4707 3220 4780 quibus
3279 4723 3370 4762 res
3402 4707 3612 4763 futura

1961 4800 2133 4855 modo
2166 4798 2359 4870 aliquo
2393 4814 2586 4852 rerum
2619 4801 2945 4852 creatarum
2971 4797 3087 4851 vim
3122 4802 3439 4869 superante
3465 4812 3606 4866 prce-

1960 4889 2328 4954 nuntiantur,
2389 4886 2649 4942 Caecilius
2703 4884 3111 4958 nihilominus,
3167 4908 3194 4935 ‹‹
3246 4885 3540 4951 Praedicta,
3578 4905 3606 4932 ››

1960 4978 2170 5048 inquit,
2205 5001 2230 5027 ‹‹
2265 4977 2333 5032 de
2367 4976 2620 5033 oraculis
2649 4976 2763 5031 fata
2795 4975 3080 5031 transitio.
3120 4997 3146 5024 »
3178 4973 3480 5029 Rationem
3509 4987 3607 5026 au-

1959 5072 2076 5123 tem
2113 5067 2476 5124 continenter
2505 5067 2718 5132 reddit,
2753 5082 2855 5120 cur
2913 5065 3060 5120 tanti
3122 5062 3396 5138 ponderis
3431 5076 3604 5133 argu-

1960 5160 2221 5212 mentum
2259 5155 2696 5228 przetermittat:
2730 5177 2756 5204 «
2787 5153 2867 5208 Ne
2897 5153 3080 5219 vobis,
3116 5176 3142 5200 ν
3176 5153 3258 5206 ait
3288 5151 3404 5218 ille,
3434 5173 3460 5200 «
3496 5166 3602 5205 al-

1959 5246 2205 5319 tiquitas
2239 5245 2484 5301 nimium
2514 5243 2778 5300 fabulosa
2808 5242 3113 5297 videatur:
3147 5259 3172 5291 »)
3213 5244 3268 5295 et
3298 5243 3449 5295 recte
3482 5239 3604 5310 qui-

1961 5335 2112 5390 dem.
2148 5337 2292 5391 Nam
2325 5338 2539 5406 quanto
2569 5331 2817 5387 validius
2847 5347 2912 5385 ex
2947 5330 3094 5386 veris
3125 5327 3424 5400 sacrisque
3469 5344 3603 5400 pro-

1961 5425 2268 5498 phetarum
2356 5427 2687 5479 nostrorum
2771 5419 3042 5489 oraculis,
3131 5434 3261 5490 quae
3336 5416 3603 5472 effectum

1962 5531 2135 5569 suum
2171 5513 2376 5569 sortita
2402 5516 2559 5578 sunt,
2594 5512 2665 5566 ad
2699 5508 3070 5566 asserendam
3105 5506 3446 5563 Christianas
3479 5505 3607 5560 reli-

1959 5603 2150 5678 gionis
2182 5602 2482 5659 veritatem
2511 5603 2950 5671 argumentum,
2981 5603 3045 5653 ut
3075 5597 3209 5654 alibi
3252 5595 3604 5665 videbimus,

1960 5693 2207 5762 eruitur,
2243 5696 2402 5749 tanto
2435 5689 2617 5748 levius
2649 5693 2705 5748 et
2733 5688 2988 5747 debilius
3019 5692 3128 5760 est,
3161 5687 3208 5746 si
3258 5685 3492 5745 oracula
3523 5684 3607 5742 fa-
