4088 6150
497 237 617 300 62⁵1
1781 238 1882 297 DE
1928 235 2237 298 MINUCII
2283 235 2627 316 OCTAVIO
3737 245 3829 311 628

501 369 728 438 bnlosa,
761 369 914 427 009
947 367 1127 426 dubia
1181 371 1238 425 et
1294 368 1740 443 amphibologiaa
1798 370 1969 443 plena
2009 367 2150 426 sint.
2180 375 2228 442 Α
2335 369 2519 444 Magis
2551 369 2794 436 serium,
2827 385 2932 426 nec
2963 367 3162 425 minus
3189 383 3389 426 verum
3422 369 3550 427 illud
3576 379 3669 440 est,
3709 381 3830 450 quod

500 461 576 516 At
605 458 745 515 talia
776 459 958 516 fuisse
986 458 1352 515 ethnicorum
1384 459 1623 516 oracula
1643 460 1725 516 sic
1753 463 1998 516 eventus
2029 475 2159 533 pro-

506 549 684 620 bavit,
717 553 784 605 ut
805 548 864 604 id
895 547 1160 607 Caecilius
1191 565 1307 604 non
1343 549 1598 622 potuerit
1627 549 1894 605 inticiari.

2267 461 2636 516 continenter
2664 459 2878 531 adjecit
2907 475 2920 514 :
2955 458 3034 515 De
3066 458 3287 530 Pyrrho
3313 481 3340 508 ‹‹
3370 459 3568 517 Ennius
3601 463 3831 536 Apollinis

2269 548 2422 603 6'0
2452 547 2640 620 Pythii
2675 563 2955 619 responsa
2986 545 3286 617 conﬁnxit,
3345 564 3468 604 cum
3513 550 3625 619 jam
3675 555 3832 626 Apollo

578 658 665 714 Ad
697 656 855 713 aliud
887 656 1086 729 itaque
1115 655 1380 730 confugit
1419 656 1948 729 propugnaculum,
2009 655 2163 711 unde
2268 651 2474 730 versus
2498 636 3036 730 fssersfiesiisset»
3057 640 3189 730 (αξιξίε
3205 635 3835 730 ρνοςξλιάιξδῖοάθευωριι

513 750 714 805 contra
744 724 1213 802 Christianorum
1248 724 1502 817 impetus
1528 724 1673 802 deos
1691 763 1829 802 suos
1847 760 2165 816 eorumque
2272 729 2412 817 sum}
2440 742 2508 781 ex
2539 725 2631 817 hi?
2661 724 3176 817 Ciccrgnisﬂsrlgis
3202 741 3215 780 ³
3258 746 3284 772 “
3315 725 3642 817 ῌθνοάφξυω
3681 747 3739 784 an
3778 750 3841 789 V9-

514 836 959 910 superstitiosos
991 835 1184 891 cultus
1214 834 1442 891 felicius
1471 852 1534 892 se
1574 835 1953 891 defensurum
2010 833 2166 891 arbi-

2267 813 2560 870 raciorem
2592 815 2800 870 ducam
2835 812 3063 870 Ennio?
3092 813 3237 868 Nam
3271 812 3459 868 minus
3499 814 3586 870 ille
3613 820 3767 886 potuit
3789 822 3840 877 de

511 902 724 983 tratur.
757 925 934 998 Urget
961 940 1098 997 ergo
1129 941 1430 996 responsa,
1466 941 1593 997 quae
1622 928 1782 980 vates
1823 925 1882 979 in
1931 921 2169 994 templis
2277 905 2490 970 croeso:
2513 919 2703 998 9an
2828 902 3045 998 ΡΥΓῘῙΨ
3071 903 3286 973 ﬁngam
3313 902 3565 998 EDPiUfJ?
3590 906 3710 970 Οιιὶε
3727 909 3845 965 enim

522 1016 763 1074 reddere
793 990 1081 1071 sovleban‘t.
1113 990 1425 1070 Contendit
1451 990 1607 1070 enim
1637 1012 1772 1070 illos
1830 1014 1892 1069 in
1959 990 2169 1070 iisdem

2305 997 2392 1060 2st,
2426 993 2527 1064 qui
2554 993 2752 1048 credat
2780 991 3070 1065 Apollinis
3098 1008 3166 1046 ex
3215 990 3442 1047 oraculo
3494 992 3595 1049 hoc
3636 1010 3742 1052 esse
3780 1014 3848 1054 re-

527 1104 654 1163 suis
683 1103 922 1176 templis
953 1103 1053 1159 ubi
1085 1103 1224 1160 deos
1246 1103 1510 1158 habitare
1531 1103 1942 1175 opinabantur,
1976 1101 2172 1158 divino
2283 1098 2566 1156 δροοευω
2593 1097 2609 1140 τ

519 1210 724 1251 eorum
759 1193 956 1249 afﬂatu
989 1210 1054 1249 ac
1087 1192 1328 1249 numine
1357 1191 1564 1264 plenos
1604 1193 1798 1249 futura
1836 1191 2177 1266 praedixisse

525 1301 592 1340 ac
621 1283 854 1339 dedisse
884 1282 1170 1338 cautelam
1222 1280 1522 1354 periculis,
1583 1282 1804 1338 morbis
1864 1280 2176 1349 medelam,

2499 1187 2596 1238 Aio
2625 1191 2694 1247 te,
2725 1187 2956 1247 Eacida,
2987 1187 3257 1237 Romanos
3283 1188 3488 1238 vincere
3516 1201 3676 1251 posse.

2359 1295 2618 1352 Primum
2679 1295 2858 1352 latine
2908 1311 3213 1367 nunquam
3263 1294 3465 1367 Apollo
3529 1294 3732 1353 locutus
3776 1304 3856 1355 est.

521 1389 690 1447 spem
722 1372 1044 1441 afflictis,et
1073 1371 1203 1428 aliis
1227 1369 1500 1426 solatium
1526 1374 1628 1427 aut
1651 1369 2174 1427 levamen.Verum
2289 1385 2507 1442 Deinde
2540 1385 2652 1440 ista
2711 1401 2838 1440 εοτε
2892 1383 3161 1440 inaudita
3214 1384 3426 1439 Grecis
3481 1389 3584 1440 est.
3641 1385 3859 1443 Ρτείθηα

531 1464 828 1535 quomodo
851 1462 930 1517 dii
961 1461 1045 1517 illi
1077 1461 1197 1516 hac
1228 1464 1503 1532 praestare
1530 1461 2044 1534 potuissent,quos
2073 1459 2180 1514 Mi-

535 1552 746 1607 nucius
769 1550 938 1622 plane
969 1549 1208 1606 ﬁctitios
1242 1548 1557 1622 nullosque
1583 1564 1711 1606 esse
1743 1565 2025 1622 perquam
2062 1547 2184 1604 evi-

536 1641 879 1697 dentissime
910 1638 1448 1695 demonstraverat?

2292 1473 2498 1547 Pyrehi
2529 1475 2893 1545 temporibus
2917 1475 3043 1544 jam
3075 1472 3280 1546 Apollo
3311 1490 3508 1530 versus
3530 1474 3693 1530 facere
3718 1476 3862 1532 desis.

2293 1568 2404 1619 rat.
2437 1567 2761 1631 Postremo,
2797 1579 3136 1636 quanquam
3190 1577 3423 1635 semper
3477 1562 3597 1630 fuit,
3650 1567 3704 1619 ut
3748 1565 3861 1636 apud

2296 1653 2546 1710 Ennium
2580 1656 2688 1721 est,
2723 1653 2999 1709 stolidum
3029 1653 3400 1708 ZEacidarum
3457 1669 3685 1723 genus...
3719 1657 3863 1710 tamen

603 1730 685 1786 Ne
716 1735 910 1784 tamen
945 1728 1186 1801 petitam
1219 1745 1287 1784 ex
1316 1727 1632 1797 vaticiniis,
1665 1726 1921 1797 illorum,
1947 1727 2032 1783 uti
2081 1744 2186 1800 pu-

2305 1744 2448 1799 hanc
2478 1741 2976 1815 amphibologiam
3008 1759 3215 1798 versus
3277 1740 3590 1814 intelligere
3625 1742 3863 1814 potuisset,

531 1820 738 1876 tabant
779 1818 1017 1884 ethnici,
1074 1818 1279 1874 afﬂatu
1339 1817 1534 1889 editis,
1592 1815 2184 1889 argumentationem,

532 1908 800 1982 quamvis
824 1909 950 1979 jam
983 1922 1268 1977 eversam,
1303 1905 1581 1962 declinari
1610 1905 1874 1962 Ciscilius
1914 1923 2186 1962 causare-

535 2002 652 2065 tur,
685 1997 855 2070 plura
884 1996 1100 2052 idcirco
1131 1999 1308 2068 atque
1339 1995 1660 2052 celebriora
1679 2001 1882 2051 vatum
1906 2011 2190 2068 responsa

539 2086 881 2160 singillatim
916 2086 1202 2152 confutet,
1237 2100 1304 2140 ac
1334 2083 1682 2140 Christianis
1737 2100 2040 2157 perperam
2097 2085 2193 2140 ob-

535 2177 641 2250 jici
672 2175 969 2231 ostendit:
1005 2197 1034 2225 «
1067 2173 1201 2240 Quae
1227 2189 1382 2242 vero,
1429 2177 1486 2229 et
1537 2177 1757 2246 quanta
1814 2173 1884 2229 de
1939 2173 2192 2230 oraculis

544 2281 869 2339 prosequar
888 2263 916 2318 ‘?
944 2267 1082 2319 Post
1117 2266 1366 2319 mortem
1394 2261 1786 2335 Amphiaraus
1818 2267 2063 2318 ventura
2103 2277 2190 2317 re-

538 2353 797 2425 spondit,
835 2351 934 2424 qui
966 2352 1265 2424 proditum
1297 2351 1366 2406 iri
1398 2368 1460 2407 se
1489 2352 1562 2408 ob
1621 2350 1840 2407 monile
1893 2351 1966 2407 ab
2015 2365 2193 2406 uxore

542 2441 809 2498 nescivit.
845 2463 872 2490 υ
903 2440 1188 2514 Eriphylae
1255 2457 1470 2497 nomen
1529 2439 1665 2496 huic
1697 2441 1806 2497 fuit
1853 2439 2195 2514 Amphiarai

539 2530 726 2602 uxori,
753 2532 822 2586 de
854 2546 972 2602 qua
1000 2529 1196 2586 Cicero
1235 2547 1249 2586 :
1297 2553 1325 2580 «
1358 2529 1694 2603 Eriphylam
1746 2530 2076 2602 accepimus
2133 2528 2194 2583 in

545 2618 764 2677 fabulis
796 2637 862 2675 ea
892 2619 1230 2691 cupiditate,
1261 2622 1327 2674 ut
1379 2634 1514 2674 eum
1567 2617 1808 2674 vidisset
1861 2618 2098 2686 monile,
2130 2621 2197 2672 ut

550 2708 779 2782 opinor,
812 2725 880 2763 ex
908 2725 1051 2763 auro
1081 2713 1138 2764 et
1169 2708 1442 2782 gemmis,
1475 2728 1504 2758 ››
1535 2725 1568 2763 a
1597 2707 1869 2780 Polynice
1909 2707 2196 2776 oblatum,

552 2820 584 2850 «ι
610 2796 1049 2871 pulchritudine
1077 2798 1206 2868 ejus
1235 2797 1498 2865 incensa,
1527 2797 1778 2854 salutem
1835 2797 1946 2853 viri
1991 2796 2197 2870 prode-

549 2891 656 2943 ret.
703 2908 731 2937 »
759 2886 966 2958 (Cicer.
997 2885 1100 2942 lib.
1130 2902 1210 2952 ix,
1241 2888 1302 2942 in
1337 2887 1572 2954 Verrem,
1605 2902 1738 2958 pag.
1775 2887 1898 2954 167,
1956 2885 2060 2941 lin.
2119 2885 2198 2957 3.)

554 2977 673 3034 Sed
707 2977 778 3032 de
808 2975 1164 3047 Amphiarao
1191 2977 1315 3046 jam
1347 2975 1775 3046 disputavimus
1803 2973 2033 3046 (Tom.I
2086 2974 2196 3043 Ap-

552 3073 731 3138 parat.
765 3063 866 3120 lib.
898 3079 984 3131 ni,
1014 3063 1246 3120 dissert.
1277 3064 1333 3132 2,
1365 3081 1493 3137 cap.
1516 3065 1605 3132 20,
1639 3068 1747 3120 art.
1775 3067 1829 3135 2,
1853 3079 1984 3136 pag.
2015 3063 2196 3135 1117).

545 3153 748 3210 Citatis
776 3169 946 3225 porro
977 3152 1057 3208 ibi
1091 3151 1478 3225 scriptoribus
1504 3153 1897 3225 adjungemus
1918 3153 2194 3225 Hierony-

547 3258 736 3313 mum,
770 3242 870 3314 qui
901 3241 1196 3298 Ciceronis
1234 3241 1592 3313 Minuciique
1623 3241 1808 3298 nostri
1847 3241 2195 3298 sententiam

545 3331 633 3388 sic
662 3332 1039 3403 comprobat:
1075 3352 1103 3380 «
1137 3329 1407 3404 Eriphyla
1432 3330 1645 3386 dicitur
1675 3330 2001 3404 prodidisse
2057 3335 2196 3385 Am-

547 3421 882 3494 phiaraum,
915 3424 972 3475 et
1011 3417 1187 3475 saluti
1243 3419 1352 3474 viri
1411 3418 1628 3475 monile
1683 3435 1924 3475 aureum
1984 3422 2195 3491 praetu-

548 3509 714 3565 lisse.
748 3529 774 3560 ι
815 3508 1198 3582 (Hieronym.,
1228 3507 1331 3564 lib.
1365 3526 1381 3564 ι
1413 3508 1500 3564 ad.
1533 3509 1812 3565 Jovim’an.
1873 3509 2010 3566 circ.
2070 3509 2198 3580 lin.)

552 3599 699 3654 Vide
732 3599 944 3664 adhuc,
979 3598 1026 3654 si
1059 3597 1276 3654 lubeat.
1310 3614 1370 3652 in
1402 3597 1592 3670 Odyss.
1630 3597 1857 3654 Homeri
1906 3597 2008 3654 lib.
2031 3615 2112 3667 xx,
2143 3614 2196 3656 ν.

545 3687 652 3742 325
681 3686 904 3743 scholia
942 3711 957 3755 ;
989 3690 1046 3742 et
1075 3687 1133 3741 in
1180 3686 1401 3760 Virgilii
1432 3686 1534 3742 lib.
1563 3701 1620 3742 vr
1645 3687 1860 3744 xEneid.
1883 3705 1939 3742 v.
1973 3688 2039 3744 44
2069 3688 2198 3744 Ser-

545 3777 622 3834 vii
653 3775 1082 3832 annotationes.

617 3882 835 3939 Deinde
865 3898 998 3938 vero
1023 3905 1050 3933 «
1074 3881 1352 3952 Tiresias,
1381 3901 1410 3935 ι
1456 3881 1538 3938 ait
1575 3885 1778 3939 auctor
1799 3886 2016 3951 noster,
2041 3905 2069 3932 ‹‹
2099 3899 2199 3938 cae-

555 3989 664 4030 cus
709 3971 910 4028 futura
941 3971 1195 4040 videbat,
1230 3971 1332 4044 qui
1379 3971 1688 4044 praesentia
1731 3988 1846 4028 non
1885 3972 2132 4028 videbat.
2170 3994 2200 4022 »

545 4061 714 4118 Prius
738 4065 933 4117 autem
947 4061 1165 4130 Cicero,
1182 4077 1250 4117 ex
1271 4077 1386 4132 quo
1411 4077 1522 4117 sua
1542 4059 1638 4116 ille
1659 4060 1889 4117 videtur
1909 4061 2199 4118 delibasse

543 4150 757 4206 diserto
790 4151 1084 4206 afﬁrmat:
1122 4172 1150 4200 «
1179 4152 1477 4222 Augurem
1527 4149 1830 4220 Tiresiam,
1885 4167 2060 4222 quem
2105 4168 2196 4207 sa-

543 4241 799 4314 pientem
837 4241 1065 4312 lingunt
1100 4244 1302 4312 poetae,
1332 4256 1638 4312 nunquam
1669 4239 1958 4296 inducunt
2007 4240 2201 4312 deplo-

542 4334 764 4386 rantem
798 4329 1112 4384 caecitatem
1147 4345 1336 4385 suam.
1370 4347 1398 4380 ιι
1471 4329 1608 4401 (Cic.
1669 4329 1771 4386 lib.
1831 4345 1885 4384 v.
1949 4330 2195 4401 Tuscul.,

543 4435 672 4490 pag.
710 4419 831 4484 194,
865 4418 969 4473 lin.
1003 4418 1116 4490 17.)
1137 4417 1442 4475 Poetarum
1475 4423 1672 4475 autem
1703 4419 1940 4476 nomine
1971 4419 2022 4476 si
2051 4438 2196 4490 grac-

2294 1832 2523 1889 vincere
2557 1835 2611 1887 te
2641 1832 2957 1899 Romanos,
2991 1830 3176 1887 nihilo
3236 1831 3427 1902 magis
3459 1830 3516 1884 in
3559 1847 3634 1898 se,
3655 1847 3796 1903 quam
3824 1833 3865 1886 in

2299 1922 2594 1977 Romanos
2614 1919 2871 1976 valere...
2891 1921 2998 1976 Sed
3023 1920 3177 1992 quod
3199 1923 3380 1992 caput
3400 1923 3506 1986 est,
3522 1936 3617 1974 cur
3635 1919 3727 1975 isto
3745 1920 3866 1975 modo

2297 2010 2425 2082 jam
2458 2009 2694 2066 oracula
2717 2009 2952 2082 Delphis
2975 2026 3090 2066 non
3113 2010 3397 2077 eduntur,
3418 2025 3526 2064 non
3551 2009 3701 2064 modo
3725 2013 3870 2064 nostra

2300 2103 2488 2165 (etate,
2513 2099 2613 2154 sed
2625 2099 2751 2169 jam
2771 2099 2873 2154 diu
2893 2098 2921 2153 ?
2933 2099 3059 2170 jam
3083 2102 3148 2153 ut
3171 2097 3325 2154 nihil
3348 2096 3531 2170 possit
3551 2114 3663 2154 esse
3681 2102 3869 2152 contem-

2300 2186 2480 2261 ptius.
2517 2209 2544 2237 »
2579 2186 2781 2257 (Cicer.
2816 2187 2918 2243 lib.
2953 2204 2993 2243 ιι
3023 2188 3093 2244 de
3123 2189 3346 2254 Dicim,
3379 2203 3507 2260 pag.
3538 2187 3651 2254 296,
3681 2185 3763 2240 lin.
3787 2186 3868 2255 21.)

2347 2276 2629 2350 Intelligis
2644 2293 2784 2333 sane
2798 2282 3088 2350 quantum
3104 2277 3360 2334 deducta
3374 2293 3442 2333 ex
3454 2275 3773 2332 ethnicorum
3783 2291 3871 2330 ora-

2302 2365 2452 2422 culis
2477 2367 2537 2421 in
2567 2365 2805 2422 illorum
2836 2366 3134 2439 religionis
3156 2367 3410 2439 gratiam
3430 2363 3804 2438 argumentatio
3820 2362 3868 2419 ab

2300 2455 2554 2528 ipsomet
2581 2455 2852 2512 Cicerone
2870 2456 3218 2513 inﬁrmetur.
3244 2461 3315 2512 Et
3345 2460 3492 2513 certe
3539 2459 3718 2527 praeter
3741 2453 3868 2508 ratio-

2306 2562 2411 2602 nes
2444 2545 2515 2601 ab
2546 2562 2612 2602 eo
2642 2545 2870 2616 allatas,
2926 2545 3087 2602 solus
3146 2545 3248 2603 ille
3308 2546 3655 2602 oraculorum
3704 2546 3807 2597 ante
3828 2545 3867 2595 et

2307 2633 2492 2689 multo
2533 2637 2722 2707 magis
2753 2639 2881 2704 post
2911 2634 3170 2691 Oratoris
3201 2639 3435 2691 aetatem
3468 2634 3717 2700 defectus,
3745 2635 3869 2702 atque

2305 2739 2508 2780 eorum
2541 2723 2998 2796 amphibologia,
3031 2724 3348 2780 manifeste
3405 2725 3732 2779 demonstrat
3769 2715 3871 2774 nihil

2305 2830 2375 2870 ex
2403 2811 2520 2868 illis
2579 2813 2638 2868 in
2695 2813 3063 2869 ethnicorum
3118 2813 3427 2886 religionis
3483 2811 3704 2886 gratiam
3751 2821 3874 2880 posse

2308 2902 2534 2959 confici.
2567 2903 2737 2958 Recte
2759 2902 2940 2975 igitur
2968 2902 3102 2958 inde
3128 2909 3340 2958 contra
3381 2901 3654 2958 Caecilium
3682 2897 3874 2966 aliosque

2307 2991 2572 3048 ethnicos
2603 3009 2716 3048 non
2752 2991 2943 3048 solum
2971 2992 3290 3062 Minucius,
3323 2993 3422 3048 sed
3453 2990 3545 3047 alii
3598 2989 3747 3045 etiam
3776 2983 3875 3041 anti-
3974 3027 3975 3036 λ

2310 3081 2582 3154 quissimi
2617 3080 2800 3136 nostri
2861 3080 3178 3153 scriptores
3237 3079 3617 3154 argumentati
3663 3078 3788 3142 sunt,
3818 3070 3874 3126 uti

2308 3169 2448 3226 alibi
2480 3171 2882 3244 patefecimus.
2909 3169 3156 3226 Consule
3216 3171 3434 3234 adhuc,
3470 3169 3515 3224 si
3562 3167 3720 3230 lubet,
3751 3167 3873 3232 atque

2312 3263 2550 3327 attente,
2586 3259 2634 3315 si
2663 3263 2850 3328 vacat,
2897 3259 3020 3332 lege
3069 3277 3196 3332 quis
3261 3259 3541 3316 Eusebius
3586 3257 3650 3311 de
3689 3249 3873 3309 oraculis
3972 3331 3973 3336 η

2313 3365 2632 3420 eorumque
2657 3347 3095 3421 amphibologia
3115 3366 3181 3405 ex
3208 3349 3481 3422 ipsismet
3499 3343 3719 3403 ethnicis
3743 3339 3872 3408 scrip-
3972 3363 3973 3374 ι

2309 3438 2538 3494 toribus
2571 3436 2770 3493 retulit
2800 3438 2990 3508 (Tom.
3025 3443 3048 3492 1
3078 3438 3380 3510 Apparat.,
3412 3453 3540 3510 pag.
3568 3435 3696 3498 770;
3723 3425 3874 3485 Euseb.

2307 3525 2408 3582 lib.
2439 3543 2477 3580 v
2506 3528 2755 3598 Przpar.
2790 3527 3022 3597 Evang.,
3054 3543 3180 3599 cap.
3244 3527 3334 3596 18,
3387 3527 3471 3593 19,
3527 3529 3579 3580 et
3607 3536 3720 3595 pag.
3745 3513 3876 3571 20861

2305 3631 2494 3690 :eqq.;
2526 3615 2627 3671 lib.
2657 3632 2736 3686 vx,
2771 3632 2896 3688 cap.
2929 3617 3037 3670 256
3068 3620 3122 3671 et
3149 3620 3358 3689 seqq.).

2378 3679 2572 3761 linum
2605 3705 2696 3761 his
2717 3679 2970 3776 adjicere
2992 3705 3161 3761 nobis
3191 3679 3388 3776 liceat,
3413 3722 3479 3761 ex
3507 3701 3690 3759 eodem
3737 3693 3875 3783 adhuc

2313 3792 2582 3850 Cicerone
2614 3794 2886 3866 decerpta
2918 3793 3118 3864 fuisse,
3148 3811 3282 3867 quas
3315 3793 3585 3850 continuo
3613 3785 3734 3844 dixit
3749 3781 3880 3838 Minu-

2307 3883 2434 3940 cius
2458 3899 2471 3939 :
2503 3905 2531 3935 «
2547 3883 2966 3940 Demosthenes
2988 3885 3142 3955 quod
3173 3884 3349 3940 sciret
3372 3896 3639 3954 responsa
3654 3871 3876 3932 simulata,

2307 3970 2650 4054 φιλιππίζειν
2679 3972 2944 4046 Pythiam
2977 3974 3357 4045 querebatur.
3394 3995 3421 4023 »
3468 3968 3627 4042 Apud
3675 3961 3878 4054 Latinum

2313 4052 2606 4120 enimvero
2661 4067 2946 4118 oratorem
2999 4061 3210 4118 litteris
3278 4061 3615 4119 mandatum
3657 4052 3876 4126 legimus:

2317 4173 2343 4205 α
2377 4151 2794 4207 Demosthenes
2825 4151 3086 4224 quidem,
3133 4151 3235 4222 qui
3287 4151 3504 4207 abhinc
3550 4159 3715 4204 annos
3754 4148 3880 4224 Prop?
3968 4143 3969 4149 “

2307 4257 2412 4296 ccc
2441 4240 2570 4309 fuit,
2595 4241 2720 4312 jam
2750 4221 2874 4295 tum
2909 4221 3250 4316 φιλιππὶξειν
3306 4239 3569 4309 Pythiam
3612 4231 3814 4289 dicebat,
3842 4221 3879 4275 id

2305 4335 2413 4398 est,
2447 4332 2617 4402 quasi
2681 4346 2817 4385 cum
2876 4327 3146 4401 Philippo
3206 4329 3418 4384 facere.
3475 4327 3586 4382 Hoc
3641 4324 3796 4377 autem
3837 4325 3880 4365 eo

2311 4420 2637 4492 spectabat,
2671 4424 2734 4474 ut
2763 4435 2889 4475 eam
2925 4436 2958 4474 a
2991 4418 3262 4491 Philippo
3295 4419 3622 4488 corruptam
3657 4407 3841 4465 diceret.
3863 4420 3879 4443 υ

544 4522 645 4563 cos
667 4507 1123 4578 comprehendit,
1138 4511 1454 4564 Homerum
1476 4524 1678 4565 eorum
1698 4508 2021 4582 principem
2039 4509 2195 4566 haud
2227 4496 2274 4562 D
2304 4509 2508 4581 (Cicer.
2541 4508 2641 4563 lib.
2678 4525 2717 4566 II
2749 4512 2819 4564 de
2847 4509 3056 4580 Dicin,
3091 4524 3225 4580 pag.
3259 4508 3392 4574 296,
3413 4505 3514 4560 lin.
3547 4501 3650 4570 38.)
3670 4493 3788 4562 Ollid
3804 4504 3879 4582 ,δυ’

546 4595 722 4650 dubie
743 4595 1030 4667 designat,
1059 4596 1156 4668 qui
1186 4597 1424 4654 Tiresiae
1455 4599 1795 4667 caecitatem,
1822 4598 2012 4672 Odyss.
2050 4616 2106 4666 x,
2136 4617 2191 4668 v,

547 4685 671 4755 492,
695 4684 924 4740 cecinit.
949 4684 1136 4757 Hujus
1166 4686 1222 4741 in
1248 4689 1666 4744 commentario
1689 4689 1806 4744 duo
1826 4687 1986 4746 illius
2029 4689 2192 4745 caici-

546 4773 683 4830 tatis
713 4789 902 4829 causae
934 4775 1329 4846 proteruntur.
1361 4778 1619 4832 Tertiam
1650 4777 1889 4834 Ovidius
1920 4779 2193 4851 suppedi-

545 4865 651 4931 tat,
671 4862 828 4935 quia,
855 4881 989 4919 cum
1022 4864 1376 4920 sententiam
1407 4865 1480 4921 de
1509 4866 1777 4922 mulieris
1825 4868 2048 4940 virique
2097 4885 2194 4924 vo-

544 4952 770 5026 luptate
795 4959 998 5010 contra
1023 4952 1276 5010 Junonis
1325 4953 1659 5026 opinionem
1719 4955 1970 5026 tulisset,
2003 4957 2076 5013 ab
2127 4973 2195 5014 ea

545 5047 864 5099 excaecatus
895 5042 1111 5098 dicitur
1139 5041 1326 5114 (Ovid.
1386 5042 1488 5098 lib.
1557 5061 1620 5099 in
1667 5043 2018 5117 Metamorph.
2069 5049 2098 5115 §
2141 5048 2192 5114 4,

544 5148 674 5204 pag.
711 5133 814 5186 106
843 5135 892 5185 et
942 5131 1137 5203 seqq).
1185 5131 1465 5195 Quartam
1523 5131 1642 5198 alii,
1694 5133 1848 5204 quod
1905 5133 2193 5190 lavantem

541 5221 862 5276 Minervam
884 5219 1146 5274 vidisset.
1166 5222 1242 5273 De
1269 5217 1369 5274 illo
1395 5218 1535 5275 alibi
1559 5219 1948 5278 disseruimus
1969 5223 2154 5294 (Tom.
2174 5241 2193 5281 1

539 5310 800 5382 Apparet.
827 5307 929 5362 lib.
956 5325 1040 5379 HI,
1067 5306 1300 5364 dissert.
1324 5309 1380 5376 2,
1404 5325 1532 5382 cap.
1555 5311 1647 5378 20,
1667 5315 1774 5367 art.
1818 5313 1870 5379 4,
1917 5329 1972 5384 p.
2009 5313 2188 5385 1186).

535 5399 609 5454 At
638 5396 773 5452 hinc
801 5401 955 5452 certe
985 5396 1279 5470 intelliges
1306 5415 1420 5472 quo
1455 5400 1590 5471 jure
1648 5401 1940 5458 Minucius
1995 5407 2194 5460 noster

534 5486 705 5544 illum
739 5485 996 5559 irrideat,
1013 5487 1110 5561 qui
1136 5487 1500 5562 gloriabatur
1518 5491 1717 5549 futura
1737 5492 2072 5566 praevidere,
2089 5494 2190 5568 qui

531 5575 846 5653 praesentia
880 5594 998 5638 non
1026 5578 1276 5638 videbat.

2301 4579 2418 4655 tem
2443 4598 2514 4654 ad
2529 4579 3214 4670 explicandamjauCtoris
3240 4593 3431 4654 nostri
3451 4594 3690 4649 mentem
3705 4579 3879 4670 clarius:

2311 4691 2370 4745 et
2397 4687 2470 4744 ad
2501 4661 2850 4746 refellendos
2885 4661 3136 4761 gentiles
3162 4685 3420 4744 validius
3450 4675 3682 4757 proferri
3708 4661 3880 4748 potest?

2859 4830 3252 4889 ARTICULUS
3299 4829 3398 4885 Ill.

2303 4923 2640 4994 Proponitur
2671 4921 2888 4980 Caecilii
2913 4930 3333 4994 argumentum,
3353 4932 3458 4994 quo
3486 4911 3702 4994 probare

2371 4980 2442 5050 οἳ)
2472 4995 2730 5062 auspicia
2767 5002 2818 5050 et
2846 4980 3087 5063 aungia
3114 5011 3150 5048 a
3174 4980 3440 5063 Sulpicio,
3474 4980 3698 5046 Claudio,
3733 4980 3879 5063 1“va

2376 5057 2651 5122 Flaminio
2680 5074 2730 5122 et
2770 5057 2960 5122 Crasso
3007 5057 3328 5136 εοηιετηριὶι,
3384 5063 3725 5136 Romam???”
3754 5057 3878 5136 ⁸

3797 10 3976 210 ⁷⁵1

2372 5115 3149 5208 suis;gessissemus;
3160 5115 3338 5208 ιιῑρἆὲ
3365 5115 3499 5189 adeo
3535 5115 3877 5186 cessantibus.
3962 5181 3963 5186 η

2371 5223 2538 5266 c.2503
2565 5225 2633 5264 ac
2658 5211 3002 5282 pro/ligatos.

2372 5316 2558 5373 Instat
2588 5316 2780 5374 adhuc
2807 5315 3093 5385 Caecilius,
3114 5320 3171 5373 et
3200 5312 3541 5388 argumento
3569 5321 3632 5362 ex
3655 5289 3876 5388 auspiciis

2307 5409 2364 5462 et
2392 5406 2656 5478 auguriis
2687 5407 2934 5463 deducto
2967 5407 3107 5463 deos
3138 5385 3342 5476 reapse
3359 5399 3624 5458 exsistere
3644 5385 3877 5478 eridani“
3959 5411 3961 5478 ᾖ

2302 5469 2534 5567 probari
2567 5513 2738 5568 posse
2767 5487 3062 5569 opinatus,
3092 5469 3257 5552 illud-
3293 5489 3471 5548 variis
3524 5475 3768 5572 exempli?

2302 5600 2464 5643 mare
2492 5602 2559 5646 ac
2589 5585 2856 5645 stabilire
2881 5585 3159 5646 molitur:
3189 5606 3216 5638 «
3243 5578 3619 5655 Frequentius
3647 5593 3672 5624 »
3702 5569 3869 5626 etenim
