4088 6150
236 309 356 372 629

231 531 468 586 deorum
500 527 869 601 praesentiam
901 533 1234 603 contempta
1267 529 1528 601 auspicia
1561 530 1885 585 contestata

230 623 382 676 sunt.
413 617 507 673 Sic
538 620 685 673 6H
723 617 870 674 Allia
912 635 1124 675 nomen
1175 620 1520 674 infaustum.
1558 641 1584 668 ››
1618 618 1881 674 Celeber-

229 710 439 764 rimam
472 707 548 762 ibi
583 711 748 762 notat
788 707 1102 764 Alliensem
1136 708 1384 780 cladem,
1437 725 1554 779 qua
1587 709 1882 764 Romanus

228 797 536 864 exercitus,
570 797 660 852 cui
705 795 990 868 Sulpitius
1035 798 1310 854 tribunus
1355 796 1612 852 militum
1663 814 1880 869 prcepo-

227 887 372 944 situs
404 887 613 951 fuerat,
645 887 716 942 ad
763 885 972 941 Alliam
1021 892 1236 942 ﬂumen
1271 890 1326 942 et
1355 886 1608 958 lapidem
1644 887 1881 942 undeci-

228 993 409 1043 mum,
444 993 478 1030 a
522 974 724 1042 Gallis,
771 974 997 1031 Brenno
1037 977 1204 1046 duce,
1256 993 1439 1032 caesus
1488 976 1793 1046 fususque,
1827 977 1884 1030 et

227 1066 372 1123 Urbs
403 1067 479 1121 ab
514 1064 589 1120 iis
619 1068 788 1136 capta
818 1069 924 1120 est.
973 1065 1362 1129 Quamobrem
1409 1064 1561 1119 diem
1595 1063 1783 1133 illum,
1814 1064 1884 1118 de

228 1173 336 1229 quo
366 1159 568 1210 tamen
599 1170 714 1210 non
745 1170 860 1209 una
881 1152 1232 1226 scriptorum
1257 1153 1522 1208 omnium
1545 1157 1635 1210 est
1656 1157 1884 1208 senten-

225 1247 325 1309 tia,
383 1246 538 1299 inter
595 1243 904 1312 infaustos,
963 1248 1118 1298 atros
1176 1243 1552 1314 nefastosque
1608 1243 1884 1314 deinceps

225 1335 574 1390 habuerunt.
622 1333 690 1388 Et
736 1336 888 1388 certe
939 1332 1136 1387 Cicero
1185 1332 1255 1386 ad
1311 1333 1563 1386 Atticum
1609 1331 1880 1402 scripsit:

227 1445 254 1474 α
285 1423 536 1494 Majores
566 1421 751 1477 nostri
801 1421 1176 1476 funestiorem
1215 1421 1367 1476 diem
1413 1436 1542 1476 esse
1571 1420 1885 1477 voluerunt

225 1511 500 1569 Alliensis
531 1527 763 1584 pugnae,
796 1526 974 1582 quam
1006 1509 1177 1566 Urbis
1213 1514 1391 1582 captis
1418 1528 1432 1579 ;
1463 1510 1601 1582 quia
1630 1509 1738 1566 hoc
1767 1526 1888 1564 ma-

226 1603 348 1657 lum
379 1617 452 1657 ex
483 1599 616 1656 alio.
665 1598 842 1655 Plura
889 1599 991 1672 qui
1040 1599 1418 1666 desiderabit,
1463 1601 1632 1655 adeat
1661 1598 1885 1654 Livium

227 1690 448 1747 Decade
477 1690 528 1744 1.
557 1687 661 1744 lib.
706 1705 759 1756 v,
807 1703 939 1760 pag.
981 1689 1055 1742 85
1085 1693 1141 1742 et
1191 1705 1313 1758 seq.
1342 1705 1357 1755 ;
1385 1691 1442 1742 et
1488 1686 1590 1742 lib.
1644 1705 1721 1756 v1,
1754 1687 1883 1742 init.

229 1795 354 1879 pag.
386 1779 514 1879 92‘}.
535 1775 865 1879 Cornelium
915 1776 1182 1879 Tacitum
1231 1776 1467 1879 libznxv.
1509 1775 1717 1879 (lunai.
1750 1791 1882 1850 pag.
1920 1814 1967 1879 Β

234 1868 352 1938 193,
378 1872 434 1922 et
457 1867 558 1922 lib.
603 1884 644 1921 11
691 1867 832 1921 Hist.
884 1883 1009 1938 cap.
1056 1867 1200 1930 230;
1242 1865 1490 1921 Gellium
1522 1865 1625 1920 lib.
1671 1883 1725 1932 v,
1758 1883 1885 1938 cap.

232 1958 334 2024 l7;
385 1955 743 2011 Macrobium
792 1954 893 2010 lib.
927 1973 946 2010 1
993 1955 1280 2010 Saturnal.
1333 1971 1460 2027 cap.
1515 1955 1619 2023 l7;
1662 1954 1887 2010 Plutar-

230 2046 401 2102 chum
433 2049 576 2100 tom.
614 2045 660 2101 II
705 2045 762 2100 in
817 2045 934 2100 Vita
982 2044 1222 2114 Camilli,
1267 2060 1396 2116 pag.
1445 2044 1568 2112 137,
1601 2048 1657 2099 et
1686 2049 1804 2099 tom
1838 2043 1887 2099 II

233 2136 425 2204 Quzst.
461 2137 611 2190 Rom.
648 2149 780 2206 pag.
812 2132 939 2188 269.

294 2223 418 2280 Alia
439 2223 652 2279 deinde
677 2223 909 2278 funesta
930 2226 1260 2295 spretorum
1291 2221 1689 2294 auspiciorum
1713 2227 1889 2294 atque

231 2314 606 2386 auguriorum
638 2312 903 2384 exempla
951 2312 1219 2384 proponit
1269 2318 1552 2384 urgetque
1580 2311 1877 2368 Caecilius:

233 2424 260 2451 «ι
290 2401 512 2458 Claudii
541 2406 597 2456 et
625 2401 787 2457 Junii
838 2417 953 2457 non
1001 2400 1266 2472 praelium
1298 2401 1358 2454 in
1408 2404 1638 2468 Poenos,
1670 2401 1770 2455 sed
1805 2401 1884 2458 le-

233 2492 346 2546 rale
375 2489 750 2562 naufragium
782 2494 910 2545 est:
948 2494 1006 2545 et
1034 2495 1100 2544 ut
1129 2490 1566 2561 Thrasymenus
1598 2489 1887 2545 Romano-

236 2596 356 2635 rum
390 2578 676 2651 sanguine
727 2578 916 2648 major
963 2583 1118 2632 esset
1164 2583 1219 2632 et
1250 2578 1499 2645 decolor,
1539 2578 1756 2649 sprevit
1783 2595 1885 2633 au-

241 2669 394 2741 guria
424 2667 765 2724 Flaminius.
803 2689 830 2716 »
854 2667 985 2731 Quae
1015 2667 1250 2737 quidem
1277 2667 1475 2722 omnia
1495 2669 1691 2723 Cicero
1714 2667 1886 2738 paulo

243 2757 570 2830 explicatius
629 2773 695 2811 ac
761 2755 1097 2826 dilucidius,
1159 2756 1257 2810 ubi
1318 2755 1567 2811 Ballium
1625 2755 1886 2812 Stoicum

243 2847 454 2916 eodem,
484 2863 549 2902 ac
579 2845 864 2910 Caecilius,
910 2845 1082 2900 modo
1131 2861 1234 2916 pro
1266 2843 1376 2900 diis
1427 2845 1550 2900 suis
1582 2846 1886 2918 disputan-

241 2940 351 2991 tem
375 2934 727 2992 introducit:
761 2955 789 2984 «
821 2934 975 2989 Nihil
1026 2950 1132 2989 nos
1175 2938 1238 2988 P.
1290 2933 1538 3000 Claudii,
1591 2934 1742 2990 bello
1775 2938 1888 2989 Pu-

245 3024 364 3081 nico
386 3025 594 3096 primo,
617 3025 917 3080 temeritas
941 3023 1213 3091 movebit,
1244 3023 1343 3094 qui
1371 3024 1547 3079 etiam
1571 3023 1888 3095 perjocum

241 3113 372 3168 deos
401 3113 672 3182 irridens,
707 3129 839 3168 cum
881 3128 1054 3168 cavea
1085 3111 1311 3168 liberati
1363 3111 1504 3184 pulli
1539 3129 1651 3168 non
1685 3129 1886 3185 pasce-

242 3207 450 3268 rentur,
483 3203 667 3274 mergi
691 3217 788 3257 eos
814 3201 872 3255 in
901 3201 1334 3273 aquamjussit,
1367 3205 1430 3256 ut
1459 3201 1724 3257 biberent
1746 3217 1884 3273 quo-
1916 3189 1959 3256 C

242 3291 390 3347 niam
419 3308 545 3347 esse
594 3289 838 3346 nollent.
885 3289 991 3354 Qui
1022 3294 1199 3361 risus,
1249 3288 1436 3348 classe
1480 3291 1706 3347 devicta
1737 3291 1886 3346 mul-

241 3383 327 3435 tas
352 3380 457 3453 ipsi
481 3381 790 3454 lacrymas,
817 3397 1093 3452 magnam
1128 3379 1342 3452 populo
1371 3381 1630 3436 Romano
1662 3381 1884 3435 cladem

243 3470 436 3524 attulit.
461 3471 605 3534 Quid
629 3469 847 3542 collega
861 3471 987 3541 ejus
1008 3470 1224 3525 Junius
1247 3470 1450 3526 eodem
1465 3469 1616 3526 bello
1640 3469 1665 3524 '?
1687 3469 1889 3525 Nonne

242 3562 570 3631 tempestate
603 3558 852 3615 classem
886 3559 1104 3625 amisit,
1141 3575 1274 3614 cum
1322 3559 1600 3630 auspiciis
1635 3575 1746 3613 non
1784 3573 1886 3630 pa~

243 3648 488 3704 ruisset?
520 3650 721 3721 Itaque
751 3648 811 3703 P.
845 3647 1143 3704 Claudiusi
1164 3665 1196 3702 a
1217 3647 1430 3719 populo
1463 3648 1890 3703 condemnatus

240 3741 357 3804 est;
386 3737 598 3793 Junius
648 3755 845 3793 necem
890 3737 1016 3809 ipse
1067 3737 1179 3792 sibi
1230 3737 1529 3792 conscivit.
1571 3738 1632 3793 C.
1679 3735 1889 3791 Flami-

239 3826 394 3883 nium
430 3827 712 3895 Cazcilius,
761 3826 1039 3898 religione
1089 3826 1372 3898 neglecta,
1419 3826 1696 3881 cecidisse
1735 3825 1889 3897 apud

237 3914 696 3988 Thrasymenum
726 3916 951 3985 scribit,
984 3931 1118 3970 cum
1153 3931 1366 3988 magno
1402 3913 1733 3986 reipublicae
1766 3913 1890 3970 vul-

237 4021 386 4061 nere.
411 4008 669 4074 Quorum
703 4005 875 4060 exitio
905 4004 1149 4078 intelligi
1177 4008 1367 4077 potest
1395 4021 1597 4060 eorum
1626 4003 1890 4076 imperiis

235 4095 654 4167 rempublicam
676 4093 1116 4166 amplificatam,
1143 4093 1242 4166 qui
1266 4093 1647 4165 religionibus
1670 4093 1894 4165 paruis-

233 4188 378 4239 sent.
408 4204 434 4236 ι
467 4184 670 4253 (Cicer.
721 4183 825 4240 lib.
861 4200 901 4239 11
957 4182 1021 4240 de
1067 4184 1191 4241 Nat.
1243 4181 1390 4239 deor.
1452 4197 1584 4254 pag.
1635 4183 1759 4251 214,
1788 4181 1888 4237 lib.

236 4272 346 4344 43.)
375 4273 648 4346 Nunquid
682 4287 816 4330 vero
847 4272 1063 4328 auditis
1093 4271 1184 4328 his
1231 4270 1384 4328 Tulli
1432 4272 1644 4338 verbis,
1678 4273 1892 4344 quibus

236 4362 429 4418 omnia
457 4381 489 4419 a
513 4362 744 4419 Caecilio
775 4362 930 4418 dicta
978 4361 1156 4418 simul
1206 4360 1602 4431 continentur,
1650 4363 1699 4417 ei
1733 4378 1891 4432 pror-

239 4465 347 4506 sus
392 4451 789 4526 refragaberis,
850 4451 947 4523 qui
997 4451 1066 4506 ad
1127 4450 1228 4505 illa
1282 4451 1554 4507 eumdem
1603 4450 1890 4507 Caecilium

243 4543 551 4612 respexisse
584 4540 986 4614 suspicabitur
1005 4539 1034 4595 ?
1055 4539 1216 4604 Quod
1245 4539 1293 4596 si
1320 4543 1516 4597 tamen
1547 4556 1891 4611 persuasum
1927 4560 1971 4625 Β

242 4627 450 4688 habeas
499 4647 635 4688 eum
694 4631 762 4686 ad
821 4629 936 4686 alia
993 4633 1289 4702 spectasse
1345 4629 1609 4700 ejusdem
1667 4629 1890 4685 Cicero-

244 4719 332 4774 nis
364 4719 503 4790 loca,
557 4720 658 4776 ubi
710 4736 917 4776 rursus
964 4721 1034 4775 de
1081 4718 1270 4774 tribus
1318 4718 1436 4775 illis
1488 4719 1758 4787 ducibus,
1790 4718 1890 4774 sed

244 4805 468 4865 brevius
521 4809 739 4877 retulit,
799 4807 889 4865 vel
947 4808 1047 4864 ubi
1127 4823 1391 4864 seorsum
1466 4809 1536 4863 de
1607 4807 1780 4864 Junio
1835 4810 1893 4863 et

244 4894 492 4966 Claudio,
524 4902 583 4954 et
612 4898 752 4954 alibi
785 4897 855 4953 de
889 4896 1173 4952 Flaminio
1204 4897 1408 4952 eadem
1439 4896 1734 4968 copiosius
1765 4913 1893 4952 nar-

243 4987 420 5054 ravit;
451 4987 554 5042 tibi
588 5003 702 5043 non
735 4986 974 5042 omnino
997 4984 1459 5057 repugnabimus
1492 4986 1692 5058 (Idem,
1725 4985 1825 5041 lib.
1851 5001 1891 5040 ιι

244 5075 585 5142 deDivinat.,
636 5092 769 5149 pag.
821 5075 919 5130 281
959 5078 1016 5130 et
1060 5074 1188 5141 289,
1240 5091 1304 5129 ac
1349 5073 1450 5129 lib.
1505 5092 1542 5142 1,
1580 5090 1710 5147 pag.
1743 5074 1890 5146 268).

247 5159 321 5218 De
362 5164 472 5222 illis
518 5171 715 5222 autem
764 5168 946 5237 agunt
995 5179 1228 5234 quoque
1276 5162 1541 5220 Valerius
1582 5163 1894 5233 Maximus,

250 5255 727 5322 quemadmodum
780 5255 851 5309 de
911 5251 1194 5308 Flaminio
1254 5251 1470 5317 Livius,
1523 5251 1896 5324 Plutarchus,

252 5341 462 5413 Florus,
495 5352 670 5418 atque
701 5344 760 5398 in
812 5341 1016 5416 primis
1067 5341 1326 5413 Ovidius,
1361 5341 1460 5413 qui
1505 5341 1654 5400 hanc
1684 5343 1743 5398 in
1777 5360 1896 5400 rem

259 5446 510 5506 expresse
541 5433 751 5490 cecinit
781 5451 792 5488 :

341 5542 457 5592 Sint
485 5543 579 5592 tibi
607 5541 892 5589 Flaminius
920 5539 1385 5602 'l'hrasymeuaque
1419 5540 1595 5591 littora
1635 5546 1818 5602 testes,

401 5605 496 5656 Per
522 5604 766 5655 volucres
799 5616 983 5666 tequos
1015 5601 1179 5666 multa
1213 5601 1426 5652 monere
1458 5604 1588 5654 deos

712 5663 902 5730 (Ovidi,
936 5664 973 5716 ι.
1003 5677 1056 5714 vx
1088 5663 1228 5715 Fest.
1258 5680 1311 5728 p.
1345 5669 1474 5732 685.)

1665 307 2209 370 DISSERTATIO.

234 439 722 513 quemadmodum
755 438 856 496 ille
900 439 1188 513 loquitur,
1226 461 1253 492 ‹‹
1302 455 1480 512 quam
1518 438 1881 506 volebamus,
1912 441 1965 508 Α

3528 303 3648 366 630

2065 443 2173 498 Sed
2207 443 2278 498 de
2306 441 2414 498 hac
2457 441 2698 499 historia
2746 441 2937 498 adhuc
2965 440 3025 497 in
3075 437 3340 513 sequenti
3372 437 3650 497 disserta-

1993 531 2148 587 tione
2177 531 2399 605 aliquid
2433 532 2601 588 nobis
2633 532 2966 588 dicendum.

2062 623 2363 676 Postremo
2391 621 2689 676 Caecilius:
2726 644 2753 670 «
2783 621 2852 675 Et
2872 625 2935 675 ut
2967 619 3210 675 Parthos
3233 618 3400 690 signa
3430 622 3651 690 repeta-

1993 726 2148 775 mus,
2183 711 2442 766 dirarum
2496 709 2941 781 imprecationes
2971 710 3216 764 Crassus
3264 713 3322 764 et
3353 708 3564 763 meruit
3593 712 3651 764 et

1992 799 2146 856 612
2182 799 2378 854 irrisit.
2415 822 2436 850 ι
2473 798 2612 862 Quis
2639 799 2848 854 horum
2878 798 3186 854 verborum
3219 813 3428 854 sensus
3455 797 3551 862 sit,
3585 799 3650 854 ut

1991 888 2364 960 percipiatur,
2413 888 2841 943 observandum
2891 890 2979 943 est
3019 887 3175 958 quod
3223 887 3533 942 Suetonius
3585 885 3645 942 in

1992 977 2124 1032 Vita
2153 976 2369 1032 Octavii
2417 977 2661 1048 Augusti
2711 976 2987 1031 tradidit:
3041 998 3070 1025 «
3104 975 3322 1042 Parthi,
3373 995 3400 1026 ››
3432 974 3647 1047 inquit,

1993 1066 2387 1120 «Armeniam
2438 1065 2756 1120 vindicanti
2805 1064 2972 1120 facile
3018 1069 3340 1131 cesserunt,
3385 1064 3648 1136 etsigna

1993 1154 2292 1224 militaria,
2325 1171 2451 1226 quae
2483 1159 2554 1208 M.
2579 1158 2784 1210 Crasso
2815 1159 2870 1210 et
2899 1155 2972 1210 M.
3001 1153 3250 1209 Antonio
3282 1153 3646 1222 ademerant,

1992 1243 2317 1316 reposcenti
2379 1243 2776 1299 reddiderunt.
2818 1265 2840 1296 ι
2905 1244 3086 1315 (Suet.
3145 1243 3203 1298 in
3272 1245 3385 1298 Vita
3436 1242 3652 1298 Octavii

1994 1333 2191 1404 Aug.§
2243 1333 2358 1403 21.)
2418 1333 2499 1388 Ex
2555 1332 2648 1388 his
2703 1333 2918 1405 quippe
2972 1331 3164 1388 verbis
3219 1329 3414 1404 colligi
3457 1333 3650 1403 potest

1995 1424 2154 1479 hunc
2185 1438 2312 1478 esse
2342 1423 2597 1478 auctoris
2627 1421 2812 1478 nostri
2842 1438 3082 1478 sensum
3109 1440 3122 1478 :
3157 1421 3225 1476 Et
3252 1425 3318 1477 ut
3354 1438 3388 1477 a
3418 1419 3647 1476 Parthis

1996 1513 2165 1584 signa
2197 1511 2476 1568 militaria
2520 1514 2821 1584 Augustus
2870 1515 3217 1584 reposceret,
3268 1527 3335 1567 ea
3379 1510 3648 1575 Crassus,

1997 1600 2210 1673 spretis
2262 1602 2523 1656 dirarum
2580 1601 3122 1673 imprecationibus,
3155 1599 3450 1655 amiserat.
3511 1599 3648 1654 Inde

1997 1693 2191 1747 Cicero
2223 1690 2598 1762 paucioribus
2632 1690 2823 1746 verbis
2862 1690 3016 1746 idem
3067 1688 3358 1744 memoriis
3405 1688 3648 1742 manda-

1997 1784 2200 1836 verat:
2236 1801 2264 1830 «
2293 1780 2368 1834 Μ.
2421 1779 2624 1835 Crasso
2663 1779 2802 1851 quid
2853 1778 3130 1835 acciderit
3174 1777 3462 1843 videmus,
3496 1777 3650 1851 dira:

2000 1887 2130 1925 rum
2163 1868 2604 1924 obnuntiatione
2634 1867 2916 1940 neglecta.
2946 1888 2974 1916 »
3006 1865 3244 1938 (Cic.lib.
3271 1883 3311 1920 ιι
3341 1865 3406 1921 de
3435 1866 3644 1931 Divin.,

2001 1975 2131 2031 pag.
2163 1959 2289 2028 298,
2321 1957 2424 2013 lin.
2448 1957 2561 2029 26.)
2593 1957 2703 2012 Sed
2735 1957 2923 2012 fusius
2945 1960 3126 2012 totam
3161 1955 3308 2010 hanc
3339 1954 3644 2010 historiam

2000 2048 2440 2119 descripserunt
2508 2045 2875 2116 Plutarchus,
2923 2045 2981 2101 in
3037 2047 3152 2101 Vita
3201 2045 3386 2100 Crassi
3427 2048 3568 2099 tom.
3604 2044 3646 2110 Ι,

1999 2153 2134 2209 pag.
2163 2137 2271 2192 552
2301 2141 2358 2192 et
2407 2152 2608 2208 seqq.;
2657 2135 2762 2191 Dio
2811 2134 3050 2190 Cassius
3091 2132 3193 2188 lib.
3239 2149 3409 2188 χχχιιι
3449 2134 3648 2188 Histor.

2002 2227 2174 2297 Rom,
2209 2241 2341 2298 pag.
2396 2226 2489 2280 t2l
2527 2229 2585 2280 et
2632 2241 2839 2296 seqq.;
2893 2223 3094 2279 Florus
3143 2221 3247 2277 lib.
3301 2239 3354 2276 ιν
3392 2221 3456 2278 de
3486 2221 3656 2277 Gestis

1999 2317 2156 2372 Rom.
2179 2332 2201 2377 ;
2232 2332 2359 2387 cap.
2394 2315 2455 2369 11
2485 2333 2498 2383 ;
2525 2313 2838 2385 Eutropius
2871 2312 2970 2368 lib.
2999 2329 3052 2366 vn
3085 2313 3284 2366 Histor.
3321 2311 3495 2381 Rom,
3520 2317 3655 2366 ante

1999 2406 2175 2461 ﬁnem
2207 2423 2221 2473 ;
2251 2403 2506 2460 Velleius
2548 2401 2905 2466 Paterculus,
2952 2401 3052 2457 lib.
3102 2417 3143 2456 ιι
3194 2402 3332 2456 Hist.
3367 2404 3502 2456 ante
3532 2416 3649 2454 me-

2000 2495 2188 2563 dium,
2221 2498 2396 2566 atque
2427 2493 2546 2560 alii,
2579 2493 2794 2564 quibus
2825 2490 3240 2562 adjungendus
3266 2493 3354 2545 est
3383 2487 3650 2544 Valerius

1999 2583 2312 2646 Maximus,
2345 2583 2443 2654 qui
2468 2599 2595 2638 eam
2625 2581 2796 2637 sicuti
2817 2580 3077 2638 Caecilius
3109 2579 3200 2635 his
3231 2578 3424 2634 verbis
3455 2577 3650 2633 absol-

1997 2674 2113 2727 vit:
2168 2693 2195 2721 »
2245 2673 2338 2727 Sic
2387 2672 2466 2726 dii
2515 2671 2695 2743 spreti
2751 2670 3201 2740 excandescunt,
3263 2666 3347 2722 sic
3388 2666 3648 2722 humana

1999 2761 2243 2818 consilia
2273 2762 2638 2832 castigantur
2667 2759 2765 2814 ubi
2799 2775 2860 2816 se
2891 2757 3222 2814 coelestibus
3252 2756 3586 2830 praeferunt.
3616 2776 3646 2806 »

1997 2851 2148 2922 (Val.
2186 2851 2336 2906 Max.
2371 2850 2471 2905 lib.
2509 2867 2546 2919 1,
2583 2848 2751 2921 §lt.)

2557 2979 2962 3038 ARTICULUS
3002 2980 3096 3035 IV.

2001 3094 2272 3165 Quomodo
2328 3093 2596 3149 Minucius
2654 3093 2906 3165 superius
2964 3089 3196 3165 Caecilii
3226 3090 3654 3165 argumentum

2068 3167 2177 3222 diis
2235 3167 2444 3234 Reguli,
2518 3157 2776 3230 Manciai,
2836 3162 2999 3218 Pauli
3069 3177 3161 3234 ac_
3210 3159 3352 3234 Julii
3409 3157 3650 3234 Caesaris

2070 3231 2362 3366 exampli's,
2411 3236 2666 3310 funditus
2711 3244 2937 3302 evertat,
2988 3234 3083 3312 ubi
3127 3231 3193 3288 de
3239 3232 3511 3287 solistimo
3551 3237 3656 3286 m-

2070 3327 2144 3366 nu
2190 3327 2264 3366 ιο.

2065 3327 2264 3384 puaio.

2069 3428 2352 3500 Superius
2383 3426 2593 3482 Czecilii
2636 3429 3048 3497 argumentum
3093 3421 3436 3495 priusquam
3470 3418 3658 3476 solvat

1999 3517 2310 3584 Minucius,
2343 3515 2484 3570 illud
2519 3516 2602 3570 sic
2626 3514 2864 3587 repetit:
2893 3536 2920 3564 «
2951 3511 3224 3566 Claudius
3246 3514 3303 3566 et
3333 3509 3656 3566 Flaminius

1999 3607 2282 3663 etlunius
2302 3606 2432 3660 ideo
2450 3604 2734 3660 exercitus
2755 3602 3154 3674 perdiderunt,
3179 3600 3331 3671 quod
3359 3598 3655 3671 pullorum

1999 3695 2359 3752 solistimum
2393 3693 2716 3766 tripudium
2767 3691 3221 3764 exspectandum
3273 3705 3387 3744 non
3421 3692 3655 3759 putave-

2000 3789 2163 3841 runt.
2196 3807 2224 3835 »
2260 3783 2406 3850 Quid
2452 3783 2528 3837 sit
2575 3786 2766 3836 autem
2817 3779 3176 3836 solistimum
3229 3776 3555 3850 tripudium
3587 3792 3656 3831 ex

2000 3875 2290 3942 Cicerone,
2358 3872 2459 3944 qui
2531 3871 2675 3925 illud
2745 3868 3044 3924 divinandi
3118 3883 3306 3940 genus
3361 3865 3653 3937 repudiat,

2000 3965 2221 4020 discere
2253 3961 2444 4034 quivis
2475 3959 2702 4033 poterit.
2739 3958 2830 4015 Sic
2879 3963 3075 4013 autem
3106 3959 3347 4012 Orator:
3382 3976 3410 4005 ‹‹
3447 3953 3659 4008 Attulit

2001 4053 2061 4109 in
2092 4068 2264 4108 cavea
2296 4050 2487 4123 pullos
2518 4051 2588 4120 is,
2621 4043 2718 4120 qui
2755 4064 2821 4103 ex
2853 4063 2918 4103 eo
2949 4047 3077 4119 ipso
3101 4045 3437 4101 nominatur
3465 4040 3654 4114 pulla-

2001 4143 2145 4198 rius.
2182 4142 2273 4195 Hae
2306 4143 2446 4196 sunt
2493 4139 2673 4211 igitur
2703 4154 2838 4193 aves
2890 4133 3264 4192 internuntia
3315 4131 3496 4199 Jovis,
3530 4147 3656 4202 qure

2003 4236 2322 4304 pascantur
2354 4245 2534 4285 necne
2585 4227 2724 4299 quid
2778 4227 2998 4282 refert?
3043 4222 3202 4282 Nihil
3254 4222 3324 4278 ad
3374 4219 3657 4292 auspicia.

2000 4322 2107 4378 Sed
2141 4320 2279 4393 quia
2327 4335 2459 4377 cum
2519 4320 2843 4390 pascuntur
2891 4329 3128 4371 necesse
3177 4316 3263 4368 est
3311 4309 3531 4382 aliquid
3590 4325 3661 4364 ex

2003 4427 2100 4466 ore
2131 4409 2355 4476 cadere,
2391 4412 2443 4462 et
2493 4412 2709 4462 terram
2761 4404 2977 4478 pavire,
3027 4400 3403 4473 terripavium
3447 4397 3658 4470 primo,

2003 4504 2136 4572 post
2165 4497 2550 4568 terripudium
2576 4495 2797 4550 dictum
2843 4496 2967 4560 est;
3002 4491 3112 4547 hoc
3144 4490 3378 4563 quidem
3402 4489 3527 4559 jam
3557 4485 3660 4541 tri-

2004 4587 2250 4662 pudium
2283 4585 2516 4640 dicitur.
2564 4585 2704 4639 Cum
2741 4581 2923 4655 igitur
2972 4580 3086 4636 otia
3108 4581 3233 4652 jam
3285 4577 3439 4634 cadit
3468 4593 3537 4632 ex
3564 4589 3662 4632 ore

2007 4676 2174 4750 pulli,
2207 4680 2332 4730 tum
2367 4671 2709 4744 auspicandi
2749 4670 3077 4744 tripudium
3123 4669 3478 4726 solistimum
3509 4682 3662 4720 nun-

2006 4765 2194 4822 tiavit.
2227 4784 2254 4816 ι
2291 4763 2496 4835 (Cicer.
2526 4761 2624 4816 lib.
2672 4779 2708 4816 ιι
2741 4761 2806 4816 de
2847 4760 3053 4827 Divin.,
3087 4776 3220 4832 pag.
3252 4757 3377 4822 289,
3410 4755 3514 4810 lin.
3547 4753 3661 4826 33.)

2010 4856 2246 4910 Frustra
2301 4851 2482 4924 Igitur
2531 4850 2772 4922 quidam
2819 4850 2879 4904 in
2932 4849 3188 4905 auctoris
3238 4844 3422 4902 nostri
3477 4846 3659 4912 textu,

2007 4943 2474 5000 solemnissimum
2525 4957 2626 5012 pro
2673 4940 3027 5007 solistimum,
3079 4936 3288 5007 corrigi
3329 4932 3659 4990 voluerunt.

2011 5034 2156 5089 Nam
2190 5031 2295 5086 hoc
2330 5029 2564 5086 nomine
2596 5029 2824 5102 proprie
2863 5027 3007 5082 illud
3042 5023 3472 5098 signiﬁcabant,
3506 5017 3662 5089 quod

2013 5139 2081 5179 ex
2111 5139 2206 5178 ore
2240 5119 2378 5193 pulli
2418 5120 2474 5174 in
2498 5119 2750 5175 solidum
2783 5118 3047 5174 cadebat.
3079 5116 3279 5185 Neque
3308 5111 3387 5165 ibi
3409 5109 3662 5173 tantum,

2014 5213 2112 5269 sed
2147 5210 2306 5284 prius
2358 5209 2552 5266 Cicero
2601 5209 2860 5263 dixerat:
2895 5229 2924 5257 ‹‹
2974 5204 3166 5262 Nostri
3214 5199 3449 5271 quidem
3483 5194 3668 5267 magi-

2014 5306 2233 5358 stratus
2264 5299 2543 5371 auspiciis
2571 5301 2819 5353 utuntur
2839 5295 3053 5351 coactis
3077 5311 3090 5362 ;
3116 5305 3351 5347 necesse
3381 5285 3534 5342 enim
3558 5288 3666 5356 est,

2015 5393 2128 5448 oti‘a
2175 5391 2422 5462 objecta,
2482 5388 2689 5442 cadere
2738 5387 2992 5440 frustum
3051 5400 3120 5437 ex
3170 5377 3315 5452 pulli
3369 5392 3486 5445 ore,
3534 5390 3670 5462 cum

2017 5481 2293 5554 pascitur.
2332 5477 2490 5544 Quod
2526 5481 2720 5530 autem
2755 5472 3036 5544 scriptum
3069 5468 3319 5537 habetis,
3352 5461 3668 5554 auttripu-

2017 5552 2177 5628 dium
2213 5568 2355 5635 ﬁeri,
2389 5567 2436 5622 si
2467 5583 2534 5622 ex
2565 5581 2631 5619 ea
2661 5561 2799 5634 quid
2834 5562 2890 5617 in
2924 5559 3201 5616 solidium
3233 5553 3527 5621 ceciderit,
3558 5552 3670 5608 hoc

2021 5675 2254 5734 quoque
2285 5657 2441 5730 quod
2470 5653 2589 5712 dixi
2638 5655 2924 5723 coactum,
2951 5642 3673 5725 tripudiunﬁsoliatimum
