4088 6150
474 271 589 336 631

1767 270 1870 330 DE
1917 270 2124 332 MlNUl

2253 259 2610 334 (OCTAVIO
3701 291 3794 355 θρίξ

473 402 692 464 dicitis.
726 422 754 453 »
789 399 984 472 (Ibid.,
1006 417 1137 474 pag.
1169 400 1295 470 260,
1326 399 1432 459 lin.
1461 400 1573 473 13.)
1594 400 1704 456 Sed
1736 402 1807 457 de
1837 399 1930 457 his
1960 400 2124 473 plura
2153 400 2207 468 Α
2238 402 2470 472 foedere,
2521 403 2815 461 deditione
2865 404 3116 461 funesta.
3156 428 3174 455 ι
3233 407 3429 478 (Valer.
3477 411 3625 482 Max,
3659 417 3739 477 lib.
3766 439 3794 479 ιι

473 489 834 560 Brissonius,
867 506 994 562 quis
1023 494 1081 546 te
1108 489 1322 563 legisse
1371 489 1754 563 proculdubio
1796 507 1910 546 non
1943 489 2125 563 poeni-

474 581 620 642 tobit
649 579 774 655 (lib.
809 598 851 651 ι,
881 579 1149 648 Formul.,
1179 596 1312 654 pag.
1346 580 1491 652 137).

547 689 809 748 Posthtsc
855 687 1147 745 Minucius
1213 687 1443 759 objecta
1490 705 1524 744 a
1583 686 1806 744 Caecilio
1859 687 2128 760 exempla

477 779 608 839 aliis
638 777 810 851 plane
841 777 1146 851 oppositis,
1180 794 1307 849 quae
1329 794 1363 832 a
1391 777 1676 848 Cypriano
1708 776 1948 832 totidem
1981 791 2127 848 pene

473 869 664 928 verbis
689 885 792 939 pro
817 884 977 924 more
999 867 1290 938 descripta
1309 869 1468 936 sunt,
1492 866 1754 922 infirmat
1776 866 2128 938 penitusque

475 958 726 1017 destruit
772 956 1064 1030 (Cyprian.
1115 954 1216 1010 lib.
1266 955 1331 1011 de
1378 954 1515 1010 Idol.
1568 956 1768 1024 vanit,
1819 971 1950 1027 pag.
2014 953 2123 1027 13).

471 1048 620 1106 Nam
649 1047 804 1103 613
837 1046 910 1102 iis
950 1043 1254 1117 perspicue
1297 1044 1680 1113 demonstrat,
1731 1044 1854 1100 sive
1882 1043 2125 1101 servatis

475 1133 886 1210 hujuscemodi
935 1132 1214 1205 auspiciis
1258 1136 1314 1188 et
1353 1131 1634 1205 auguriis,
1666 1133 1785 1189 sive
1815 1131 2029 1205 spretis
2059 1149 2126 1190 ac

478 1225 778 1301 neglectis,
830 1241 922 1281 res
970 1240 1085 1280 non
1135 1221 1333 1278 minus
1381 1220 1624 1279 feliciter
1666 1225 1768 1278 aut
1824 1221 2129 1281 infeliciter

475 1319 725 1377 ducibus
756 1317 1116 1390 quibusdam
1161 1314 1427 1371 cessisse.
1479 1314 1653 1370 Recte
1701 1329 1836 1384 ergo
1867 1313 2002 1370 inde
2032 1332 2125 1371 ar-

476 1406 604 1480 guit
634 1422 703 1462 ex
724 1405 795 1462 iis
826 1421 938 1461 non
974 1419 1144 1476 posse
1188 1403 1432 1459 deorum
1481 1401 1850 1475 praesentiam
1884 1403 2125 1460 demon-

475 1495 671 1552 strari.
728 1498 808 1551 Ac
867 1493 1128 1566 primum
1179 1491 1460 1565 quidem:
1525 1513 1554 1544 ‹‹
1612 1491 1781 1561 Quid,
1828 1513 1856 1542 »
1914 1490 2122 1563 inquit,

474 1607 505 1637 «ι
539 1583 801 1657 Regulus
824 1583 852 1639 ?
882 1584 1084 1638 Nonne
1105 1581 1350 1654 auguria
1379 1581 1650 1650 servavit,
1683 1585 1740 1637 et
1765 1584 1974 1654 captus
1995 1581 2128 1638 est?

475 1674 608 1733 Jam
624 1690 760 1730 vero
781 1672 1145 1729 ostendimus
1161 1675 1234 1726 M.
1252 1671 1522 1727 Attilium
1544 1670 1832 1742 Regulum
1853 1688 1887 1727 a
1908 1669 2122 1738 Pcenis,

2236 506 2362 564 cap.
2411 494 2466 562 6,
2517 494 2545 566 Ξ
2587 496 2669 563 7.)
2716 494 3079 566 Praecipitem
3128 495 3338 569 itaque,
3385 499 3530 556 addit
3567 504 3668 577 ille,
3696 507 3788 565 Fla-

2237 581 2426 652 minii,
2461 585 2528 640 de
2563 599 2676 656 quo
2702 582 2874 655 paulo
2899 587 3033 639 ante
3057 584 3450 659 disseruimus,
3470 605 3794 670 vesanamque

2237 673 2722 744 persevcrantiam
2755 673 3106 728 subsecutus
3136 677 3240 728 est.

2307 779 2605 844 Quomodo
2655 779 2832 851 igitur
2875 779 3212 850 religionem
3264 784 3513 849 servavit,
3561 788 3648 858 qui
3687 810 3710 837 ‹‹
3748 795 3799 849 ad

2235 886 2468 925 versum
2501 868 2910 936 Numantinos,
2942 891 2971 918 »
2996 868 3147 923 sicut
3172 868 3430 925 Aurelius
3458 871 3633 928 Victor
3656 878 3801 935 adhuc

2234 959 2520 1030 perhibet,
2555 981 2582 1008 »
2635 958 2967 1014 vetantibus
3015 957 3239 1024 avibus,
3270 963 3324 1012 et
3367 961 3545 1016 nescio
3581 979 3680 1034 qua
3703 983 3804 1024 voce

2234 1053 2539 1104 revocante
2571 1047 2952 1120 profectus....
2985 1047 3046 1102 in
3078 1046 3231 1118 leges
3252 1046 3499 1104 hostium
3528 1051 3688 1108 foedus
3707 1072 3806 1126 per-

2235 1137 2438 1207 cussit,
2485 1154 2600 1209 quo
2652 1153 2755 1208 per
2792 1139 3065 1192 senatum
3113 1135 3449 1207 improbato,
3495 1139 3806 1202 Numantinis

2235 1226 2468 1283 deditus
2498 1227 2633 1282 est?
2664 1248 2692 1276 »
2749 1227 2903 1282 614
2949 1223 3142 1280 Aurel.
3191 1224 3338 1281 Vict.
3387 1227 3458 1282 De
3485 1229 3606 1284 viris
3629 1230 3807 1300 illustn,

2235 1331 2360 1389 cap.
2395 1316 2511 1388 59.)
2559 1315 2786 1372 Etenim
2838 1336 2866 1366 «
2900 1318 3161 1382 senatus,
3216 1335 3245 1365 »
3295 1318 3437 1370 teste
3489 1316 3644 1372 etiam
3673 1322 3809 1377 Paulo

2233 1405 2456 1462 Oresio.
2490 1428 2518 1454 «
2543 1403 2779 1461 dissolvi
2805 1403 3014 1474 foedus,
3041 1407 3098 1458 et
3118 1402 3448 1458 Mancinum
3469 1405 3591 1460 dedi
3612 1407 3812 1465 Numan-

2233 1494 2372 1550 tinis
2406 1494 2701 1568 praecepit,
2748 1494 2848 1566 qui
2897 1493 3118 1548 nudato
3163 1508 3421 1564 corpore,
3451 1494 3692 1551 manibus
3715 1503 3813 1570 post

2232 1587 2460 1653 tergum
2493 1583 2784 1655 revinctis,
2837 1587 2972 1638 ante
3019 1586 3217 1655 portas
3265 1582 3718 1640 Numantinorum
3742 1602 3812 1641 ex-

2234 1673 2482 1746 positus,
2530 1674 2728 1745 ibique
2777 1689 2964 1744 usque
3012 1671 3071 1726 in
3119 1675 3346 1727 noctem
3395 1675 3814 1742 manens,asuis

475 1779 624 1838 quos
655 1763 812 1818 haud
844 1761 1021 1818 semel
1052 1761 1286 1827 vicerat,
1322 1763 1555 1833 captum
1603 1760 2126 1834 crudelissimeque
2156 1779 2202 1845 Β
2233 1764 2522 1834 desertus,
2556 1763 2628 1818 ab
2659 1761 2932 1818 hostibus
2963 1764 3161 1816 autem
3196 1777 3309 1816 non
3343 1766 3647 1833 susceptus,
3674 1762 3815 1836 lacry-

475 1857 662 1910 morte
693 1852 1111 1924 interemptum
1141 1849 1343 1906 fuisse.
1375 1849 1550 1922 Atqui
1582 1849 1652 1904 ab
1683 1849 1780 1906 illo
1814 1854 1947 1905 ante
1976 1850 2125 1905 hanc

473 1959 734 2017 pugnam
776 1941 1024 2014 auguria
1071 1953 1232 1995 more
1279 1937 1450 1995 solito
1501 1939 1824 2007 observata,
1873 1955 1939 1994 ex
1967 1939 2126 1995 hisce

475 2032 670 2102 colligi
703 2034 892 2104 potest
919 2029 1136 2085 Valerii
1167 2027 1405 2084 Maximi
1439 2027 1652 2094 verbis,
1686 2027 1902 2100 quibus
1931 2027 2126 2100 palam

476 2122 782 2195 profitetur
812 2135 874 2176 se
905 2117 1130 2174 nescire
1179 2121 1379 2173 utrum
1423 2115 1521 2172 ille
1553 2140 1581 2167 «
1632 2116 1692 2171 in
1742 2115 1856 2188 his,
1897 2133 2023 2188 quae
2055 2116 2127 2172 ad

476 2210 804 2268 custodiam
835 2206 1134 2280 religionis
1167 2206 1479 2279 pertinent,
1503 2221 1708 2261 omnes
1733 2221 1850 2261 non
1880 2220 2126 2277 praeces-

475 2299 639 2357 serit.
676 2319 705 2348 »
739 2297 948 2371 (Valer.
983 2295 1158 2364 Max.,
1195 2295 1292 2351 lib.
1336 2311 1375 2362 1,
1409 2310 1535 2366 cap.
1571 2295 1622 2364 1,
1653 2294 1681 2362 §
1711 2293 1821 2366 14.)
1853 2292 2132 2361 Quocirca

474 2388 842 2462 Augustinus
897 2385 1034 2441 inde
1091 2400 1226 2440 cum
1285 2386 1519 2440 auctore
1580 2386 1779 2439 nostro
1833 2381 2133 2438 concludit

477 2477 770 2550 Regulum
801 2473 1062 2546 exemplo
1107 2489 1213 2530 suo
1262 2471 1566 2528 docuisse:
1605 2493 1633 2520 «
1680 2471 1837 2527 Nihil
1887 2473 2026 2528 deos
2057 2472 2130 2528 ad

477 2568 656 2623 istam
685 2563 1066 2637 temporalem
1098 2561 1437 2618 felicitatem
1491 2561 1616 2616 suis
1647 2560 1922 2633 prodesse
1945 2561 2129 2617 culto-

479 2656 643 2713 ribus
669 2679 684 2722 ς
716 2652 1189 2726 quandoquidem
1220 2649 1318 2706 ille
1339 2666 1539 2705 eorum
1570 2649 1802 2704 deditus
1834 2649 2039 2716 cultui,
2074 2654 2132 2706 et

476 2745 687 2810 victus,
721 2747 778 2798 et
807 2739 1069 2813 captivus
1120 2739 1449 2806 abductus;
1489 2743 1546 2793 et
1575 2737 1674 2810 qui
1724 2737 1911 2794 noluit
1941 2737 2128 2806 aliter,

479 2850 657 2908 quam
711 2848 815 2904 per
871 2846 968 2886 eos
1020 2829 1334 2900 iuraverat,
1384 2826 1588 2898 facere,
1649 2843 1793 2883 novo
1852 2843 1919 2884 ac
1967 2827 2131 2900 prius

475 2921 760 2988 inaudito,
795 2918 1162 2989 nimiumque
1187 2915 1452 2972 horribili
1474 2910 1746 2989 supplicii
1768 2931 1976 2988 genere
1997 2932 2130 2972 cru-

477 3013 666 3068 ciatus
695 3010 1019 3066 exstinctus
1046 3011 1153 3063 est.
1180 3028 1210 3057 »
1234 3004 1508 3079 (August.
1532 3004 1634 3063 lib.
1660 3023 1679 3060 ι
1700 3005 1768 3061 de
1793 3005 1977 3075 Civit,
2001 3021 2127 3077 cap.

475 3101 564 3168 15,
597 3117 722 3172 pag.
761 3099 870 3170 15.)

540 3209 878 3268 Secundum
911 3205 1203 3263 Minucius
1245 3203 1577 3276 exemplum
1608 3203 1814 3260 statuit
1866 3204 1926 3260 in
1958 3205 2120 3261 Man-

469 3299 641 3355 cino:
684 3319 714 3350 ‹‹
761 3297 868 3362 Qui
916 3295 1279 3367 religionem,
1323 3314 1352 3344 »
1400 3300 1465 3349 ut
1515 3293 1614 3350 ille
1660 3292 1940 3364 loquitur,
1974 3316 2002 3344 «
2035 3298 2120 3350 te-

468 3387 616 3456 nuit,
649 3393 706 3444 et
734 3387 843 3443 sub
883 3386 1099 3457 jugum
1159 3383 1380 3439 missus
1436 3386 1543 3449 est,
1576 3386 1634 3438 et
1690 3382 1942 3437 deditus.
1987 3405 2016 3432 »
2050 3387 2123 3439 At

467 3494 608 3534 sane
639 3493 754 3549 quo
783 3475 1001 3532 certius
1049 3476 1139 3529 est
1173 3472 1528 3538 Mancinum,
1563 3475 1695 3542 post
1740 3471 1998 3527 infausta
2025 3473 2122 3526 ad-

465 3583 670 3622 versus
723 3565 1112 3620 Numantinos
1164 3560 1381 3631 praelia,
1429 3560 1488 3615 in
1541 3577 1742 3616 eorum
1803 3561 2119 3617 adductum

469 3655 652 3711 fuisse
682 3654 1042 3718 servitutem,
1075 3667 1140 3706 eo
1171 3649 1330 3705 dictu
1379 3647 1700 3718 dilﬁcilius,
1749 3665 1866 3720 qua
1897 3650 2122 3704 ratione

470 3743 811 3815 religionem
830 3739 1091 3796 tenuisse
1113 3739 1358 3794 dicatur.
1385 3736 1617 3794 Ethnici
1635 3737 1926 3809 siquidem
1944 3739 2122 3810 scrip-

470 3837 628 3889 tores
657 3837 754 3887 aut
785 3831 1031 3886 obscure
1063 3827 1451 3884 testificantur
1493 3826 1661 3883 illum
1694 3827 1910 3883 idcirco
1941 3827 2121 3884 tantis

472 3919 908 3980 calamitatibus
938 3918 1242 3983 afﬂictum,
1278 3917 1418 3989 quia
1455 3916 1652 3973 invitis
1682 3933 1748 3972 ac
1780 3915 2120 3973 reluctanti-

471 4012 581 4066 bus
648 4008 929 4080 auspiciis
988 4007 1216 4078 diisque
1273 4005 1419 4074 suis,
1477 4004 1697 4060 bellum
1765 4009 2119 4077 susceperat.

468 4099 638 4166 Audi,
673 4114 890 4171 quaeso,
917 4097 1114 4151 Titum
1136 4094 1359 4150 Livium
1385 4111 1398 4150 :
1428 4115 1456 4144 «
1482 4094 1542 4150 C.
1575 4093 1823 4150 Hostilio
1857 4094 2123 4150 Mancino

471 4187 710 4244 consule
760 4185 1148 4250 sacriﬁcante,
1203 4183 1346 4256 pulli
1376 4198 1445 4238 ex
1493 4199 1668 4239 cavea
1712 4182 2121 4252 evolaverunt;

469 4275 881 4333 conscendenti
915 4275 973 4330 in
1007 4289 1235 4342 navem,
1267 4277 1330 4327 ut
1351 4271 1408 4327 in
1436 4270 1772 4344 Hispaniam
1807 4272 2126 4344 proficisce-

470 4371 648 4431 retur,
683 4364 891 4420 accidit
922 4362 1148 4418 audiri:
1185 4361 1373 4430 Mane,
1417 4377 1609 4432 mane,
1654 4360 1919 4416 Mancine
1948 4378 1961 4429 ;
1995 4378 2122 4434 quas

469 4455 735 4528 auspicia
764 4453 958 4510 tristia
986 4452 1169 4508 fuisse
1198 4455 1406 4507 eventu
1438 4450 1751 4524 probatum
1784 4455 1890 4506 est.
1922 4474 1951 4501 »
1983 4451 2120 4523 (Liv.
2155 4481 2201 4545 D

470 4545 634 4617 epit.,
667 4543 772 4602 lib.
801 4545 911 4615 Lv.)
943 4541 1208 4597 Valerius
1253 4545 1451 4597 autem
1485 4538 1771 4596 Maximus
1806 4541 1922 4596 haec
1951 4539 2122 4614 paulo

473 4635 713 4688 uberius
743 4631 948 4703 hisque
978 4630 1170 4686 verbis
1201 4633 1471 4685 enarrat:
1507 4652 1534 4681 «
1565 4630 1800 4687 Consuli
1835 4629 2123 4698 Mancino,

474 4724 534 4778 in
565 4722 907 4794 Hispaniam
934 4719 1108 4790 ituro,
1144 4719 1263 4776 hinc
1297 4719 1561 4793 prodigia
1591 4718 1945 4776 acciderunt.
1979 4719 2125 4775 Cum

474 4811 692 4869 Lavinii
724 4810 1075 4867 sacriﬁcium
1111 4813 1294 4864 lacere
1322 4808 1514 4879 vellet,
1547 4807 1693 4879 pulli
1723 4825 1896 4864 cavea
1924 4807 2125 4864 emissi

475 4901 534 4956 in
568 4899 891 4972 proximam
915 4897 1136 4970 sylvam
1168 4897 1462 4969 fugerunt,
1495 4912 1843 4967 summaque
1875 4896 2120 4969 diligen-

473 4991 559 5045 tia
588 4989 815 5063 quzssiti
847 4986 1086 5060 reperiri
1126 4985 1533 5057 nequiverunt.
1566 4987 1822 5054 Cumque
1868 4985 1939 5042 ab
1983 4986 2124 5042 Her-

475 5078 622 5135 culis
655 5083 844 5152 portu,
895 5093 1011 5148 quo
1042 5073 1291 5149 pedibus
1340 5075 1696 5144 pervenerat,
1751 5089 1952 5128 navem
1985 5091 2122 5131 con-

475 5168 800 5238 scenderet,
849 5165 985 5221 talis
1032 5179 1141 5220 vox
1197 5162 1323 5217 sine
1382 5160 1500 5216 ullo
1550 5170 1781 5217 auctore
1825 5163 1894 5218 ad
1953 5181 2123 5220 aures

474 5259 602 5329 ejus
635 5255 930 5328 pervenit:
979 5251 1267 5316 Mancine,
1319 5266 1513 5306 mane.
1563 5251 1688 5315 Qua
1716 5252 1958 5308 territus
1989 5269 2123 5308 cum

473 5347 680 5402 itinere
707 5359 1005 5410 converso,
1036 5346 1297 5396 Genuam
1345 5339 1610 5412 petisset,
1651 5345 1708 5396 et
1753 5340 1810 5396 in
1843 5343 2120 5414 scapham

473 5442 630 5490 esset
678 5435 1002 5504 ingressus,
1052 5429 1262 5503 anguis
1309 5429 1531 5486 eximiae
1583 5430 2003 5502 magnitudinis
2040 5433 2122 5488 vi-

473 5540 577 5586 sus
608 5539 638 5579 e
664 5524 978 5592 conspectu
1009 5520 1168 5578 abiit.
1203 5519 1348 5595 Ergo
1380 5535 1691 5577 numerum
1723 5520 2122 5595 prodigiorum

473 5627 720 5671 numero
751 5609 1150 5670 calamitatum
1179 5607 1449 5683 aequavit,
1471 5609 1690 5670 infelici
1719 5627 1938 5686 pugna,
1966 5612 2124 5687 turpi

2236 1853 2451 1910 mabile
2483 1852 2750 1924 utrisque
2781 1851 3186 1924 spectaculum
3216 1850 3474 1923 praebuit.
3506 1874 3531 1898 »
3563 1851 3720 1922 (Oros.
3740 1852 3814 1907 lib.

2233 1960 2268 1999 v
2297 1944 2459 2012 Hist.,
2492 1958 2616 2014 cap.
2647 1941 2726 2009 4.)
2755 1940 2961 1996 Nonne
3008 1956 3144 2013 ergo
3196 1944 3315 1995 tam
3367 1939 3688 1996 miserabilis
3711 1957 3816 1996 con-

2237 2031 2386 2088 sulis
2429 2029 2762 2102 exemplum
2817 2029 3006 2101 magis
3054 2028 3195 2084 facit
3243 2045 3345 2101 pro
3393 2027 3616 2093 Caecilio,
3659 2027 3739 2100 qui
3769 2045 3816 2084 eo

2238 2121 2518 2177 conficere
2562 2122 2788 2192 poterat
2840 2118 3181 2173 Mancinum
3236 2117 3414 2174 tantis
3461 2134 3654 2173 caasum
3682 2117 3818 2172 fuisse

2238 2209 2450 2283 plagis,
2473 2208 2613 2281 quia
2642 2208 2887 2263 deorum
2919 2206 3182 2279 auspicia
3213 2210 3271 2262 et
3302 2206 3620 2280 religionem
3648 2222 3820 2278 spreve-

2237 2301 2329 2354 rat
2355 2301 2378 2352 Ρ

2310 2387 2519 2444 Verum
2569 2384 2808 2442 Orosius
2855 2384 3072 2441 ibidem
3135 2401 3246 2440 nos
3295 2385 3560 2440 admonet
3606 2383 3734 2438 hunc
3773 2398 3822 2437 ex

2237 2475 2357 2532 illis
2388 2493 2571 2530 unum
2605 2491 2756 2542 esse,
2790 2491 2822 2530 a
2851 2474 3088 2546 quibus,
3123 2496 3152 2524 ‹‹
3179 2478 3468 2546 quantum
3495 2473 3550 2528 in
3580 2471 3702 2544 ipsis
3725 2471 3821 2540 fuit,

2239 2565 2506 2639 prodigia
2533 2580 2602 2619 ex
2652 2580 2811 2619 more
2860 2567 3064 2619 curata
3093 2568 3257 2631 sunt,
3309 2585 3337 2613 »
3381 2562 3574 2633 (lbid.)
3601 2565 3650 2616 et
3673 2564 3821 2616 tamen

2239 2655 2312 2710 ab
2346 2653 2714 2725 aruspicibus
2767 2653 3132 2708 fallaciarum
3187 2652 3564 2708 structoribus
3605 2650 3822 2720 deceptus

2239 2748 2345 2799 cst.
2383 2743 2770 2810 Quamobrem
2807 2742 3174 2814 Augustinus
3217 2741 3368 2798 ridet
3397 2740 3512 2794 haec
3547 2739 3659 2811 ipsa
3683 2752 3824 2808 augu-

2239 2831 2348 2900 ria,
2380 2831 2636 2902 petitque
2667 2848 2741 2885 an
2773 2830 2870 2886 alii
2915 2830 3059 2902 pulli
3103 2835 3314 2888 contra
3358 2829 3699 2885 Numantiam
3722 2841 3825 2898 pro-

2240 2923 2540 2976 cesserant
2595 2918 2926 2991 (Augustin.
2979 2919 3082 2977 lib.
3140 2937 3211 2975 ιιι
3273 2925 3352 2974 De
3405 2920 3568 2985 civit,
3619 2933 3708 2987 cap
3758 2913 3824 2977 21.

2239 3026 2372 3083 pag.
2405 3009 2516 3080 80).
2552 3009 2847 3080 Perpende
2877 3023 3014 3080 ergo
3037 3025 3111 3064 au
3134 3007 3444 3065 Mancinus
3465 3023 3526 3062 eo
3556 3020 3710 3061 sensu
3732 3000 3828 3057 reli-

2240 3100 2468 3170 gionem
2501 3097 2763 3153 tenuisse
2798 3097 3048 3166 dicatur,
3100 3099 3246 3169 quia
3276 3114 3436 3153 more
3480 3095 3635 3152 solito
3661 3090 3832 3149 sacriﬁ-

2237 3191 2487 3256 caverat,
2548 3204 2614 3242 ac
2673 3185 3012 3242 fallentibus
3068 3187 3426 3260 auguribus,
3480 3182 3713 3256 auspicia
3753 3175 3834 3235 sibi

2231 3276 2484 3349 propitia
2516 3291 2644 3331 esse
2671 3275 2999 3331 crediderit.

2300 3365 2529 3420 Certius
2562 3365 2760 3437 itaque
2791 3368 2880 3420 est
2925 3365 3303 3436 propositum
3353 3364 3554 3420 deinde
3583 3380 3611 3417 a
3637 3356 3834 3415 Minucio

2231 3453 2562 3525 exemplum
2596 3453 2781 3519 Pauli,
2815 3452 2937 3525 qui,
2963 3454 3115 3508 sicut
3145 3454 3255 3511 ille
3279 3455 3381 3520 ait,
3419 3477 3446 3504 «
3477 3451 3655 3526 pullos
3680 3449 3838 3505 edaces

2231 3543 2458 3613 habuit,
2502 3565 2528 3591 »
2561 3546 2733 3614 atque
2765 3543 2894 3598 ideo
2928 3541 3153 3598 felicem
3189 3544 3420 3600 exitum
3468 3538 3835 3615 praesagientes.

2237 3635 2490 3687 «tamen
2525 3647 2660 3686 cum
2710 3631 2929 3701 majore
2979 3631 3322 3702 reipublicae
3378 3636 3534 3704 parte
3571 3629 3839 3702 prostratus
3946 3622 3948 3625 ’

2231 3725 2340 3776 est.
2381 3744 2400 3768 ι
2439 3719 2516 3776 De
2566 3719 2854 3776 Cannensi
2906 3736 3104 3793 pugna
3148 3719 3442 3791 loquitur,
3490 3735 3653 3791 quam
3680 3727 3836 3771 omnes

2232 3811 2502 3864 Romanae
2553 3808 2810 3864 historiae
2861 3807 3078 3880 aliique
3128 3811 3457 3883 scriptores
3502 3812 3556 3864 et
3599 3804 3766 3870 Paulo,
3799 3803 3840 3857 et

2234 3898 2514 3954 Romanis
2548 3897 3012 3953 funestissimam
3063 3898 3254 3954 fuisse
3287 3901 3561 3968 fatentur,
3607 3912 3666 3950 ac
3690 3892 3836 3948 Livius

2232 3985 2475 4042 Alliensi
2507 3985 2810 4041 nobilitate
2856 4002 3052 4058 parem
3105 4003 3243 4044 esse
3277 3989 3570 4044 asseverat
3616 3983 3738 4056 (Liv.
3762 3979 3836 4034 lib.

2235 4093 2376 4143 χχιι,
2411 4074 2459 4148 §.
2490 4076 2602 4146 50).
2637 4075 2738 4130 Rei
2782 4075 2962 4148 igitur
3000 4079 3168 4131 certae
3222 4076 3562 4148 neminique
3588 4068 3838 4143 incognita

2233 4163 2430 4235 plures
2456 4163 2580 4218 dari
2624 4168 2803 4219 testes
2833 4163 2975 4219 nihil
3010 4180 3253 4222 necesse
3287 4171 3394 4222 est.
3428 4165 3535 4221 Sed
3570 4157 3840 4219 audiendus

2234 4252 2422 4319 Cotta,
2449 4253 2550 4324 qui
2577 4254 2729 4325 apud
2764 4253 3098 4308 Ciceronem
3123 4255 3267 4310 inde
3299 4255 3496 4327 arguit
3525 4251 3725 4308 nullam
3744 4259 3840 4301 esse

2235 4341 2472 4396 deorum
2537 4342 3000 4413 providentiam:
3055 4363 3083 4390 ‹‹
3131 4342 3190 4398 Si
3245 4345 3406 4398 enim
3459 4341 3740 4398 hominum
3770 4349 3835 4406 ge-

2233 4430 2379 4498 neri,
2419 4452 2438 4476 n
2476 4429 2689 4502 inquit,
2731 4451 2758 4482 α
2797 4430 3204 4500 consulebant,
3258 4449 3367 4487 cur
3415 4431 3648 4488 Paulum
3675 4429 3842 4483 Canna!

2232 4518 2645 4575 sustulerunt?
2674 4535 2779 4574 cur
2826 4520 3132 4575 Poenorum
3180 4519 3516 4576 crudelitati
3567 4514 3766 4590 Reguli,
3789 4511 3842 4566 de

2237 4625 2352 4681 quo
2409 4626 2543 4664 mox
2600 4608 3007 4682 loquebamur,
3064 4625 3282 4682 corpus
3331 4615 3424 4666 est
3474 4602 3839 4682 praebitum?-

2235 4697 2372 4771 (Cic.
2405 4697 2507 4753 lib.
2541 4704 2604 4753 111'
2635 4698 2701 4754 de
2741 4702 2867 4756 Nat.
2918 4699 3064 4755 deor.
3115 4717 3250 4772 pag.
3303 4699 3432 4767 262,
3480 4698 3579 4752 lin.
3607 4697 3641 4748 7
3665 4696 3709 4751 et
3731 4705 3841 4762 seqq.

2235 4787 2386 4855 Quin
2432 4787 2606 4843 etiam
2655 4787 2908 4860 ipsemet
2955 4786 3150 4845 Cicero
3197 4788 3341 4845 hinc
3387 4785 3674 4845 concludit
3717 4777 3847 4838 nulla

2233 4893 2361 4933 esse
2399 4877 2641 4933 deorum
2689 4876 2975 4948 auspicia,
3024 4877 3241 4949 quibus
3297 4876 3511 4934 Paulus
3541 4872 3735 4948 paruit.
3763 4880 3844 4923 n90

2238 4968 2433 5024 minus
2476 4968 2685 5024 cecidit
2745 4968 2806 5024 in
2856 4969 3146 5025 Cannensi
3199 4986 3402 5042 pugna
3458 4985 3589 5024 cum
3635 4959 3846 5021 exercitu

2232 5057 2437 5128 (Idem,
2473 5055 2573 5112 lib.
2608 5075 2650 5113 η
2679 5058 2747 5113 de
2765 5058 3024 5127 divinat,
3061 5073 3192 5129 pag.
3224 5059 3359 5124 289,
3392 5057 3496 5112 lin.
3529 5057 3638 5125 24).

2303 5163 2516 5221 Eodem
2560 5163 2753 5220 adhuc
2799 5164 2970 5220 modo
3010 5179 3079 5220 ea
3129 5163 3352 5220 ibidem
3397 5162 3716 5228 confirmat,
3743 5168 3850 5230 qua

2233 5251 2438 5308 ultimo
2471 5252 2595 5310 loco
2626 5255 2696 5310 de
2725 5253 2880 5310 Julio
2915 5254 3140 5311 Caesare
3170 5257 3376 5312 auctor
3415 5253 3708 5316 memorat,
3735 5257 3847 5301 cum

2233 5342 2621 5400 renitentibus
2652 5342 2980 5418 spretisque
3023 5343 3285 5417 auguriis
3337 5347 3393 5400 et
3421 5339 3709 5416 ausPiciis,
3738 5338 3849 5394 ante

2232 5432 2504 5488 brumam
2538 5433 2597 5488 in
2629 5433 2882 5489 Africam
2930 5432 3176 5490 feliciter
3213 5432 3525 5504 navigasse
3554 5447 3616 5487 ac
3649 5425 3846 5484 vicisse.

2233 5521 2390 5578 Hanc
2415 5522 2706 5580 enimvero
2760 5523 2818 5578 in
2869 5539 2994 5579 rem
3042 5523 3163 5580 haec
3209 5522 3517 5596 ipsissima
3558 5523 3690 5578 sunt
3715 5513 3847 5574 illius

2234 5612 2493 5673 Oratoris
2524 5614 2729 5675 verba:
2767 5638 2794 5667 «
2827 5614 2976 5683 Quid
3004 5615 3130 5689 ipse
3149 5613 3388 5675 (laser?
3414 5613 3557 5675 Cum
3585 5630 3618 5670 a
3645 5617 3847 5670 summo
