4088 6150
275 275 384 335 633

1697 279 2238 344 DISSERTATIO.

3552 281 3671 343 634

272 405 580 480 haruspice
606 411 959 477 moneretur,
993 427 1066 468 ne
1095 410 1152 469 in
1184 410 1438 468 Africam
1475 415 1609 470 ante
1640 413 1914 470 brumam
1947 415 1999 483 Α
2027 419 2190 471 strat.
2225 416 2335 473 Sed
2371 416 2508 489 quia
2538 417 2594 472 id
2623 415 2856 489 longius
2898 415 3062 488 foret,
3115 415 3188 471 ad
3240 414 3397 470 hunc
3427 413 3669 485 librum,

269 498 718 569 transmitteret,
747 515 935 556 nonne
965 501 1346 558 transmisit?
1375 502 1539 568 Quod
1571 502 1629 558 ni
1660 501 1913 571 fecisset,

270 603 446 642 unum
479 586 539 641 in
573 586 769 642 locum
803 605 1006 646 omnes
1065 591 1531 646 adversariorum
1565 591 1740 664 copias
1772 609 1915 648 con-

265 677 578 732 venissent.
617 698 639 727 ι
676 678 877 746 (Cicer.
902 679 1069 748 ibid.,
1103 696 1234 752 pag.
1274 681 1400 744 286,
1431 680 1535 735 lin.
1569 682 1637 736 15
1665 691 1718 737 et
1744 683 1914 754 seqq.)

266 766 408 820 Tum
433 764 533 821 ille
555 766 923 821 continenter
951 767 1092 832 haec,
1120 785 1246 841 qum
1301 771 1369 823 ad
1403 769 1657 826 auctoris
1698 771 1914 827 nostris

267 856 633 927 propositum
665 856 916 911 maxime
967 857 1205 918 faciunt.
1254 859 1463 926 adjecit
1497 876 1510 914 :
1546 881 1574 908 «
1609 860 1756 924 Quid
1809 876 1914 932 ego

265 944 646 1017 haruspicum
675 963 954 1016 responsa
985 963 1438 1003 commemorem
1469 952 1727 1019 (possem
1749 949 1912 1020 equi-

263 1035 385 1088 dem
450 1033 929 1102 innumerabilia)
979 1053 1107 1106 qum
1177 1041 1278 1091 aut
1334 1037 1525 1092 nullos
1583 1037 1917 1093 habuerunt

263 1123 451 1178 exitus
484 1127 586 1178 aut
607 1123 1022 1180 contrarios?»
1066 1125 1245 1180 Totus
1302 1142 1471 1196 porro
1532 1126 1622 1195 hic
1677 1130 1736 1182 et
1765 1127 1914 1184 alius

261 1212 682 1268 describendus
711 1218 866 1269 esset
911 1214 1202 1271 Ciceronis
1245 1213 1412 1285 liber,
1463 1215 1510 1270 si
1570 1215 1770 1271 omnia
1825 1232 1914 1272 re-

272 1301 414 1356 ferre
469 1300 778 1373 vellemus,
833 1303 1048 1375 quibus
1105 1303 1445 1375 bujusmodi
1517 1304 1914 1377 auspiciorum

258 1389 632 1463 aliarumque
661 1390 1085 1450 divinationum
1112 1393 1262 1452 6Ιῦ
1316 1393 1630 1450 vanitatem
1675 1395 1916 1452 demon-

2025 505 2410 578 eamdemque
2433 507 2505 562 ob
2529 523 2767 564 causam
2793 507 2862 562 ad
2922 506 3240 562 Eusebium
3291 509 3349 560 et
3393 505 3671 578 Augusti-

2026 609 2190 660 num,
2223 595 2502 650 adversus
2533 595 2632 650 illa
2672 596 2944 651 similiter
2990 597 3380 668 disputantes,
3445 595 3674 650 mitten-

2025 682 2164 738 dum
2200 687 2255 739 te
2278 699 2405 740 esse
2437 684 2626 740 satius
2659 685 2938 740 duximus
2969 685 3202 756 (Euseb.
3226 684 3327 739 lib.
3362 701 3401 739 ιι
3424 687 3670 756 Ρνκραν.

2027 777 2256 843 Evang.,
2289 789 2416 844 cap.
2452 775 2552 829 46!
2587 791 2756 846 seqq.,
2788 791 2910 846 cap.
2949 777 3014 828 13
3043 778 3093 829 et
3134 791 3279 847 seqq.
3316 775 3670 845 ;Augustin.

2024 861 2128 917 lib.
2161 878 2214 915 1v
2245 862 2309 917 de
2339 863 2522 933 Civit.,
2555 880 2682 935 cap.
2712 865 2802 934 39,
2836 880 2966 936 pag.
3009 864 3112 918 106
3156 870 3207 918 et
3261 880 3404 935 seqq.
3447 869 3505 918 et
3567 863 3668 918 lib.

2023 950 2089 1007 de
2117 952 2262 1018 02's.,
2287 955 2430 1007 tom.
2464 953 2557 1019 Vl,
2594 970 2724 1024 pag.
2748 954 2853 1008 505
2883 958 2934 1008 et
2989 956 3176 1024 seqq).
3214 957 3291 1007 Ex
3322 952 3394 1008 iis
3451 956 3670 1020 autem,

2025 1044 2281 1111 atqueex
2316 1040 2599 1096 hactenus
2648 1041 2982 1113 disputatis,
3043 1042 3155 1096 cito
3214 1041 3492 1114 facileque
3540 1059 3671 1114 per-

2023 1128 2237 1200 spicies
2268 1144 2444 1201 quam
2478 1130 2714 1186 infirma
2747 1131 2824 1186 sit
2861 1129 3070 1188 Caecilii
3099 1134 3156 1185 et
3211 1129 3458 1186 aliorum
3490 1131 3676 1204 genti-

2022 1217 2169 1273 lium
2195 1219 2267 1274 ad
2312 1219 2668 1292 probandam
2728 1221 2972 1277 deorum
3029 1236 3271 1276 suorum
3304 1219 3673 1292 praesentiam

2025 1308 2276 1366 deducta
2305 1325 2374 1364 ex
2403 1309 2667 1383 auguriis
2698 1314 2754 1366 et
2784 1309 3065 1383 auspiciis
3087 1309 3536 1383 argumentatio.

1749 1593 2008 1658 CAPUT
2047 1595 2179 1658 XX.

257 1714 657 1802 Expenditur
681 1715 990 1802 generalis
1021 1717 1272 1802 Minucii
1305 1718 1650 1802 responsio,
1683 1737 1808 1797 qua
1854 1719 2177 1802 miracula,
2213 1722 2492 1796 oracula,
2526 1723 2830 1802 auspicia,
2867 1724 3157 1802 auguria,
3188 1724 3433 1786 somnia
3461 1728 3520 1784 et
3551 1724 3677 1785 alia

337 1795 843 1883 extraordinaria
873 1801 1042 1883 apud
1072 1798 1356 1883 ethnicos
1384 1799 1572 1870 facta,
1605 1795 1730 1860 non
1760 1818 1838 1860 ex
1867 1799 2130 1861 deorum
2162 1821 2420 1864 suorum
2453 1795 2785 1883 potestate,
2816 1795 2926 1866 sed
2956 1795 3319 1866 daemonum
3347 1804 3677 1865 fraudibus

343 1893 415 1935 ac
448 1876 780 1955 praestigiis
810 1878 1092 1955 profecta
1135 1896 1267 1940 esse
1295 1879 1708 1940 demonstrat.

729 2053 992 2110 ARTICU
1002 2054 1134 2111 LUS
1171 2054 1454 2112 PRIMUS.

267 2162 500 2230 Qualem
531 2161 810 2238 Minucius
827 2165 1100 2238 putaverit
1139 2178 1253 2218 esse
1279 2162 1595 2238 (tamquam
1624 2169 1912 2238 naturam,

333 2239 386 2289 et
418 2250 588 2305 quam
617 2237 758 2307 recte
777 2233 986 2307 dixerit
1016 2235 1145 2289 illos
1172 2236 1368 2306 poetis,
1386 2235 1831 2307 philosophis,ac
1859 2233 1920 2292 iis

330 2307 536 2378 primis
565 2306 790 2380 Platoni
833 2309 886 2380 et
912 2305 1154 2380 Socrati,
1180 2305 1358 2380 atque
1388 2305 1571 2362 etiam
1603 2305 1805 2380 'Magis
1851 2325 1918 2367 ac

332 2380 608 2449 prxcz'puc
641 2379 866 2432 Hastam“
891 2379 1063 2447 fuisse
1093 2379 1354 2447 cognitos.

338 2504 492 2568 Quas
525 2502 816 2557 Minucius
865 2502 1208 2574 singillatim
1241 2508 1525 2560 everterat
1567 2504 1914 2563 Caeciliica-

276 2596 644 2663 terorumque
674 2589 981 2663 gentilium
1014 2594 1573 2663 argumentationes,
1606 2593 1713 2650 has
1757 2595 1915 2665 ipsas

281 2680 388 2735 sive
418 2697 484 2735 ex
515 2679 795 2751 auspiciis
822 2688 875 2734 et
934 2681 1216 2752 auguriis,
1279 2681 1398 2737 sive
1449 2699 1516 2738 ex
1558 2684 1812 2740 oraculis
1860 2690 1916 2742 et

283 2769 766 2840 pradictionibus,
789 2769 909 2824 sive
939 2786 1006 2824 ex
1035 2771 1282 2826 somniis
1313 2776 1369 2826 et
1397 2771 1528 2828 aliis
1558 2773 1918 2844 quibuscun-

284 2873 387 2928 que
411 2858 882 2913 extraordinariis
939 2858 1178 2926 effectis,
1212 2859 1496 2931 prodigiis
1536 2868 1712 2932 atque
1741 2863 1912 2936 veris,

286 2947 362 3001 uti
381 2947 678 3018 putabant,
702 2945 1004 3003 miraculis
1016 2948 1379 3020 desumptas,
1410 2949 1664 3021 generali
1681 2968 1916 3025 respon-

287 3035 434 3091 sione
467 3035 730 3092 dissolvit
758 3052 824 3092 ac
855 3037 1090 3108 penitus
1139 3037 1389 3095 coniicit.
1441 3037 1688 3096 Omissis
1717 3046 1914 3098 autem

287 3124 417 3180 bene
446 3126 666 3196 multis,
685 3141 834 3196 quas,
865 3125 1095 3182 etiamsi
1123 3143 1364 3199 prorsus
1386 3127 1624 3185 insolita
1645 3129 1912 3187 videban-

283 3218 387 3285 tur,
419 3215 536 3271 solo
562 3225 756 3271 tamen
788 3231 928 3270 casu
988 3215 1142 3272 facta
1183 3216 1432 3288 fuerant,
1482 3218 1541 3274 in
1595 3217 1916 3291 ipsummet

281 3301 488 3360 invadit
543 3303 761 3361 erroris
839 3304 1137 3376 totiusque
1196 3305 1498 3377 pravitatis
1546 3313 1741 3380 caput,
1802 3310 1910 3377 vel,

278 3391 474 3498 titipse
502 3392 783 3495 loquitur,
815 3393 887 3493 ad
921 3392 1080 3498 illius
1135 3393 1375 3498 fontem,
1409 3396 1564 3451 unde
1593 3397 1785 3454 omnis
1816 3415 1910 3455 ca-
1942 3431 1985 3498 α

274 3479 383 3554 ligo
413 3483 688 3550 manavit,
715 3482 1096 3554 aperiendum
1129 3484 1486 3555 aggreditur.
1513 3489 1684 3541 Docet
1713 3487 1912 3560 itaque

271 3571 546 3638 omnium,
580 3590 706 3642 quas
763 3579 923 3628 extra
978 3576 1327 3628 consuetum
1399 3590 1594 3630 rerum
1644 3576 1908 3635 ordinem

267 3664 416 3733 apud
439 3662 703 3718 ethnicos
750 3662 902 3718 facta
959 3661 1436 3734 perhibebantur,
1471 3680 1586 3720 non
1644 3665 1908 3737 ipsorum

265 3752 421 3818 deos,
469 3752 572 3808 sed
630 3750 818 3807 malos
865 3751 1160 3807 daemones
1211 3767 1340 3807 esse
1390 3769 1588 3809 revera
1620 3761 1905 3814 auctores.

263 3840 550 3913 Quidquid
582 3845 778 3896 autem
804 3841 882 3896 ibi
917 3839 1012 3896 ille
1069 3842 1262 3910 refert,
1317 3841 1376 3897 id
1420 3843 1746 3916 Cyprianus
1784 3846 1908 3919 (Cy-

260 3931 447 4001 prian.
479 3931 556 3986 De
576 3928 778 3986 Idolor.
812 3931 1010 4000 venit,
1043 3946 1175 4002 pag.
1210 3930 1279 3985 15
1307 3938 1360 3986 ει
1413 3931 1604 4002 seqq.)
1663 3948 1790 4000 suo,
1844 3938 1909 3989 ut

258 4035 413 4091 saepe
439 4020 716 4086 vidimus,
750 4034 910 4074 more
939 4017 999 4073 in
1039 4035 1213 4074 suum
1239 4040 1267 4069 «
1302 4019 1372 4075 de
1420 4019 1710 4076 [dolorum
1743 4023 1906 4079 vani-

255 4113 372 4166 tate
407 4133 435 4159 ››
464 4109 683 4166 librum
731 4108 1052 4164 transtulit.
1106 4109 1437 4164 Lactantius
1485 4110 1768 4182 (Lactant.
1801 4111 1901 4170 lib.

253 4213 315 4266 ιι,
349 4217 475 4272 cap.
515 4200 582 4255 14
611 4203 664 4255 ει
691 4214 868 4271 seqq.,
901 4213 1032 4270 pag.
1067 4198 1174 4252 216
1195 4205 1245 4254 et
1273 4201 1442 4271 seqq.)
1467 4216 1719 4272 quoque,
1749 4200 1902 4257 idem

251 4297 663 4361 argumentum
724 4287 915 4344 fusius
972 4292 1334 4359 persecutus,
1394 4288 1561 4360 plura
1609 4289 1783 4346 etiam
1835 4308 1904 4348 ex

252 4381 486 4434 auctore
539 4383 742 4434 nostro
808 4379 1114 4433 mutuatus
1197 4381 1338 4446 est;
1401 4379 1901 4448 quemadmodum

249 4464 385 4537 ipse
427 4467 715 4524 Minucius
767 4483 835 4522 ex
882 4465 1237 4522 Tertulliano
1289 4466 1549 4538 (Tertull.
1598 4469 1899 4541 Apologet.,

249 4571 378 4627 cap.
410 4559 477 4612 22
511 4567 562 4615 et
590 4559 761 4630 seqq.)
818 4572 928 4612 sua
973 4554 1376 4626 desumpsisse
1422 4555 1576 4612 haud
1609 4556 1901 4615 immerito

249 4645 498 4703 videtur.
534 4647 651 4704 Nec
681 4647 895 4702 desunt
923 4645 1100 4701 etiam
1126 4644 1224 4700 alii
1264 4644 1362 4702 illo
1394 4645 1583 4702 adhuc
1613 4647 1900 4719 antiquio-

249 4750 345 4790 res
378 4733 641 4792 Ecclesiss
667 4735 884 4800 Patres,
910 4734 1007 4806 qui
1041 4733 1134 4790 bis
1170 4733 1387 4790 similia
1433 4735 1668 4808 scriptis
1717 4736 1901 4792 tradi-

249 4822 410 4895 dere,
443 4842 593 4898 quos
617 4824 770 4880 infra
792 4840 898 4879 suo
919 4823 1042 4879 loco
1070 4823 1409 4880 citabimus.

321 4914 458 4980 Qua:
486 4919 681 4971 autem
712 4914 784 4969 ab
808 4912 934 4985 ipso
965 4913 1212 4970 dicenda
1245 4917 1429 4986 erant,
1467 4917 1530 4970 ut
1586 4915 1658 4971 ab
1709 4915 1896 4971 omni-

248 5002 361 5060 bus
397 5004 623 5061 facilius
653 5001 903 5076 intelligi
945 5006 1205 5074 possent,
1266 5003 1435 5075 prius
1488 5003 1895 5076 explicandum

252 5105 378 5149 esse
408 5095 572 5150 duxit
602 5093 867 5166 quinam,
899 5092 1141 5163 cujusve
1163 5096 1381 5148 natura:
1412 5093 1531 5148 sint
1579 5093 1894 5162 damones,

256 5196 315 5235 ac
349 5185 418 5238 de
449 5183 566 5240 illis
599 5182 682 5239 sic
721 5181 966 5237 statuit:
1005 5202 1032 5234 α
1089 5181 1342 5254 Spiritus
1385 5186 1542 5250 sunt,
1597 5207 1618 5236 ι
1681 5183 1896 5256 inquit,

260 5293 284 5318 ιι
311 5271 600 5339 insinceri,
634 5271 786 5345 vagi,
812 5289 845 5328 a
875 5270 1094 5326 caelesti
1143 5273 1337 5344 vigore
1384 5273 1630 5328 terrenis
1663 5271 1896 5328 labibus

260 5363 314 5413 et
333 5361 744 5434 cupiditatibus
788 5358 1104 5433 degravati.
1135 5360 1237 5415 Isti
1270 5359 1448 5432 igitur
1477 5361 1719 5432 spiritus
1749 5363 1897 5418 sim-

271 5447 563 5516 plicitatem
598 5451 940 5506 substantiae
974 5466 1115 5515 sum,
1167 5449 1359 5504 onusti
1418 5455 1476 5506 et
1517 5450 1776 5506 immersi
1813 5450 1894 5506 vi-

271 5537 377 5606 tiis,
407 5540 806 5613 perdiderunt.
839 5560 866 5592 ιι
903 5539 1106 5596 Nonne
1139 5545 1334 5594 autem
1369 5537 1462 5594 his
1500 5539 1691 5596 verbis
1711 5543 1894 5597 bono-

89 5613 146 6000 ]
267 5641 382 5691 rum
409 5629 754 5706 angelorum
803 5627 1214 5702 malorumque
1269 5626 1390 5690 sive
1427 5629 1759 5690 daemonum
1789 5647 1896 5692 ua-

1948 2058 1997 2125 B
2027 2059 2220 2114 turam
2252 2058 2563 2132 distinguit
2591 2061 2620 2116 ?
2648 2061 2802 2118 616
2834 2061 3037 2117 Nonne
3090 2060 3232 2117 satis
3262 2064 3457 2132 aperte
3487 2061 3678 2118 decla-

2029 2163 2155 2202 rare
2188 2146 2416 2204 videtur
2447 2149 2761 2220 prioribus,
2794 2150 2894 2222 qui
2939 2149 2998 2206 in
3044 2165 3134 2215 ea,
3189 2167 3306 2217 qua
3336 2149 3512 2204 creati
3547 2149 3676 2205 fue-

2027 2243 2178 2302 rant,
2204 2237 2512 2294 sanctitate
2533 2243 2589 2295 et
2610 2238 2798 2312 gratia
2845 2245 3309 2311 perseverarunt,
3343 2237 3674 2310 simplicem

2025 2326 2264 2382 omnino
2294 2326 2498 2397 fuisse,
2531 2327 2896 2401 spiritualem
2920 2333 2977 2384 et
3008 2329 3078 2383 ab
3137 2327 3295 2382 omni
3327 2343 3568 2399 prorsus
3615 2341 3677 2384 re

2025 2430 2300 2486 corporea
2333 2421 2618 2473 secretam
2679 2417 3117 2473 substantiam?
3165 2417 3300 2480 Quae
3344 2417 3502 2472 enim
3561 2417 3677 2474 alia

2023 2519 2058 2558 a
2091 2503 2285 2574 malis,
2307 2506 2409 2577 qui
2439 2506 2706 2576 ejusdem
2737 2523 2871 2562 cum
2905 2505 3022 2562 illis
3066 2510 3283 2561 naturae
3315 2511 3498 2574 erant,
3558 2505 3674 2563 nisi

2023 2590 2372 2664 simplicitas
2403 2595 2730 2650 sanctitatis
2789 2597 3008 2650 amissa
3062 2595 3175 2650 dici
3234 2595 3480 2666 potest?
3524 2595 3673 2651 Nam

2024 2697 2124 2735 eos
2144 2687 2274 2752 post
2296 2687 2597 2754 peccatum
2634 2689 2797 2738 vocat
2825 2683 3016 2739 adhuc
3049 2705 3076 2732 «
3137 2683 3397 2753 spiritus,
3458 2705 3486 2733 »
3567 2684 3672 2740 sed

2022 2770 2268 2826 terrenis
2296 2771 2528 2828 labibus
2583 2778 2640 2828 et
2676 2773 3098 2844 cupiditatibus
3148 2773 3511 2844 degravatus.
3545 2773 3672 2829 Non

2025 2857 2193 2933 plura
2214 2859 2293 2914 ibi
2323 2859 2420 2916 ille
2440 2861 2681 2917 tradidit
2711 2863 2781 2919 de
2800 2861 3036 2918 illorum
3059 2865 3291 2937 natura,
3317 2862 3389 2917 de
3421 2878 3538 2934 qua
3564 2879 3670 2919 nos

2023 2948 2082 3004 in
2106 2949 2635 3023 prioriApparatus
2665 2955 2846 3021 tomo,
2897 2955 2956 3007 et
3008 2949 3068 3006 in
3119 2951 3506 3024 sequentibus
3556 2951 3673 3007 dis-

2024 3038 2440 3096 sertationibus
2489 3040 2736 3112 (Tom.I
2788 3041 3082 3113 Apparat.,
3140 3057 3274 3114 pag.
3325 3041 3564 3097 491-535
3620 3045 3672 3098 et

2022 3143 2194 3201 seqq,
2225 3127 2330 3183 988
2359 3137 2416 3184 et
2433 3129 2623 3201 seqq.).
2649 3129 2764 3186 Nec
2795 3129 2982 3203 magis
3011 3129 3314 3187 enucleate
3335 3130 3669 3198 edisseruit,

2023 3233 2152 3289 quae
2183 3218 2302 3273 sint
2332 3216 2444 3273 illis
2474 3223 2713 3274 terrenae
2743 3218 2906 3275 labes
2943 3219 3159 3291 quibus
3192 3219 3500 3291 pristinam
3531 3221 3671 3276 sub-

2023 3306 2250 3362 stantiae
2279 3305 2720 3379 simplicitatem
2772 3307 3118 3364 amiserunt.
3153 3307 3309 3363 Nulli
3337 3312 3535 3364 tamen
3567 3309 3673 3363 mi-

2024 3412 2154 3452 rum
2187 3395 2244 3450 id
2289 3411 2418 3452 esse
2461 3396 2652 3462 debet,
2703 3396 3180 3468 quandoquidem
3231 3397 3303 3452 ad
3353 3395 3669 3453 refellenda

2024 3503 2172 3541 vana
2214 3484 2582 3541 ethnicorum
2623 3491 2967 3557 argumenta
2998 3485 3110 3541 sibi
3137 3485 3281 3542 satis
3326 3501 3454 3542 esse
3503 3493 3668 3558 puta-

2019 3576 2102 3631 vit
2133 3575 2390 3631 indicare
2421 3579 2654 3648 quantas
2683 3574 3050 3640 subtilitatis,
3074 3573 3355 3646 agilitatis
3386 3592 3452 3630 ac
3479 3575 3670 3632 tenui-

2019 3663 2158 3719 tatis
2187 3663 2264 3720 sit
2294 3663 2628 3718 daamonum
2652 3667 2882 3730 natura,
2913 3662 3090 3736 idque
3127 3678 3242 3718 non
3274 3664 3446 3720 modo
3478 3665 3668 3736 philo-

2018 3752 2338 3824 sophorum
2377 3769 2442 3808 ac
2497 3755 2822 3824 poetarum,
2865 3768 3063 3807 verum
3123 3752 3299 3807 etiam
3341 3753 3669 3826 Magorum,

2017 3842 2232 3914 quibus
2283 3841 2562 3915 refragari
2621 3858 2738 3897 non
2778 3844 3065 3912 poterant,
3123 3843 3470 3898 conﬁrmare
3510 3843 3670 3900 testi-

2018 3933 2234 3987 monio.

2089 4020 2248 4076 Plato
2275 4025 2492 4092 autem,
2516 4019 2601 4076 ait
2630 4019 2728 4076 ille
2761 4041 2788 4070 «
2820 4018 2878 4074 in
2913 4017 3219 4091 Symposio
3251 4023 3520 4076 naturam
3550 4022 3661 4076 daa-

2016 4125 2256 4164 monum
2283 4107 2605 4181 exprimere
2635 4107 2974 4164 connititur.
3002 4105 3140 4163 Vult
3168 4106 3322 4163 enim
3375 4123 3501 4163 esse
3525 4110 3663 4164 sub-

2015 4196 2288 4254 stantiam
2322 4197 2475 4253 inter
2505 4196 2810 4254 mortalem
2851 4197 3380 4268 immortalemque,
3439 4197 3494 4252 id
3550 4203 3660 4269 est,

2013 4287 2165 4342 inter
2185 4303 2398 4359 corpus
2428 4291 2484 4344 et
2531 4286 2804 4360 spiritum
2840 4286 3115 4357 mediam,
3147 4285 3358 4342 terreni
3392 4288 3664 4358 ponderis

2012 4380 2069 4432 et
2095 4376 2346 4433 caelestis
2367 4376 2618 4432 levitatis
2645 4374 2996 4432 admistione
3026 4379 3376 4431 concretam.
3401 4398 3428 4425 »
3479 4378 3544 4432 Et
3600 4395 3664 4435 re

2012 4468 2249 4540 quidem
2281 4483 2415 4523 vera
2458 4467 2578 4522 haec
2611 4470 2751 4523 sunt
2782 4465 2942 4522 illius
2997 4465 3056 4521 in
3116 4466 3290 4522 citato
3349 4467 3656 4540 Symposio

2007 4557 2220 4614 verba:
2251 4578 2278 4606 «
2307 4556 2482 4612 Vides
2504 4559 2558 4612 te
2589 4573 2654 4612 eo
2685 4555 3006 4624 devenisse,
3069 4559 3134 4612 ut
3186 4557 3453 4613 Amorem
3483 4559 3659 4616 deum

2010 4663 2134 4702 esse
2170 4644 2409 4700 minime
2440 4644 2787 4701 existimes?
2817 4645 2964 4710 Quid
2997 4661 3153 4717 ergo,
3188 4645 3424 4717 inquam
3446 4649 3474 4703 ?
3503 4653 3656 4704 Num

2011 4733 2274 4791 mortalis
2303 4739 2389 4790 est
2419 4734 2640 4790 Amor?
2699 4734 3102 4806 Nequaquam.
3153 4736 3516 4807 quuidnam
3557 4739 3659 4811 igi-

1941 4804 1985 4870 D
2013 4823 2155 4879 tur?
2175 4823 2358 4880 Sicuti
2388 4823 2446 4879 in
2469 4804 2872 4896 superioribus
2904 4804 3184 4894 diximus,
3229 4804 3448 4898 aliquid
3480 4804 3657 4883 inter-

2011 4911 2270 4969 medium
2330 4912 2480 4968 inter
2523 4913 2768 4971 mortale
2816 4918 2870 4970 et
2919 4912 3268 4971 immortale.
3313 4915 3460 4979 Quid
3495 4932 3654 4987 ergo,

2006 5001 2298 5058 Diotime?
2326 5002 2596 5076 Magnus,
2631 5020 2662 5059 ο
2694 5005 2982 5073 Socrates;
3015 5003 3279 5059 daemon:
3315 5007 3424 5059 Πᾶν
3457 5002 3560 5078 γὰρ
3590 5004 3654 5058 τὸ

2007 5088 2303 5165 διαιμόνων
2354 5091 2546 5166 μεταξὺ
2596 5091 2705 5147 ἐστι
2755 5093 2878 5146 θεοῦ
2934 5113 2990 5147 τε
3029 5092 3117 5146 καὶ
3151 5094 3394 5162 θκιητοῦε
3448 5094 3653 5150 Omnis

2005 5182 2162 5238 enim
2197 5183 2529 5240 daemonum
2597 5188 2808 5238 natura
2868 5183 3020 5238 inter
3049 5183 3223 5238 deum
3256 5185 3312 5237 et
3345 5182 3651 5240 mortalem

2005 5271 2372 5328 intermedia.
2397 5295 2425 5324 »
2462 5272 2629 5342 (Plat.
2667 5272 2914 5344 Sympos.
2968 5275 3086 5326 tom
3122 5272 3162 5336 Ι,
3217 5287 3349 5344 pag.
3384 5272 3534 5344 202.)
3564 5274 3649 5328 Ab

2002 5362 2330 5434 Augustino
2387 5367 2581 5418 autem
2636 5360 2919 5417 discimus
2976 5360 3264 5416 daemonia
3304 5361 3376 5416 ab
3410 5361 3649 5434 Apuleio

2003 5450 2298 5508 Platonico
2327 5450 2556 5508 deﬁniri
2585 5474 2612 5500 ‹‹
2645 5449 2922 5506 animalia
2949 5449 3146 5506 animo
3174 5452 3426 5522 passiva,
3459 5455 3652 5510 mente

2003 5540 2330 5611 rationalia,
2363 5557 2602 5613 corpore
2634 5539 2807 5610 aeria,
2839 5543 3100 5611 tempore
3158 5545 3371 5598 aeterna
3405 5559 3419 5610 ;
3457 5564 3485 5591 ››
3515 5548 3650 5616 post

2004 5646 2172 5694 suam
2203 5645 2414 5704 nempe
2442 5627 2819 5700 creationem,
2860 5628 2910 5686 si
2958 5627 3040 5687 ibi
3085 5628 3182 5690 ille
3231 5630 3491 5689 Platonis
3523 5648 3648 5690 ms-
3681 5657 3684 5660 ~
