1971 3081
230 144 289 175 635

864 142 910 171 DE
933 140 1078 170 MINUCII
1101 138 1268 168 OCTAVIO

1762 100 1879 177 4

228 211 313 248 gistri
329 212 375 242 sui
386 213 549 251 opinionem
566 213 704 250 sequitur.
720 211 846 247 (August.
873 207 922 234 lib.
950 213 979 234 rx
993 205 1029 233 De
1042 205 1069 239 Α
1083 204 1275 251 commeabat,
1292 204 1346 251 sed
1359 212 1375 233 ι
1391 204 1571 251 quibusdam
1579 204 1765 251 Zoroastrem,
1779 207 1808 234 ab
1820 207 1867 238 aliis

229 257 308 287 Civil.
326 267 389 296 cap.
404 259 429 294 8,
447 267 511 296 pag,
527 258 600 294 224.)

264 304 326 333 Non
344 295 440 333 minus
450 295 544 332 autem
556 303 613 331 noti
635 302 714 328 erant
740 299 880 325 demones
907 295 1026 329 Socrati,

228 361 243 375 α
259 351 307 385 qui
329 350 364 377 ad
395 352 506 380 nutum,
524 360 534 372 ιι
551 347 590 373 ait
618 343 766 375 Minucius,
783 352 797 365 «
818 342 845 367 et
873 339 1025 385 arbitrium

227 384 383 422 assidentis
398 393 451 421 sibi
467 390 610 423 daemonis,
628 387 668 415 vel
685 385 844 413 declinabat
855 384 968 420 negotia
982 384 1026 412 vel

227 439 351 476 petebat,
365 448 378 463 ιι
395 439 443 464 aut
459 436 530 463 sicut
553 434 649 476 postea
671 430 750 476 diait
765 428 933 476 Cyprianus,
944 441 963 476 Is
981 429 1026 456 in-

225 473 298 512 strui
315 490 344 510 se
360 484 387 508 et
395 479 451 514 rcgi
463 479 494 505 ad
509 475 643 504 daemonis
654 473 801 501 arbitrium
817 474 1024 509 praedicabat,»

223 527 365 564 (Cyprias.
383 526 424 551 De
437 521 499 550 Mal.
531 519 698 564 l’anit._pag
726 518 801 564 idet
820 518 1026 564 l4.)gAjugusti-

221 562 350 599 nursvero
365 573 463 594 rursus
480 565 573 591 narrat
587 562 654 597 quid
681 562 715 589 de
737 562 787 590 illo
810 562 948 598 Apuleius
965 563 1025 591 Plu-

221 615 333 643 tonicus
358 608 502 644 scripserit
517 608 647 642 (August.
662 606 711 634 lib.
733 614 771 634 vn
801 607 838 635 De
852 608 945 643 Civit,
962 616 1025 643 cap.

219 658 260 689 14,
278 662 343 690 pag.
359 653 431 686 202).
443 654 479 677 At
494 651 528 677 de
544 650 596 677 hoc
613 649 687 678 bello
699 650 770 677 tanti
794 651 960 688 philosophi
979 660 1026 679 co-

215 700 283 728 mite
298 706 329 725 ac
344 696 472 729 custode,
485 693 526 722 vel
542 694 617 722 sicut
645 695 687 722 ait
700 695 908 729 Tertullianus,
932 697 1026 732 paeda-

215 751 299 780 gogo,
320 740 387 769 alibi
407 739 607 767 disseruimus.
626 739 706 767 Alios
734 749 819 776 porro
836 741 1027 777 philosophos

211 789 310 816 auctor
325 788 420 812 noster
433 792 489 811 non
513 783 590 819 citat,
606 784 683 812 haud
712 785 800 812 dubie
828 786 897 821 quia
917 786 1026 814 nemini

211 831 323 860 ethnico
339 829 436 865 ignota
450 830 511 855 erat
526 827 642 856 illorum
660 830 695 857 de
711 830 894 859 dmmonibus
918 831 1026 867 opinio,

210 884 261 905 nec
276 874 334 902 ulla
355 875 415 901 erat
430 880 535 908 magna
556 873 710 910 fusiusque
725 875 897 911 explicanda
912 878 1028 904 conten-
1043 895 1067 928 Β

213 921 231 928 .-
269 920 299 928 ,νη
321 927 343 928 7,
374 917 383 928 Ι
408 918 526 928 1....-μ-Δ
552 926 608 928 μέμ
635 919 700 928 sssn
729 920 830 928 ,ιιι-ιι

210 921 250 949 tio
266 920 357 954 (Tom.
374 917 383 944 I
399 918 534 953 Apparet,
552 926 618 954 pag.
632 919 700 946 1113
711 920 843 955 et1115),

242 974 319 1001 Idem
336 978 405 998 sane
416 970 572 999 dicendum
588 972 623 1000 de
637 973 740 1008 poetis,
761 982 835 1009 quos
850 974 896 1002 his
912 977 1027 1003 tantum

208 1017 320 1047 duobus
335 1015 439 1049 verbis,
458 1026 471 1040 ι(
488 1016 577 1044 Poetis
593 1017 699 1053 sciunt,
730 1029 745 1043 ››
775 1027 827 1047 nec
855 1019 944 1047 ullius
973 1028 1028 1047 no-

207 1062 284 1090 mine
299 1060 460 1096 designato,
476 1061 566 1088 testes
587 1061 717 1090 adhibet.
738 1063 793 1090 Sed
825 1064 859 1091 de
875 1065 1027 1100 poetarum

207 1109 292 1142 atque
299 1104 384 1133 etiam
393 1104 633 1140 philosophorum
641 1107 677 1134 de
684 1110 787 1135 natura
794 1108 958 1136 daemonum
969 1109 1027 1145 opi-

205 1150 341 1180 nionibus
357 1149 431 1177 617
446 1149 475 1176 in
497 1151 639 1186 superiori
655 1152 820 1188 Apparatus
834 1155 913 1182 temo
929 1155 1026 1181 actum

206 1198 260 1229 est,
277 1196 304 1222 et
318 1194 347 1222 in
363 1195 556 1230 sequentibus
568 1195 664 1223 adhuc
680 1199 782 1233 agetur
794 1198 880 1233 (Ibid.
897 1207 963 1235 pag.
974 1199 1024 1226 991

206 1243 233 1269 et
248 1248 308 1275 seq.
326 1239 474 1267 dissertat.
500 1240 530 1267 in
558 1241 679 1269 Lactanl.
709 1250 773 1279 cap.
801 1243 845 1270 20.
875 1245 929 1271 art.
947 1245 982 1278 4;
999 1246 1028 1272 et

206 1286 236 1313 in
247 1284 419 1312 Tertulliani.
437 1292 499 1319 cap.
515 1285 558 1312 10.
577 1287 629 1313 art.
649 1286 689 1321 3).

240 1328 371 1364 Denique
385 1329 486 1364 Magis,
504 1328 544 1356 uti
563 1329 707 1358 Minucius
737 1333 844 1366 noster,
862 1334 947 1368 atque
962 1334 1028 1361 Ter-

206 1373 358 1407 tullianus,
374 1374 402 1400 et
418 1372 587 1401 Lactantius
603 1374 695 1410 aiunt,
713 1376 821 1412 cogniti
840 1379 910 1404 sunt
921 1377 1027 1406 daemo-

206 1426 268 1447 nes.
286 1417 391 1453 Ecquis
406 1425 471 1445 vero
501 1425 550 1445 eos
571 1418 676 1447 melius
706 1428 881 1456 cognoscere
905 1424 1027 1457 poterat,

206 1471 294 1500 quam
310 1461 396 1497 Magi,
413 1462 474 1498 qui,
498 1462 584 1490 sicuti
613 1464 693 1492 citati
717 1473 734 1492 a
760 1466 844 1494 nobis
870 1466 1029 1503 scriptores

205 1507 409 1540 testificantur,
426 1508 594 1536 eorumdem
611 1509 777 1537 daemonum
801 1510 901 1547 impiis
917 1511 1030 1539 artibus

205 1561 238 1581 ac
252 1551 407 1588 praestigiis
423 1560 456 1579 ea
482 1552 601 1586 faciunt,
619 1554 726 1589 quibus
754 1555 883 1583 illudunt
904 1556 1030 1584 incautis

204 1596 385 1628 hominibus,
402 1604 435 1624 ac
452 1596 594 1624 miracula
605 1606 635 1625 se
645 1599 730 1627 edere
741 1600 946 1635 persuadent?
955 1595 1030 1633 Odia

204 1641 264 1670 imo
280 1640 303 1668 si
331 1640 471 1668 Clementi
499 1642 694 1671 Alexandrino
719 1644 877 1678 credimus,
893 1645 967 1681 Magi
987 1645 1030 1672 illi

205 1685 301 1723 palam
313 1685 492 1721 jactitabant
513 1686 664 1715 ministros
679 1688 865 1725 famulosque
882 1698 913 1717 se
923 1690 1031 1718 habere

206 1731 365 1766 daemones,
381 1738 455 1766 quos
464 1731 645 1761 car'ninibus
652 1733 714 1761 suis
726 1734 852 1762 fecerant
860 1735 1032 1763 necessitate

207 1784 224 1804 a
239 1775 445 1809 dactos.Vide,
466 1776 490 1804 si
519 1776 609 1810 Iubet,
626 1786 689 1814 que
717 1778 747 1806 in
766 1778 845 1806 hunc
874 1779 1031 1807 Clementis

205 1819 394 1849 Alexandrini
434 1820 530 1849 locum
562 1823 766 1851 annotavimus
795 1826 823 1851 et
847 1824 967 1852 citatum
991 1824 1031 1852 ibi

207 1874 224 1894 δ
239 1865 324 1892 nobis
341 1864 509 1901 Eusebium,
526 1866 576 1902 qui
596 1874 630 1894 ex
645 1867 733 1895 variis
749 1868 941 1904 scriptoribus
965 1868 1032 1904 plu-

206 1910 284 1938 rima
298 1910 334 1938 de
349 1909 532 1938 damonibus
548 1912 705 1947 congessit.
716 1912 755 1939 De
769 1912 919 1941 Lactantio
934 1916 1031 1941 autem

207 1957 236 1984 ct
251 1954 431 1983 Tertulliano
448 1963 501 1982 nos
516 1963 569 1983 suo
584 1955 646 1983 loco
662 1956 879 1992 disputabimus
914 1958 1031 1992 (Tertul.

207 2001 319 2036 Apolog.
332 2008 395 2036 cap.
411 1999 447 2026 22
463 2008 470 2033 ;
489 1999 614 2028 Lactant.
645 2000 696 2028 lib.
727 2009 747 2029 ιι
763 2002 884 2029 Instituit.
902 2010 963 2038 cap.
989 2002 1031 2038 14,

209 2053 275 2081 pag.
291 2045 363 2078 216;
380 2043 513 2072 Clemens
540 2044 694 2073 Alexandr.
725 2046 863 2075 Admom'l.
888 2047 933 2074 ad.
958 2049 1032 2083 gent.

208 2097 276 2125 pag.
292 2088 326 2115 39
344 2090 432 2122 ;tom.
450 2089 461 2116 Ι
477 2090 609 2125 Apparet.
631 2099 697 2127 pag.
715 2091 805 2126 1239).

245 2141 395 2169 Daemones
424 2150 509 2177 porro
539 2143 630 2179 Magis
660 2145 791 2180 cognitos
816 2144 908 2173 fuisse
931 2144 1035 2181 probat

209 2185 357 2215 Minucius
386 2189 485 2214 noster
512 2187 639 2223 Ostanis,
666 2197 717 2217 seu
751 2189 888 2217 Hostanis
916 2189 1034 2217 illorum

210 2231 362 2268 principis,
379 2232 560 2260 auctoritate.
579 2234 642 2262 Ilaec
658 2236 756 2262 autem
768 2237 838 2262 sunt
849 2236 912 2270 ejus
927 2234 1033 2263 verba:

1081 250 1307 277 Proconnesium
1317 249 1367 277 illo
1376 249 1463 286 paulo
1473 249 1652 285 antiquiores
1662 251 1794 278 reoenseri
1802 252 1866 287 (Plin.

1080 294 1132 328 lib,
1147 303 1202 322 xxx
1221 295 1315 322 Nutur.
1348 295 1415 322 Hist.
1444 302 1507 330 cap.
1524 302 1546 328 1,
1575 303 1638 330 pag.
1661 295 1733 331 726).
1754 294 1868 325 Eusebius

1080 347 1147 367 vero
1163 339 1248 367 nobis
1258 339 1376 367 exhibet
1385 340 1474 367 citata
1489 347 1506 366 a
1521 339 1676 375 Porphyrio
1688 339 1815 375 Apollinis
1823 349 1868 369 car-

1081 383 1171 416 mina,
1187 384 1295 420 quibus
1318 384 1441 412 Ostanes
1463 383 1648 419 appellatur:
1665 382 1757 420 Μάγων
1779 381 1871 422 ὅχ¹ἄρι.

1081 438 1154 462 στος,
1172 440 1185 454 ‹‹
1202 429 1352 465 Magorum
1369 429 1525 456 maximus.
1544 439 1557 452 ››
1574 428 1657 455 Prius
1686 436 1749 456 vero
1763 428 1816 464 ipse
1827 430 1872 457 Eu-

1081 473 1181 502 sebius
1204 473 1315 501 dixerat
1342 474 1485 509 scriptum
1514 473 1551 500 ab
1577 474 1681 500 Ostane
1699 474 1872 502 octateuchum

1080 518 1229 552 volumen,
1245 518 1273 545 in
1291 526 1348 554 quo
1364 518 1399 545 de
1414 517 1483 551 Deo,
1500 518 1542 545 uti
1558 518 1679 545 annotat
1697 517 1835 551 Minucius,
1849 527 1873 546 sc

1081 563 1116 591 de
1132 563 1205 599 ipsis
1225 563 1302 590 haud
1319 562 1407 590 dubie
1432 562 1616 590 daemonibus
1645 561 1836 597 disputavcrat,
1852 571 1875 590 ac

1081 608 1166 643 cujus
1182 607 1217 635 de
1240 615 1337 635 rerum
1355 609 1460 635 natura
1488 607 1653 635 doctrinam
1681 606 1779 642 reliqui
1796 615 1876 635 omnes

1081 652 1173 680 secuti
1189 653 1259 680 sunt
1274 652 1391 687 (Euseb.
1408 651 1458 679 lib.
1475 659 1492 678 v
1513 652 1639 687 Praepar.
1655 652 1755 685 Evaug.
1770 659 1824 686 cap.
1845 651 1877 683 14,

1081 704 1147 733 pag.
1163 696 1227 724 202.
1241 697 1320 724 Idem
1338 696 1388 724 lib.
1407 705 1426 731 ι,
1443 704 1507 732 cap.
1519 695 1617 723 ultim.
1633 703 1697 732 pag.
1714 695 1766 729 42).
1777 696 1807 723 Et
1818 698 1877 723 certe

1080 741 1263 777 Augustinus
1279 741 1339 768 haec
1355 741 1391 768 de
1414 741 1514 768 eodem
1538 742 1666 768 Hostane
1681 740 1748 768 citat
1767 740 1877 776 Cypriani

1081 785 1169 813 verba
1185 793 1191 813 :
1209 796 1222 810 α
1240 785 1368 817 Quorum
1385 784 1562 820 (Magorum)
1572 783 1736 820 praecipuus
1752 784 1878 817 Hostanes,

1082 833 1110 858 et
1125 830 1248 857 formam
1264 829 1323 857 veri
1341 829 1387 857 Dei
1405 831 1491 865 negat
1506 828 1638 865 conspici
1654 836 1747 864 posse,
1770 830 1796 855 et
1809 836 1879 864 ange-

1081 874 1125 902 los
1140 883 1223 902 veros
1237 874 1299 902 sedi
1326 874 1389 909 ejus
1414 874 1485 901 dicit
1501 874 1651 901 assistere.
1670 885 1681 897 ι
1701 873 1760 908 Sed
1776 872 1828 899 hac
1840 872 1881 908 Cy.

1083 919 1204 956 prianus
1219 919 1385 947 exMinucio
1396 920 1505 953 nostro,
1523 918 1692 952 utinesolet,
1709 917 1880 952 proculdubio

1084 966 1235 992 mutuatus
1252 964 1354 991 fuerat.
1372 963 1510 999 Ejusdem
1527 971 1614 999 porro
1632 962 1763 990 Hostanis
1780 961 1881 989 mentio-

1083 1017 1149 1037 nem
1174 1009 1285 1036 faciunt
1314 1008 1455 1041 Laertius,
1482 1007 1625 1043 Apuleius
1655 1009 1683 1034 et
1717 1006 1773 1039 alii,
1794 1013 1883 1041 nosque

1083 1053 1150 1081 alibi
1167 1054 1202 1081 de
1214 1053 1264 1081 illo
1284 1053 1449 1080 audivimus
1465 1052 1621 1080 Tatianum
1637 1052 1819 1079 disserentem
1831 1050 1883 1085 (Au-

1082 1100 1159 1134 gust.
1172 1098 1222 1125 lib.
1238 1107 1277 1125 vn
1294 1098 1330 1125 de
1344 1098 1440 1133 baptis.
1457 1106 1522 1133 cap.
1544 1097 1588 1131 44,
1607 1105 1673 1133 pag.
1695 1096 1756 1128 185,
1771 1094 1882 1125 tom.l.\';

1083 1143 1180 1179 Cypr.,
1202 1142 1252 1171 lib.
1280 1142 1312 1170 de
1340 1143 1408 1170 ldol.
1437 1142 1503 1170 Van.
1535 1150 1603 1178 pag.
1631 1141 1663 1169 14
1680 1149 1687 1175 ;
1704 1140 1777 1168 618
1801 1140 1879 1167 Lasrt.

1083 1188 1159 1215 Proc.
1176 1187 1213 1224 ξι
1229 1196 1235 1221 ;
1254 1187 1369 1223 Apulei,
1397 1187 1512 1224 Apolog.
1535 1194 1603 1222 pag.
1630 1186 1703 1220 100;
1718 1187 1785 1213 tom.
1812 1186 1822 1211 ι
1842 1184 1882 1218 Ap-

1081 1237 1173 1268 paret.
1190 1240 1256 1268 pag.
1272 1233 1345 1268 550).

1119 1276 1314 1313 Exposuimus
1330 1276 1473 1305 hactenus
1490 1276 1561 1312 quid
1592 1275 1738 1304 Minucius
1760 1274 1846 1301 noster
1857 1272 1884 1299 de

1083 1323 1188 1349 natura
1203 1321 1381 1356 daemonum,
1397 1330 1454 1349 non
1480 1323 1541 1349 tam
1567 1329 1602 1348 ex
1632 1328 1695 1352 sua,
1721 1319 1761 1346 uti
1781 1318 1884 1351 videtur,

1083 1374 1170 1403 quam
1187 1366 1342 1402 gentilium
1359 1366 1613 1402 philosophorum,
1639 1367 1788 1402 poetarum
1802 1365 1826 1391 et
1839 1361 1885 1390 Ma-

1084 1419 1188 1447 gorum
1203 1410 1392 1447 opinionibus
1409 1411 1550 1438 traditum
1571 1410 1665 1438 fuisse
1680 1408 1812 1437 docuerit.
1827 1406 1886 1438 Quo-

1085 1456 1171 1484 modo
1182 1457 1282 1483 autem
1293 1464 1328 1484 ex
1351 1455 1386 1483 Iis
1409 1455 1458 1483 ille
1473 1456 1623 1489 ostendat,
1639 1463 1696 1482 non
1726 1453 1847 1481 (ictorum
1860 1450 1888 1478 ab

1084 1500 1209 1529 ethnicis
1220 1500 1340 1528 deorum
1356 1508 1452 1536 opera,
1470 1500 1520 1528 sed
1549 1500 1723 1528 earumdem
1746 1498 1888 1526 daemonum

1086 1545 1223 1581 priestigii
1235 1553 1269 1573 ea
1284 1545 1361 1573 facta
1374 1553 1447 1579 esse,
1465 1553 1528 1580 qua:
1544 1547 1629 1572 extra
1654 1546 1763 1572 natura:
1777 1540 1889 1570 ordinem

1046 1583 1068 1617 (ἶ
1087 1589 1246 1626 contigisse
1257 1589 1425 1617 ferebantur
1436 1590 1499 1625 jam
1511 1588 1742 1617 examinandum
1754 1589 1805 1615 est.

1369 1661 1568 1689 ARTICULUS
1589 1661 1626 1689 II.

1087 1717 1271 1751 pronuntur
1286 1715 1399 1742 Minucii
1413 1716 1590 1748 argumenta,
1620 1713 1720 1750 quibus
1735 1712 1890 1751 demonstrat.

1121 1750 1205 1779 curet
1220 1751 1350 1786 quomodo
1379 1750 1537 1778 dwmonum
1565 1751 1678 1777 artibus
1707 1757 1738 1776 ac
1763 1750 1892 1786 przsligm

1123 1795 1154 1814 ea
1169 1784 1260 1815 omnia
1275 1788 1350 1822 facta
1365 1788 1429 1818 sint,
1446 1795 1505 1821 quae
1520 1794 1612 1821 supra
1640 1785 1781 1813 consuetas
1801 1784 1892 1822 natura:

1124 1824 1193 1850 vires
1204 1820 1299 1858 (ﬂecte
1313 1820 1485 1854 videbantur,
1501 1822 1549 1849 ubi
1562 1822 1649 1857 plura
1673 1821 1705 1849 de
1719 1820 1837 1851 somniis,
1856 1824 1893 1844 va-

1122 1859 1175 1886 riis
1189 1859 1309 1886 sortibus
1322 1866 1355 1886 ac
1370 1859 1463 1885 vatum
1480 1859 1586 1893 furore.

1123 1922 1258 1950 Vidimus
1273 1922 1302 1949 in
1319 1921 1462 1957 superiori
1477 1919 1601 1948 articulo
1615 1929 1674 1956 qua
1695 1919 1803 1948 ratione
1816 1918 1893 1946 Minu-

1088 1968 1152 1997 cius
1168 1967 1272 1995 dixerit
1296 1967 1444 1995 dazmones
1468 1965 1605 1994 amisisse
1622 1976 1636 1990 α
1661 1965 1826 1993 substantiae
1847 1969 1894 1990 sua

1088 2012 1319 2049 simplicitatem,
1336 2022 1351 2037 »
1361 2010 1416 2045 vel,
1433 2010 1509 2039 sicut
1524 2010 1635 2038 mitiori
1659 2010 1746 2038 verbo
1773 2009 1895 2043 interpres

1088 2058 1152 2094 ejus
1169 2055 1470 2089 Lactantius,eifatur,
1480 2067 1490 2080 ι
1500 2055 1676 2083 substantiis
1687 2054 1810 2084 caelestis
1819 2051 1895 2088 digni-

1088 2105 1189 2134 tatem,
1201 2112 1216 2127 »
1233 2101 1261 2129 id
1274 2103 1318 2129 est
1333 2100 1532 2136 praestantiam
1549 2102 1578 2128 et
1598 2099 1808 2132 excellentiam,
1823 2103 1895 2133 quam

1089 2146 1152 2175 suis
1167 2146 1307 2174 nimirum
1324 2145 1449 2181 peccatis
1465 2145 1648 2173 fmdaverunt
1668 2145 1810 2181 (Lactant.
1824 2142 1868 2170 lib.
1878 2139 1895 2167 Il

1088 2192 1210 2221 Institut.
1233 2199 1297 2226 cap.
1329 2190 1372 2223 14,
1397 2198 1463 2226 pug.
1492 2190 1566 2226 216).
1596 2192 1671 2217 Cum
1702 2189 1791 2225 igitur
1808 2186 1896 2216 merito

1091 2236 1220 2265 damnati
1234 2243 1335 2263 eorum
1351 2243 1452 2270 poenas
1466 2234 1561 2267 luunt,
1573 2245 1587 2259 «
1597 2235 1633 2262 ad
1646 2234 1782 2263 solatium
1798 2230 1897 2261 calami-

212 2287 223 2301 ε
242 2276 356 2310 Eorum,
372 2276 505 2304 videlicet
520 2277 695 2312 daemonum,
708 2278 859 2315 Magorum
875 2279 991 2316 eloquio
1005 2281 1034 2308 et
1048 2274 1071 2306 D
1087 2282 1156 2311 tatis
1167 2289 1237 2316 suae,
1255 2292 1269 2306 ››
1281 2282 1314 2308 ut
1328 2280 1368 2307 ait
1379 2282 1480 2308 auctor
1494 2281 1603 2312 noster,
1621 2281 1651 2307 et
1667 2287 1720 2307 nos
1735 2278 1808 2306 infra
1823 2274 1897 2312 expli-

210 2321 326 2357 negotio
341 2322 452 2358 primus
466 2322 609 2351 Hostanes
628 2325 689 2360 (ms.
713 2333 770 2360 reg.
782 2325 929 2361 Sostanes)
945 2328 974 2353 et
990 2334 1034 2353 ve-

210 2375 277 2395 rum
292 2369 381 2395 Deum
398 2367 502 2395 merita
517 2369 669 2404 majestate
692 2369 889 2406 prosequitur,
905 2372 934 2397 et
951 2378 1035 2406 aage-

210 2413 265 2448 Ioa,
290 2411 319 2440 1d
349 2414 393 2440 est
422 2412 574 2441 ministros
602 2415 630 2442 et
659 2414 778 2443 nuntios
804 2415 864 2449 Dei,
889 2416 939 2443 sed
966 2415 1034 2451 veri,

206 2458 334 2494 ejusque
343 2458 521 2486 venerationi
538 2458 617 2487 novit
629 2459 775 2493 assistere,
793 2462 825 2487 ut
837 2462 944 2488 etnutu
959 2460 1034 2496 ipso.

210 2506 239 2531 et
254 2502 337 2531 vultu
353 2502 469 2531 Domini
484 2503 576 2531 territi
592 2504 829 2532 contremiscant.
852 2504 930 2532 Idem
946 2505 1035 2533 etiam

211 2548 357 2577 daemones
372 2548 499 2584 prodidit
513 2550 654 2584 terrenos,
666 2557 763 2584 vagos,
778 2549 1036 2577 bumanitatisini-

211 2594 313 2621 mices.
329 2604 343 2618 »
361 2595 388 2620 Is
401 2601 469 2630 ergo
498 2593 640 2622 Hostanes
665 2593 772 2622 dicitur
796 2594 947 2630 Magorum
978 2594 1035 2630 pri-

211 2646 278 2665 mus
292 2649 305 2663 ‹‹
323 2637 448 2674 eloquio,
476 2650 489 2663 υ
520 2638 549 2666 id
579 2642 623 2667 est
646 2638 789 2672 doctrina,
820 2640 879 2667 sive
909 2639 1036 2675 magiam

211 2682 333 2709 docendi
348 2683 451 2718 peritia
468 2691 475 2713 ς
493 2694 507 2708 ‹‹
523 2685 550 2710 et
566 2683 691 2720 negotio,
718 2694 732 2708 »
758 2683 811 2711 hoc
827 2685 872 2711 est
897 2691 982 2719 opere
1009 2686 1038 2711 et

212 2725 336 2753 artibus.
347 2729 385 2754 At
400 2727 512 2756 Plinius
523 2728 641 2764 scripsit
651 2728 729 2756 hunc
745 2729 884 2756 Ostanem
901 2737 952 2756 seu
968 2728 1038 2756 Hos-

212 2772 322 2805 tanem,
339 2772 410 2799 dum
427 2772 456 2799 in
476 2774 632 2802 Persarum
662 2773 737 2802 bello
766 2774 888 2802 Xersem
915 2773 1036 2802 comita-

212 2816 303 2850 retur,
319 2816 392 2845 artis
414 2817 533 2854 magicas
557 2818 670 2849 semina
697 2819 841 2856 sparsisse
865 2827 1038 2857 quocunque

1090 2325 1233 2361 cabimus,
1249 2335 1263 2350 «
1292 2333 1350 2352 non
1375 2324 1513 2352 desinunt
1541 2323 1678 2359 perditi»
1701 2324 1763 2358 jam
1783 2321 1898 2350 homines

1090 2371 1220 2407 perdere,
1237 2377 1345 2406 eosque
1360 2368 1445 2396 averi
1470 2368 1521 2396 Dei
1544 2367 1624 2396 cultu
1642 2370 1774 2401 avocant,
1796 2374 1826 2394 ac
1839 2372 1896 2401 pra!-

1089 2415 1212 2451 cipitant
1226 2414 1256 2442 in
1269 2421 1355 2442 omne
1369 2413 1476 2441 erroris
1483 2413 1663 2449 scelerisque
1678 2420 1771 2449 genus
1784 2410 1896 2447 (Dissert.

1089 2461 1120 2488 in
1136 2460 1269 2494 Lactant,
1284 2467 1347 2495 cap.
1375 2459 1420 2492 20,
1450 2461 1503 2486 art.
1527 2458 1565 2493 6).
1592 2458 1701 2485 Eadem
1724 2456 1823 2484 iisdem
1837 2458 1896 2489 pene

1089 2505 1184 2532 verbis
1200 2504 1274 2532 dixit
1289 2503 1461 2539 Cyprianus,
1477 2504 1506 2530 et
1535 2504 1659 2538 uterque
1684 2500 1814 2537 sequitur
1838 2498 1896 2525 Ter-

1090 2549 1259 2583 tullianum,
1276 2549 1371 2584 iisque
1387 2547 1555 2576 Lactantius
1572 2555 1603 2575 ac
1621 2545 1796 2575 Prudentius
1810 2541 1896 2571 suifra-

1091 2595 1207 2630 gantur.
1224 2593 1368 2621 Omnibus
1384 2594 1481 2620 autem
1510 2591 1569 2620 illis
1595 2591 1750 2628 praaiverat
1763 2588 1893 2618 Tatisnus.

1091 2647 1178 2674 quem
1193 2638 1288 2674 legere
1303 2637 1421 2674 poteris,
1438 2640 1526 2673 atque
1541 2637 1570 2665 in
1585 2635 1690 2672 primis
1705 2633 1894 2674 Augustinum.

1092 2673 1141 2719 qui
1158 2673 1327 2710 hzecii‘usius
1339 2682 1526 2718 prosequitur
1546 2680 1693 2718 (Cyprian.
1719 2679 1768 2707 lib.
1795 2677 1825 2705 de
1838 2673 1893 2703 Idol-

1094 2729 1186 2757 Vanit.
1199 2736 1265 2763 pag.
1283 2727 1333 2761 13;
1357 2726 1477 2755 Tertull.
1502 2726 1613 2762 Apolog.
1643 2733 1707 2761 cap.
1723 2725 1776 2758 22;
1792 2723 1893 2750 Lactan.

1092 2772 1144 2801 lib.
1156 2781 1175 2800 ιι
1190 2773 1311 2801 Iustitut.
1329 2780 1393 2807 cap.
1406 2772 1448 2799 14.
1478 2780 1544 2808 pag.
1556 2771 1606 2798 218
1625 2779 1632 2804 ;
1658 2769 1790 2797 Prudent.
1812 2766 1893 2801 hymn.

1092 2818 1124 2848 in
1136 2820 1166 2849 S.
1181 2818 1300 2849 Viam".
1311 2816 1424 2854 stroph.
1440 2817 1475 2845 20
1498 2820 1528 2848 et
1540 2817 1572 2848 21
1588 2824 1595 2853 ;
1613 2814 1728 2845 Tatiae.
1738 2813 1810 2843 Orat.
1823 2809 1896 2840 Mir-
