4102 6172
307 271 421 331 63"!

1741 274 2286 339 DlSSERTATIO.

3597 278 3718 339 638

310 403 479 462 Graec.
510 419 646 477 pag.
681 404 820 470 155;
858 405 1097 478 August.
1131 403 1234 461 lib.
1281 422 1324 460 ιι
1376 404 1443 461 de
1491 405 1652 463 Civil.
1705 422 1832 478 cap.
1880 406 1950 463 23
1979 407 2034 476 Α
2063 409 2204 466 bant
2241 411 2367 468 suis
2394 412 2777 484 carminibus,
2803 411 3034 486 sibique
3065 414 3276 484 prmsto
3306 425 3434 467 esse
3463 412 3714 484 compel-

310 502 360 551 et
383 509 552 565 seqq.,
578 511 710 567 pag.
744 495 814 550 53
843 499 894 550 et
921 495 1115 567 seqq).

377 600 653 666 Quamvis
683 606 875 657 autem
927 603 1223 658 daemones
1263 603 1566 659 amiserint
1607 603 1954 660 substantiae

304 708 421 747 suae
453 691 892 762 simplicitatem
925 696 981 747 et
1011 691 1382 764 dignitatem,
1418 696 1830 748 remanserunt
1861 697 1952 749 ta-

303 796 433 836 men
475 802 502 832 a
532 780 778 852 spiritus
811 780 1112 849 insinceri,
1161 805 1181 830 ι
1232 785 1295 836 ut
1343 781 1606 853 loquitur
1637 782 1950 853 Minucius,

300 893 328 920 «
362 875 422 925 et
447 869 604 940 vagi,
639 890 666 918 ι)
693 885 821 940 quae
849 869 1118 943 Cypriani
1169 886 1398 942 quoque
1442 871 1617 926 verba
1654 874 1814 938 sunt,
1848 871 1950 928 sed

301 980 329 1009 α
378 963 608 1025 tenues,
660 979 690 1008 »
741 961 866 1029 aut,
919 959 1068 1014 sicut
1119 959 1200 1013 ait
1249 959 1588 1015 Lactantius
1639 979 1661 1008 ε
1709 959 1952 1032 spiritus

297 1050 508 1103 tenues
537 1051 594 1101 et
625 1047 1272 1119 incomprehensibiles.
1322 1067 1349 1098 »
1383 1048 1502 1103 Sua
1531 1051 1728 1103 autem
1759 1049 1950 1105 tenui-

301 1139 418 1191 tate
449 1140 631 1208 atque
671 1135 930 1208 agilitate
962 1159 990 1186 «
1032 1135 1216 1193 vitam
1265 1137 1528 1207 turbant,
1560 1157 1586 1189 ιο
1623 1137 1814 1210 pergit
1843 1138 1950 1192 Mi-

300 1225 512 1281 nucius
552 1230 770 1296 noster,
802 1241 867 1280 ac
909 1230 1041 1298 post
1088 1242 1221 1282 eum
1269 1226 1614 1299 Cyprianus,
1647 1249 1676 1278 «
1711 1243 1950 1284 somnos

299 1314 650 1386 inquietant.
701 1313 1024 1387 irrepentes
1092 1315 1269 1372 etiam
1323 1316 1666 1388 corporibus
1727 1317 1952 1372 occulte

295 1405 538 1460 morbos
570 1405 820 1478 fingunt,
852 1409 1073 1461 terrent
1121 1411 1372 1474 mentes,
1421 1407 1688 1462 membra
1737 1407 1948 1462 distor-

293 1499 501 1566 quent,
536 1499 604 1550 ut
633 1494 702 1549 ad
735 1495 828 1550 sui
859 1493 1082 1550 cultum
1123 1500 1352 1567 cogant,
1409 1500 1467 1552 et
1508 1495 1579 1552 ab
1612 1495 1952 1552 hominibus

287 1587 585 1656 tanquam
609 1583 725 1640 veri
764 1583 844 1639 dii
875 1585 1144 1640 colantur
1171 1589 1228 1640 et
1281 1586 1617 1652 adorentur,
1652 1590 1824 1656 atque
1854 1602 1953 1641 sa-

286 1690 470 1730 nasse
502 1691 603 1730 eos
631 1673 944 1731 videantur
996 1691 1248 1746 quorum
1289 1674 1683 1731 valetudinem
1715 1675 1950 1732 vitiave-

2063 498 2282 568 lehant,
2313 507 2508 574 atque,
2544 508 2609 558 ut
2639 503 2719 558 ait
2766 503 2957 559 adhuc
3010 501 3360 568 Lactantius,
3410 500 3532 557 suis
3565 501 3711 574 ipsis

2064 589 2298 646 ciebant
2328 592 2686 659 nominibus,
2721 591 2937 662 quibus
2992 590 3212 646 scilicet
3255 591 3312 645 in
3345 590 3527 646 sacris
3559 590 3710 646 Scri-

2064 680 2256 752 pturis
2289 680 2680 752 appellantur.
2715 680 2873 736 Alios
2923 695 3056 735 vero
3109 684 3315 751 praeter
3346 679 3709 737 Christianos

2061 771 2241 824 testes
2273 769 2322 825 si
2356 769 2674 840 desideras,
2727 770 2823 825 adi
2872 770 3212 836 Eusebium,
3264 785 3331 824 ac
3374 768 3571 840 plures
3601 770 3708 826 tibi

2062 857 2159 913 ille
2207 860 2626 931 suppeditabit,
2678 877 2745 914 ex
2794 859 3011 931 quibus
3066 859 3325 915 ostendit
3391 876 3507 915 non
3542 859 3708 929 alios,

2062 963 2239 1020 quam
2273 949 2564 1003 daemones
2596 948 2871 1004 malefica:
2904 948 3046 1004 artis
3078 952 3148 1003 ab
3172 947 3338 1004 initio
3372 948 3552 1004 fuisse
3584 965 3707 1004 ma-

2060 1037 2276 1109 gistros
2307 1037 2587 1109 (Lactant.
2626 1039 2724 1094 tib.
2755 1041 2852 1094 cit.
2888 1055 3015 1109 cap.
3055 1037 3289 1109 16,pag.
3311 1038 3454 1105 233;
3487 1038 3702 1093 Euseb.

2059 1124 2160 1181 lib.
2193 1144 2248 1182 v.
2281 1129 2525 1198 Prwpar
2570 1130 2789 1196 dvang.,
2831 1143 2958 1198 cap.
3008 1126 3064 1193 8,
3097 1142 3229 1198 pag.
3279 1127 3380 1181 193
3425 1135 3478 1182 et
3521 1141 3707 1198 seqq.;

2061 1215 2204 1271 ibid.
2238 1233 2366 1289 cap.
2402 1217 2487 1287 10,
2521 1233 2650 1288 pag.
2687 1216 2831 1288 199).

2133 1325 2286 1381 Satis
2307 1327 2433 1398 jam
2463 1342 2530 1382 ex
2574 1325 2668 1380 his
2701 1329 2856 1397 patet
2901 1340 3076 1396 quam
3110 1341 3258 1380 vana
3307 1323 3570 1397 falsaque
3601 1323 3713 1380 elo-

2063 1415 2316 1488 quentia
2361 1431 2576 1488 pompa
2637 1414 2900 1470 Caecilius
2976 1413 3323 1470 Christianis
3393 1414 3708 1484 ohjecerit:

2063 1527 2090 1555 «
2125 1503 2232 1560 Per
2263 1504 2521 1576 quietem
2543 1504 2682 1560 deos
2708 1503 3708 1576 videmus,audimus,agnoscimus,

2063 1609 2211 1665 quos
2239 1593 2418 1664 impie
2450 1609 2553 1664 per
2583 1593 2737 1648 diem
2787 1609 3096 1665 negamus,
3148 1591 3452 1663 nolumus,
3487 1593 3709 1663 pejora-

2062 1700 2261 1739 mus.»
2294 1682 2687 1747 Quamobrem
2711 1681 2981 1738 Octavius
3012 1681 3254 1737 Minucii
3289 1684 3349 1736 et
3372 1686 3711 1737 caaterorum

278 1769 443 1819 rant.
483 1764 699 1820 Eadem
730 1763 922 1820 verbis
954 1763 1129 1836 paulo
1170 1763 1415 1820 diversis
1467 1763 1802 1820 Lactantius
1837 1767 1948 1821 tra-
1980 1783 2028 1848 Β
2059 1771 2522 1830 Christianorum
2556 1772 2812 1841 nomine,
2845 1787 2909 1827 ac
2960 1775 3163 1843 postea
3209 1769 3538 1843 Cyprianus
3571 1769 3714 1825 sim-

280 1853 446 1908 didit
482 1871 495 1920 ;
529 1854 630 1908 sed
668 1853 724 1907 hi
757 1869 963 1908 omnes
1008 1870 1428 1926 praecursorem
1482 1853 1951 1925 magistrumque

274 1940 638 1998 habuerunt
667 1941 1240 2016 Tertullianum,qui
1274 1941 1390 1997 illis
1419 1941 1606 1999 facem
1640 1941 1731 1998 his
1760 1943 1950 1998 verbis

268 2030 689 2104 praetulerat:
728 2053 750 2079 σ
785 2031 1054 2104 Suppetit
1097 2031 1235 2098 illis,
1284 2054 1311 2082 »
1365 2031 1750 2099 daemonibus,
1799 2054 1826 2082 ‹‹
1879 2032 1949 2087 ad

255 2124 620 2192 utramque
661 2120 1048 2176 substantiam
1099 2121 1376 2191 hominis,
1423 2143 1451 2171 «
1481 2121 1590 2177 hoc
1620 2125 1710 2176 est
1739 2137 1952 2193 corpus

259 2213 326 2264 et
364 2209 680 2280 animum,
715 2231 742 2259 «
777 2209 1106 2266 adeundam
1133 2209 1426 2266 subtilitas
1447 2214 1504 2266 et
1535 2209 1790 2266 tenuitas
1822 2227 1950 2265 sua.

255 2299 448 2354 619
499 2297 750 2353 Multum
785 2298 1191 2370 spiritualibus
1245 2298 1467 2354 viribus
1509 2298 1662 2366 licet,
1691 2303 1756 2354 ut
1806 2299 1952 2354 invi-

259 2387 508 2444 sibiles
548 2393 607 2443 et
645 2387 1014 2443 insensibiles
1061 2387 1121 2442 in
1169 2388 1371 2444 effectu
1423 2387 1618 2460 potius
1668 2404 1846 2460 quam
1893 2388 1953 2444 in

253 2481 416 2532 actu
460 2493 574 2531 suo
624 2481 964 2548 appareant.
998 2501 1024 2527 ››
1061 2477 1141 2548 (S.
1184 2477 1354 2550 Cypr.
1385 2477 1490 2545 lib,
1542 2477 1607 2532 de
1630 2477 1829 2548 ldolor,
1859 2494 1954 2533 va-

263 2568 390 2621 nit.
435 2581 582 2638 pag.
622 2565 683 2618 13
713 2569 767 2620 et
800 2565 884 2620 14.
920 2565 1178 2622 Lactant.
1214 2565 1317 2621 lib.
1352 2583 1391 2621 ιι
1415 2567 1657 2622 (nstitui.
1691 2584 1819 2639 cap.
1863 2567 1950 2633 14,

270 2672 430 2728 pag.
469 2655 598 2709 218.
647 2653 869 2709 Tertul.
914 2656 1192 2726 Apologet.
1246 2672 1370 2726 cap.
1417 2658 1508 2711 22.
1560 2672 1692 2728 pag.
1726 2656 1844 2725 23.)
1877 2656 1957 2711 Ea

277 2743 487 2818 igitur
528 2742 809 2799 invisibili
866 2748 1088 2800 naturae
1129 2749 1185 2801 et
1231 2744 1444 2800 virium
1491 2743 1818 2801 subtilitate
1848 2745 1957 2800 mi-

291 2832 510 2889 racula
558 2833 727 2889 edere
777 2833 1142 2902 videbantur,
1195 2851 1323 2907 quas
1367 2833 1606 2890 minime
1673 2835 1960 2892 miracula

304 2927 470 2978 sunt.

383 3013 606 3069 Incauti
649 3014 942 3071 enimvero
973 3030 1039 3070 ac
1077 3014 1298 3071 creduli
1347 3014 1592 3087 gentiles
1625 3037 1652 3067 ‹‹
1681 3017 1958 3089 prodesse

322 3116 411 3158 eos
440 3107 666 3174 putant,
719 3104 802 3159 ait
845 3103 1196 3171 Lactantius,
1240 3121 1374 3160 cum
1419 3121 1624 3162 nocere
1654 3105 1950 3177 desinunt,

319 3195 408 3266 qui
439 3195 583 3252 nihil
616 3195 771 3252 aliud
805 3201 1055 3270 possunt
1092 3213 1269 3269 quam
1323 3214 1545 3254 nocere.
1582 3223 1603 3252 ι
1643 3200 1949 3272 (Lactant.,

318 3283 407 3340 loc.
437 3287 526 3340 cit.
565 3303 622 3358 p.
655 3287 806 3352 219.)
839 3286 984 3345 Nam
1018 3286 1103 3342 uti
1135 3303 1270 3342 mox
1300 3286 1578 3357 diximus,
1611 3293 1787 3361 atque
1817 3290 1952 3346 Ter~

309 3373 598 3447 tullianus,
632 3381 803 3431 antea
830 3392 962 3432 vero
1003 3375 1306 3446 Tatianus,
1339 3381 1395 3432 et
1426 3382 1630 3450 postea
1664 3379 1950 3437 Eusebius

316 3468 694 3531 asseruerant,
728 3464 947 3520 laedunt
977 3465 1264 3536 homines,
1309 3467 1534 3522 morbis
1583 3468 1851 3540 afﬂgunt,
1884 3486 1949 3525 ac

310 3566 435 3606 cum
467 3552 747 3607 desinunt
794 3552 1019 3621 laedere,
1071 3554 1142 3609 ab
1173 3555 1344 3626 aegris
1388 3555 1707 3624 avolantes,
1758 3575 1946 3614 remo-

303 3639 484 3711 tisque
554 3640 878 3710 maleficiis,
934 3658 1172 3699 curasse
1241 3644 1582 3701 creduntur.
1645 3645 1946 3704 Similibus

301 3744 530 3801 quoque
562 3730 854 3786 machinis
884 3748 949 3787 ae
971 3732 1122 3788 dolis
1151 3731 1264 3788 alia
1287 3734 1552 3806 prodigia
1582 3738 1640 3790 et
1663 3735 1948 3793 miracula

296 3818 482 3874 facere
513 3819 922 3892 credebantur,
957 3821 1028 3876 de
1060 3822 1275 3893 quibus
1326 3839 1507 3896 supra
1555 3823 1946 3882 disseruimus

292 3907 664 3976 (Tertullian.
717 3909 815 3964 loc.
867 3912 958 3965 cit.
995 3929 1010 3979 ;
1043 3911 1272 3967 Tatian.
1321 3911 1471 3968 Orat.
1522 3923 1696 3968 contr.
1749 3916 1944 3982 Graec"

285 4011 426 4068 pag.
469 3997 856 4066 157;Euseb.
905 3999 1007 4054 lib.
1058 4017 1093 4054 v
1142 4003 1394 4073 Przpar.
1443 4017 1658 4074 evang.,
1711 4019 1836 4075 cap.
1886 4005 1941 4072 2,

286 4101 424 4159 pag.
459 4086 554 4143 181
590 4104 604 4155 ;
638 4105 801 4160 supr.
835 4105 962 4161 cap.
999 4090 1084 4157 19,
1119 4099 1226 4146 art.
1262 4093 1287 4147 1
1321 4093 1372 4146 et
1399 4091 1594 4164 :eqq.).

357 4193 644 4251 Praeterea
675 4217 704 4245 ‹‹
740 4197 912 4269 Magi,
946 4196 1028 4253 ait
1056 4198 1370 4265 Minucius,
1421 4198 1708 4270 quidquid
1765 4198 1942 4255 mira-

281 4281 410 4336 culi
439 4282 676 4351 ludunt,
709 4301 813 4356 per
841 4286 1134 4342 daemones
1178 4287 1437 4355 faciunt;
1469 4286 1588 4343 illis
1631 4288 1942 4361 aspiranti-

284 4369 409 4426 bus
437 4377 489 4427 et
515 4373 1318 4458 infundentibus,praastigias
1343 4377 1641 4445 edunt,vel
1673 4396 1800 4451 quae
1823 4397 1940 4436 non

2059 1861 2290 1933 pliciter
2320 1860 2698 1932 respondent,
2734 1875 2849 1914 non
2884 1860 3042 1925 deos,
3093 1860 3194 1915 sed
3227 1860 3530 1914 daemonas
3561 1875 3710 1925 esse,

2061 1949 2163 2023 qui
2192 1973 2220 2000 «
2254 1966 2492 2005 somnos
2524 1948 2874 2020 inquietant,
2929 1970 2957 1998 »
3010 1947 3095 2003 vel
3147 1948 3321 2003 sicuti
3375 1948 3714 2003 Lactantius

2059 2039 2342 2112 loquitur,
2383 2061 2403 2088 ε
2439 2037 2687 2094 somniis
2718 2037 2948 2093 animos
2978 2041 3257 2103 terrent,»
3293 2042 3348 2092 et
3379 2041 3549 2092 antea
3577 2037 3712 2092 Ter-

2059 2128 2343 2200 tulianus,
2383 2151 2404 2177 ι
2440 2127 2670 2183 somnia
2694 2126 3043 2182 immittunt.
3072 2148 3101 2175 ››
3134 2125 3501 2198 (Cyprian.de
3530 2125 3715 2182 [dolor

2066 2220 2244 2274 Vanit.
2297 2233 2428 2290 pag.
2483 2216 2586 2283 13;
2619 2216 2879 2272 Lactant.
2933 2213 3034 2270 lib.
3109 2231 3149 2269 ιι
3200 2216 3380 2270 lnstit.
3447 2231 3575 2286 cap.
3624 2215 3711 2284 14,

2062 2325 2192 2381 pag.
2225 2307 2368 2375 219;
2402 2305 2643 2364 Tertull.
2689 2305 2912 2376 Apolog.
2964 2321 3091 2376 cap.
3124 2304 3218 2371 23,
3253 2319 3384 2375 pag.
3415 2303 3532 2374 24.)
3563 2303 3713 2370 Quin

2061 2397 2235 2453 etiam
2269 2395 2392 2468 ipse
2433 2395 2630 2450 Cicero
2686 2394 2834 2449 ferre
2883 2409 2998 2448 non
3056 2393 3250 2464 potuit
3302 2391 3547 2464 gentiles
3575 2407 3715 2448 suos

2063 2486 2294 2542 somnia
2325 2485 2480 2541 020
2525 2483 2810 2538 divinitus
2861 2481 3147 2553 inspirata
3195 2497 3324 2539 esse
3365 2482 3710 2553 garrientes.

2063 2575 2210 2632 Nam
2242 2597 2269 2624 ‹‹
2306 2573 2492 2629 multa
2521 2571 2987 2644 sunt,inquit,ex
3023 2571 3280 2626 historiis
3311 2569 3538 2642 prolata
3563 2586 3716 2626 som-

2065 2664 2181 2734 nia,
2216 2663 2420 2718 matris
2453 2662 2802 2726 Phalaridis,
2837 2659 2962 2733 Cyri
2994 2659 3556 2731 superioris,matris
3578 2658 3712 2715 Dio-

2065 2753 2238 2827 nysii,
2272 2752 2431 2807 Pmni
2462 2749 2794 2814 Amilcaris,
2849 2748 3175 2814 Annibalis,
3222 2752 3284 2802 P.
3339 2748 3566 2803 Decii...
3600 2749 3708 2802 Sed

2064 2844 2186 2900 haec
2209 2840 2543 2911 externa,ob
2576 2854 2824 2912 eamque
2854 2854 3093 2894 causam
3116 2837 3315 2909 ignota
3346 2836 3515 2892 nobis
3547 2840 3708 2904 sunt,

2065 2931 2348 2991 nonnulla
2375 2929 2551 2987 etiam
2584 2928 2720 2986 ficta
2760 2928 3026 2984 fortasse.
3081 2948 3110 2976 »
3146 2927 3278 2983 Post
3308 2925 3544 2999 longam
3576 2942 3708 2981 vero

2066 3025 2138 3080 de
2183 3021 2547 3095 quibuslibet
2593 3017 2840 3075 somniis
2887 3015 3366 3089 disputationem,
3415 3013 3710 3070 concludit

2067 3112 2294 3168 nullum
2327 3112 2503 3166 deum
2533 3124 2662 3164 esse
2701 3106 2938 3163 illorum
2990 3106 3340 3170 effectorem,
3374 3119 3439 3159 ac
3470 3103 3706 3159 ductam

2063 3219 2132 3258 ex
2161 3202 2234 3257 iis
2265 3199 2680 3256 divinationem
2704 3213 2839 3252 cum
2864 3196 3087 3253 caeteris
3119 3211 3359 3268 prorsus
3389 3191 3702 3264 exploden-

2061 3292 2199 3348 dam
2251 3306 2381 3346 esse
2448 3286 2789 3361 pronuntiat
2853 3285 2988 3358 (Cic.
3039 3283 3143 3339 lib.
3195 3299 3258 3351 ιι,
3305 3284 3374 3340 de
3421 3285 3704 3348 Divinat.,

2059 3397 2188 3454 pag.
2226 3380 2352 3448 299,
2384 3377 2490 3433 lin.
2521 3377 2631 3445 25;
2665 3375 2806 3432 ibid.
2848 3391 2980 3447 pag.
3032 3374 3158 3442 301,
3191 3373 3294 3429 lin.
3338 3373 3404 3427 10
3431 3379 3486 3429 et
3514 3374 3704 3444 seqq).

2057 3469 2212 3524 Nihil
2247 3468 2427 3541 igitur
2453 3465 2661 3521 Caecilii
2695 3463 2917 3520 ratione
2967 3461 3215 3530 futilius,
3264 3478 3378 3534 qua
3415 3479 3481 3518 ex
3520 3461 3706 3518 ethni-

2059 3575 2262 3614 corum
2305 3555 2550 3614 somniis
2582 3553 2954 3627 presentiam
2986 3553 3228 3609 deorum
3279 3567 3522 3608 suorum
3571 3569 3706 3622 pro-

2055 3646 2183 3703 bari
2216 3661 2387 3718 posse
2417 3645 2542 3718 ipse
2595 3643 2815 3716 aliique
2863 3641 3112 3715 gentiles
3161 3641 3616 3698 somniaverant.
3647 3639 3705 3695 Si

2057 3735 2199 3809 quid
2231 3735 2388 3791 enim
2421 3735 2478 3788 in
2511 3733 2649 3802 illis,
2683 3733 2753 3789 de
2785 3732 3000 3805 quibus
3027 3731 3354 3804 disputant,
3387 3730 3704 3786 extraordi-

2057 3825 2207 3881 narii
2240 3825 2433 3891 fuerit,
2465 3823 2576 3880 hoc
2607 3822 2900 3879 Minucius
2932 3827 3107 3894 atque
3139 3821 3239 3877 alii
3270 3820 3703 3893 antiquissimi-

2055 3915 2322 3972 Ecclesim
2371 3914 2574 3970 Patres
2619 3913 2952 3969 daemonum
3003 3912 3310 3968 fraudibus
3359 3927 3426 3966 ac
3459 3909 3704 3965 fallaciis

2054 4005 2433 4060 tribuendum
2465 4020 2594 4060 esse
2623 4003 2782 4060 haud
2816 4001 3154 4058 dubitanter
3177 4003 3530 4058 asseverant.

2124 4114 2198 4167 At
2226 4111 2432 4167 iisdem
2463 4110 2612 4167 dolis
2644 4109 3074 4182 praestigiisque
3117 4131 3138 4158 σ
3182 4109 3388 4176 sortes,
3427 4126 3448 4156 ι
3487 4105 3565 4160 ait
3595 4105 3700 4160 Mi-

2055 4201 2265 4258 nucius
2295 4216 2363 4258 ac
2393 4199 2668 4256 similiter
2683 4200 3074 4272 Cyprianus,«
3108 4200 3373 4269 regunt.»
3406 4194 3699 4267 (Cyprian.

2050 4289 2153 4345 lib.
2187 4289 2251 4344 de
2280 4288 2480 4346 (dolor.
2538 4289 2715 4344 Vam’t.
2763 4303 2896 4359 pag.
2950 4287 3060 4357 13.)
3092 4286 3200 4341 Sed
3249 4302 3374 4356 qua;
3407 4288 3548 4340 sunt
3578 4283 3701 4338 istae

2053 4384 2240 4435 sortes
2273 4379 2321 4434 si
2355 4395 2388 4433 a
2420 4376 2586 4434 nobis
2618 4375 2830 4448 aliquis
2879 4375 3156 4447 requirat,
3208 4373 3347 4429 huic
3386 4372 3700 4445 responde~

290 4464 436 4515 sunt
461 4461 749 4530 videri,vel
778 4480 906 4536 quae
955 4470 1093 4522 sunt
1114 4482 1227 4522 non
1257 4465 1498 4522 videri.»
1521 4467 1722 4523 Nonne
1747 4473 1942 4524 autem
1976 4533 2010 4540 _
2052 4468 2249 4524 bimus
2298 4467 2569 4540 ipsismet
2625 4464 2920 4522 Ciceronis
2972 4463 3184 4534 verbis,
3246 4464 3462 4536 quibus
3513 4467 3702 4519 sortes

287 4548 363 4602 ad
399 4533 1066 4610 huncilliuslocumtum
1080 4555 1426 4628 respiciebat
1445 4557 1940 4625 Lactantius,cum
1974 4533 2019 4598 D
2051 4580 2080 4609 «
2112 4557 2266 4613 idem
2299 4533 2724 4629 propemodum
2755 4570 2882 4610 esse
2913 4533 3698 4626 docet,quod‘micare,quod

289 4638 542 4710 scripsit:
555 4661 581 4693 ι
597 4641 900 4714 Magorum
917 4661 1011 4700 ars
1026 4643 1218 4700 omnis
1232 4660 1297 4700 ac
1316 4644 1574 4717 potentia
1592 4645 1941 4714 horum,das-

284 4739 534 4797 manum,
567 4729 1026 4802 aspirationibus
1058 4737 1309 4800 constat,
1357 4751 1390 4790 a
1421 4733 1634 4806 quibus
1667 4734 1938 4804 invocati,

287 4814 452 4873 visus
479 4818 788 4876 hominum
811 4823 1123 4895 prmstigiis
1152 4824 1585 4880 ohcaecantibus
1606 4823 1840 4891 fallunt,
1874 4828 1941 4880 ut

287 4919 411 4961 non
430 4907 661 4964 videant
681 4925 748 4964 ea
769 4915 1134 4982 quassunt,et
1151 4911 1343 4969 videre
1370 4929 1431 4969 se
1452 4917 1660 4984 putent
1681 4912 1938 4984 illa,qum

287 5009 410 5050 non
440 4998 668 5054 sunt?»
695 4999 980 5069 (Lactant.
1014 5000 1115 5055 lib.
1152 5018 1211 5067 ll,
1245 5018 1371 5074 cap.
1409 5003 1494 5071 14,
1529 5019 1660 5075 pag.
1695 5003 1940 5074 218.)At

285 5088 605 5159 utrumque
656 5087 750 5144 his
798 5088 991 5144 verbis
1043 5093 1427 5146 anteverterat
1491 5091 1934 5148 Tertullianus:

279 5196 308 5221 ‹‹
355 5175 509 5247 Magi
542 5176 730 5232 multa
761 5177 1159 5235 circulatlonis
1196 5179 1504 5252 prastigiis
1537 5181 1814 5236 ludunt...
1840 5181 1940 5237 ha-

271 5262 489 5320 bentes
520 5266 699 5322 semel
731 5267 1110 5338 invitatorum
1151 5269 1490 5342 angelorum
1523 5273 1580 5325 et
1605 5269 1937 5327 demonum

267 5359 662 5411 assistentem
714 5356 827 5412 sibi
881 5362 1245 5428 potestatem.
1299 5381 1326 5408 ››
1375 5357 1640 5430 (Tertull.
1701 5359 1931 5432 Apolog.

271 5459 421 5516 cap,
450 5444 539 5513 23,
582 5461 713 5518 pag.
766 5445 882 5517 24.)
927 5445 1058 5502 Jam
1103 5464 1234 5503 vero
1282 5447 1640 5503 Clementem
1685 5447 1935 5504 Alexan-

269 5534 524 5590 drinum
540 5533 874 5591 audivimus
897 5535 1204 5606 dicentem,
1239 5540 1434 5610 Magos
1466 5535 1705 5610 gloriari
1726 5537 1934 5611 impie-

268 5622 425 5685 tatis
451 5639 575 5686 sua
604 5622 910 5686 ministros
939 5623 1155 5686 habere
1183 5625 1664 5704 damonas,quos
1693 5627 1935 5688 advoca-

2049 4646 2198 4703 talos
2223 4647 2439 4717 jacere,
2472 4647 2628 4717 quod
2662 4643 3167 4708 tesseras.Quibus
3192 4643 3493 4700 temeritas
3521 4647 3577 4698 et
3605 4658 3699 4698 ca-

2051 4752 2174 4803 sus,
2207 4753 2321 4790 non
2380 4734 2526 4790 ratio
2578 4752 2683 4790 nec
2731 4732 3043 4790 consilium
3097 4732 3265 4790 valet.
3307 4735 3453 4789 Tuta
3485 4749 3577 4788 res
3611 4737 3701 4788 est

2057 4823 2292 4880 inventa
2321 4821 2589 4895 fallaciis,
2623 4828 2724 4881 aut
2754 4825 2826 4879 ad
2858 4826 3281 4896 quaestum,aut
3310 4823 3381 4878 ad
3413 4821 3702 4894 supersti-

2053 4914 2267 4982 tiones,
2299 4917 2401 4970 aut
2431 4914 2501 4970 ad
2533 4930 2812 4971 errorem.
2851 4936 2872 4964 ι
2909 4915 3108 4984 (Cicer.
3153 4914 3251 4969 lib.
3284 4913 3374 4968 cit.
3409 4928 3541 4984 pag.
3572 4912 3701 4980 291,

2057 5003 2163 5060 lin.
2197 5003 2310 5076 17.)
2343 5005 2476 5070 Quae
2505 5003 2686 5076 igitur
2719 5005 2907 5074 major
2936 5003 3211 5071 amentia,
3245 5016 3422 5074 quam
3473 4999 3700 5055 effutire

2049 5094 2156 5151 has
2186 5099 2372 5150 sortes
2419 5093 2493 5149 ab
2534 5093 2730 5166 aliquo
2783 5094 2901 5166 regi
2948 5095 3074 5160 deo,
3121 5092 3220 5164 qui
3253 5090 3302 5148 si
3351 5090 3496 5146 deus
3525 5104 3696 5144 verus

2046 5187 2155 5254 est,
2190 5187 2292 5239 aut
2320 5183 2576 5249 mentiri,
2610 5193 2712 5240 aut
2743 5183 2939 5239 fallere
2963 5198 3261 5252 nunquam
3296 5178 3488 5252 potuit
3518 5177 3546 5232 7

2117 5273 2400 5330 Eumdem
2441 5289 2573 5329 vero
2623 5274 2955 5329 Ciceronem
3007 5288 3077 5326 ne
3128 5271 3238 5326 sibi
3290 5269 3424 5341 ipsi,
3476 5284 3693 5339 quaeso,

2045 5362 2437 5435 opponas,qui
2467 5364 2633 5436 prius
2663 5363 2889 5418 dixerat
2917 5364 3133 5416 sortem
3165 5377 3278 5415 non
3311 5363 3696 5414 contemnen-

2045 5451 2204 5519 dam,
2238 5474 2266 5502 ‹‹
2299 5452 2428 5508 siet
2479 5451 2885 5507 auctoritatem
2930 5449 3107 5506 habet
3135 5448 3463 5517 vetustatis,
3513 5451 3569 5502 et
3616 5463 3694 5502 ea;

2044 5545 2186 5599 sunt
2215 5546 2420 5614 sortes,
2453 5557 2602 5615 quas
2639 5558 2671 5598 e
2719 5547 2875 5600 terra
2921 5539 3108 5597 editas
3161 5538 3514 5611 accepimus,
3566 5552 3692 5609 quis

2042 5633 2241 5690 tamen
2271 5629 2477 5705 ducta,
2509 5632 2576 5690 ut
2621 5629 2684 5689 in
2722 5645 2848 5690 rem
2898 5634 3033 5704 apte
3080 5628 3314 5698 cadant,
3364 5625 3488 5684 ﬁeri
3522 5640 3698 5698 posse
