4102 6172
462 309 581 372 639

1755 312 1856 372 DE
1901 310 2205 373 MINUCII
2249 309 2590 370 OCTAVIO

3683 313 3778 380 640

468 442 639 500 credo
669 441 968 500 divinitus.
1007 464 1036 493 ››
1067 441 1236 516 (Ibid.
1269 443 1370 500 lib.
1407 458 1448 511 ι,
1499 459 1630 516 pag.
1663 443 1787 515 291,
1836 442 1939 498 lin.
1989 443 2105 514 21.)
2137 443 2192 511 Α
2227 443 2341 516 plo,
2381 466 2406 493 υ
2438 442 2857 513 emendarique
2888 439 3172 508 volebat,«
3199 441 3306 513 ipsi
3337 441 3390 498 in
3416 441 3530 516 ipso
3555 448 3778 521 templo.»

465 532 662 588 Priore
709 530 1002 604 siquidem
1056 533 1127 588 de
1171 532 1525 590 divinatione
1573 532 1630 588 in
1671 531 1820 589 libro
1869 533 2108 589 fratrem

469 638 642 678 suum
676 621 794 676 haec
826 621 1213 693 proferentem
1247 621 1493 677 inducit.
1525 625 1600 677 At
1632 621 1800 677 illum
1831 623 1890 677 in
1925 628 2110 695 poste-

468 711 620 768 riore
650 710 1347 781 confutat,contenditque
1366 710 1588 766 nullam
1611 711 1870 768 sortibus
1892 712 2110 767 haben-

469 802 607 858 dam
641 800 906 856 ﬁdem.Si
936 817 1082 872 quas
1116 818 1248 856 vero
1282 800 1565 857 divinitus
1596 801 1801 857 ductas
1831 818 1958 857 esse
1990 818 2109 857 cre-

470 889 697 958 didit,in
717 889 826 945 hoc
843 891 1055 945 erroris
1075 889 1343 961 arguitur
1357 907 1489 946 cum
1507 907 1642 946 cum
1658 891 1780 946 suis
1795 891 2114 964 gentilibus

472 980 572 1052 qui
606 978 773 1035 falsis
804 980 918 1034 diis
967 997 1034 1034 ea
1084 979 1426 1050 ascripsere,
1483 997 1608 1051 quae
1641 980 1995 1046 damonum,
2028 979 2114 1035 uti

474 1069 697 1125 dictum
731 1073 836 1139 est,
871 1068 1117 1124 fallaciis
1149 1068 1297 1123 facta
1330 1072 1513 1124 erant.
1547 1069 1626 1124 De
1661 1069 1730 1124 iis
1762 1087 1933 1141 porro
1965 1069 2117 1124 aliis-

479 1175 593 1230 que
625 1158 883 1214 sortibus
938 1157 1233 1214 Danielem
1295 1157 1660 1214 Classenium
1719 1163 1775 1214 et
1831 1159 2116 1215 Caesarem

479 1246 866 1318 Bulengerum
918 1247 1221 1302 consulere
1289 1247 1504 1318 poteris
1577 1247 1857 1318 (Classen.
1919 1246 2017 1303 lib.
2077 1265 2116 1316 ι,

477 1335 716 1407 Theolog.
769 1344 944 1405 gent.,
997 1352 1122 1408 cap.
1173 1336 1246 1403 5;
1286 1335 1529 1409 Buleng.
1582 1335 1684 1391 lib.
1735 1337 1802 1391 de
1847 1335 2117 1406 Sortibus,

475 1423 636 1497 etc,).

552 1531 689 1586 Alia
722 1535 916 1587 autem
948 1535 1086 1586 sunt
1118 1538 1324 1599 sortes,
1359 1553 1387 1582 ‹‹
1415 1549 1566 1604 quae,
1599 1554 1627 1583 »
1663 1532 1816 1587 sicut
1844 1533 1997 1588 idem
2030 1533 2121 1587 Ci-

480 1636 613 1677 cero
643 1620 931 1686 observat,
965 1642 993 1670 «
1025 1620 1442 1676 vaticinatione
1461 1621 1809 1686 funduntur,
1833 1638 1960 1694 quas
1991 1638 2126 1676 ora-

483 1707 616 1766 cula
643 1707 837 1763 verius
867 1707 1120 1764 dicimus
1153 1708 1292 1774 (Cic.
1327 1709 1424 1765 loc.
1457 1709 2073 1782 cit.,pag.291,lin.12).
2096 1733 2124 1760 υ

2217 533 2328 589 Sed
2363 533 2420 587 id
2452 533 2819 604 probandum
2840 529 2924 586 illi
2957 536 3079 586 erat
3107 531 3316 586 codicis
3339 531 3564 604 alicujus
3583 540 3782 595 auctori-

2218 626 2354 678 tate.
2389 623 2531 687 Olllll
2563 639 2718 689 vero,
2751 621 2904 692 quod
2937 619 3222 676 Minucius
3253 622 3320 675 de
3362 622 3429 677 iis
3458 623 3782 698 loquitur,qui

2219 711 2279 766 in
2314 710 2610 784 publicum
2644 715 3018 766 excurrentes
3045 709 3163 764 fata
3189 710 3586 781 praenuntiabat
3609 717 3630 768 ἲ
3655 717 3787 770 Deni-

2223 817 2336 872 que
2360 804 2518 855 vates
2567 799 2667 855 illo
2715 802 2909 855 furore
2959 797 3091 866 acti,
3127 803 3224 854 aut
3253 799 3340 871 agi
3391 816 3447 854 se
3484 801 3788 873 simulantes,

2222 889 2400 946 etiam
2443 893 2602 944 extra
2634 887 2851 960 templa
2871 887 3354 944 vaticinabantur.
3386 889 3484 944 Ubi
3515 891 3652 945 enim
3679 896 3791 964 Apu-

2223 977 2374 1034 leius
2405 979 2476 1034 de
2508 978 2604 1048 iis,
2637 978 2736 1050 qui
2769 979 2938 1034 deam
2970 976 3198 1049 Syriam
3230 994 3328 1048 per
3368 978 3567 1050 oppida
3593 997 3649 1034 ac
3673 997 3794 1036 com-

2225 1067 2349 1140 pita
2379 1067 2867 1122 circumferebant
2903 1083 2916 1134 ;
2956 1089 2974 1115 α
3014 1065 3194 1132 Unus,
3227 1066 3426 1136 inquit,
3477 1084 3539 1121 ex
3568 1067 3668 1123 illis
3694 1071 3795 1124 bac-

2226 1156 2435 1212 chatur
2465 1156 2730 1221 ellusius,
2787 1173 2852 1210 ac
2884 1155 2955 1210 de
3005 1155 3140 1210 imis
3192 1155 3513 1226 praecordiis
3561 1155 3798 1212 anhelitus

2228 1247 2463 1302 crebros
2493 1245 2770 1314 referens,
2803 1245 2960 1300 velut
3006 1242 3267 1298 numinis
3317 1243 3503 1299 divino
3533 1245 3713 1315 spiritu
3739 1265 3801 1302 re-

2229 1335 2441 1407 pletus,
2527 1333 2770 1390 simulat
2845 1333 3107 1390 sauciam
3191 1333 3529 1399 vecordiam,
3611 1351 3804 1406 prorsus

2232 1423 2403 1496 quasi
2435 1424 2608 1479 deum
2627 1423 2936 1496 praesentia
2963 1421 3463 1479 soleanthomines
3483 1437 3589 1476 non
3617 1423 3692 1477 sui
3712 1423 3806 1478 ﬁeri

2234 1512 2525 1579 meliores,
2558 1513 2660 1569 sed
2692 1511 2913 1568 debiles
2935 1511 3084 1568 efﬁci
3118 1517 3178 1568 et
3223 1511 3419 1582 aegroti
3461 1509 3704 1582 (Apulei,
3729 1510 3807 1566 lib.

2232 1619 2333 1658 VIII
2364 1607 2617 1671 Metam,
2652 1618 2784 1674 pag.
2818 1601 2959 1672 141).
2995 1624 3024 1651 ››
3055 1601 3171 1657 Cur
3199 1606 3392 1656 autem
3418 1597 3509 1654 ille
3532 1605 3676 1655 extra
3698 1606 3808 1656 tem-

2235 1690 2398 1763 plum
2427 1690 2621 1746 divino
2655 1690 2913 1747 numinis
2934 1689 3144 1761 spiritu
3180 1707 3242 1745 se
3271 1688 3363 1760 agi
3395 1687 3811 1755 simulasset,nisi

482 1798 574 1854 Eae
606 1802 801 1853 autem
838 1798 895 1852 in
923 1798 1128 1869 primis
1159 1814 1283 1854 esse
1311 1777 1603 1864 videntur,
1631 1777 1779 1870 quas
1810 1777 2123 1868 daemon-es,
2158 1813 2204 1877 Β
2235 1779 2895 1877 εθῐξδίίθεβτθάξάίεὲθῑξῖ
2936 1794 3322 1877 (ιυοξοιξηᾳξιε
3356 1777 3598 1877 ειξξφιίδεί
3627 1777 3811 1877 Πλ-Ῑοοο

487 1887 980 1958 quemadmodum
1013 1886 1309 1943 Minucius
1337 1887 1527 1960 palam
1575 1893 1868 1944 asseverat
1914 1906 1980 1944 ac
2026 1891 2127 1962 Cy-

485 1976 732 2049 prianus
745 1976 988 2032 totidem
1002 1976 1192 2032 verbis
1207 1977 1431 2048 repetit,
1447 1976 1678 2033 vatibus
1693 1977 2002 2049 inspirant,
2027 1979 2127 2050 qui

485 2066 724 2138 quidem
769 2065 910 2120 dum
958 2071 1171 2121 navant
1217 2065 1496 2138 auspiciis
1545 2067 1828 2124 faciendis
1867 2084 2129 2139 operam,

485 2178 514 2206 «
547 2171 972 2226 nonnunquam
1001 2158 1262 2210 extorum
1298 2155 1474 2212 ﬁbras
1497 2155 1782 2224 animant,
1805 2157 1999 2212 avium
2031 2173 2128 2212 vo-

484 2243 641 2300 latus
671 2244 1128 2314 gubernant,«ac
1157 2244 1390 2299 tandem
1413 2245 1752 2305 eorumdem
1783 2249 1979 2301 vatum
2013 2246 2132 2301 mi-

489 2333 732 2390 nisterio
765 2331 1046 2388 «oracula
1066 2333 1211 2388 efﬁci
1225 2337 1328 2388 unt
1348 2332 1511 2390 falsis
1524 2334 1794 2405 pluribus
1812 2334 2124 2391 involuta.»

495 2425 688 2496 (Cypr.
719 2421 783 2477 de
805 2421 998 2477 Idolor.
1039 2424 1192 2489 Van.,
1225 2439 1356 2494 pag.
1393 2423 1502 2494 14.)
1547 2423 1705 2480 Plato
1737 2428 1933 2480 autem
1967 2425 2134 2480 docet

493 2528 527 2568 a
558 2511 944 2578 daemonibus,
986 2527 1234 2583 quorum
1275 2511 1466 2568 media
1517 2511 1663 2568 iuter
1713 2513 1893 2569 Deum
1941 2517 1999 2570 et
2043 2531 2134 2570 res

495 2598 772 2657 mortales
811 2599 958 2656 69H
1006 2604 1216 2654 natura
1263 2606 1370 2666 est,
1422 2617 1656 2657 omnem
1709 2602 2133 2658 divinationum

490 2695 674 2747 artem
721 2687 1027 2760 proﬁcisci.
1079 2689 1245 2759 Nam,
1300 2688 1452 2758 Θεὸσ,
1504 2691 1712 2762 inquit,
1754 2689 2024 2766 δίνορώπῳ
2074 2689 2135 2744 οὐ

498 2777 770 2852 μίγνυται,
822 2773 965 2832 ἄλλα
1015 2774 1104 2831 διὰ
1154 2776 1346 2832 τούτου
1395 2777 1536 2832 πᾶσά
1589 2777 1726 2832 ἐστιν
1759 2781 1793 2844 ἡ
1828 2777 2021 2852 ὁμιλία
2050 2778 2134 2834 xvi

494 2863 775 2928 διάλεκτος
842 2867 985 2928 Θεοῖς
1051 2865 1189 2941 πρὸς
1258 2866 1596 2943 ἀνθρώπους,
1643 2869 1732 2922 καὶ
1785 2863 2136 2944 ἐγρηγορόσι,

489 2957 580 3011 καὶ
627 2953 966 3020 καθεύδουσιο
1017 2955 1107 3009 καὶ
1157 2955 1184 3009 ὁ
1239 2956 1332 3029 μὲν
1385 2956 1508 3032 περὶ
1563 2958 1630 3011 τὰ
1675 2960 1898 3012 τοιαῦτα
1947 2958 2133 3036 σοφὸς,

495 3041 776 3121 δαιμόνιος
808 3044 967 3120 ἀνήρ.
1004 3069 1032 3098 ‹‹
1062 3045 1216 3102 Deus
1253 3064 1387 3102 cum
1419 3047 1656 3104 homine
1688 3065 1802 3104 non
1835 3047 2134 3116 miscetur,

2235 1871 2438 1926 eodem
2473 1869 2686 1925 furoris
2715 1869 2927 1942 spiritu
2959 1868 3166 1940 repleri
3204 1871 3226 1922 Ρ
3254 1866 3524 1938 Virgilius
3550 1883 3666 1922 vero
3693 1865 3815 1920 hunc

2235 1958 2681 2015 vaticinantium
2711 1960 2985 2027 furorem,
3015 1957 3314 2013 insaniam
3344 1959 3400 2011 et
3421 1955 3714 2010 vecordiam
3739 1955 3815 2009 do-

2237 2047 2436 2104 scribii
2467 2047 2596 2103 istis
2627 2047 2696 2103 de
2725 2046 2942 2117 Sibylla
2969 2046 3240 2103 versibus
3277 2062 3293 2103 ι

2394 2176 2458 2222 At
2485 2173 2662 2223 Phtebi
2692 2172 2932 2221 nondum
2957 2171 3186 2233 patiens,
3219 2169 3466 2218 immanis
3492 2169 3543 2216 in
3571 2171 3703 2233 antro

2395 2237 2688 2285 Bacchatur
2719 2241 2876 2284 vrtes.
2912 2230 3168 2297 magnum
3202 2234 3487 2297 sipectore
3515 2230 3665 2297 possit

2395 2299 2702 2349 Excussisse
2733 2298 2909 2354 deum,
2945 2293 3091 2346 tanto
3121 2293 3298 2358 magis
3326 2295 3416 2358 ille
3444 2293 3614 2355 fatigat

2397 2364 2466 2411 Os
2484 2361 2732 2412 rabidum
2751 2360 2862 2409 fera
2876 2349 3038 2408 corda
3057 2359 3181 2408 dom
3190 2349 3560 2420 ans,ﬂngitque
3571 2349 3822 2417 premendo.

2741 2423 2964 2486 (Ἧι-811..
2998 2422 3034 2481 ι,
3065 2435 3112 2472 vi
3137 2420 3352 2471 ΛΞηείιι.
3386 2435 3430 2469 υ.
3462 2422 3535 2478 77,
3561 2431 3681 2482 seqq.

2243 2524 2511 2579 Lucanus
2542 2537 2671 2577 vero
2697 2539 2710 2577 :

2397 2631 2533 2678 σε.
2570 2666 2581 2676 .
2619 2664 2632 2677 .
2671 2663 2684 2677 .
2717 2627 3004 2676 Bacchatur
3032 2626 3278 2683 demens,
3308 2624 3760 2684 alienaperantrum

2397 2692 2540 2756 Colla
2559 2690 2763 2756 ferens,
2791 2691 3054 2756 vittasque
3074 2689 3180 2750 dei,
3218 2688 3562 2756 Phoebeaque
3583 2689 3710 2756 serta

2403 2755 2599 2818 Erectis
2623 2753 2867 2818 discussa
2886 2747 3068 2812 comis,
3102 2747 3202 2814 per
3231 2751 3415 2818 inania
3443 2747 3626 2818 templi.

2404 2816 2634 2882 Ancipiti
2665 2816 2868 2882 cervice
2897 2819 3054 2871 rotat,
3088 2812 3401 2876 spargitque
3430 2812 3630 2882 vaganti

2400 2877 2684 2929 Obstantes
2718 2879 2953 2942 tripodas
2981 2890 3292 2940 magnoque
3324 2877 3572 2925 exaastuat
3598 2877 3719 2932 igne.

3137 2957 3386 3018 (Lucam.
3414 2955 3448 3005 ι.
3477 2968 3527 3012 v,
3554 2968 3598 3001 v.
3625 2949 3735 3007 166.)

2247 3075 2480 3132 Inutilis
2508 3072 2709 3147 procul
2741 3073 2920 3129 dubio
2951 3089 3136 3146 operte
3181 3075 3261 3129 sit
3290 3071 3458 3143 plura
3499 3068 3636 3123 hanc
3663 3065 3710 3118 in
3737 3076 3831 3117 rem

495 3135 1216 3250 sedperha‘ncdaemonum
1236 3143 1506 3192 naturam
1526 3138 1944 3193 commercium
1965 3154 2138 3194 omne
2169 3182 2211 3250 Ο
2249 3166 2396 3222 satis
2443 3135 2658 3220 σελίδα,
2711 3167 2767 3218 et
2814 3135 3104 3234 θοςηίξωη
3156 3135 3632 3229 δυοέοηὲθτθη,
3677 3153 3724 3208 si
3761 3147 3833 3205 cui

499 3231 668 3250 -ι..---
703 3225 784 3250 -.ιι
817 3225 1053 3250 -...-:......
1086 3225 1234 3250 :_s-_
1257 3225 1784 3250 .1---L-_.:..-__..-
1813 3226 2114 3250 --.Α-μη---
2885 3219 2892 3232 ⁸
3513 3247 3522 3250 -
3748 3245 3754 3250 .

496 3231 671 3298 atque
701 3224 1058 3297 colloquium
1085 3225 1234 3281 inter
1255 3225 1392 3282 deos
1406 3226 1787 3298 hominesque
1809 3226 2136 3299 conﬁcitur,

495 3318 553 3370 et
583 3312 962 3386 vigilantibus
994 3318 1049 3369 et
1078 3313 1504 3371 dormientibus
1555 3315 1742 3371 nobis.
1793 3314 2138 3388 Quicunque

492 3403 702 3459 harum
721 3419 915 3458 rerum
936 3403 1158 3475 peritus
1181 3405 1620 3472 est,dasmonius
1637 3409 1930 3461 vocatur.»
1956 3405 2139 3478 (Plato

493 3495 767 3566 ἥγημαι,
803 3495 945 3547 tom.
983 3492 1078 3547 ΙΙΙ.
1117 3509 1246 3565 pag.
1293 3495 1394 3548 201
1447 3498 1504 3548 et
1557 3495 1749 3566 seqq.)
1779 3495 1893 3550 Nec
1927 3495 1998 3550 ab
2031 3494 2140 3550 hac

496 3581 769 3654 Opinione
794 3581 1011 3638 recedit
1039 3581 1408 3654 Plutarchus,
1458 3582 1674 3655 aliique
1721 3585 2034 3656 scriptores
2066 3583 2143 3638 ci-

496 3671 602 3726 tati
635 3671 706 3725 ab
738 3669 1112 3742 Eusebio,qui
1139 3674 1336 3728 tamen
1368 3670 1500 3726 illos
1524 3673 1659 3743 jure
1694 3673 1900 3728 merito
1931 3671 2143 3728 erroris

497 3777 564 3816 eo
616 3760 928 3826 convincit,
985 3760 1122 3832 quia
1161 3761 1334 3817 bonis
1381 3762 1744 3818 daemonibus
1793 3761 1935 3818 illud
1970 3761 2143 3818 ascri-

499 3849 826 3922 bunt,quod
851 3867 884 3904 a
909 3849 1102 3921 pravis
1122 3852 1354 3906 tantum
1380 3857 1554 3922 atque
1577 3851 1874 3908 sceleratis
1890 3852 2146 3907 efﬁcitur

499 3939 756 4010 (Euseb.,
810 3938 913 3994 lib.
961 3957 993 3994 v
1041 3941 1291 4012 Praepar.
1338 3941 1568 4012 Evang.,
1619 3958 1745 4014 cap.
1791 3942 1841 4009 4,
1875 3957 2007 4014 pag.
2044 3941 2146 3995 184

497 4031 549 4084 et
577 4028 770 4101 seqq).
804 4029 972 4084 Recte
1002 4028 1182 4102 igitur
1211 4029 1612 4086 Tertullianus
1651 4030 1903 4087 asseruit
1934 4031 2051 4086 haec
2074 4030 2146 4085 ab

498 4115 614 4172 illis
643 4118 792 4173 facta
841 4117 1178 4174 substantiae
1222 4119 1565 4188 subtilitate,
1617 4137 1730 4192 qua
1779 4120 1998 4192 ubique
2029 4135 2140 4175 mo-

501 4210 698 4262 mento
728 4207 944 4262 adsunt
975 4207 1285 4279 sciuntque
1306 4225 1373 4264 ac
1401 4210 1740 4264 renuntiant
1757 4209 1894 4280 quid
1918 4213 2145 4280 agatur,

501 4300 560 4351 et
590 4318 617 4344 «
651 4297 1002 4352 mmulantur
1032 4295 1415 4366 divinitatem,
1460 4299 1598 4353 dum
1632 4298 1904 4353 furantur
1925 4297 2147 4352 divina-

503 4385 743 4441 tionem.
779 4407 805 4435 »
841 4385 1202 4453 (Tertullian.
1239 4387 1538 4459 Apologet.,
1573 4403 1700 4458 cap.
1731 4388 1822 4452 23,
1855 4403 1968 4458 pag
1995 4387 2066 4440 23
2095 4390 2152 4442 et

508 4475 702 4545 seqq.)
732 4475 915 4539 Quam
947 4491 1078 4530 vero
1123 4475 1362 4548 ipsimet
1409 4476 1624 4532 ethnici
1661 4476 1832 4530 ﬁdem
1870 4475 2151 4548 auspiciis

502 4563 850 4630 tribuerent,
884 4563 1075 4620 disces
1108 4583 1176 4621 ex
1235 4565 1530 4631 Cicerone,
1573 4565 1670 4639 qui
1733 4570 1894 4621 notat
1931 4589 1957 4614 ‹‹
1993 4564 2148 4637 leges
2183 4558 2226 4622 D

504 4649 693 4706 Julias
724 4655 926 4706 contra
948 4653 1431 4724 auspicialatas.»
1455 4655 1522 4710 Et
1548 4672 1755 4711 rursus
1778 4653 1971 4718 alibi,«
2001 4653 2148 4710 Con-

505 4738 734 4795 sulibus
767 4740 1109 4797 sedentibus
1147 4747 1203 4798 et
1251 4744 1736 4816 inspectantibus,
1787 4744 1998 4816 inquit,
2031 4743 2151 4800 lata

502 4827 616 4894 lex,
649 4845 720 4884 ne
751 4829 1015 4902 auspicia
1043 4831 1321 4888 valerent.
1368 4852 1392 4880 α
1442 4834 1642 4905 (Cicer.
1688 4837 1832 4890 orat.
1880 4851 2010 4904 xxx,
2051 4848 2150 4903 pro

501 4934 692 4990 arusp.
745 4923 997 4991 Rapon,
1048 4936 1180 4994 pag.
1232 4922 1352 4977 437.
1407 4920 1508 4978 lin.
1551 4924 1660 4985 27,-
1693 4929 1749 4978 et
1781 4926 1924 4977 orat.
1970 4939 2147 4994 xxxn,

498 5025 598 5082 pro
632 5010 693 5065 P.
727 5010 903 5078 Sext,
938 5027 1068 5084 pag.
1104 5011 1227 5083 464,
1258 5010 1362 5066 lin.
1395 5013 1510 5084 32.)

577 5117 996 5176 Vaticiniorum
1031 5135 1266 5191 quoque
1298 5119 1616 5175 vanitatem
1659 5119 2026 5193 apertissime
2057 5120 2153 5174 de-

506 5212 840 5264 monstrant
869 5207 979 5280 ipsi
1010 5214 1173 5264 vates
1209 5232 1229 5257 «
1266 5209 1547 5275 furentes,
1579 5209 1660 5263 ait
1688 5209 2153 5279 Minucius,quos

504 5297 564 5352 in
599 5297 899 5368 publicum
926 5296 1131 5352 videtis
1154 5314 1458 5354 excurrere
1495 5314 1508 5355 :
1541 5302 1698 5354 vates
1721 5303 1776 5354 et
1800 5297 1909 5371 ipsi
1932 5299 2153 5370 absque

505 5385 726 5457 templo
760 5386 841 5440 sic
875 5385 1194 5446 insaniunt.
1225 5387 1307 5442 sic
1337 5387 1811 5456 bacchantur,sic
1844 5391 2148 5444 rotantur:

507 5491 614 5547 par
645 5479 702 5531 et
732 5474 790 5529 in
815 5473 932 5530 illis
963 5475 1261 5547 instigatio
1289 5477 1703 5544 demonia,sed
1737 5482 2152 5549 argumentum

509 5564 712 5639 dispar
741 5564 975 5622 furoris.
1003 5587 1031 5616 ››
1057 5567 1127 5621 At
1143 5584 1256 5624 non
1278 5567 1624 5640 placuerunt
1646 5567 1878 5624 cuidam
1899 5567 2020 5624 haec
2042 5566 2155 5621 tria

505 5654 899 5730 manuscripti
927 5656 1072 5732 regii
1101 5658 1316 5720 codicis
1345 5658 1577 5733 verba”
1607 5656 1727 5737 ipsi
1753 5657 1974 5735 absque
2006 5659 2156 5718 tem-

2248 3260 2446 3312 tamen
2505 3270 2676 3329 grave
2719 3269 2833 3309 non
2883 3257 2992 3319 est,
3044 3251 3256 3308 audiat
3303 3255 3360 3306 et
3397 3247 3624 3305 tertium
3652 3245 3834 3316 poetam

2246 3344 2522 3401 Statium.

2403 3451 2558 3500 Vates
2584 3451 2813 3499 sanctior
2843 3450 3046 3512 incipit,
3079 3447 3375 3512 tacendum
3405 3449 3500 3495 est°

2407 3515 2484 3563 En
2517 3519 2570 3562 et
2597 3513 2735 3561 colla
2765 3517 2922 3568 rotat,
2956 3513 3222 3575 novisque
3255 3511 3357 3575 late

2405 3577 2698 3628 Bacchatur
2723 3575 2930 3638 spatiil,
2964 3571 3215 3637 viamque
3249 3571 3432 3635 replet.

2341 3661 2520 3723 (Stat,
2555 3659 2586 3706 l.
2620 3671 2668 3707 Iv
2703 3654 2966 3731 Thebaid;
2993 3654 3055 3702 de
3093 3654 3192 3702 Vit.
3228 3653 3442 3711 Domit,
3472 3664 3517 3698 υ.
3549 3651 3603 3696 80
3631 3649 3672 3693 et
3698 3641 3840 3705 seqq).

2250 3779 2318 3834 At
2349 3775 2396 3832 si
2428 3791 2496 3831 ex
2526 3775 2654 3846 ipso
2687 3771 2956 3827 Cicerone
3004 3769 3300 3825 curiosius
3334 3764 3590 3838 inquiras
3619 3758 3735 3834 quis
3769 3752 3840 3810 ille

2253 3866 2330 3922 sit
2374 3861 2819 3920 vaticinantium
2869 3859 3050 3923 furor,
3097 3857 3206 3913 tibi
3254 3873 3370 3912 non
3420 3859 3537 3909 tam
3585 3866 3679 3906 suo
3705 3857 3842 3916 quam

2255 3954 2526 4021 aliorum,
2559 3967 2707 4023 quos
2737 3950 2899 4016 citat,
2946 3946 3186 4003 nomine
3237 3940 3608 4017 respondebit
3635 3955 3648 3994 :
3677 3960 3700 3985 ‹‹
3727 3933 3845 4023 Inest

2254 4043 2435 4117 igitur
2465 4043 2523 4096 in
2555 4021 2770 4097 animis
2799 4036 3126 4111 praasagitio
3160 4034 3530 4091 extrinsecus
3577 4027 3780 4117 injecta.
3805 4021 3848 4072 al

2258 4112 2370 4205 que
2403 4130 2629 4186 inclusa
2657 4127 2958 4184 divinitus.
3006 4127 3085 4181 Ea
3132 4123 3184 4180 si
3234 4123 3452 4180 exarsit
3499 4112 3848 4209 acriusnful‘or

2257 4201 2744 4294 appellatur,cum
2768 4235 2800 4272 a
2830 4213 3068 4288 corpore
3091 4215 3331 4270 animus
3355 4212 3672 4267 abstractus
3699 4201 3849 4256 divino

2258 4311 2539 4366 instinctu
2572 4307 2915 4364 concitatur.
2947 4325 2974 4354 »
3009 4303 3240 4375 (Cicer.,
3280 4302 3381 4356 lib.
3418 4316 3434 4356 l
3464 4300 3527 4354 de
3555 4296 3848 4362 Divin.,pag-

2258 4399 2519 4467 266,1in.
2571 4397 2683 4468 44.)
2730 4397 2925 4467 Neque
2974 4393 3088 4460 ille,
3141 4391 3386 4447 infimos
3430 4386 3696 4462 quosdam
3726 4383 3850 4468 vates

2261 4465 2381 4546 hoc)
2403 4489 2595 4543 furore
2621 4465 2919 4556 correptos
2948 4483 3129 4539 fuisse
3175 4481 3494 4554 signiﬁcat,
3546 4487 3724 4530 verum
3752 4465 3849 4520 illu-

2257 4581 2496 4636 striores
2528 4567 3619 4643 Bacchidem,Bceotium,Epimenidcm
3649 4561 3850 4643 Creten}.

2258 4675 2314 4724 et
2340 4666 2623 4739 Sibyllam
2651 4663 3009 4737 Erythraeam
3040 4661 3242 4732 (idem,
3269 4640 3447 4724 ibid.,
3500 4653 3619 4745 726i,
3651 4640 3850 4745 iusso).

2257 4758 2368 4814 Sed
2402 4735 2527 4828 ipse
2556 4755 2661 4824 ibi,
2693 4735 2843 4810 sicut
2877 4769 3009 4807 mox
3049 4751 3328 4806 laudatus
3377 4744 3646 4820 Apuleius
3681 4735 3853 4803 aliique

2259 4845 2523 4919 gentiles,
2578 4843 2742 4899 falsis
2790 4839 3146 4913 prazjudiciis
3189 4835 3483 4899 excaecati,
3516 4833 3631 4919 haec
3657 4827 3853 4919 deprutln

2260 4909 2851 5005 suorum-praesentiae
2883 4909 2948 4985 ac
2979 4927 3172 4984 divino
3203 4922 3515 4982 instinctui
3549 4909 3854 5005 tribuebatlnl.

2261 5041 2386 5096 quae
2418 4994 2557 5079 solis
2590 5023 2922 5077 daemonum
2956 5017 3270 5090 praestigiis
3302 5021 3480 5085 atque
3529 4994 3853 5098 artibus'eiﬁ'

2261 5091 2566 5170 citabantur
2596 5112 2754 5182 (Cap.
2787 5126 2982 5181 super.
3016 5113 3123 5162 art.
3157 5107 3237 5175 4).
3275 5103 3676 5160 Verumtamen
3702 5091 3856 5147 Cicero

2262 5202 2510 5258 aliorum
2525 5200 2722 5274 potius
2747 5215 2921 5270 quam
2946 5213 3114 5253 suam
3138 5193 3477 5268 opinionem
3493 5183 3738 5274 retulisse
3751 5189 3858 5274 prof

2263 5292 2356 5348 cul
2389 5271 2566 5346 dubio
2600 5287 2848 5345 videtur.
2882 5286 3028 5342 Nam
3063 5283 3294 5339 duobus
3327 5281 3453 5337 suis
3481 5279 3550 5333 De
3566 5271 3857 5329 distinction!

2262 5381 2429 5436 libris
2461 5379 2616 5434 hunc
2637 5394 2891 5434 errorem
2913 5375 3144 5430 abunde
3176 5355 3857 5446 refellit,quemadmodutrl

2261 5471 2428 5526 libris
2459 5468 2699 5524 totidem
2728 5467 2894 5521 illum
2925 5469 2981 5520 et
3013 5462 3189 5519 alium
3216 5461 3287 5516 de
3319 5437 3617 5532 gentilium
3648 5437 3856 5532 oraculis

2263 5557 2597 5617 convellunt
2629 5555 2916 5612 Eusebius
2943 5559 3000 5610 et
3029 5526 3418 5624 Augustinus,
3462 5565 3493 5601 a
3526 5542 3674 5598 nobis
3718 5526 3855 5606 paulo

2265 5654 2400 5712 ante
2429 5647 2613 5711 citati.
2645 5645 2823 5710 Nobis
2844 5661 2977 5707 vero
3005 5641 3174 5703 illum
3197 5641 3260 5700 in
3290 5626 3757 5710 subsequentibus
3775 5631 3857 5678 no-
