4102 6172
169 40 294 78 “at!
325 40 394 64 τ-ς-
435 40 488 52 -“
565 40 578 44 -

295 351 380 413 illi

1694 345 2234 412 DISSERTA'I‘IO.

3539 350 3660 413 642

289 486 400 544 stris
434 481 947 539 dissertationibus
982 481 1321 538 confutandi
1370 481 1535 538 locus
1568 482 1759 539 adhuc
1797 483 1904 538 da-
1937 489 1988 550 Α
2022 482 2222 552 utique
2249 482 2310 537 in
2343 483 2720 554 opprobrium
2755 479 3076 555 religionis,
3112 482 3250 555 quia
3278 499 3385 539 nec
3416 483 3662 557 Deo,per

294 577 416 631 bitur
473 571 726 644 (Euseb,
790 576 1038 644 Prmpar.
1097 573 1328 642 Evang.,
1389 571 1492 627 lib.
1553 589 1610 628 ιν
1667 576 1724 627 et
1768 589 1822 639 v,
1851 575 1906 626 et
2015 587 2189 643 quem
2223 571 3206 643 adjurantur,necjustis,quorum
3230 589 3367 628 voce
3391 577 3665 647 torquen-

292 665 531 719 Demonst.
565 659 845 732 Evang.,§
875 661 928 727 5,
951 676 1082 732 pag.
1110 661 1244 727 126;
1272 659 1516 716 Dissert.
1543 662 1606 717 in
1629 662 1902 728 Lactant,

291 752 507 825 cap.20,
541 755 650 806 art.
701 751 776 818 7;
837 766 963 821 cap.
1021 750 1110 816 32,
1169 754 1277 805 art.
1329 751 1399 809 4:
1461 751 1519 806 in
1571 750 1909 807 Tertulliani

292 843 506 914 Apolog.,
540 855 664 910 cap.
701 837 756 904 8,
790 842 900 893 art.
931 838 967 892 5
995 842 1046 893 et
1075 839 1263 911 δέρᾳ).

826 998 1236 1054 ARTICULUS
1279 998 1354 1054 III

2014 665 2130 728 tur,
2166 660 2396 715 mentiri
2457 664 2706 732 possunt
2761 660 3074 731 (Lactant.,
3122 660 3222 717 lib.
3277 663 3482 731 Instii.,
3535 681 3662 735 cap.

2019 750 2102 817 14,
2139 765 2270 822 pag.
2303 749 2452 820 218).
2494 770 2522 799 »

2085 859 2268 912 Antea
2296 872 2429 912 vero
2483 855 2734 928 ipsemet
2791 855 3086 913 Minucius
3147 862 3345 914 noster
3400 859 3660 919 dixerat:

2026 966 2049 996 ι
2085 947 2214 1017 Ipse
2239 946 2550 1017 Saturnus,
2575 949 2630 1001 et
2652 944 2906 1018 Serapis,
2933 950 2990 1002 et
3017 946 3263 1019 Jupiter,
3288 953 3342 1004 et
3375 950 3664 1023 quidquid

2020 1035 2352 1090 daemonum
2385 1033 2600 1104 colitis,
2627 1033 2762 1089 victi
2785 1034 3000 1105 dolore,
3027 1036 3183 1107 quod
3216 1041 3355 1092 sunt
3385 1037 3670 1112 eloquun-

298 1104 1850 1196 011,97"_e}'idezz!er,Minyeia:{imoflftrﬁvqitdemam
1879 1125 1913 1164 α
2019 1127 2136 1191 tur,
2172 1140 2276 1179 nec
2310 1122 2510 1195 utique
2542 1123 2601 1178 in
2633 1104 3061 1196 turpitudinem
3097 1125 3210 1196 sui,
3245 1104 3543 1184 nonnullis
3575 1146 3668 1185 ve-

356 1179 676 1233 Christianis
704 1177 1004 1247 adjuratm,
1036 1181 1204 1248 atque
1250 1178 1318 1231 ab
1361 1180 1595 1233 obsessis
1628 1180 1912 1235 hominum

350 1251 659 1320 corporibus
686 1251 880 1317 ejectos
907 1248 1097 1320 palam
1132 1249 1493 1305 declaravisse
1523 1252 1910 1307 extraordina-

350 1319 545 1377 riorum
565 1320 875 1392 apudapud
892 1319 1134 1375 ethnicos
1149 1321 1441 1392 eﬂectuum
1458 1337 1516 1376 se
1537 1323 1716 1392 fuisse
1729 1328 1913 1379 aucto-

353 1410 463 1452 res:
493 1391 653 1462 atque
684 1392 729 1464 ii
760 1392 1109 1461 refelluntur,
1143 1393 1240 1464 qui
1263 1391 1375 1446 haec
1395 1398 1446 1447 et
1478 1391 1662 1448 vatum
1690 1396 1915 1450 oracula

349 1465 473 1519 solis
501 1463 844 1538 sacerdotum
860 1463 1220 1538 ethnicorum
1251 1465 1505 1536 artiﬁciis
1535 1474 1587 1521 et
1611 1467 1916 1538 fraudibus

358 1539 491 1591 edita
513 1537 686 1606 fuisse
712 1536 989 1605 garriunt.

358 1676 474 1734 Alio
508 1677 800 1733 Minucius
821 1681 1187 1749 argumento,
1211 1694 1392 1749 eoque
1413 1679 1800 1737 invictissimo
1819 1683 1920 1738 ad-

292 1768 393 1823 huc
418 1767 778 1822 demonstrat
808 1783 875 1822 ea
900 1767 1120 1836 omnia,
1153 1784 1279 1839 quae
1309 1767 1592 1825 hactenus
1624 1771 1920 1828 recensui-

2022 1217 2210 1268 strum
2243 1212 2679 1280 assistentibus,
2703 1212 3088 1269 mentiuntur.
3118 1236 3145 1263 »
3170 1219 3241 1269 At
3272 1215 3669 1276 Tertullianus

2023 1301 2288 1359 ethnicos
2320 1306 2487 1374 urget
2515 1301 2685 1374 longe
2707 1302 3128 1371 vehementius,
3157 1320 3371 1376 eosque
3393 1307 3673 1363 audacter

2024 1395 2298 1463 provocat
2338 1395 2402 1446 ut
2454 1390 2756 1463 quodlibet
2799 1391 3044 1464 hujusce
3090 1393 3168 1447 rei
3225 1393 3548 1466 periculum
3583 1397 3668 1453 fa-

2026 1480 2206 1547 ciant,
2238 1496 2302 1534 ac
2332 1480 2446 1536 nisi
2480 1482 2793 1547 daemones,
2828 1497 2862 1537 a
2891 1482 3097 1553 quovis
3137 1481 3469 1541 Christiano
3500 1487 3669 1556 adju-

2028 1568 2160 1634 rati,
2190 1573 2317 1624 tum
2376 1569 2474 1642 qui
2533 1569 2646 1642 ipsi
2704 1568 2824 1626 sint
2869 1569 3064 1642 palam
3109 1571 3514 1642 conﬁteantur,
3547 1575 3672 1630 vult

2029 1661 2308 1730 aptatque
2337 1658 2583 1729 hujusce
2630 1658 2945 1715 Christiani
2993 1661 3260 1730 protinus
3291 1667 3347 1718 et
3377 1665 3578 1720 eodem
3610 1665 3671 1720 in

2029 1746 2154 1802 loco
2196 1747 2358 1802 fundi
2392 1747 2738 1819 sanguinem
2791 1748 3055 1819 (Tertull.
3108 1750 3356 1821 Apolog.,
3404 1768 3528 1824 cap.
3581 1753 3672 1825 23,

294 1872 432 1919 mus,
465 1855 620 1910 facta
647 1835 1126 1923 extraordinaria,
1169 1835 1498 1928 “omnesque
1535 1863 1735 1915 vatum
1766 1877 1923 1917 som-
1954 1858 2001 1923 B
2032 1852 2164 1909 9⁸8·
2193 1837 2310 1928 21f):
2327 1836 2526 1928 Neque
2557 1835 2615 1928 in
2645 1836 2928 1928 animum'
2953 1855 3168 1928 qua“:
3193 1839 3492 1896 induxeris
3525 1841 3675 1899 ham

295 1944 568 2000 uiantium
628 1943 996 2015 aliorumque
1052 1947 1465 2017 quoquomodo
1532 1948 1924 2006 divinantium

292 2033 704 2105 praedictiones,
740 2033 1046 2089 fraudibus
1086 2050 1152 2090 ac
1178 2035 1488 2108 praestigiis
1520 2039 1777 2108 profecta
1797 2054 1926 2094 esse

292 2123 635 2177 damonum.
668 2121 815 2179 Nam
867 2145 895 2172 ‹‹
929 2121 1051 2178 haec
1085 2123 1302 2192 omnia,
1352 2125 1544 2196 inquit
1581 2125 1700 2193 ille,
1733 2127 1929 2182 sciunt

291 2229 419 2284 pars
451 2215 709 2267 vestrum
742 2211 902 2282 ipsos
934 2211 1228 2267 daemones
1273 2213 1343 2268 de
1375 2229 1436 2268 se
1466 2213 1614 2285 ipsis
1642 2215 1925 2280 conﬁteri,

286 2299 505 2372 quoties
551 2317 585 2355 a
631 2299 800 2356 nobis
850 2301 1160 2357 tormentis
1215 2302 1521 2358 verborum
1561 2308 1617 2359 et
1647 2305 1928 2361 orationis

282 2389 566 2446 incendiis
596 2389 666 2444 de
682 2388 1025 2460 corporibus
1047 2391 1377 2462 exiguntur.
1408 2413 1435 2440 »
1460 2391 1640 2449 Nemo
1672 2394 1929 2466 profecto

285 2478 484 2535 statim
509 2495 624 2533 non
645 2477 799 2534 videt
819 2479 1022 2550 quanti
1044 2479 1318 2550 ponderis
1339 2481 1416 2536 sit
1435 2479 1591 2536 istud
1622 2498 1932 2554 argumen-

282 2572 432 2636 tum,
465 2567 621 2639 quod
653 2584 720 2622 ex
751 2566 984 2639 publico
1017 2568 1409 2640 ipsorummet
1437 2569 1928 2641 adversariorum,

279 2657 460 2714 etiam
522 2657 861 2722 invitorum,
917 2657 1250 2714 testimonio
1321 2657 1569 2715 elicitur.
1628 2660 1932 2718 Daemones

277 2747 440 2801 enim
472 2746 938 2802 Christianorum
978 2746 1189 2812 verbis,
1239 2751 1519 2820 tanquam
1567 2751 1932 2822 gravioribus

276 2835 673 2906 quaestionum
731 2835 1040 2890 tormentis
1098 2836 1432 2906 excruciati,
1489 2843 1666 2910 atque
1696 2838 1931 2895 illorum

275 2925 556 2996 precibus
588 2941 701 2978 non
736 2940 904 2980 secus
940 2924 1093 2980 623
1124 2942 1189 2980 ac
1220 2925 1354 2998 igne
1385 2927 1519 2982 torti
1566 2927 1805 2999 acriore,
1839 2945 1932 2985 co-

285 3014 578 3085 gebantur
609 3013 681 3068 ab
713 3013 970 3069 obsessis
1022 3014 1364 3085 corporibus
1413 3017 1687 3072 excedere
1734 3034 1800 3072 ac
1833 3034 1933 3089 pa-

287 3102 407 3157 lam
443 3103 606 3159 fateri
638 3119 698 3158 se
731 3101 961 3158 illorum
1003 3104 1313 3159 etl‘ectuum
1346 3103 1720 3161 insolitorum
1752 3107 1934 3163 fuisse

299 3196 580 3248 auctores.

371 3279 497 3344 Quae
533 3297 663 3336 vero
696 3281 816 3337 sint
861 3297 930 3336 ea
969 3281 1437 3338 Christianorum
1481 3284 1679 3352 verba,
1719 3291 1778 3342 et
1806 3301 1934 3357 qua:

305 3383 513 3438 preces,
541 3370 627 3426 sic
679 3370 968 3426 Minucius
1025 3375 1225 3426 noster
1281 3370 1566 3443 explicat:
1613 3375 1938 3445 «Adjurati

306 3456 454 3513 enim
501 3474 603 3530 per
652 3461 834 3515 Deum
893 3476 1094 3514 verum
1149 3465 1206 3515 et
1252 3461 1466 3527 solum,
1519 3462 1704 3531 inviti,
1741 3464 1940 3520 miseri

307 3546 638 3617 corporibus
665 3546 1094 3615 inhorrescunt,
1124 3553 1179 3604 et
1203 3548 1288 3605 vel
1321 3549 1593 3605 exsiliunt
1623 3551 1940 3621 statim,vel

307 3641 655 3692 evanescunt
683 3636 995 3708 gradatim,
1020 3642 1192 3708 prout
1213 3638 1357 3692 ﬁdes
1382 3639 1655 3708 patientis
1685 3641 1942 3714 adjuvat,

310 3726 407 3777 aut
437 3724 618 3795 gratia
648 3725 910 3781 curantis
939 3725 1177 3798 aspirat.
1202 3749 1229 3777 »
1256 3727 1364 3782 Sed
1398 3727 1519 3783 haec
1551 3729 1723 3800 paulo
1753 3731 1944 3786 fusius

307 3811 646 3884 Cyprianus,
681 3813 780 3886 qui
814 3819 872 3870 et
904 3815 1167 3885 quaedam
1217 3815 1381 3871 illius
1425 3819 1600 3872 verba
1639 3824 1946 3876 mutuatus

307 3905 411 3955 est.
449 3902 588 3970 «Hi,
620 3902 830 3974 inquit,
865 3903 1113 3974 adjurati
1145 3921 1245 3976 per
1277 3904 1461 3960 Deum
1495 3923 1697 3961 verum
1722 3924 1756 3962 a
1778 3906 1947 3963 nobis

303 3990 503 4046 statim
543 3991 756 4047 cedunt
800 3997 856 4048 et
902 3992 1178 4064 fatentur,
1215 3997 1271 4048 et
1301 3994 1371 4048 de
1403 3995 1658 4051 obsessis
1691 3995 1950 4068 corpori-

301 4075 416 4133 bus
447 4080 598 4136 exire
655 4085 962 4153 coguntur.
1011 4081 1224 4138 Videas
1283 4081 1414 4140 illus
1471 4088 1672 4140 nostra
1727 4101 1863 4152 voce
1894 4089 1952 4142 et

301 4169 637 4238 operatione
694 4170 1016 4242 majestatis
1075 4170 1311 4227 occultae
1375 4171 1574 4244 ﬂagris
1606 4173 1769 4243 caedi,
1817 4173 1952 4246 igne

300 4258 532 4323 torreri,
592 4260 949 4315 incremento
1005 4277 1186 4332 poenae
1263 4263 1643 4333 propagantis
1699 4263 1950 4334 extendi,

298 4345 537 4414 ejulare,
583 4365 836 4419 gemere,
887 4349 1206 4420 deprecari,
1250 4351 1403 4405 unde
1453 4351 1706 4419 veniant,
1739 4356 1796 4407 et
1838 4367 1954 4424 quo

304 4433 630 4502 discedant,
665 4437 809 4509 ipsis
866 4442 1041 4494 etiam
1099 4438 1200 4509 qui
1245 4455 1307 4494 se
1351 4440 1550 4495 colunt
1581 4440 1955 4498 audientibus

300 4523 567 4578 conﬁteri
596 4543 609 4593 ;
636 4525 724 4580 vel
751 4527 1023 4581 exsilium
1058 4528 1278 4596 statim,
1310 4527 1398 4582 vel
1438 4534 1794 4585 evanescunt
1822 4545 1954 4602 gra-

2033 1941 2162 1980 esse
2191 1925 2450 1980 Africani
2478 1926 2781 1996 scriptoris
2828 1926 3009 1982 nimio
3057 1928 3276 2000 ingenii
3328 1930 3676 1988 ardentioris

2034 2014 2256 2086 impetu
2287 2015 2510 2085 abrepti
2531 2015 3169 2088 exaggerationem,aut
3197 2017 3252 2073 id
3284 2033 3420 2074 casu
3447 2023 3676 2076 tantum

2037 2101 2256 2175 aliquo,
2291 2107 2391 2158 aut
2419 2105 2546 2174 ejus
2580 2105 2863 2159 duntaxat
2907 2108 3167 2177 tempore
3197 2108 3499 2163 accidisse.
3535 2109 3683 2166 Nam

2037 2196 2240 2264 postea
2265 2191 2622 2249 Athanasius
2651 2193 2829 2249 semel
2856 2199 2912 2249 et
2946 2195 3157 2250 iterum
3181 2203 3578 2254 asseveranter
3606 2198 3687 2253 af-

2039 2281 2233 2336 ﬁrmat
2261 2281 2450 2337 crucis
2479 2282 2688 2337 Christi
2715 2284 2886 2355 signo
2916 2300 3150 2339 omnem
3188 2284 3474 2357 magicam
3504 2293 3688 2343 artem

2039 2370 2356 2442 omniaque
2382 2371 2818 2427 incantamenta
2839 2388 3199 2446 evanescere,
3224 2391 3289 2430 ac
3311 2381 3552 2432 eunctas
3579 2376 3690 2431 dae-

2041 2475 2282 2515 monum
2315 2459 2547 2516 fraudes
2596 2460 2815 2532 repelli.
2871 2461 3236 2534 Experientia
3279 2468 3475 2520 autem
3507 2463 3566 2519 id
3599 2464 3682 2521 sic

2040 2548 2480 2620 comprobatum
2513 2566 2642 2605 esse
2674 2555 3056 2621 contestatur,
3087 2556 3152 2607 ut
3191 2569 3303 2608 non
3349 2552 3545 2610 minus
3577 2571 3683 2610 au-

2041 2638 2258 2703 dacter,
2295 2655 2471 2709 quam
2505 2639 2925 2707 Tertullianus,
2956 2641 3222 2696 ethnicos
3253 2642 3324 2697 ad
3359 2642 3686 2714 periculum

2039 2725 2203 2781 illius
2227 2726 2555 2782 faciendum
2580 2733 2865 2800 provocet.
2885 2731 3101 2785 Audias
3123 2729 3296 2786 velim
3318 2732 3446 2801 ejus
3476 2733 3682 2788 verba:

2040 2814 2244 2868 Ἡκὲτω
2294 2811 2351 2867 δὲ
2399 2815 2426 2868 ὁ
2475 2819 2663 2888 πεῖραν
2719 2821 2826 2870 τῶν
2877 2815 3292 2895 προλεχθὲντων
3344 2817 3688 2894 βουλόμενος

2042 2897 2253 2973 λαϐεῖν,
2285 2901 2372 2956 καὶ
2423 2903 2504 2956 ἐπ’
2550 2903 2717 2973 αὐτῆς
2768 2903 3060 2981 φαντασίας
3106 2910 3213 2961 τῶν
3267 2903 3559 2979 δαιμόνων,
3592 2906 3684 2961 καὶ

2039 2999 2138 3061 τῆς
2193 2995 2298 3046 τῶν
2359 2996 2622 3064 μαντειῶν
2673 2992 2904 3063 ἀπάτης,
2965 2993 3053 3048 καὶ
3112 2999 3218 3049 τῶν
3295 3001 3395 3064 τῆς
3457 2996 3688 3070 μαγείας

2043 3079 2353 3154 Θαυμάτων,
2410 3082 2708 3157 χρησάσθω
2771 3087 2849 3154 τῷ
2923 3083 3136 3157 σημείῳ
3207 3088 3304 3139 τοῦ
3367 3084 3685 3162 γελωμὲνου

2045 3170 2170 3243 παρ’
2228 3169 2412 3231 αὐτοῖς
2470 3175 2722 3246 σταυροῦ,
2770 3173 2859 3226 τὸν
2920 3174 3151 3246 Χριστὸν
3209 3173 3477 3247 ὀνομάσας
3531 3176 3690 3232 624

2051 3258 2237 3330 μόνον,
2268 3258 2356 3313 καὶ
2407 3254 2593 3333 ὄψεται
2637 3264 2752 3321 πῶς
2798 3259 2867 3315 δι’
2907 3260 3068 3316 αὐτοῦ
3119 3260 3368 3336 δαίμονες
3423 3263 3516 3337 μὶν
3564 3263 3692 3343 φεύ-

2047 3368 2226 3424 γουσι,
2289 3346 2506 3420 μαντεία
2577 3345 2633 3403 δέ
2699 3347 2944 3420 παύεται,
3021 3352 3216 3427 μαγεία
3288 3350 3345 3408 δὲ
3396 3359 3537 3408 πᾶσα
3601 3352 3693 3408 καὶ

2049 3436 2356 3516 φαρμακεία
2403 3439 2765 3514 κατήργηται.
2827 3463 2854 3491 ‹‹
2884 3441 3090 3497 Veniat
3140 3443 3412 3516 quisquis
3461 3461 3528 3500 ea
3568 3460 3696 3516 quas

2053 3529 2308 3582 diximus
2339 3529 2583 3599 experiri
2620 3529 2800 3599 cupit,
2833 3535 3004 3600 atque
3048 3533 3104 3586 in
3157 3532 3366 3588 mediis
3402 3532 3550 3606 ipsis
3581 3534 3696 3588 da-

2054 3633 2296 3671 monum
2330 3618 2662 3688 praestigiis,
2696 3624 2752 3674 et
2781 3621 3148 3676 oraculorum
3182 3621 3449 3692 fallaciis,
3483 3639 3549 3678 ac
3579 3639 3702 3678 ma-

2055 3705 2160 3778 giis
2185 3704 2485 3777 prodigiis,
2510 3706 2677 3780 signo
2699 3709 2908 3778 crucis,
2932 3726 3059 3780 quia
3079 3712 3233 3783 apud
3260 3710 3421 3783 ipsos
3447 3711 3700 3767 ludibrio

2055 3799 2160 3863 est,
2197 3799 2412 3861 utatur,
2455 3794 2764 3868 solumque
2793 3798 3089 3854 Christum
3121 3801 3422 3868 nominet;
3458 3817 3591 3856 mox
3617 3801 3708 3854 vi-

2057 3884 2216 3939 debit
2247 3900 2422 3955 quam
2455 3885 2567 3940 cito
2600 3903 2701 3957 per
2731 3887 2926 3959 ipsum
2958 3889 3234 3958 fugentur
3259 3891 3707 3958 daemones,ces-

2060 3978 2191 4031 sent
2222 3973 2476 4040 oracula,
2512 3991 2608 4030 ars
2655 3976 2848 4032 omnis
2894 3978 3123 4049 magica
3171 3979 3535 4049 veneﬁcaque
3573 3994 3710 4033 eva-

2063 4067 2279 4117 nescat.
2316 4085 2343 4112 »
2378 4062 2702 4134 (Athenas,
2750 4065 2848 4121 lib.
2902 4066 2966 4121 de
3015 4067 3194 4120 Incar.
3253 4067 3426 4135 Verb.,
3469 4081 3601 4139 pag.
3636 4066 3709 4120 73

2061 4156 2117 4207 et
2145 4152 2252 4218 88;
2288 4152 2428 4206 ibid.
2465 4169 2596 4224 pag.
2629 4153 2747 4222 89.)

2133 4259 2419 4313 Minucius
2451 4264 2642 4314 autem
2679 4278 2743 4314 uc
2776 4260 3196 4332 Tertullianus,
3229 4260 3445 4333 aliique
3476 4276 3509 4314 a
3540 4260 3712 4316 nobis

2057 4348 2182 4419 jam
2219 4347 2436 4402 laudati
2485 4356 2825 4403 constanter
2884 4359 3214 4405 asseverant
3265 4348 3408 4403 illud
3443 4365 3558 4404 non
3589 4347 3714 4404 solo

2065 4437 2254 4492 crucis
2280 4436 2493 4492 Christi
2524 4437 2691 4509 signo
2725 4437 2866 4508 ﬁeri,
2903 4440 3003 4494 sed
3036 4439 3504 4494 Christianorum
3538 4437 3714 4494 etiam

2073 4523 2556 4596 adjurationibus.
2577 4526 2717 4589 Quis
2748 4532 2962 4594 autem,
2989 4527 3099 4582 nisi
3125 4527 3220 4599 qui
3247 4544 3307 4583 se
3328 4527 3520 4599 ipsum
3541 4542 3718 4582 excas-

293 4614 511 4684 datim,
536 4622 706 4686 prout
735 4617 882 4674 ﬁdes
911 4619 1189 4690 patientis
1213 4619 1467 4690 adjuvat,
1503 4623 1605 4676 aut
1634 4620 1825 4692 gratia
1855 4637 1955 4676 cu-
1990 4605 2034 4670 D
2065 4631 2196 4670 care
2225 4613 2380 4680 velit,
2412 4619 2607 4686 aperte
2653 4632 2765 4670 non
2813 4616 3020 4688 videat,
3056 4633 3234 4689 quam
3266 4617 3320 4671 id
3355 4621 3582 4672 certum
3615 4617 3714 4687 sit,

294 4705 495 4760 rantis
522 4705 760 4778 aspirat.
798 4730 825 4758 ››
857 4707 1072 4781 (Cypr.,
1098 4709 1160 4763 de
1189 4707 1323 4764 Idol.
1358 4710 1556 4778 venit,
1577 4726 1709 4782 pag.
1735 4710 1956 4776 M.)Ea-

291 4793 442 4850 dem
474 4793 570 4850 ille
601 4795 730 4852 aliis
759 4796 818 4852 in
851 4797 1016 4852 libris
1046 4796 1296 4868 aliisque
1325 4797 1517 4853 verbis
1565 4799 1795 4870 repetit,
1830 4815 1956 4869 quis

293 4885 591 4940 omnibus
640 4884 829 4957 legere
880 4903 1013 4940 cum
1065 4892 1402 4957 promptum
1454 4887 1549 4953 sit,
1601 4903 1670 4942 ea
1717 4886 1810 4943 hic
1842 4904 1957 4943 non

293 4975 774 5029 transcribemus
806 4975 985 5042 (Idem
1022 4973 1122 5028 lib.
1155 4975 1224 5029 (ut
1257 4979 1476 5047 Donat.,
1511 4991 1641 5048 pag.
1666 4976 1734 5044 4;
1766 4980 1825 5032 et
1853 4974 1956 5032 lib.

292 5061 390 5117 ad
424 5063 782 5132 Demetrian.,
813 5079 946 5136 pag.
983 5063 1126 5135 191).

379 5151 698 5224 Utriusque
727 5152 986 5224 vestigiis
1017 5153 1239 5207 insistit
1279 5152 1640 5220 Lactantius,
1673 5170 1738 5208 ac
1767 5153 1837 5208 de
1859 5153 1960 5208 iis-

297 5240 444 5297 dem
476 5241 842 5297 dasmonibus
873 5241 1055 5296 dixit:
1085 5261 1107 5290 ι
1131 5242 1351 5308 Justus,
1375 5241 1431 5295 id
1454 5246 1562 5310 est,
1586 5241 1836 5297 cultores
1859 5241 1961 5298 Dei

295 5335 604 5399 metuunt,
625 5330 795 5401 cujus
819 5330 1323 5401 nomineadjurati
1348 5330 1419 5385 de
1440 5330 1783 5402 corporibus
1801 5347 1961 5387 exce-

294 5417 480 5488 dunt,
500 5436 748 5490 quorum
771 5419 961 5476 verbis
983 5424 1258 5492 tanquam
1286 5419 1486 5491 ﬂagris
1510 5420 1823 5489 verberati,
1846 5437 1962 5477 non

289 5511 487 5564 modo
516 5525 577 5566 se
609 5511 903 5566 daemones
942 5525 1070 5565 esse
1115 5509 1486 5576 conﬁtentur,
1516 5509 1616 5564 sed
1649 5509 1825 5565 etiam
1860 5527 1962 5565 no-

281 5599 476 5655 mina
507 5616 614 5656 sua
645 5599 846 5669 edunt,
879 5598 981 5655 illa
1010 5614 1137 5672 quae
1167 5597 1228 5654 in
1263 5596 1498 5672 templis
1538 5597 1878 5670 adorantur,
1909 5604 1968 5657 et

280 5689 466 5767 quod
492 5687 841 5764 plerumque
863 5705 1058 5747 coram
1080 5687 1405 5748 cultoribus
1426 5686 1550 5746 suis
1579 5687 1821 5766 faciunt,
1846 5705 1964 5750 non

2068 4720 2132 4760 ac
2159 4702 2370 4774 smpius
2397 4703 2614 4759 factum
2646 4708 2702 4760 et
2733 4709 3006 4762 testatum
3029 4707 3183 4762 ?Sed
3215 4706 3349 4762 inde
3381 4704 3716 4762 conﬁrmari

2071 4793 2262 4848 adhuc
2292 4795 2501 4864 potest,
2535 4795 2690 4865 quod
2724 4794 2794 4850 ab
2827 4801 3061 4851 auctore
3091 4802 3292 4852 nostro
3328 4800 3384 4851 et
3428 4795 3715 4868 Cypriano

2070 4881 2363 4952 adjicitur,
2389 4903 2416 4931 ‹‹
2443 4885 2615 4953 prout
2649 4883 2790 4938 fides
2824 4884 3097 4956 patientis
3122 4887 3380 4956 adjuvat,
3407 4891 3506 4939 aut
3529 4881 3721 4954 gratia

2071 4970 2331 5026 curantis
2365 4971 2609 5043 aspirat,
2646 4995 2673 5021 ››
2707 4973 2762 5028 id
2797 4978 2903 5040 est,
2940 4979 3113 5047 prout
3171 4977 3360 5044 major
3399 4977 3498 5026 aut
3531 4970 3722 5024 minor

2070 5065 2158 5116 est
2189 5060 2331 5115 fides
2363 5061 2681 5116 daemonem
2735 5063 3031 5135 patientis,
3055 5063 3143 5118 vel
3178 5065 3365 5131 major
3401 5065 3498 5115 aut
3532 5058 3724 5113 minor

2072 5150 2260 5222 gratia
2281 5150 2592 5206 Christiani
2616 5153 3199 5224 adjurantis,daemon
3226 5151 3400 5205 citius
3425 5155 3524 5204 aut
3550 5145 3721 5217 paulo

2072 5238 2297 5294 tardius
2327 5239 2573 5309 ejicitur.
2601 5241 2812 5297 Verum
2837 5243 2956 5297 sive
2978 5241 3154 5304 illico,
3179 5241 3296 5296 sixe
3329 5244 3459 5310 post
3492 5239 3723 5292 brevem

2076 5345 2292 5383 moram
2341 5328 2597 5400 aliquam
2650 5329 2876 5385 dazmon
2928 5330 3253 5400 ejiceretur,
3288 5333 3428 5382 tunc
3467 5325 3724 5398 profecto

2074 5417 2389 5490 cogebatur
2419 5417 2551 5488 quis
2583 5417 2707 5488 ipse
2753 5421 2909 5474 esset
2953 5417 3184 5490 publice
3240 5415 3521 5472 conﬁteri.
3569 5415 3726 5479 Qua-

2075 5511 2310 5579 propter
2327 5505 2616 5561 Minucius
2639 5505 3204 5579 argumentationem
3228 5523 3419 5572 suam,
3445 5504 3729 5576 ipsosmet

2075 5595 2338 5654 ethnicos
2370 5593 2740 5668 alloquendo,
2774 5596 2857 5652 sic
2887 5595 3169 5654 absolvit:
3216 5618 3242 5647 «
3276 5595 3424 5669 Ipsis
3452 5592 3727 5662 testibus,

2075 5703 2174 5746 eos
2204 5685 2499 5751 daemonas
2531 5685 2601 5748 de
2633 5701 2695 5744 se
2742 5686 3158 5752 conﬁtentibus
3189 5684 3427 5744 credite.
3463 5705 3491 5734 »
3548 5686 3731 5742 Antea
