4102 6172
256 5701 312 5735 ’ξι

506 361 624 420 643
1790 353 1892 412 DE
1935 350 2124 412 MINU

2235 350 2239 409 :
2283 349 2622 411 OCTAVIO
3710 369 3798 430 θη

505 509 637 550 vero
669 491 1067 549 Tertullianus
1091 490 1214 564 pari
1241 489 1412 546 modo
1440 490 1719 545 adversus
1749 487 1982 543 eosdem
2014 501 2149 557 gen-
2178 488 2230 552 Α
2262 498 2319 548 et
2353 486 2725 552 tradiderint,
2773 503 2897 558 quae
2949 484 3164 541 fuerint
3207 501 3393 544 eorum
3443 493 3669 568 artiﬁcia,
3695 500 3798 571 doli,

503 581 640 638 tiles
672 580 1052 652 disputando,
1109 579 1202 635 his
1258 595 1356 635 eos
1409 576 1859 650 compellaverat
1913 574 2143 630 verbis:

504 693 533 723 ‹‹
565 671 791 728 Credite
824 669 940 726 illis
971 669 1400 742 (daemonibus),
1449 685 1583 724 cum
1633 683 1835 722 verum
1867 665 1938 720 de
1969 681 2030 720 se
2061 663 2147 719 lo-

504 765 784 831 quuntur,
819 759 919 832 qui
949 758 1372 815 mentientibus
1390 755 1645 814 creditis.
1671 755 1851 811 Nemo
1874 753 1945 810 ad
1972 768 2146 808 suum

463 825 1086 915 'dedecus-m'entitur,
1119 847 1259 921 quin
1288 847 1484 919 potius
1516 847 1585 902 ad
1617 845 1917 900 honorem.
1961 841 2147 914 Magis

501 937 646 995 ﬁdes
676 939 938 1010 proxima
967 941 1056 994 est
1085 938 1364 994 adversus
1395 936 1738 1006 semetipsos
1779 933 2144 997 conﬁtentes,

501 1045 677 1100 quam
712 1045 812 1101 pro
844 1044 905 1085 se
935 1027 1080 1099 ipsis
1128 1029 1422 1100 negantes.
1462 1047 1492 1076 »
1543 1021 1834 1096 (Tertull.,
1892 1020 2142 1093 Apoloq.,

500 1134 625 1189 cap.
657 1118 746 1187 23,
782 1133 912 1190 pag.
947 1117 1056 1187 23;
1118 1115 1284 1189 ibid.,
1336 1130 1468 1188 pag.
1512 1114 1628 1186 25.)
1675 1112 1816 1168 Tam
1851 1114 2002 1168 certe
2035 1126 2145 1166 au-

498 1211 638 1275 tem,
660 1211 780 1262 tam
809 1206 1120 1264 manifesta
1150 1209 1207 1262 et
1234 1204 1468 1278 publica
1497 1208 1620 1260 erat
1649 1202 1770 1258 haec
1810 1202 2141 1256 daemonum

498 1295 803 1363 confessio,
837 1299 902 1352 ut
930 1295 1147 1352 ibidem
1178 1293 1574 1352 Tertullianus
1617 1295 1951 1350 constanter
1981 1289 2142 1344 afﬁr-

497 1389 616 1440 met
645 1383 755 1441 hac
803 1384 933 1457 ipsa
967 1385 1342 1441 consuevisse
1374 1399 1556 1440 novos
1584 1382 1708 1438 ﬁeri
1753 1379 2135 1437 Christianos.

568 1473 710 1538 Quis
735 1490 870 1546 ergo
905 1491 1017 1530 non
1050 1473 1363 1528 mirabitur
1394 1472 1677 1544 quosdam
1714 1474 1924 1524 nostras
1955 1467 2139 1523 astatis

496 1563 881 1631 Christianos,
906 1565 1020 1619 imo
1044 1563 1218 1619 etiam
1242 1567 1298 1618 et
1325 1561 1621 1618 catholicae
1647 1559 1776 1615 ﬁdei
1802 1562 2136 1625 sectatores,

495 1668 560 1707 eo
591 1651 892 1707 devenisse
919 1657 984 1707 ut
1013 1651 1187 1707 editis
1219 1651 1512 1722 publicam
1544 1650 1602 1705 in
1628 1649 1818 1704 lucem
1842 1646 2028 1718 libris,
2053 1663 2140 1702 as-

490 1753 679 1796 serere
711 1757 827 1796 non
854 1740 1248 1796 dubitaverint
1293 1757 1406 1795 non
1455 1738 1653 1811 aliqua
1692 1742 1946 1806 tantum,
1981 1736 2135 1808 quod

488 1828 634 1900 ipsis
665 1829 1059 1898 concedimus,
1092 1830 1192 1885 sed
1224 1846 1292 1884 ea
1321 1829 1520 1885 omnia
1551 1845 1677 1900 quas
1709 1826 2133 1893 recensuimus,
2168 1861 2214 1927 Β

487 1917 744 1989 oracula,
777 1917 1064 1991 prodigia,
1096 1922 1382 1990 portenta,
1417 1921 1613 1989 atque,
1643 1921 1709 1971 ut
1738 1916 1992 1986 aiebant,
2026 1913 2135 1971 mi-

487 2005 686 2061 racula
713 2023 1036 2078 omnesque
1058 2006 1416 2062 vaticinandi
1442 2007 1645 2061 modos
1669 2003 1850 2060 nullis
1874 2019 2134 2075 unquam

486 2095 840 2164 daemonum,
891 2097 990 2152 sed
1043 2093 1185 2151 solis
1230 2095 1597 2151 sacerdotum
1632 2110 1697 2150 ac
1729 2093 2134 2148 ministrorum

484 2182 657 2241 idolis
689 2183 1063 2241 servientium
1097 2183 1268 2254 dolis,
1301 2183 1549 2249 artibus,
1576 2182 1883 2238 fraudibus
1910 2185 1966 2236 et
1997 2197 2136 2254 prm-

487 2274 678 2346 stigiis
711 2274 860 2329 facta
885 2272 1115 2329 fuisse?
1147 2273 1344 2345 Neque
1375 2289 1472 2328 eos
1505 2277 1770 2328 moratur
1798 2271 2135 2342 antiquissi-

489 2378 722 2418 morum
754 2367 1213 2433 ceterorumque
1241 2361 1506 2418 Ecclesiae
1534 2361 1773 2417 Patrum
1804 2360 2134 2416 veneranda

485 2452 822 2520 auctoritas,
855 2451 1186 2507 testiﬁcatio
1220 2450 1461 2506 minime
1493 2449 1689 2518 dubia,
1714 2453 1770 2506 et
1800 2449 2132 2506 communis

485 2539 750 2596 omnium
807 2556 1132 2597 consensus
1189 2541 1449 2613 (Euseb.,
1501 2539 1602 2595 lib.
1635 2557 1693 2596 ιχ
1725 2541 1922 2596 Hister.
1956 2538 2127 2612 Eccl.,

483 2644 614 2701 cap.
654 2629 742 2699 11,
777 2645 907 2702 pag.
940 2629 1088 2701 367).
1149 2634 1261 2686 Pro
1319 2635 1473 2686 certo
1533 2630 1712 2696 enim,
1743 2628 2041 2700 inquiunt,
2074 2632 2132 2686 et

482 2721 606 2775 rato
639 2734 772 2774 cum
795 2719 1053 2791 positum
1081 2719 1288 2775 fuisset
1308 2717 1505 2792 plures
1525 2734 1654 2775 esse
1680 2719 2126 2784 daemones,tum

481 2807 702 2863 creduli
735 2807 1150 2881 simplicesque
1178 2808 1264 2864 illi
1295 2809 1401 2864 viri
1434 2808 1494 2864 in
1539 2807 1802 2865 animum
1843 2807 2007 2864 facile
2037 2808 2127 2864 in-

481 2895 772 2953 duxerunt
801 2896 1092 2954 daemones
1124 2896 1254 2954 illos
1311 2897 1522 2953 horum
1566 2896 1830 2953 omnium
1861 2895 2125 2953 insolito-

480 3001 610 3041 rum
643 2985 953 3042 eﬁ‘ectuum
985 2987 1166 3043 fuisse
1197 2991 1482 3043 auctores.

551 3077 696 3144 Quid
730 3077 908 3148 ergo?
939 3077 1214 3149 Nunquid
1263 3075 1661 3149 antiquissimi
1709 3075 1974 3133 Ecclesiae
2021 3077 2123 3133 Pa-

479 3169 599 3221 tres
628 3166 936 3238 caiterique
966 3169 1276 3238 scriptores
1306 3165 1620 3224 Christiani
1652 3183 1753 3238 per
1801 3171 1886 3220 tot
1914 3164 2124 3222 saecula

2257 588 2433 652 artes,
2467 575 3024 651 prastigiquuibus
3049 575 3249 630 tandiu
3281 575 3505 636 ethnicis
3533 581 3680 640 etiam
3707 603 3802 646 ocu-

2257 670 2590 737 latioribus,
2623 666 2743 722 imo
2775 663 3226 736 etuChristianis,
3253 663 3366 721 hazc
3385 669 3526 724 omni
3553 674 3714 730 studio
3738 677 3800 732 in-

2256 758 2704 832 vestigantibus,
2753 753 3095 811 illuserint?
3155 751 3262 811 Sed
3316 756 3422 826 dio,
3474 760 3694 831 obsecro,
3719 783 3804 836 qua

2257 849 2445 906 fronte
2474 844 2891 911 Tertullianus,
2926 842 3281 900 Athanasius
3318 844 3514 917 aliique
3547 849 3802 908 doctissimi

2256 937 2568 1010 cujuslibet
2598 934 2783 990 aetatis
2812 933 2919 989 viri
2952 933 3212 989 ethnicos
3251 950 3536 1006 provocare
3559 939 3806 1010 audebant,

2255 1032 2321 1085 ut
2343 1025 2743 1099 experirentur
2764 1027 2964 1080 utrum
2987 1023 3278 1078 daemones
3298 1023 3513 1080 oracula
3539 1025 3805 1097 fundentes,

2254 1119 2403 1174 mira
2434 1115 2698 1187 quaedam
2731 1113 2994 1179 edentes,
3025 1128 3267 1184 corpora
3294 1111 3578 1169 hominum
3602 1115 3810 1173 obsiden-

2250 1211 2360 1276 tes,
2395 1224 2428 1263 a
2458 1202 2806 1261 Christianis
2835 1200 3114 1272 adjurati,
3145 1205 3248 1257 aut
3275 1200 3542 1273 protinus,
3573 1207 3659 1258 aut
3682 1205 3809 1275 paulo

2252 1299 2403 1370 post,
2435 1294 2678 1368 quinam
2709 1292 2823 1365 ipsi
2853 1292 2943 1347 vel
2965 1307 3080 1364 quo
3111 1288 3378 1362 appellati
3407 1294 3586 1347 essent
3611 1294 3811 1360 nomine,

2251 1385 2443 1459 palam
2476 1381 2942 1441 conﬁterentur?
2989 1380 3048 1436 Si
3100 1395 3236 1436 vero
3279 1379 3586 1440 sacerdotes
3629 1380 3813 1453 ethnici,

2250 1491 2367 1530 non
2397 1477 2593 1529 autem
2627 1473 2921 1528 daemones
2953 1469 3073 1524 haec
3099 1467 3485 1524 fraudulenter
3505 1469 3815 1541 agebant,cur

2252 1563 2524 1620 sinebant
2553 1579 2615 1618 se
2646 1559 2952 1632 adjurari?
2995 1575 3099 1614 cur
3146 1559 3476 1630 adjurantes
3515 1574 3619 1614 non
3659 1557 3816 1614 irride-

2250 1652 2440 1709 bant?
2470 1669 2574 1708 cur
2603 1667 2701 1706 eos
2735 1648 2820 1705 vcl
2853 1648 2976 1706 solo
3012 1665 3118 1704 suo
3149 1647 3380 1704 silentio
3427 1647 3494 1702 ad
3541 1647 3815 1719 pudendum

2247 1759 2363 1799 non
2395 1739 2795 1797 inducebant?
2825 1755 2928 1794 cur
2971 1754 3086 1793 non
3130 1754 3262 1808 suo,
3294 1737 3394 1792 sed
3424 1737 3716 1791 daemonum
3742 1751 3818 1790 no-

2248 1833 2406 1888 mine
2435 1847 2496 1888 se
2527 1830 2718 1887 vocari
2752 1826 3229 1885 mentiebantur?
3261 1843 3364 1882 cur
3383 1825 3715 1898 patiebantur
3739 1825 3819 1879 im-

2247 1927 2542 1995 peratores
2571 1937 2712 1976 suos
2742 1917 3196 1984 Diocletianum,
3229 1916 3301 1972 de
3347 1932 3457 1987 quo
3501 1931 3599 1971 nos
3627 1913 3758 1984 alibi,
3781 1917 3822 1968 et

2245 2011 2547 2067 Julianum
2582 2012 2945 2081 Apostatam,
2979 2007 3051 2063 de
3082 2022 3198 2078 quo
3233 2021 3339 2061 nos
3390 2004 3554 2072 infra,
3584 2003 3821 2076 mysteriis

2245 2101 2370 2156 suis
2411 2098 2687 2167 turbatis,
2737 2096 2940 2153 terreri
2983 2100 3042 2152 et
3090 2093 3329 2167 fugari?
3376 2110 3476 2150 cur
3513 2093 3720 2149 tandem
3743 2091 3824 2147 hac

2245 2189 2392 2245 falsa
2421 2187 2811 2245 declaratione
2834 2185 3102 2241 funditus
3124 2184 3462 2240 evertebant
3489 2182 3701 2239 deorum
3727 2197 3823 2236 suo-

2241 2297 2373 2336 rum
2397 2279 2645 2350 cultnm,
2665 2291 2990 2347 omnesque
3013 2291 3151 2330 suas
3175 2273 3485 2346 religiones
3511 2272 3823 2345 ?(Dissertat.

2243 2371 2303 2425 in
2335 2369 2462 2425 Luc.
2497 2368 2716 2434 θεοῦ..
2749 2382 2875 2438 cap.
2906 2365 2961 2433 5,
2991 2369 3100 2420 art.
3133 2365 3205 2432 2;
3261 2363 3486 2419 dissert.
3517 2364 3573 2417 in
3609 2361 3822 2426 Lactant,

2241 2473 2367 2531 cap.
2400 2459 2456 2525 9,
2507 2462 2617 2514 art.
2651 2457 2732 2522 2.)
2789 2455 2992 2511 Nonne
3051 2452 3372 2509 Christiani
3429 2456 3563 2506 tunc
3614 2450 3824 2504 divinum

2239 2564 2414 2604 suum
2445 2546 2830 2602 imitabantur
2858 2544 3305 2615 Praeceptorem,
3340 2541 3438 2614 qui
3481 2541 3762 2596 daemonem
3801 2553 3826 2592 ι

2238 2652 2478 2709 corpore
2507 2635 2766 2691 hominis
2795 2632 3158 2706 expellendo,
3191 2647 3411 2688 nomen
3461 2645 3621 2686 suum
3651 2642 3824 2684 renun-

2235 2724 2382 2781 tiare
2412 2723 2600 2800 coegit
2627 2724 2840 2796 (Marc,
2870 2738 2926 2794 v,
2955 2723 3030 2791 9;
3083 2723 3246 2789 Lua,
3299 2737 3426 2788 vm,
3473 2719 3577 2791 36).
3616 2716 3735 2782 Quis
3759 2729 3824 2770 re-

2235 2814 2522 2886 spondere
2556 2814 2770 2869 audeat
2799 2811 2950 2868 hanc
2980 2812 3158 2867 fuisse
3178 2810 3434 2880 alicujus
3456 2806 3656 2863 ethnici
3683 2819 3826 2860 sacer-

2236 2901 2389 2959 dotis
2422 2904 2711 2970 fraudem,
2742 2901 2980 2974 ipsimet
3009 2899 3246 2955 Christo
3278 2897 3662 2971 incognitam?
3689 2893 3828 2950 Nemo

2235 2997 2344 3057 est,
2407 2993 2506 3066 qui
2561 2991 2862 3048 hominem
2921 2989 3348 3056 Christianum,
3407 2989 3486 3044 ita
3526 2987 3826 3057 loquentem,

2233 3081 2436 3137 audire
2467 3099 2580 3138 non
2613 3081 3034 3154 perhorrescat.
3069 3079 3226 3134 Bene
3277 3094 3413 3150 ergo
3445 3080 3627 3132 actum
3655 3073 3716 3129 ab
3741 3086 3830 3126 uno

2234 3186 2264 3224 e
2286 3171 2559 3227 societate
2579 3171 2609 3226 ι]
2617 3187 2718 3226 esu
2744 3171 2864 3225 viro
2887 3167 3246 3236 clarissimo,
3263 3169 3364 3241 qui
3388 3165 3682 3223 absurdam
3701 3160 3826 3215 illam

480 3254 621 3312 adeo
652 3236 1100 3323 tardi,_hebetes_
1127 3260 1183 3312 et
1230 3255 1362 3313 caeci
1411 3236 1672 3326 fuerunt,
1702 3258 1769 3310 ut
1796 3255 2118 3328 deprehen‘
2153 3236 2194 3304 (ἶ
2233 3258 2587 3330 Opinionem,
2612 3259 2696 3316 vel
2722 3259 2916 3332 potius
2945 3236 3340 3332 paradoxum,
3360 3256 3511 3314 edito
3534 3250 3827 3326 nuperlibro

476 3343 611 3401 dere
642 3361 757 3401 non
787 3345 936 3404 625
967 3345 1266 3418 potuerint
1287 3345 1629 3417 neutiquam
1654 3345 2114 3407 demonum,sed

471 3433 838 3492 ethnicorum
879 3436 1252 3492 sacerdotum
1305 3434 1568 3492 artiﬁciis
1598 3440 1654 3490 et
1684 3433 1929 3490 fallaciis
1959 3434 2117 3491 edita

469 3522 650 3580 fuisse
680 3523 933 3596 oracula,
967 3529 1140 3597 atque
1189 3524 1303 3581 alia
1351 3526 1549 3591 etiam,
1583 3541 1709 3597 quae
1742 3539 1922 3596 supra
1952 3541 2113 3580 com-

469 3629 704 3669 munem
739 3619 957 3670 naturaz
981 3615 1245 3670 ordinem
1271 3615 1393 3671 ﬁeri
1417 3613 1805 3670 videbantur?
1833 3614 2110 3686 Nunquid

465 3718 600 3773 ergo
632 3703 871 3774 majoris
925 3708 1048 3761 erat
1105 3721 1310 3777 Operm,
1374 3703 1681 3776 gentilium
1741 3703 2109 3760 sacerdotum

462 3791 697 3848 fraudes
721 3797 1180 3866 retegere,quam
1200 3798 1320 3849 tam
1337 3793 1597 3864 operosis
1615 3793 2111 3865 disputationibus

460 3879 745 3951 explicare
777 3899 903 3954 quae
934 3882 1108 3939 fuerit
1137 3883 1472 3940 daemonum
1505 3886 1734 3950 natura,
1758 3882 1894 3954 quid
1918 3884 1988 3939 de
2011 3883 2111 3939 illa

458 3967 810 4044 philosophi,
845 3975 1050 4044 poetae,
1084 3971 1242 4045 magi
1263 3970 1477 4044 aliique
1499 3970 1746 4044 gentiles
1776 3973 2111 4030 censuerint

2227 3347 2399 3420 plane
2429 3350 2781 3421 penitusque
2812 3348 3115 3404 subvertit.
3147 3347 3289 3403 Jam
3324 3363 3456 3403 vero
3487 3362 3520 3400 a
3549 3343 3828 3418 nobiscon-

2225 3437 2478 3493 futatum
2509 3443 2598 3494 est
2628 3437 2741 3494 alia
2773 3438 2830 3492 in
2863 3437 3302 3506 dissertatione,
3350 3435 3449 3492 ubi
3500 3435 3568 3490 de
3619 3425 3828 3487 mirabili

2225 3525 2374 3598 signi
2405 3527 2719 3582 Dominicis
2771 3527 2961 3582 crucis
3006 3525 3273 3597 potentia
3321 3521 3739 3597 disputavimus,
3777 3531 3828 3571 ac

2223 3631 2430 3672 rursus
2483 3615 2575 3672 bis
2624 3615 2918 3672 refelletur
2966 3633 3091 3687 qua:
3131 3615 3191 3670 in
3245 3613 3624 3688 sequentibus
3651 3603 3829 3665 nostris

2223 3705 2734 3762 dissertationibus
2767 3704 3014 3761 dicenda
3068 3709 3212 3760 sunt
3245 3705 3486 3774 (Balth.,
3519 3703 3746 3772 Respons.
3773 3694 3830 3748 ad

2223 3795 2369 3851 Hist.
2405 3795 2592 3858 0rac.;
2618 3795 2838 3850 Dissert.
2872 3795 2931 3848 in
2982 3795 3109 3849 Luc.
3167 3793 3374 3852 Caecil.
3431 3809 3557 3864 cap.
3587 3791 3638 3858 5,
3670 3791 3762 3844 art.
3785 3785 3828 3846 2.

2221 3900 2350 3957 pag.
2391 3885 2487 3939 180
2516 3889 2572 3940 et
2597 3901 2784 3956 seqq.;
2835 3885 3056 3939 Dissert.
3094 3885 3154 3938 in
3191 3885 3473 3951 Lactant,
3523 3897 3643 3952 cap.
3672 3878 3720 3945 9,
3745 3879 3828 3930 art.

2217 3974 2284 4042 2;
2317 3978 2374 4030 et
2404 3975 2465 4030 in
2500 3973 2848 4042 Tertullian.,
2882 3989 3006 4045 cap.
3045 3973 3131 4044 11,
3164 3979 3282 4029 art.
3316 3973 3417 4045 6).⁴

1912 4175 2171 4237 CAPUT
2213 4173 2373 4237 XXI.

458 4296 544 4356 De
575 4295 835 4358 deorum
871 4296 1252 4377 imaginibus
1283 4301 1346 4357 et
1374 4295 1750 4371 simulacris,
1781 4296 1898 4358 sub
1942 4298 2169 4376 quibus
2209 4297 2641 4360 delitescentes
2688 4299 3007 4360 daemones
3055 4297 3487 4361 credebantur
3517 4295 3668 4357 mira
3695 4305 3834 4369 quai-

1278 4377 1422 4438 dam
1454 4377 1725 4458 Operari,
1763 4395 1835 4439 ac
1860 4396 2001 4456 quas
2031 4378 2110 4441 ab
2140 4379 2407 4442 ethnicis
2433 4380 2625 4461 impie
2656 4379 3046 4442 colebantur.

911 4539 1322 4597 ARTICULUS
1363 4538 1648 4596 PRIMUS.

462 4662 680 4729 Quanta
708 4663 998 4734 impietate
1027 4666 1237 4721 ethnici
1262 4665 1566 4720 simulacra
1594 4665 1819 4721 deorum
1861 4680 2108 4730 suorum,

527 4734 629 4788 sub
659 4735 857 4804 quibus
915 4736 1187 4794 daemones
1239 4737 1579 4806 habitabant,
1632 4741 1869 4793 colerent
1897 4741 1948 4792 et
1977 4737 2108 4792 ado-

526 4811 736 4873 rareut,
770 4808 1023 4880 atqueiab
1062 4811 1163 4878 eis,
1197 4809 1488 4863 hominum
1517 4811 1771 4880 manibus
1811 4808 2108 4880 aliquando

525 4893 597 4931 ea:
655 4893 781 4934 vase
827 4879 1209 4935 sordidissimo
1261 4882 1448 4950 factis,
1499 4879 1748 4935 divinam
1776 4879 1926 4950 opem
1954 4885 2110 4951 pete-

523 4957 652 5005 rent
681 4967 746 5006 ac
774 4956 1186 5024 exspectarent.

523 5073 653 5129 Alio
683 5075 755 5131 ad
788 5075 1167 5149 decipiendos
1199 5073 1470 5130 homines
1528 5073 1773 5129 artiﬁcio
1814 5075 2107 5133 dmmones

454 5161 866 5220 ubutebantur.
899 5165 1126 5220 Etenim
1174 5164 1284 5219 sub
1345 5160 1559 5217 statuis
1616 5165 1673 5216 et
1726 5161 2102 5234 imaginibus,

454 5251 607 5308 626
661 5253 743 5308 ait
800 5253 1115 5320 Minucius,
1179 5275 1206 5303 «
1269 5250 1609 5322 consecrati,
1663 5272 1691 5301 »
1761 5252 2102 5324 Cyprianus,

454 5343 872 5399 «consecratis
929 5342 1281 5399 delitescunt
1335 5341 1629 5416 (Cyprian.
1688 5341 1788 5398 lib.
1847 5343 1913 5399 de
1968 5343 2105 5401 1άοὶ.

454 5431 657 5498 Vanit.,
691 5447 821 5503 pag.
858 5433 968 5504 14).
1002 5455 1030 5483 ››
1066 5433 1383 5505 Utriusque
1415 5437 1611 5488 autem
1635 5430 1813 5504 hujus
1835 5431 2104 5489 lectionis

448 5520 604 5576 idem
637 5519 806 5592 plane
837 5537 1068 5578 sensus.
1103 5521 1360 5579 Gentiles
1414 5521 1633 5596 quippe
1675 5519 1806 5577 illas
1856 5522 2101 5580 deorum

445 5625 690 5668 suorum
710 5609 997 5684 imagines
1016 5609 1263 5670 solemni
1280 5611 1646 5669 dedicatione
1659 5609 2100 5670 consecrabant.

441 5696 677 5766 Testem
710 5699 759 5761 si
789 5699 931 5761 velis
960 5699 1068 5760 tibi
1096 5700 1632 5780 locupletissimum
1664 5698 1930 5778 proferri,
1963 5698 2102 5762 cita-

2135 4543 2182 4608 D
2213 4540 2410 4597 bimus
2441 4539 2798 4608 Ciceronem,
2830 4541 2927 4612 qui
2977 4544 3109 4614 post
3139 4539 3339 4598 multa
3367 4541 3442 4597 de
3472 4537 3703 4610 antiquo
3728 4545 3838 4588 con-

2221 4630 2638 4686 secraudarum
2664 4629 3242 4702 dedicandarumque
3266 4630 3489 4686 mdium
3514 4641 3667 4684 more
3686 4627 3735 4678 et
3753 4618 3843 4674 ritu

2221 4719 2540 4792 disputata,
2565 4723 2766 4774 narrat
2790 4737 2823 4776 a
2850 4721 2956 4786 Qu.
2983 4719 3199 4776 Marcio
3221 4735 3476 4776 censore
3499 4717 3707 4773 factum
3731 4712 3845 4764 Con-

2219 4809 2430 4866 cordiae
2461 4809 2697 4882 signum
2725 4813 2780 4865 et
2809 4807 3155 4866 collocatum
3189 4808 3250 4864 in
3305 4809 3564 4882 publico.
3597 4806 3730 4861 Cum
3759 4812 3846 4853 au—

2217 4900 2335 4955 tem
2369 4901 2426 4954 C.
2459 4897 2694 4954 Cassius
2714 4915 2922 4954 censor
2945 4897 3088 4955 illud
3113 4899 3530 4956 transtulisset
3552 4897 3608 4950 in
3631 4889 3842 4948 curiam.

2217 4988 2515 5046 consuluit
2546 4985 2857 5061 collegium
2888 4988 3230 5061 pontiﬁcum
3260 4986 3559 5059 numquid
3589 4995 3759 5039 causa
3783 4972 3847 5029 vi-

2217 5077 2472 5144 deretur,
2533 5076 2675 5148 quin
2733 5076 2876 5132 illud
2937 5077 3251 5134 dedicaret.
3320 5077 3426 5134 Cui
3485 5075 3560 5130 M.
3613 5064 3843 5126 .‘Emilius

2217 5166 2476 5238 pontifex
2517 5165 2810 5222 maximus
2867 5183 2969 5239 pro
3032 5167 3279 5240 collegio
3346 5162 3670 5238 respondit,
3703 5150 3847 5210 «nisi

2216 5273 2351 5312 eum
2382 5254 2636 5328 populus
2668 5255 2966 5311 Romanus
3000 5257 3360 5312 nominatim
3396 5249 3755 5328 praefecisset,
3782 5243 3848 5295 at-

2216 5362 2328 5417 que
2358 5344 2484 5414 ejus
2501 5344 2680 5415 jussu
2710 5344 2943 5414 faceret,
2978 5361 3094 5401 non
3124 5345 3313 5401 videri
3345 5343 3496 5400 illud
3530 5343 3677 5397 recte
3704 5341 3851 5407 posse

2214 5433 2470 5490 dedicari
2495 5458 2517 5487 ι
2545 5433 2748 5504 (Cicer.
2771 5438 2918 5491 orat.
2941 5435 3036 5504 29,
3057 5452 3161 5506 pro
3191 5436 3368 5492 Domo
3397 5450 3522 5497 sua,
3546 5429 3615 5484 ad
3641 5420 3848 5490 Ponti/3,

2215 5539 2348 5596 9⁸8·
2408 5523 2513 5578 424
2569 5527 2620 5580 σι
2675 5524 2847 5595 seqq.)
2930 5524 3123 5581 Variis
3204 5525 3416 5597 itaque
3518 5506 3850 5576 caeremoniis

2214 5611 2531 5685 cujuslibet
2588 5611 2680 5668 dei
2741 5611 3123 5671 simulacrum
3182 5612 3664 5672 consecrabatur,
3703 5606 3756 5657 et
3781 5598 3851 5652 ita

2215 5703 2360 5763 deus
2395 5701 2591 5763 ﬁebat.
2618 5701 2765 5763 Nam
2789 5703 3292 5779 quemadmodum
3322 5705 3534 5762 auctor
3552 5698 3740 5758 noster
3765 5701 3850 5747 ar-
