3920 6166
38 36 236 184 ἓά,οο·
261 85 342 100 “⁴”’
395 85 400 88 ’

137 384 227 447 645

152 516 323 590 guit'.»
346 506 582 576 Quando
620 503 716 561 hic
764 500 1044 572 nascitur,
1079 515 1208 555 ecce
1251 496 1535 590 tunditur,
1570 494 1746 590 fabri-
1782 503 1836 568 Α

156 584 302 669 catur,
331 597 599 670 scalpitur
625 619 639 663 ;
671 592 937 650 nondum
969 590 1110 646 deus
1141 592 1231 644 est
1265 604 1278 644 :
1313 602 1444 642 ecce
1477 584 1747 658 plumba-

153 699 246 763 tur,
264 686 618 749 construitur,
652 683 935 754 erigitur;
962 679 1222 735 nondum
1255 677 1400 733 deus
1432 680 1522 731 est
1555 693 1568 731 :
1619 687 1749 730 ecce

154 784 371 845 ornatur,
401 778 789 840 consecratur,
821 775 1021 827 oratur
1050 784 1064 838 ;
1098 772 1238 823 tunc
1276 770 1570 838 postremo
1605 765 1751 819 deus

153 875 238 936 est,
260 883 378 924 cum
409 865 578 921 homo
600 862 766 917 illum
813 859 997 915 voluit
1050 862 1108 913 et
1140 855 1441 912 dedicavit.
1478 875 1506 904 »
1539 854 1623 910 Ita
1653 851 1751 908 ille

151 957 412 1034 gentilium
442 953 644 1008 irridet
663 949 1002 1014 cacitatem,
1034 945 1130 1018 qui
1161 945 1284 1001 hzec
1308 943 1751 1012 simulacra,pro

151 1047 414 1106 hominum
444 1041 685 1100 arbitrio
718 1041 1082 1105 consecrata,
1126 1039 1228 1091 aut
1260 1035 1399 1090 deos
1431 1049 1570 1089 suos
1601 1045 1752 1099 esse,

152 1143 229 1196 aut
251 1136 304 1191 in
333 1134 412 1191 eis
440 1131 707 1188 habitare
737 1127 914 1185 stulte
936 1125 1348 1198 opinabantur.

203 1229 261 1281 At
282 1221 700 1289 damones,suh
712 1217 806 1272 his
825 1215 1010 1288 signis
1033 1230 1096 1270 ac
1119 1211 1454 1269 simulacris
1477 1209 1751 1277 maxima,

151 1318 200 1372 ut
220 1311 474 1380 diximus,
505 1310 725 1364 naturas
774 1322 894 1361 suis
952 1301 1278 1359 subtilitate
1327 1300 1751 1365 delitescentes,

148 1405 204 1460 iis
229 1418 338 1468 sua,
367 1399 523 1454 sicut
554 1397 637 1452 ait
664 1395 1085 1466 Athenagoras,
1129 1391 1368 1446 nomina
1422 1386 1754 1444 communi-

149 1491 335 1557 cabant,
364 1492 492 1552 aut,
521 1484 698 1541 veluti
713 1474 1756 1550 addiditTertullinanus,signis,mi-

148 1580 343 1650 raculis,
372 1574 653 1643 oraculis,
701 1590 829 1646 qua
861 1571 1144 1627 nimirum
1204 1567 1350 1625 falsa
1381 1571 1480 1622 aut
1511 1563 1758 1622 subdola

149 1687 247 1728 esse
271 1666 649 1734 ostendimus,
684 1684 712 1714 «
745 1663 920 1717 ﬁdem
950 1658 1272 1717 divinitatis
1294 1657 1706 1730 operabantur.
1727 1675 1756 1703 ››

149 1760 400 1831 (Athenag.
437 1757 644 1828 Lega.t
690 1767 791 1825 pro
821 1750 1155 1815 Christian.,
1196 1763 1329 1820 pag.
1360 1747 1430 1800 20
1466 1763 1480 1813 ;
1514 1742 1756 1800 Tertull.

151 1849 348 1919 Apolog.,
375 1862 512 1917 cap.
545 1844 636 1913 21,
670 1858 802 1915 pag.
840 1841 957 1912 23.)
1013 1839 1199 1935 Quam
1263 1834 1542 1940 insulsus.
1562 1837 1760 1930 autem
1793 1877 1840 1940 Β

154 1935 360 1994 essethic
379 1934 755 1991 ethnicorum
781 1946 960 1998 error,
975 1926 1230 1984 ostendit
1257 1925 1446 1997 primo
1471 1921 1761 1978 Minucius

151 2043 203 2082 ex
225 2024 546 2081 eorumdem
575 2018 1025 2079 simulacrorum
1057 2015 1300 2086 origine.
1325 2013 1574 2084 Majores
1604 2011 1762 2067 enim

149 2114 315 2182 nostri,
359 2114 467 2183 ait,
508 2109 820 2183 improvidi
865 2112 922 2164 et
970 2104 1215 2167 creduli.
1276 2101 1545 2159 colebant
1600 2115 1765 2171 reges

146 2222 273 2279 suos,
300 2209 480 2276 atque
503 2202 634 2257 ideo
660 2197 1071 2255 desiderabant
1095 2217 1124 2246 «
1181 2193 1488 2249 defunctos
1518 2191 1579 2245 in
1618 2190 1767 2279 ima~

146 2294 340 2368 ginibus
365 2291 590 2357 videre,
626 2311 653 2339 ι»
686 2288 828 2354 sive,
859 2283 1357 2358 quemadmodum
1381 2279 1642 2352 loquitur
1658 2278 1764 2368 Cy-

147 2366 367 2457 prianus,
400 2403 431 2432 ‹‹
457 2379 602 2435 Inde
633 2379 704 2434 ad
741 2375 1150 2432 defunctorum
1193 2370 1391 2428 vultus
1422 2386 1524 2442 per
1551 2366 1766 2457 imagi-

147 2455 250 2528 nem
277 2469 625 2528 detinendos
655 2481 930 2536 expressa
952 2466 1090 2520 sunt
1112 2459 1426 2518 simulacra
1455 2455 1763 2531 (Cypr.lib.

144 2563 192 2618 de
223 2563 318 2618 ldol
343 2561 556 2626 νεῖται,
578 2573 710 2630 pag.
745 2555 856 2628 11).
887 2576 915 2606 ››
957 2553 1108 2620 Quin
1138 2550 1348 2619 etiam,
1371 2548 1420 2605 si
1443 2545 1766 2619 ;Lactantio

148 2647 675 2720 credimus,ipsimet
704 2646 1001 2700 daemones
1030 2642 1357 2697 docuerunt
1387 2635 1766 2710 ﬁngereima-

147 2740 276 2812 gines
301 2745 354 2795 et
382 2735 734 2800 simulacra,
769 2754 797 2783 «
829 2737 887 2788 et
942 2732 1110 2787 ﬁctos
1162 2733 1526 2786 mortuorum
1559 2741 1762 2799 regum

145 2828 305 2885 vultus
330 2832 386 2885 et
418 2829 666 2884 ornatos
723 2823 860 2895 (ms.
901 2839 950 2877 r.
1008 2819 1258 2892 ornatus)
1315 2815 1606 2890 exquisita
1635 2813 1762 2888 pul-

145 2916 442 2974 chritudine
456 2912 641 2971 statui
653 2910 1093 2982 consecrarique
1112 2909 1390 2964 fecerunt.
1414 2928 1442 2958 »
1474 2905 1760 2976 (Lactant.

145 3007 222 3063 lib.
248 3025 283 3064 ιι
312 3006 584 3068 lectitat,
605 3018 744 3074 .cap.
779 3002 1014 3072 16,pag.
1047 2999 1153 3052 228
1187 3003 1363 3066 ;tom.
1396 2997 1442 3063 Ι,
1474 2995 1762 3066 Apparet,

145 3113 247 3170 pag.
277 3097 375 3152 432
408 3100 477 3151 et
494 3093 648 3162 736.)
676 3091 784 3146 Sed
825 3091 896 3145 de
925 3088 1033 3144 hac
1063 3087 1510 3144 simulacrorum
1542 3083 1766 3157 origine

150 3187 260 3242 alibi
281 3182 698 3243 disseruimus.
730 3183 865 3245 Qua
896 3195 1030 3250 ergo
1062 3179 1245 3249 major
1273 3175 1552 3245 amentia,
1583 3189 1761 3245 quam

145 3281 504 3342 mortuorum,
537 3286 687 3342 saepe
733 3268 949 3340 saepius
987 3265 1398 3322 sceleratorum
1431 3261 1760 3328 hominum,
1793 3240 1836 3307 Ο

145 3369 222 3420 ant
249 3363 414 3437 plane
449 3359 792 3416 fictitiorum
807 3353 1364 3426 deorum,imagines
1381 3350 1768 3408 etsimulacra

149 3454 300 3511 colere
335 3459 392 3511 et
425 3451 676 3508 adorare
703 3453 986 3519 tanquam
1011 3460 1176 3500 veros
1189 3444 1348 3513 deos,
1373 3446 1475 3498 aut
1503 3442 1766 3514 ipsorum

148 3548 312 3603 sedem
339 3550 398 3604 et
421 3541 797 3601 domicilium
814 3539 842 3594 ‘I

201 3641 381 3709 Neque
417 3633 573 3690 illud
614 3631 1044 3701 incompertum
1092 3625 1203 3680 fuit
1250 3623 1623 3696 peritioribus
1652 3623 1769 3679 sal-

148 3730 239 3782 tem
268 3723 630 3799 quibusdam
652 3717 924 3785 ethnicis,
983 3713 1462 3788 quandoquidem
1499 3712 1771 3769 Justinus

147 3813 328 3887 Martyr
344 3813 592 3884 (Cohort.
626 3809 697 3864 ad
735 3814 1047 3880 gent.,pag.
1102 3805 1208 3874 18),
1241 3801 1506 3858 Clemens
1533 3801 1773 3858 Alexan-

148 3904 319 3961 drinus
361 3903 496 3976 (lib.
528 3917 563 3955 ν
595 3899 816 3968 Strom.,
839 3912 972 3969 pag.
1005 3894 1154 3964 603),
1178 3897 1235 3948 et
1286 3893 1433 3950 627
1487 3891 1772 3948 Eusebius

149 3993 245 4062 (lib.
271 4011 372 4050 xm
401 3994 651 4063 Pracpar.
683 3989 914 4057 Evang.,
961 3999 1089 4057 pag.
1123 3981 1250 4053 680)
1308 3987 1509 4037 contra
1567 3981 1772 4037 absur-

151 4081 255 4138 dam
283 4082 446 4139 illam
481 4077 792 4153 gentilium
817 4074 1237 4148 plerarumque
1259 4070 1523 4127 omnium
1555 4069 1777 4144 opinio-

151 4186 256 4227 nem
280 4173 465 4228 citant
493 4170 601 4226 hos
622 4163 928 4239 Sophoclis
958 4176 1199 4218 versus:

265 4273 454 4344 Θνητοὶ
492 4270 550 4326 δὶ
579 4268 786 4325 πολλοὶ
814 4260 1009 4344 κρῖρδίᾳ
1037 4264 1386 4344 πλανᾳώμξνοι

271 4337 676 4420 ἰδρυσᾴμεσθα,
695 4362 781 4420 *πῃ
793 4337 975 4420 μᾴτξων
992 4337 995 4338 ν
1013 4337 1368 4420 παραψυχὴν,

431 4407 708 4492 ἆὴάλμμΐ
737 4407 803 4468 bc
835 4410 1002 4492 λίθξρν
1029 4407 1207 4492 taxa?
1237 4407 1438 4492 ξῦλῳν,

282 4488 340 4544 Ἦ
367 4478 807 4566 χρυξτοτέύδετων,
837 4484 871 4552 ἢ
915 4478 1273 4566 ξλεφλαγτίνωὺ
1304 4478 1528 4566 vincor,

275 4551 459 4622 Θοσῗᾶς
490 4580 550 4615 τε
579 4551 813 4628 τούτοις
845 4551 1136 4628 garum;
1167 4551 1493 4628 πρινηγύρεις

269 4621 582 4709 Tan-16h“,
615 4621 1055 4691 οὕτωςέὐσεὸεῖν
1086 4646 1146 4680 νο
1156 4622 1281 4698 μίζο
1291 4621 1404 4697 p'ev'.

271 4723 522 4796 fierique
538 4725 806 4788 nostrum,
839 4726 1015 4774 mente
1028 4714 1122 4796 sed
1143 4717 1309 4796 capti,
1341 4713 1504 4770 deum

265 4789 574 4850 Simul'acra
602 4795 781 4860 nobis,
812 4807 910 4846 seu
939 4789 1077 4843 mali
1104 4789 1387 4854 solatium,

278 4865 409 4921 Cum
431 4883 602 4923 saxea
630 4863 1008 4937 atqucglignea
1037 4861 1482 4937 consecravtmus
1506 4875 1520 4928 ;

278 4938 407 4992 Tum
433 4943 483 4994 et
511 4932 729 5004 aureas,
761 4932 1139 5004 eburneasque
1172 4932 1459 5004 imagines.

280 5009 382 5064 Hos
402 5012 638 5065 victimis
657 5003 965 5080 placamus,
1000 5003 1084 5058 his
1105 5005 1266 5080 festos
1298 5003 1416 5080 d_zes

279 5081 520 5150 Agimus,
549 5073 670 5154 pios'
693 5081 794 5135 hoc
812 5093 930 5134 esse
954 5073 1052 5132 nos
1084 5073 1194 5131 rati
1221 5073 1398 5129 modo.

160 5182 324 5256 Siqui
364 5185 555 5260 itaque
613 5185 942 5258 sagaciores
990 5180 1207 5238 ethnici
1259 5180 1382 5236 haec
1438 5178 1783 5252 opinionum

161 5280 402 5332 monstra
421 5277 946 5344 deriderent,nemo
967 5278 1163 5328 tamen
1193 5270 1476 5336 dubitat,«
1500 5267 1784 5338 horum,(»

163 5356 334 5434 inquit
377 5366 684 5438 Minucius,
735 5387 764 5416 «
823 5362 1111 5436 imagines
1171 5362 1536 5416 consecratas
1577 5357 1785 5429 vulgus

164 5464 328 5522 orare,
361 5459 414 5510 et
441 5455 669 5529 publice
697 5453 884 5510 colere
919 5473 948 5503 ››
998 5455 1281 5521 tanquam
1314 5448 1472 5517 deos,
1505 5464 1539 5502 a
1569 5446 1785 5518 quibus

166 5539 319 5598 etiam
352 5545 624 5604 miracula
662 5543 789 5602 ﬁeri
841 5557 908 5600 ac
968 5539 1081 5598 sibi
1139 5535 1436 5595 subveniri
1489 5534 1784 5593 existima-

170 5625 313 5690 bant.

222 5717 434 5784 Verum
460 5725 518 5785 hi
541 5730 662 5788 tam
691 5721 1087 5807 perniciosum
1118 5733 1374 5780 errorem
1411 5732 1527 5777 non
1551 5719 1785 5777 tantum

1521 362 1948 426 DlSSERTA’l
1963 360 2064 424 IO.

3382 367 3504 430 640

1867 510 1935 550 sx
1956 494 2196 566 praefata
2228 492 2677 551 simulacrorum
2702 493 2943 567 origine,
2965 495 3064 552 sed
3081 511 3195 568 quo
3209 495 3508 568 fingeban-

1859 588 1959 639 tur
1989 584 2160 639 modo
2194 599 2510 656 agnoscere
2541 585 2888 642 debuerunt.
2920 584 3141 641 Etenim
3175 608 3204 636 ‹‹
3238 585 3286 642 si
3305 587 3507 656 deus,»

1859 672 1979 729 sive
2008 671 2413 741 simulacrum,
2447 695 2474 724 ‹‹
2510 671 2739 746 ligneus
2773 696 2801 724 »
2833 679 2941 741 est,
2975 674 3168 747 inquit
3195 675 3506 747 Minucius,

1864 783 1891 812 «
1926 762 2045 836 rogi
2077 762 2323 818 fortasse
2351 761 2441 818 vel
2474 762 2724 818 infelicis
2754 763 2974 835 stipitis
3024 764 3234 836 portio,
3261 781 3511 838 suspen-

1861 851 2042 918 ditur,
2084 852 2346 923 caaditur,
2388 850 2638 922 dolatur,
2670 852 3034 923 runcinatur,
3069 875 3097 904 »ι
3139 852 3249 909 hoc
3279 859 3387 925 est,
3420 870 3511 911 se-

1861 944 2028 996 catur
2058 941 2382 1011 majoribus
2413 940 2612 1004 serris,
2654 941 2742 996 vel
2774 941 2990 1014 potius,
3025 947 3089 998 ut
3130 942 3259 998 aliis
3301 944 3510 1016 placet,

1861 1027 2270 1103 complanatur
2325 1045 2390 1085 ac
2449 1029 2667 1102 politur
2700 1047 2713 1098 ;
2748 1053 2776 1081 «
2810 1030 2861 1086 si
2902 1030 3189 1103 lapideus,
3251 1033 3512 1103 ceditur,

1865 1101 2164 1190 scalpitur,
2198 1121 2256 1174 et
2287 1118 2361 1174 ab
2391 1101 2684 1191 impurato
2728 1101 2973 1176 homine
2995 1119 3302 1193 levigatur.
3337 1101 3519 1178 Denié

1865 1222 1978 1278 que
1999 1206 2049 1262 si
2088 1223 2272 1263 aereus
2301 1207 2388 1263 vel
2424 1212 2737 1280 argenteus
2780 1212 2887 1276 est,
2921 1209 3209 1266 conﬂatur
3240 1227 3305 1267 ac
3351 1211 3518 1267 incu-

1864 1295 2035 1352 dibus
2066 1300 2122 1352 et
2146 1295 2374 1353 malleis
2396 1297 2703 1369 figuratur,
2737 1298 2806 1353 de
2837 1297 3142 1355 immundo
3162 1298 3420 1370 vasculo,
3453 1301 3519 1357 ut

1865 1385 2078 1457 saepius
2113 1385 2327 1442 factum
2389 1386 2647 1459 Egyptio
2677 1387 2822 1460 regi,
2882 1410 2910 1437 «
2979 1387 3250 1444 videlicet
3296 1387 3520 1445 Amasi.

1865 1474 2072 1532 Narrat
2106 1475 2261 1530 enim
2293 1475 2620 1532 Herodotus
2651 1477 2722 1532 ab
2752 1475 2852 1532 illo
2885 1477 3102 1533 factum
3134 1474 3356 1553 ἄγαλμα
3402 1473 3519 1531 δαί-

1870 1583 2056 1636 μονος,
2091 1587 2119 1615 «
2153 1564 2452 1631 daemonis,
2507 1588 2536 1615 »
2581 1581 2683 1621 seu
2715 1565 2827 1637 dei,
2861 1589 2889 1615 ‹‹
2941 1566 3345 1636 simulacrum,
3377 1589 3406 1618 n
3453 1582 3525 1624 ex

1867 1652 2015 1725 pelvi
2056 1670 2249 1720 aurea,
2275 1654 2333 1708 in
2368 1670 2484 1725 qua
2513 1654 2638 1724 ipse
2659 1660 2833 1727 atque
2864 1655 2962 1710 alii
2995 1656 3266 1712 conviva.
3293 1654 3520 1729 ἐνεμεῖν,

1867 1739 1956 1795 καὶ
2006 1739 2266 1816 ἐνουρεῖν,
2326 1741 2416 1796 καὶ
2475 1739 2648 1804 πόδας
2707 1741 3126 1816 ἐναπονίζεσθαι,
3191 1769 3213 1797 ι
3266 1762 3521 1813 vomere,

1869 1832 2214 1904 immingere
2265 1836 2321 1888 et
2366 1833 2541 1903 pedes
2598 1833 2834 1890 abluere
2863 1833 3148 1891 solebant.
3189 1858 3209 1884 ι
3270 1834 3523 1908 Egyptii

1870 1937 2002 1976 vero
2034 1921 2416 1977 simulacrum
2446 1921 2592 1978 illud
2650 1939 2886 1979 summa
2921 1925 3289 1981 veneratione
3329 1924 3523 1981 colue-

1873 2014 2029 2080 runt,
2088 2009 2198 2078 vel,
2257 2015 2320 2066 ut
2390 2010 2472 2067 ait
2533 2013 2875 2080 Herodotus,
2954 2010 3208 2087 μεγάλως
3281 2007 3524 2068 σέϐεσθαι

1874 2099 2168 2168 (Herodot.
2230 2099 2330 2155 lib.
2393 2117 2452 2165 ιι,
2512 2102 2540 2168 §
2605 2101 2748 2172 172).
2807 2101 3198 2164 Quamobrem
3257 2103 3526 2160 Justinus

1876 2188 2090 2260 Martyr
2149 2189 2358 2243 acriter
2426 2188 2663 2260 corripit
2717 2188 3002 2260 ethnicos,
3050 2192 3150 2262 qui
3207 2189 3260 2260 ἐξ
3319 2190 3527 2264 ἀτίμων

1874 2273 2148 2336 πολλάκις
2181 2279 2382 2329 σκευῶν
2409 2271 2497 2328 διὰ
2543 2275 2770 2350 τέχνης,
2826 2277 2888 2330 τὸ
2946 2284 3140 2352 σχῆμα
3203 2278 3365 2352 μόνον
3421 2278 3530 2334 ἀλ..

1876 2363 2125 2435 λάξαντες
2221 2364 2310 2419 καὶ
2401 2366 2921 2442 μορφοποιήσαντες,
3008 2367 3160 2431 θεοὺς
3255 2366 3530 2442 ἐπονομά-

1879 2459 2048 2528 ζουσι,
2082 2479 2110 2507 ‹‹
2139 2472 2208 2512 ex
2238 2456 2562 2513 inhonestis
2592 2473 2993 2528 saepenumero
3049 2459 3225 2525 vasis,
3278 2459 3529 2533 ﬁguram

1874 2550 2102 2601 tantum
2155 2549 2450 2601 mutantes
2489 2549 2546 2600 et
2583 2547 3037 2617 conformantes,
3089 2552 3268 2620 atque
3324 2549 3533 2605 exinde

1875 2633 2012 2689 deos
2045 2633 2526 2705 cognominantes
2557 2633 2798 2706 (Justin.
2847 2634 3090 2707 Apolog.,
3119 2653 3252 2709 pag.
3285 2638 3400 2711 57).
3429 2658 3460 2688 »

1946 2739 2144 2824 Neque
2175 2741 2522 2812 respondere
2580 2744 2849 2813 poterant
2878 2742 3126 2814 gentiles
3181 2743 3528 2814 hujusmodi

1874 2827 2191 2884 simulacra
2220 2829 2358 2886 deos
2389 2846 2501 2884 non
2535 2845 2684 2897 esse,
2736 2830 2849 2886 nisi
2902 2836 3035 2903 post
3083 2850 3272 2901 suam,
3307 2835 3376 2891 de
3408 2852 3526 2908 qua

1875 2934 1981 2974 nos
2011 2917 2185 2991 paulo
2217 2923 2350 2974 ante
2380 2918 2657 2989 diximus,
2702 2921 3198 2977 consecrationem
3249 2929 3306 2979 et
3361 2925 3526 2981 dedi-

1872 3007 2181 3064 cationem.
2214 3007 2363 3072 Quid
2391 3007 2547 3063 enim
2588 3007 2874 3064 divinitati
2917 3011 3105 3084 magis
3135 3012 3522 3072 contumelio-

1873 3114 2028 3166 sum,
2063 3113 2240 3169 quam
2273 3097 2445 3152 deum
2478 3097 2601 3153 ﬁeri
2640 3115 2708 3153 ex
2732 3098 3077 3171 turpissimo
3109 3100 3520 3162 inhonestissi-

1878 3202 2087 3259 moque
2106 3201 2258 3252 vase,
2295 3186 2445 3258 quod
2470 3186 2769 3259 impurati,
2828 3187 2916 3243 vel
2977 3192 3041 3244 ut
3087 3189 3357 3249 Justinus
3388 3209 3521 3250 mox

1876 3275 2092 3331 citatus
2149 3275 2250 3343 ait,
2310 3271 2393 3328 ὅτι
2452 3274 2503 3328 οἱ
2560 3274 2765 3329 τούτων
2805 3280 3049 3350 τεχνῖται
3103 3277 3371 3356 ἀσελγεῖς,
3430 3280 3522 3336 καὶ

1875 3369 2045 3418 πᾶσαν
2078 3361 2265 3418 κακίαν
2326 3358 2515 3438 ἔχουσι
2562 3387 2591 3416 ‹‹
2624 3365 2860 3437 Opiﬁces
2919 3367 3197 3439 impudici
3246 3375 3304 3426 et
3361 3369 3524 3428 omni

1878 3454 2157 3526 pravitate
2174 3455 2552 3510 contaminati
2578 3454 2960 3512 simulacrum
2978 3457 3339 3517 efﬁnxerant.
3365 3461 3525 3535 «(Ib.)

1950 3561 2166 3617 Deinde
2196 3577 2325 3616 vero
2357 3577 2472 3632 qua
2505 3563 2727 3617 ratione
2758 3561 2842 3617 hi8
2874 3563 3160 3636 imagines
3217 3570 3276 3623 et
3314 3571 3524 3624 statuas

1877 3655 2010 3724 post
2031 3650 2526 3706 consecrationem
2557 3651 2638 3706 dii
2671 3656 2772 3707 aut
2816 3667 3020 3709 eorum
3051 3654 3351 3713 domicilia
3400 3657 3527 3714 ﬁeri

1879 3745 2195 3814 potuerunt
2225 3739 2254 3793 ?
2282 3739 2428 3803 Quid
2461 3739 2544 3796 eis
2565 3741 2636 3796 ad
2669 3740 3032 3799 divinitatem
3066 3760 3134 3800 ea
3163 3747 3527 3804 consecratio

1881 3828 2180 3886 contulit?
2235 3831 2351 3886 Cur
2400 3835 2605 3902 postea
2652 3831 2724 3886 ab
2775 3832 3028 3901 araneis,
3085 3833 3529 3903 hirundinibus,

1882 3918 2074 3976 milvis
2103 3917 2350 3990 aliisque
2382 3918 2740 3975 animalibus
2771 3920 2960 3976 adhuc
2988 3922 3278 3978 roduntur
3305 3925 3529 3979 etcoia-

1883 4007 2206 4080 quinantur
2225 4008 2253 4062 ‘I
2282 4008 2396 4064 Cur
2423 4007 2543 4064 haec
2573 4008 2804 4081 Jupiter
2819 4009 3189 4083 omnipotens
3221 4012 3436 4084 aliique
3453 4011 3534 4068 dii

1884 4098 2036 4155 028
2069 4097 2309 4170 impune
2341 4097 2690 4170 patiuntur?
2714 4115 2818 4156 cur
2844 4099 3112 4156 homines
3146 4104 3434 4173 coguntur
3469 4116 3538 4157 ea

1883 4193 2126 4261 tergere,
2163 4187 2467 4255 mundare,
2527 4188 2960 4245 erodere?Sed
3021 4189 3132 4262 ipsi
3189 4190 3429 4258 ethnici,
3487 4190 3539 4246 si

1886 4277 2057 4351 plane
2077 4277 2344 4333 excmcati
2389 4294 2498 4331 non
2538 4278 2805 4346 fuissent,
2852 4278 2922 4332 ab
2969 4277 3086 4334 illis
3119 4279 3324 4335 avibus
3364 4283 3540 4353 atque

1887 4367 2242 4423 animalibus
2273 4367 2496 4422 discere
2529 4366 2851 4420 debuerant
2881 4365 3001 4422 haec
3033 4367 3543 4439 simulacra,sicut

1887 4457 1968 4513 ait
1999 4456 2174 4512 etiam
2209 4454 2472 4511 Clemens
2531 4453 2972 4523 Alexandrinus,
3005 4457 3166 4512 omni
3200 4473 3380 4515 sensu
3411 4473 3542 4515 esse

1889 4545 2191 4615 destituta,
2243 4561 2308 4601 ac
2357 4560 2473 4600 non
2529 4542 2655 4600 sine
2701 4560 2936 4600 summa
2990 4545 3291 4619 impietate
3320 4547 3432 4606 coli
3487 4550 3546 4604 et

1806 4613 1856 4678 D
1890 4634 2141 4691 adorari.
2176 4613 2295 4689 Sed
2336 4634 2406 4689 de
2462 4631 2555 4688 his
2612 4634 2671 4688 in
2732 4613 3134 4704 superioribus
3175 4637 3418 4707 nostris,
3471 4637 3544 4694 de

1891 4725 2153 4795 ejusdem
2187 4721 2498 4778 Clementis
2545 4721 2942 4793 Alexandrini,
2983 4729 3038 4781 et
3097 4744 3302 4784 rursus
3356 4728 3416 4783 in
3460 4743 3547 4782 se-

1893 4813 2207 4885 quentibus
2229 4813 2299 4869 de
2329 4812 2890 4882 Arnobii,Lactautii
2923 4820 2978 4870 et
2999 4816 3345 4872 Tertulliani
3379 4815 3546 4870 libris

1892 4902 2426 4960 dissertationibus.
2478 4903 2654 4958 Plura
2682 4903 2872 4959 adhuc
2918 4905 3069 4976 apud
3105 4905 3404 4962 Philonem
3436 4904 3541 4960 Ju-

1893 4993 2106 5048 dznum.
2137 4991 2522 5048 Athanasium
2549 4997 2606 5047 et
2634 4993 3052 5066 Hieronymum
3102 4995 3291 5065 legere
3325 4986 3545 5065 poteris

1893 5081 2274 5152 (Clem.Alex.
2335 5081 2600 5137 admonit.
2660 5081 2730 5137 ad
2787 5081 2967 5148 Gent.,
3018 5100 3151 5155 pag.
3186 5082 3459 5149 34;tom.
3514 5081 3542 5136 1

1893 5177 2183 5244 Apparat.,
2244 5189 2377 5244 pag.
2408 5173 2514 5226 736
2543 5177 2594 5226 et
2623 5188 2764 5244 seqq.
2802 5189 2815 5240 ;
2848 5170 3032 5242 Philo,
3075 5173 3142 5226 de
3175 5171 3381 5238 [)z'cal.,
3408 5185 3544 5243 pag.

1891 5263 1997 5317 753
2033 5262 2139 5328 ;de
2190 5262 2488 5324 Monarch.,
2545 5277 2674 5332 pag.
2725 5259 2834 5313 813
2878 5277 2891 5327 ;
2941 5260 3005 5314 de
3085 5262 3206 5315 Vita
3255 5260 3544 5330 contempt.

1895 5369 2025 5424 pag.
2050 5352 2156 5406 890
2199 5367 2213 5417 ;
2257 5350 2562 5417 Athanas.,
2615 5358 2786 5404 contr.
2849 5351 2999 5416 gent.
3055 5349 3082 5421 Ξ
3125 5350 3211 5420 15,
3266 5364 3399 5422 pag.
3436 5347 3548 5417 15;

1895 5440 2225 5512 Hieronym.
2251 5437 2352 5493 lib.
2379 5455 2478 5508 xu,
2509 5437 2570 5492 in
2592 5453 2718 5508 cap.
2751 5453 2881 5496 xm
2914 5437 3048 5492 lsai.
3081 5438 3125 5508 ).
3161 5436 3314 5493 Nihil
3347 5437 3547 5509 itaque

1895 5546 2052 5586 nunc
2091 5527 2397 5594 addemus,
2423 5525 2535 5581 nisi
2565 5542 2633 5581 ex
2661 5529 2784 5580 tota
2813 5525 2923 5582 hac
2954 5525 3194 5582 Minucii
3227 5525 3413 5583 nostri
3444 5525 3548 5582 ad-

1896 5635 2103 5677 versus
2131 5615 2424 5674 Caecilium
2450 5619 2509 5672 et
2536 5614 2798 5672 ethnicos
2832 5615 3232 5691 disputatione
3262 5616 3419 5673 haud
3443 5615 3544 5673 ab-

1895 5726 2063 5773 scure
2093 5704 2308 5790 colligi,
2341 5705 2462 5766 sive
2494 5707 2770 5788 eumdem
2825 5705 3169 5782 Minucium,
3215 5705 3336 5770 sive
3373 5704 3545 5785 alios,
