4102 6172
281 226 395 286 6ιῦ

1718 242 2237 311 DISSERTATIO

3564 268 3685 334 650

278 355 486 429 inquit,
529 364 913 434 posteaquam
967 376 1138 421 mane
1195 383 1225 423 e
1280 375 1464 426 strato
1520 382 1920 446 surrexerunt,
1952 381 2005 446 Α
2034 382 2090 432 et
2117 380 2493 451 Salmasium,
2524 386 2885 460 disceptatio.
2939 391 3099 449 Prior
3148 397 3439 455 enimvero
3488 406 3686 458 censet

278 446 456 501 solem
485 456 857 518 venerantur,
893 450 997 527 οὐχ
1052 451 1233 530 ὥσπερ
1275 457 1440 529 ἡμεῖς
1486 460 1586 528 τὴν
1648 467 1809 537 χεῖρα
1838 463 1928 518 κύ-

277 553 479 603 σαντες,
545 536 827 612 ἡγούμεθα
883 538 1071 611 ἐντελῆ
1131 544 1291 616 ἡμῶν
1353 546 1488 600 εἶναι
1558 550 1658 617 τήν
1731 551 1922 627 εὐχήν.

282 644 304 671 ι
336 624 459 681 Non
491 630 992 699 quemadmodum
1026 649 1131 688 nos
1180 635 1517 693 deosculata
1571 655 1749 696 manu
1797 624 1925 714 per-

276 713 482 770 fectam
514 718 907 787 precationem
937 737 1065 777 esse
1094 722 1471 783 arbitramur.
1494 746 1521 778 s
1557 713 1820 799 (Lucian.
1861 732 1925 787 de

275 801 542 873 Sacriﬁc.,
567 822 698 878 pag.
729 808 862 875 186;
886 808 1037 865 idem
1062 810 1361 885 deSaltat.,
1412 830 1544 888 pag.
1580 817 1733 887 505.)
1770 818 1920 883 Quo-

275 892 425 948 circa
455 893 773 965 Apulecius
803 897 1111 955 Emiliano
1144 900 1289 957 illud
1328 902 1468 959 vitio
1498 905 1690 977 vertit,
1723 909 1877 980 quod
1904 926 1917 965 :

276 1002 301 1028 ‹‹
332 981 391 1037 Si
433 982 638 1039 fanum
678 984 914 1059 aliquod
969 994 1292 1060 pretereat,
1349 993 1511 1049 nefas
1559 994 1735 1052 habet
1781 998 1918 1053 ado-

270 1071 433 1126 randi
466 1074 654 1143 gratia
685 1091 923 1132 manum
955 1076 1135 1135 labris
1165 1080 1541 1139 admovere.»
1595 1084 1917 1157 (Apuleius,

266 1160 488 1232 Apolog.
520 1179 560 1229 Ι,
596 1180 729 1237 pag,
760 1165 908 1233 349.)

337 1250 458 1313 Quo
492 1254 686 1305 autem
719 1253 891 1308 modo
951 1270 1191 1310 manum
1243 1258 1328 1312 ori
1378 1260 1774 1330 admoverent,
1820 1262 1917 1320 ille

266 1335 403 1392 alibi
432 1338 517 1393 sic
549 1338 836 1410 explicat:
887 1364 916 1391 «
951 1342 1119 1398 Multi
1169 1344 1382 1401 civium
1434 1356 1487 1403 et
1535 1351 1770 1406 advenae
1828 1369 1916 1408 co-

265 1425 437 1497 piosi,
470 1442 618 1498 quos
664 1428 859 1483 eximii
893 1432 1211 1503 spectaculi
1244 1452 1447 1491 rumor
1470 1439 1736 1496 studiosa
1765 1440 1915 1497 cele-

263 1515 474 1570 britate
493 1519 902 1589 congregabat,
929 1520 1239 1578 inaccessas
1264 1524 1644 1583 formositatis
1666 1530 1916 1586 admira-

259 1603 417 1659 tione
439 1606 681 1677 stupidi,
709 1612 768 1662 et
797 1608 1169 1667 admoventes
1192 1612 1392 1670 oribus
1427 1615 1551 1672 suis
1590 1618 1910 1689 dexteram,

259 1693 515 1765 primore
549 1695 729 1767 digito
762 1696 821 1750 in
851 1704 1107 1754 erectum
1168 1701 1436 1771 pollicem
1487 1706 1797 1775 residente,
1848 1712 1914 1764 ut

254 1782 456 1854 ipsum
490 1801 726 1855 prorsus
760 1786 928 1841 deam
956 1787 1237 1844 Venerem
1279 1791 1566 1863 religiosis
1618 1796 1908 1853 adoratio-
1941 1767 1988 1832 B

256 1871 435 1927 nibus
455 1875 1064 1947 venerarentur(ldem
1089 1876 1191 1932 lib.
1217 1896 1272 1933 ιν
1292 1880 1665 1954 Μθιαηιονρὴη
1681 1901 1737 1955 ρ.
1752 1886 1908 1957 67).»

255 1959 481 2016 Plinius
520 1967 750 2018 autem:
795 1987 821 2012 ‹‹
856 1964 918 2019 In
978 1967 1295 2034 adorando,
1351 1970 1449 2036 ait,
1497 1971 1788 2029 dexleram
1839 1976 1909 2031 ad

256 2050 526 2105 osculum
584 2053 910 2121 referimus,
958 2059 1265 2126 totumque
1311 2075 1523 2130 corpus
1572 2062 1915 2137 circumagi‘

257 2155 414 2206 mus,
448 2141 600 2210 quod
633 2141 690 2195 in
723 2140 922 2198 laevam
958 2144 1159 2200 fecisse
1190 2145 1385 2203 Gallice
1426 2148 1758 2221 religiosius
1789 2169 1911 2209 cre-

253 2230 425 2283 dunt.
458 2251 484 2277 ››
544 2229 734 2301 (Plin.,
798 2231 898 2286 lib.
958 2249 1135 2287 xxvm
1193 2235 1388 2291 Natur.
1447 2239 1613 2305 Hisl.,
1679 2257 1803 2313 cap.
1854 2244 1910 2307 2,

256 2334 390 2389 pag.
451 2319 602 2389 564.)
670 2319 1058 2392 Hieronymus
1141 2323 1316 2379 etiam
1400 2326 1458 2381 in
1546 2328 1668 2384 haec
1751 2330 1909 2388 Osca:

255 2407 470 2462 verba:
532 2408 898 2465 «Immolete
975 2411 1240 2468 homines
1313 2414 1527 2472 vitulos
1602 2419 1909 2477 adorantes

252 2496 397 2567 (cap.
437 2514 563 2565 xm,
606 2499 683 2567 2),
716 2520 745 2547 »
772 2498 1044 2569 scripsit:
1084 2501 1235 2557 «Pro
1257 2518 1323 2558 eo
1346 2506 1501 2576 quod
1532 2507 1703 2576 juxta
1740 2509 1907 2581 Sym-

250 2586 529 2641 machum
587 2592 645 2642 et
702 2588 1159 2645 Theodotionem
1242 2593 1523 2650 vertimus
1595 2597 1907 2665 adorantes,

250 2675 455 2747 Aquila
510 2676 929 2748 interpretatus
979 2684 1068 2734 est
1141 2680 1586 2756 καταφιλοῦντες,
1664 2686 1723 2741 id
1797 2694 1902 2756 est,

250 2764 677 2821 deosculantes.
714 2766 820 2831 Qui
845 2766 1000 2821 enim
1033 2768 1298 2839 adorant,
1332 2770 1521 2827 solent
1579 2774 1900 2832 deosculari

250 2871 491 2910 manum
551 2872 743 2925 suam,
796 2856 949 2926 quod
998 2857 1103 2911 Job
1152 2858 1358 2915 fecisse
1409 2867 1600 2934 negat,
1661 2865 1899 2922 dicens:

254 2943 309 2997 Si
337 2944 452 2999 vidi
483 2944 735 3000 solem...
768 2945 818 2999 si
867 2945 1168 3002 osculatus
1199 2964 1355 3015 sum,
1416 2966 1659 3007 manum
1710 2970 1898 3011 meam

2038 468 2122 522 sic
2153 484 2276 525 esse
2307 472 2687 546 intelligenda
2729 479 2906 536 citata
2936 498 2969 537 a
3002 483 3171 539 nobis
3202 484 3361 542 illius
3392 488 3586 559 verba,
3618 497 3684 547 ut

2036 556 2299 614 Caecilius
2319 576 2562 618 manum
2580 580 2785 623 versus
2797 566 3091 642 Serapidis
3113 571 3493 631 simulacrum
3518 578 3680 649 prius

2034 646 2374 716 extenderit,
2407 666 2654 723 eamque
2683 654 2910 724 deinde,
2945 663 3224 732 tanquam
3256 678 3325 719 ex
3379 646 3679 724 simulacri

2034 740 2301 791 contactu
2316 740 2933 810 expiatam,osculatus
2951 747 3265 807 sit.Contra
3286 767 3418 809 vero
3451 753 3679 812 Salma-

2033 821 2516 915 siusucontendit
2570 828 2777 887 iisdem
2838 834 3074 892 Minucii
3122 839 3313 896 verbis
3358 841 3682 915 significari

2032 909 2324 969 Cecilium
2359 917 2505 972 631
2540 935 2647 989 pro
2677 921 2981 990 gentilium
3033 941 3193 982 more
3241 909 3680 991 anteawoscula-

2031 1002 2158 1055 tum
2181 1017 2309 1057 esse
2326 1019 2568 1063 manum
2590 1024 2781 1081 suam,
2805 1027 2871 1067 ac
2893 1028 3020 1068 eam
3045 1020 3249 1086 postea
3268 1034 3471 1077 versus
3493 1021 3680 1081 simu-

2030 1086 2277 1156 lacrum,
2310 1094 2463 1163 quod
2496 1095 2792 1168 adorabat,
2843 1102 3186 1172 porrexisse.
3238 1106 3440 1164 Plures
3484 1116 3681 1169 autem

2028 1175 2087 1231 in
2131 1179 2311 1251 Lipsii
2348 1182 2638 1241 inclinant
2691 1192 3041 1247 sententiam
3100 1198 3157 1249 et
3209 1196 3677 1267 explicationem.

2028 1266 2173 1331 Quid
2207 1285 2360 1340 vero,
2393 1272 2442 1327 si
2474 1273 2703 1330 dicatur
2733 1277 2825 1332 his
2870 1279 3106 1336 Minucii
3156 1266 3348 1340 verbis
3394 1287 3678 1346 declarari

2026 1353 2319 1413 Caecilium
2352 1365 2408 1415 et
2438 1378 2678 1418 manum
2713 1366 3041 1424 admovisse
3069 1370 3150 1426 ori
3186 1388 3313 1443 suo,
3347 1378 3404 1430 et
3449 1376 3679 1450 Serapi-

2025 1443 2117 1499 dis
2175 1446 2493 1505 simulacro
2551 1452 2785 1509 dedisse
2831 1457 3149 1514 osculum?
3195 1461 3472 1519 Solebant
3517 1443 3675 1523 enim

2022 1533 2289 1603 gentiles,
2327 1538 2404 1591 uti
2439 1554 2506 1593 ex
2541 1539 2715 1610 paulo
2761 1549 2932 1600 antea
2978 1546 3153 1603 citato
3206 1548 3478 1608 Cicerone
3524 1554 3675 1610 vidi-

2024 1636 2177 1687 mus,
2211 1623 2453 1680 deorum
2482 1643 2724 1684 suorum
2757 1632 3074 1691 simulacra
3103 1636 3375 1694 osculari.
3400 1641 3673 1714 Expende

2022 1712 2215 1764 tamen
2249 1712 2503 1785 singula,
2536 1723 2592 1771 et
2651 1718 2710 1773 in
2768 1736 2919 1790 eam,
2980 1738 3159 1795 quam
3216 1712 3672 1799 probabiliorem

2016 1797 2338 1869 judicabis,
2360 1802 2536 1858 abeas
2559 1808 2932 1879 sententiam,
2956 1828 3060 1883 per
3081 1831 3187 1869 nos
3210 1797 3668 1889 semperlicebit.

2021 1886 2100 1941 De
2119 1886 2225 1943 hoc
2248 1906 2419 1961 porro
2440 1892 2757 1951 simulacra
2775 1898 3056 1956 adorandi
3099 1919 3257 1960 more
3296 1886 3482 1962 multa
3517 1907 3671 1965 Bris-

2023 1976 2247 2045 sonius,
2271 1979 2340 2033 ad
2362 1996 2534 2051 quem
2556 1987 2610 2039 te
2641 1986 2855 2058 potius,
2877 2004 3049 2059 quam
3075 1990 3239 2062 plura
3270 1992 3328 2048 in
3360 2011 3480 2051 rem
3525 1996 3670 2053 satis

2023 2066 2314 2136 cognitam
2355 2073 2720 2142 congerenda
2775 2090 2923 2142 esse,
2984 2079 3335 2137 mittendum
3392 2084 3670 2142 duximus

2022 2153 2299 2224 (Brisson.
2333 2155 2435 2213 lib.
2464 2176 2497 2213 u
2526 2163 2703 2217 Form.
2739 2180 2869 2236 pag.
2904 2166 3009 2221 848
3038 2176 3089 2223 el
3118 2170 3311 2241 seqq.)

2095 2242 2337 2299 Demum
2397 2263 2501 2317 pro
2559 2253 2715 2306 certo
2772 2254 3012 2324 quidam
3067 2263 3296 2329 ponunt
3340 2263 3673 2320 notatuma

2021 2329 2279 2388 Minucio
2337 2336 2632 2407 Serapidis
2677 2339 3062 2399 simulacrum
3112 2346 3289 2403 fuisse
3334 2350 3665 2419 terminale,

2019 2419 2139 2475 sive
2169 2438 2272 2492 pro
2297 2422 2404 2478 deo
2427 2424 2702 2482 Termino
2715 2431 2995 2500 positum.
3022 2432 3435 2492 Nonneautem
3464 2455 3668 2497 eorum

2017 2508 2212 2580 opinio
2265 2510 2355 2567 bis
2415 2515 2751 2572 confirmari
2828 2525 3020 2590 potest
3090 2523 3309 2581 Tibulli
3369 2529 3707 2599 versibusL

2108 2626 2241 2674 Nam
2265 2640 2515 2707 Zenerqr,
2546 2633 3021 2707 seu‘stipesnhabet
3048 2636 3291 2707 desertus
3316 2642 3374 2707 in
3402 2644 3561 2707 agris,

2264 2690 2369 2739 Seu
2390 2696 2545 2741 vetus
2568 2694 2621 2743 in
2654 2690 2810 2745 trivio
2837 2698 3026 2767 ﬂori_d_a
3054 2706 3197 2767 serta
3226 2702 3377 2767 lapis.

2919 2761 3155 2823 (Tibutl.,
3185 2764 3220 2813 ι.
3252 2761 3294 2824 ι;
3316 2766 3483 2831 Ειεῃ..
3512 2768 3570 2831 ι.)

2013 2866 2448 2935 Verumtamen,
2497 2875 2562 2926 ut
2582 2871 2888 2941 fateamur,
2922 2878 3090 2933 nobis
3114 2879 3175 2934 hi
3204 2881 3371 2937 facile
3391 2901 3505 2940 non
3527 2900 3661 2957 per-

2012 2958 2346 3012 suadebunt
2366 2957 2512 3013 illud
2537 2965 2654 3015 tam
2677 2968 2831 3018 certe
2874 2981 3045 3036 posse
3086 2984 3154 3023 ex
3191 2972 3446 3029 auctoris
3475 2975 3660 3031 nostri

260 3049 545 3104 apponens
576 3034 661 3089 ori
715 3050 864 3101 meo,
925 3040 981 3089 et
1033 3035 1139 3090 hoc
1193 3036 1336 3092 mihi
1397 3038 1468 3093 ad
1527 3040 1897 3112 iniquitatem
1931 3119 1965 3131 Α
2008 3034 3658 3131 verbiscolligi.lbienimillehaudobscuresigniﬂcathoo

259 3128 568 3195 reputatur.
599 3145 620 3174 α
652 3123 801 3195 (Jobi
831 3140 956 3195 cap.
980 3140 1133 3192 xxxi,
1180 3127 1286 3193 27;
1330 3126 1690 3201 Hieronym.,
1741 3132 1841 3188 lib.
1874 3152 1891 3189 ι
1925 3119 1966 3186 C
2008 3134 2388 3190 simulacrum
2404 3136 2591 3191 nonin
2631 3140 2914 3210 agris,sed
2948 3142 3099 3199 circa
3124 3147 3377 3204 mediam
3405 3148 3660 3210 colloca.

261 3214 374 3268 adv.
396 3214 624 3284 Ruf/im,
664 3229 793 3284 pag.
817 3213 968 3284 371.)
1006 3212 1129 3268 Alia
1170 3214 1260 3270 his
1289 3215 1461 3286 plane
1485 3217 1704 3273 similia
1733 3224 1889 3293 apud

265 3317 383 3358 eum
432 3303 575 3359 alios
624 3320 800 3357 sacrae
858 3301 1171 3373 Scriptura:
1227 3303 1570 3377 interpretes
1629 3307 1687 3362 in
1720 3310 1897 3368 citata

264 3389 379 3446 Jobi
404 3392 576 3447 verba
604 3391 794 3463 legere
819 3390 1055 3462 poteris.

324 3480 416 3536 His
447 3497 617 3553 porro
657 3480 736 3535 ita
766 3479 1106 3549 observatis,
1154 3480 1568 3553 inquirendum
1619 3491 1707 3541 est
1756 3489 1891 3558 quis

260 3569 327 3625 sit
351 3570 603 3627 auctoris
635 3569 816 3625 nostri
846 3586 1077 3641 sensus,
1110 3570 1180 3626 de
1204 3587 1316 3643 quo
1349 3588 1461 3628 non
1515 3574 1761 3631 minima
1801 3581 1890 3633 est

256 3662 389 3716 inter
407 3659 662 3717 celebres
682 3658 830 3714 duos
855 3658 1042 3715 aetatis
1064 3663 1273 3715 nostris
1286 3662 1619 3733 scriptores,
1633 3664 1682 3719 Li
1688 3665 1885 3736 psium

2001 3223 2321 3279 tumfuisse
2338 3225 2681 3281 urbisOstiaz
2697 3233 2945 3299 partem,
2990 3249 3116 3305 quae
3146 3233 3313 3292 littus
3347 3240 3527 3296 maris
3569 3258 3655 3299 re-

2006 3312 2309 3385 spiciebat.
2327 3314 2601 3377 Quamvis
2615 3318 2843 3389 ergoibi
2856 3320 3091 3376 trivium
3108 3323 3334 3393 fuisset,
3363 3326 3654 3388 Minucius

2004 3406 2199 3457 tamen
2224 3400 2364 3456 illud
2391 3419 2503 3457 non
2520 3403 2906 3473 Termini,sed
2931 3408 3226 3482 Serapidis
3265 3413 3648 3475 simulacrum

2001 3490 2350 3546 nominatim
2383 3490 2712 3563 appellavit.
2744 3496 2815 3551 At
2845 3496 2916 3551 de
2947 3496 3039 3554 his
3070 3499 3318 3557 aliorum
3350 3508 3472 3560 esto
3495 3506 3654 3577 judi-

1998 3579 2260 3635 cium.De
2278 3580 2589 3636 deoautem
2614 3583 2888 3640 Termino
2919 3586 3070 3643 alius
3100 3588 3292 3647 adhuc
3323 3594 3530 3665 agendi
3559 3594 3645 3653 lo-

1996 3684 2099 3724 cus
2114 3668 2282 3724 nobis
2297 3668 2789 3741 dabitur(Dissert.
2815 3672 2874 3729 in
2896 3677 3172 3747 Lactant,
3205 3695 3254 3734 c.
3287 3681 3378 3751 32,
3403 3687 3511 3739 art.
3559 3682 3640 3757 2).

1710 3854 1968 3919 CAPUT
2011 3858 2202 3919 XXII.

244 3976 629 4057 Expenditur
659 3974 909 4037 Minucii
943 3981 1410 4083 alrgLumfntpm,
1447 3994 1572 4083 quo
1607 3994 1688 4070 ex
1736 3978 2329 4083 sacris'ip‘sishiquaa
2377 3983 2609 4083 ethnici
2638 3984 2703 4045 in
2752 3987 3011 4083 deorum
3044 4009 3299 4054 suorum
3331 3994 3637 4061 honorem

907 4056 1330 4129 celebrabant,
1370 4056 1679 4136 mysteriis
1710 4064 1899 4138 atque
1933 4056 2101 4123 festis
2128 4056 2271 4123 illos
2301 4082 2425 4125 non
2448 4065 2713 4127 existere
2744 4069 2973 4147 arguit.

698 4232 1089 4289 ARTICULUS
1127 4234 1419 4290 PRIMUS.

226 4324 299 4380 De
329 4324 495 4380 Isidis
523 4325 696 4379 sacris
725 4327 774 4378 et
823 4323 1119 4394 mysteriis,
1165 4324 1360 4393 quibus
1408 4324 1518 4379 illa
1561 4324 1745 4393 ﬁlium
1789 4334 1889 4382 aut

293 4398 567 4451 maritum
595 4412 759 4469 suum
811 4395 1089 4465 perditum
1137 4410 1261 4469 cum
1307 4396 1683 4469 Cynocephalo
1731 4412 1883 4469 qua?—

290 4483 442 4533 γεγε,
488 4478 666 4551 ,ει-σο
724 4468 962 4546 invento,
1016 4465 1259 4551 gaudere
1289 4466 1656 4551 ﬁngebatur:

287 4540 536 4595 ridicula
564 4540 776 4620 horum
806 4540 1189 4608 mysteriorum
1243 4538 1311 4593 ab
1345 4540 1626 4622 ΔΑῑςῃῃυιίίε
1666 4538 1751 4622 ad.

286 4628 491 4665 manas
539 4611 992 4666 transmissorum
1036 4625 1255 4680 pompa,
1306 4618 1357 4664 et
1406 4627 1573 4681 quam
1639 4612 1884 4667 validum

1756 4487 1883 4525 nam

1788 4542 1884 4596 Ro-

1995 4242 2211 4310 rarent,
2247 4256 2391 4312 quos
2423 4242 2568 4315 ipsis
2627 4242 2967 4301 hominibus
3014 4246 3347 4305 miseriores
3389 4248 3642 4324 singulis

1994 4329 2165 4384 annis
2213 4332 2722 4401 repraesentabant,
2774 4333 3187 4408 fingebantque
3232 4338 3421 4395 exitus
3477 4356 3639 4415 suos,

1994 4416 2131 4483 fata,
2165 4434 2230 4473 ac
2261 4418 2466 4475 funera
2498 4421 2699 4492 lugere
2728 4427 2787 4478 et
2815 4422 3122 4479 lamentari
3147 4427 3170 4480 Ρ
3198 4425 3503 4485 Miraberis
3532 4429 3643 4486 for-

1993 4505 2169 4571 sitan,
2201 4523 2267 4561 ac
2296 4507 2387 4562 vix
2417 4509 2675 4577 tandem,
2710 4514 2766 4566 et
2821 4526 2892 4566 ne
2928 4511 3021 4567 vix
3067 4512 3304 4584 quidem
3352 4515 3459 4572 tibi
3505 4534 3642 4589 per-

1993 4595 2226 4650 suaderi
2257 4595 2415 4651 sines
2473 4602 2695 4653 tantam
2752 4598 3083 4673 gentilium,
3131 4618 3385 4675 quorum
3431 4605 3641 4663 saltem

284 4692 488 4738 contra
545 4683 849 4754 gentilium
903 4678 1049 4736 deos
1083 4678 1477 4749 argumentum
1534 4682 1660 4738 inde
1712 4683 1884 4738 dedu-
1914 4678 1960 4743 D
1992 4682 2315 4739 multorum
2351 4700 2515 4740 mens
2554 4702 2697 4740 sana
2728 4703 2856 4743 esse
2884 4688 3151 4757 debebat,
3192 4690 3373 4749 fuisse
3402 4692 3641 4750 demen-

286 4764 475 4810 catur.

289 4860 577 4924 Quamvis
608 4859 897 4915 celebrata
939 4859 1011 4915 ab
1060 4857 1308 4914 ethnicis
1347 4859 1589 4915 deorum
1640 4878 1883 4917 suorum

227 4949 379 5004 festa
405 4956 467 5005 et
493 4950 775 5021 mysteria
804 4948 1177 5003 manifestam
1208 4947 1501 5016 ,omnibus
1550 4949 1734 5005 facere
1783 4950 1884 5005 de-

229 5035 505 5093 buissent
531 5054 726 5092 veram
758 5036 991 5092 illorum
1021 5036 1420 5105 divinitatem;
1457 5054 1526 5093 ex
1565 5037 1637 5093 iis
1688 5042 1882 5093 tamen

230 5124 379 5198 ipsis
395 5126 688 5182 Minucius
706 5126 1067 5182 demonstrat
1087 5124 1249 5180 illam
1272 5126 1505 5197 penitus
1526 5125 1734 5182 falsam
1756 5144 1885 5184 esse

232 5221 283 5270 et
315 5215 802 5272 commentitiam.
837 5236 865 5266 «
897 5213 1227 5285 Considera,
1261 5214 1470 5286 inquit,
1515 5231 1683 5271 sacra
1731 5216 1881 5288 ipsa,

230 5308 283 5359 et
303 5306 438 5378 ipsa
470 5305 764 5378 mysteria,
824 5304 1084 5360 invenies
1132 5303 1323 5359 exitus
1360 5304 1582 5376 tristes,
1633 5304 1770 5374 fata,
1828 5310 1887 5361 et

231 5392 455 5456 funera.
485 5401 543 5451 et
565 5393 781 5465 luctus,
813 5397 985 5464 atque
1017 5394 1288 5465 planctus
1337 5392 1686 5449 miserorum
1743 5395 1884 5451 deo-

216 5494 384 5543 rum.
406 5508 435 5536 »ι
461 5488 586 5552 Qua
606 5500 743 5556 ergo
772 5484 1027 5539 caecitate
1056 5483 1305 5554 perculsi
1348 5486 1584 5540 fuerunt
1622 5482 1884 5543 infelices

222 5574 468 5649 ethnici,
503 5578 569 5633 ut
586 5589 687 5633 eos
716 5589 819 5648 pro
849 5572 964 5632 diis
991 5572 1297 5646 haberent,
1330 5571 1605 5648 colerent,
1654 5576 1715 5635 et
1742 5574 1882 5637 ado-

514 5705 787 5773 ΡΑτιιοι..
833 5704 943 5773 III.

1993 4771 2153 4843 tiam,
2214 4777 2278 4827 ut
2335 4789 2403 4829 ea
2457 4774 2607 4830 serio
2663 4776 2964 4833 crederent
3018 4794 3145 4849 qua:
3202 4780 3354 4837 682
3411 4781 3469 4837 in
3533 4781 3642 4839 hac

1994 4861 2409 4932 mysteriorum
2467 4861 2853 4919 celebratione
2901 4864 2972 4921 de
3027 4866 3141 4923 diis
3196 4868 3322 4925 suis
3369 4868 3642 4926 exhibere

1993 4949 2276 5006 solebant.
2310 4951 2731 5008 Verumtamen
2762 4952 3053 5011 Minucius
3083 4962 3278 5013 noster
3296 4955 3442 5013 illud
3463 4954 3642 5013 variis

1994 5038 2276 5110 exemplis
2306 5038 2740 5097 evidentissime
2769 5042 3046 5099 ostendit.

2062 5128 2147 5183 Ab
2181 5127 2351 5184 Isidis
2383 5133 2583 5184 autem
2642 5132 2826 5186 sacris
2882 5129 2967 5187 sic
3019 5130 3117 5187 ille
3172 5130 3413 5203 incipit:
3476 5128 3643 5187 «Isis

1993 5217 2286 5290 perditum
2319 5216 2507 5272 filium
2564 5233 2699 5275 cum
2748 5217 3152 5291 Cynocephalo
3200 5235 3309 5275 suo
3356 5225 3415 5277 et
3464 5217 3643 5275 calvis

1996 5306 2403 5364 sacerdotibus
2454 5305 2634 5378 luget,
2666 5306 2910 5378 plangit,
2943 5306 3223 5379 inquirit;
3256 5311 3314 5362 et
3338 5306 3503 5363 Isiaci
3536 5308 3646 5362 mi-

1991 5396 2108 5454 seri
2138 5396 2368 5453 czedunt
2396 5399 2651 5466 pectora,
2683 5397 2741 5450 et
2769 5392 3027 5450 dolorem
3057 5393 3473 5452 infelicissimae
3515 5411 3645 5453 ma-

1991 5485 2102 5543 tris
2131 5483 2459 5540 imitantur.
2492 5481 2626 5539 Mox
2652 5481 2886 5538 invento
2913 5481 3132 5556 gaudet
3161 5482 3292 5555 Isis,
3353 5480 3648 5541 exsultant

1989 5572 2340 5640 sacerdotes.
2393 5566 2831 5654 Cynocephalus
2877 5570 3145 5637 inventor
3188 5570 3493 5653 gloriatur.
3531 5571 3648 5636 Nec
