4102 6172
544 255 657 317 esi
1826 243 1928 307 nn
1973 237 2274 308 MINUCII
2321 233 2664 306 oc'ravio
3733 262 3812 324 δε,

535 386 815 442 desinunt
843 383 1012 439 annis
1046 379 1319 437 omnibus
1363 377 1450 434 vel
1505 378 1764 450 perdere,
1818 377 1972 448 quod
2020 377 2179 431 inve-
2212 377 2265 444 Α
2299 377 2428 446 ejus
2451 378 2506 430 et
2535 374 2780 430 Osiridis
2839 373 2980 443 filio,
3046 373 3222 428 verba
3280 376 3431 433 fecit:
3489 381 3717 441 «Invenit
3754 391 3820 448 illa

531 475 722 543 niunt,
762 471 852 528 vel
910 471 1186 541 invenire,
1248 470 1398 540 quod
1449 467 1719 540 perdunt.
1750 488 1774 515 ››
1808 473 1851 519 Α
1885 464 2178 521 Lactantio
2291 463 2750 520 immortalitatis
2772 463 3175 535 pharmacum,
3201 478 3308 533 quo
3323 466 3484 522 ﬁlium
3509 485 3653 526 suum
3671 475 3812 546 Orum,

529 567 724 620 autem
782 561 905 617 haec
961 560 1046 616 sic
1123 559 1575 614 describuntur:
1668 555 1897 612 «Isidis
1972 555 2180 627 Egyp-
2289 553 2566 608 Titanum
2600 551 2834 606 insidiis
2867 566 3213 624 oppressum
3243 556 3295 607 et
3324 559 3604 628 mortuum,
3629 561 3678 615 in
3703 568 3821 635 aquis

528 652 610 708 tia
639 667 806 708 sacra
831 653 989 717 sunt,
1023 652 1314 720 quatenus
1345 645 1531 701 lilium
1563 644 1874 717 parvulum
1915 642 2001 698 vel
2053 659 2179 714 per-
2289 641 2612 706 inventum,
2677 657 2789 695 non
2843 645 3070 695 tantum
3120 639 3339 696 reddita
3373 644 3567 716 anima,
3607 647 3656 703 in
3694 653 3817 710 vitam

533 740 765 806 diderit,
820 737 910 795 vel
967 737 1271 793 invenerit.
1332 735 1477 790 Nam
1564 735 1752 806 primo
1826 733 2178 798 sacerdotes,
2290 729 2542 797 reduxit,
2570 730 2671 784 sed
2695 730 2871 784 etiam
2896 728 3344 786 immortalitatis
3364 733 3822 806 participemfecit.»

536 829 878 902 deglabrato
897 842 1158 899 corpore,
1181 841 1289 881 sua
1309 829 1542 896 pectora
1556 824 1834 890 tundunt,
1857 821 2182 876 lamentan-
2294 818 2572 873 Prmterea
2603 817 2927 873 Herodotus
2958 823 3015 873 et
3070 817 3401 874 Plutarchus
3446 821 3602 878 Orum
3644 824 3824 885 Osiridis

529 922 648 989 tur,
681 919 834 974 sicut
861 918 1010 990 ipsa,
1036 931 1170 971 cum
1206 913 1475 987 perdidit,
1509 916 1738 969 fecerat.
1775 911 1988 968 Deinde
2037 925 2182 982 puer
2289 912 2348 963 et
2378 907 2548 962 Isidis
2582 906 2765 962 filium
2798 908 2978 963 fuisse
3032 906 3439 963 testiﬁcantur:
3488 915 3539 964 et
3579 911 3828 973 Herodotus

529 1007 893 1081 producitur,
925 1005 1095 1077 quasi
1125 1003 1429 1071 iuventus;
1473 1006 1532 1058 et
1571 1001 1628 1056 in
1681 1000 1939 1058 laetitiam
1986 998 2182 1055 luctus
2291 996 2526 1066 quidem
2558 995 2726 1050 illum
2759 995 3084 1066 Apollinem
3118 1001 3175 1050 et
3205 994 3398 1063 Orum,
3427 997 3726 1057 Plutarchus
3740 1019 3832 1061 vero

527 1095 627 1154 ille
657 1100 940 1152 mutatur.
975 1093 1108 1149 Ideo
1141 1094 1432 1148 Lucanus.
2291 1085 2702 1155 Harpocratem
2723 1084 3200 1156 cognominatum
3230 1101 3354 1140 esse
3398 1087 3686 1156 perhibent.
3711 1093 3837 1164 Atqui

779 1238 793 1252 .
858 1201 1249 1264 Nunquamque
1280 1199 1409 1248 satis
1437 1198 1692 1261 quaesitus
1721 1197 1900 1246 Osiris.
2291 1174 2347 1264 in
2383 1174 2554 1229 Isidis
2587 1173 2906 1246 mysteriis,
2940 1173 3022 1228 uti
3054 1173 3438 1229 Tertullianus
3459 1181 3652 1242 narrat,
3681 1178 3839 1234 ethnici

2289 1262 2649 1334 Serapidem,
2690 1262 2900 1319 Isidem
2958 1267 3014 1318 et
3072 1262 3472 1335 Harpocratem
3517 1280 3626 1319 cum
3664 1269 3839 1337 Cynoce-

2287 1351 2452 1423 phalo
2475 1369 2596 1418 suo,
2624 1353 2792 1423 cujus
2823 1353 2998 1408 etiam
3030 1352 3391 1423 Augustinus
3422 1353 3680 1424 meminit,
3715 1355 3844 1427 impio

2292 1441 2461 1513 plane
2483 1445 2643 1496 cultu
2679 1443 3108 1498 venerabantur
3137 1441 3391 1511 (Diodor.
3443 1441 3535 1497 lib.
3567 1460 3601 1513 ι,
3629 1445 3843 1510 Bibliolh.,

2291 1547 2422 1603 pag.
2460 1532 2559 1598 15;
2593 1531 2802 1586 Euseb.
2854 1530 2953 1586 lib.
3007 1547 3083 1586 vii
3142 1535 3390 1602 Pravpar.
3438 1531 3646 1602 Evang.,
3690 1548 3790 1603 cap.
3814 1535 3849 1586 l.

2290 1636 2422 1692 pag.
2456 1621 2562 1685 118;
2597 1619 2868 1676 Herodot.
2902 1619 3003 1674 lib.
3039 1635 3102 1689 ii,
3133 1620 3160 1688 §
3195 1620 3330 1686 Mli;
3375 1619 3644 1674 Plutarch.
3689 1619 3767 1674 lib.
3805 1620 3850 1675 de

2292 1709 2418 1764 Isid.
2448 1713 2499 1764 et
2540 1709 2678 1764 θεῖν.
2740 1725 2872 1782 pag.
2923 1709 3030 1764 556
3078 1718 3132 1764 et
3182 1725 3364 1781 86119.;
3413 1708 3636 1763 Tertull.
3687 1709 3852 1780 Apolog.

2288 1815 2416 1870 cap.
2448 1800 2503 1867 6,
2537 1797 2784 1870 pag.§7.;
2817 1802 3062 1870 August.
3095 1797 3195 1853 lib.
3233 1815 3317 1868 iii,
3349 1797 3413 1853 de
3443 1797 3599 1854 Ciuit.
3651 1813 3756 1870 cap.
3794 1797 3850 1852 12.

2288 1905 2418 1960 pag.
2442 1888 2554 1949 66).
2581 1889 2647 1942 At
2667 1891 2820 1943 certe
2843 1887 2964 1942 haec
3005 1903 3140 1942 cum
3192 1887 3430 1942 Minucii
3476 1886 3648 1942 nostri
3686 1889 3734 1941 et
3766 1886 3859 1940 Lac-

2288 1976 2458 2032 tantii
2481 1976 2654 2032 dictis
2687 1975 2926 2048 optime,
2961 1975 3130 2031 sicuti
3161 1976 3352 2042 vides,
3383 1975 3724 2031 conveniunt.
3770 1974 3858 2028 Non

2289 2064 2480 2120 solum
2513 2066 2671 2120 enim
2727 2065 2876 2120 Orus
2931 2064 3089 2120 idem
3147 2069 3329 2136 atque
3385 2065 3752 2137 Harpocrates,
3789 2061 3862 2117 sed

2287 2154 2521 2227 Serapis
2572 2154 2771 2224 etiam,
2832 2155 3338 2225 quemadmodum
3386 2152 3699 2209 Lactantius
3739 2149 3864 2223 paulo

2289 2249 2424 2300 ante
2445 2243 2718 2300 laudatus
2749 2247 2921 2316 atque
2953 2242 3050 2298 alii
3081 2243 3491 2308 observarunt,
3541 2243 3752 2313 ipsemet
3779 2242 3867 2295 erat

2289 2333 2494 2401 Osiris,
2549 2333 2719 2388 sicuti
2780 2349 2883 2388 nos
2936 2347 3172 2404 quoque
3216 2331 3361 2388 alibi
3409 2331 3792 2388 annotavimus.
3827 2327 3869 2381 Si

524 1311 772 1382 Semper
801 1309 958 1364 enim
999 1307 1271 1380 perdunt,
1305 1310 1362 1361 et
1391 1305 1966 1377 semperinveniunt.
1992 1303 2183 1359 Refer-

523 1405 624 1455 tur
652 1415 788 1470 ergo
817 1397 876 1452 in
911 1398 1094 1452 sacris
1127 1396 1320 1467 imago
1351 1395 1452 1463 rei,
1488 1411 1614 1466 quae
1665 1411 1794 1449 vere
1851 1398 2016 1464 gesta
2068 1397 2179 1459 est,

525 1505 654 1561 quae
686 1489 962 1560 profecto,
991 1485 1038 1541 si
1071 1485 1208 1558 quid
1242 1484 1530 1556 sapimus,
1575 1484 1830 1539 declarat
1874 1481 2180 1537 mortalem

527 1577 834 1633 mulierem
863 1575 1063 1640 fuisse,
1097 1590 1163 1629 ac
1194 1590 1341 1646 pene
1371 1574 1597 1639 orbam,
1620 1572 1732 1627 nisi
1755 1571 1992 1626 unicum
2016 1586 2180 1642 repe-

526 1666 718 1722 risset.
744 1687 772 1715 »
807 1665 1078 1737 (Lactant.
1113 1662 1216 1718 lib.
1243 1681 1280 1732 ι,
1306 1679 1431 1734 cap.
1459 1663 1552 1728 21,
1590 1677 1722 1733 pag.
1779 1661 1880 1714 117
1908 1663 1960 1715 et
2006 1658 2179 1731 seqq.)

528 1754 614 1813 Ibi
645 1759 747 1810 aut
771 1751 1107 1809 Lactantius
1126 1756 1228 1807 aut
1249 1749 1524 1806 librarius
1548 1750 1777 1806 erravit.
1807 1749 1930 1806 Non
1958 1749 2174 1804 Lucani
2210 1748 2257 1814 Β

529 1843 685 1900 enim
717 1846 804 1898 est
833 1842 1043 1898 citatus
1075 1841 1148 1897 ab
1178 1839 1280 1895 illo
1309 1857 1536 1910 versus,
1569 1841 1672 1895 sed
1703 1837 1888 1895 Ovidii
1948 1837 2072 1910 (lib.
2123 1855 2179 1893 ix

528 1933 743 1988 Metam.
777 1932 891 1988 fab.
925 1933 1001 2002 8),
1027 1929 1128 2002 qui
1176 1927 1345 2001 plura
1377 1945 1411 1984 a
1443 1929 1695 1986 Minucio
1745 1933 1944 1984 nostro
1992 1931 2050 1983 et
2091 1942 2181 1982 eo-

528 2021 662 2078 dem
693 2021 992 2078 Lactantio
1024 2024 1350 2074 memorata
1379 2018 1725 2074 decantavit.
1757 2020 1829 2072 At
1888 2017 2175 2072 Lucanum

525 2110 576 2166 si
606 2111 782 2166 citare
812 2108 1092 2165 voluisset
1124 2106 1479 2176 Lactantius,
1515 2109 1742 2178 poterat
1769 2105 1974 2176 utique
2033 2105 2179 2174 haec,

524 2215 653 2273 qua:
684 2215 800 2254 non
832 2213 1041 2270 parum
1072 2196 1144 2251 ad
1177 2200 1588 2267 argumentum
1623 2211 1800 2251 suum
1835 2194 2075 2261 faciunt,
2117 2193 2178 2248 in

523 2288 786 2345 medium
819 2287 1076 2359 proferre
1105 2284 1266 2339 illius
1297 2285 1579 2340 carmina.

653 2404 760 2462 N03
784 2413 842 2484 ἕο
863 2409 1061 2474 templa
1095 2413 1240 2459 “mm
1271 2409 1514 2482 Romam
1540 2408 1838 2482 accepimus
1867 2409 2010 2468 Ῑθίων
2291 2423 2424 2495 quis
2453 2428 2650 2478 tamen
2682 2420 2894 2477 Osirim
2917 2421 2990 2475 ab
3023 2421 3178 2476 Iside
3212 2421 3379 2477 hisce
3408 2420 3467 2475 in
3504 2419 3669 2476 sacris
3708 2415 3867 2490 quesi-
3971 2421 3975 2430 '

656 2474 1035 2524 Semideosaue
1066 2485 1243 2524 canes.
1275 2476 1328 2520 et
1355 2475 1510 2520 sistra
1532 2471 1778 2524 iubentia
1806 2471 1996 2524 luctus.
2293 2517 2302 2524 .
2449 2512 2460 2522 .
2626 2515 2634 2524 .
3090 2511 3112 2524 ,,
3182 2514 3193 2524 ,
3593 2509 3624 2524 .,

656 2478 1035 2536 Semideosque
1066 2485 1243 2530 canes,
1275 2478 1328 2520 et
1355 2478 1510 2520 sistra
1531 2478 1778 2534 jubeniia
1807 2478 1996 2528 luctus,

654 2537 719 2588 Et
741 2551 904 2602 quem
931 2540 989 2586 tu
1017 2535 1295 2600 plangens,
1327 2533 1598 2584 hominem
1627 2534 1836 2586 testaris
1866 2533 2075 2584 Osirim.

2289 2517 2415 2568 tum
2447 2512 2864 2582 inventumque
2893 2509 3054 2566 illius
3087 2511 3336 2566 fratrem
3368 2527 3436 2566 ac
3467 2509 3720 2566 maritum
3741 2505 3874 2561 fuisse

1124 2597 1368 2678 (Lucam,
1399 2613 1432 2664 ι.
1463 2626 1548 2665 vni
1575 2611 1826 2673 Pharsal.,
1857 2614 1944 2664 cit.
1974 2613 2090 2676 ﬁn.)
2289 2601 2602 2658 contendat
2627 2603 2685 2656 et
2714 2603 2866 2655 recte
2897 2598 3254 2671 probaverit,
3305 2599 3445 2671 quin
3478 2598 3528 2654 is
3556 2597 3612 2652 in
3654 2612 3747 2652 sua
3783 2609 3874 2692 ina-
3973 2629 3980 2692 ἱ

2290 2695 2424 2749 neat
2453 2689 2759 2759 sententia,
2792 2688 3038 2744 minime
3068 2688 3482 2761 prohibemus.
3514 2689 3583 2744 At
3608 2683 3880 2742 meminisse

2291 2797 2522 2853 semper
2551 2778 2720 2834 debet
2750 2794 2865 2832 non
2897 2778 3069 2833 modo
3099 2777 3424 2834 obscuram
3456 2791 3683 2850 prorsus
3709 2789 3762 2828 ac
3785 2787 3880 2827 con-

2290 2870 2480 2924 fusam
2514 2884 2642 2924 esse
2673 2868 2822 2922 hanc
2879 2866 3217 2935 historiam,
3279 2885 3386 2923 seu
3435 2865 3623 2939 potius
3666 2860 3884 2924 tabulam,

2290 2958 2390 3014 sed
2439 2955 2758 3011 Minucium
2805 2971 3040 3027 quoque
3083 2960 3140 3010 et
3202 2955 3573 3011 Lactantium
3620 2951 3786 3025 plures
3818 2947 3885 3002 ιιι-
3977 3013 3980 3020 ι

2292 3045 2492 3102 buisse
2521 3044 2813 3116 opinionis
2845 3061 2962 3099 suae
2993 3049 3327 3102 assertores
3350 3062 3419 3100 ac
3445 3049 3726 3117 patronos.

2360 3135 2612 3190 Probatu
2664 3133 2835 3205 longe
2886 3131 3146 3188 faciliora
3205 3135 3331 3190 haec
3382 3134 3579 3190 omnia
3620 3134 3761 3197 sunt,
3798 3141 3886 3198 qua:
3979 3129 3984 3142 '

2285 3228 2486 3280 auctor
2514 3225 2712 3278 noster
2740 3221 2797 3276 in
2829 3221 3108 3276 horumce
3158 3222 3493 3295 impiorum
3544 3217 3888 3294 mysteriorum

2283 3312 2670 3369 celebratione
2724 3309 2921 3382 peragi
2978 3309 3180 3381 palam
3250 3311 3656 3383 conqueritur.
3732 3330 3755 3355 «
3795 3303 3893 3369 IsiS,

2283 3401 2495 3472 inquit,
2527 3399 2818 3472 perditum
2853 3398 3041 3454 tilium
3075 3416 3218 3456 cum
3253 3398 3654 3474 Cynocephalo
3706 3412 3813 3461 suo,
3851 3390 3890 3446 id

2283 3495 2371 3546 est
2399 3489 2612 3556 Anubi,
2652 3489 2821 3560 cujus
2880 3488 3069 3561 ﬁgura
3117 3490 3367 3561 publice
3415 3486 3893 3546 circumferebatur,
3985 3479 3990 3518 ἒ

2282 3596 2415 3636 curn
2449 3577 2629 3634 calvis
2659 3578 3059 3634 sacerdotibus
3089 3577 3286 3652 luget,
3346 3578 3597 3652 plangit,
3630 3572 3892 3646 inquirit.»
3987 3601 3992 3610 ι

2285 3667 2610 3724 Ridiculam
2665 3683 2800 3722 vero
2854 3683 3096 3740 prorsus
3164 3668 3393 3724 harum
3482 3663 3895 3723 caeremoniarum

2283 3774 2557 3829 pompam
2590 3755 2865 3828 graphice
2897 3756 2990 3811 his
3021 3757 3324 3828 Apuleius
3379 3755 3689 3828 descripsit
3716 3749 3894 3807 verbis:

2285 3868 2313 3896 ‹‹
2346 3846 2411 3901 Hi
2441 3845 2718 3918 capillum
2752 3845 2941 3900 derasi
2975 3845 3278 3913 funditus,
3315 3847 3536 3902 vertice
3573 3843 3897 3916 praenitentes,

2284 3951 2506 4006 magnas
2539 3933 2836 4006 religionis
2880 3939 3110 3990 terrena
3165 3935 3377 3992 sidera
3428 3935 3613 3991 cereis
3657 3937 3708 3988 et
3750 3941 3901 3998 argen-

2280 4024 2410 4090 teis,
2443 4024 2559 4078 imo
2586 4039 2718 4077 vero
2751 4023 2945 4078 aureis
2974 4023 3153 4078 etiam
3189 4024 3402 4080 sistris
3463 4029 3730 4097 argutum
3775 4013 3906 4074 tinni-

2281 4117 2407 4167 tum
2437 4114 2942 4184 constrepentes...
2995 4111 3096 4166 Ille
3143 4130 3449 4186 superum
3503 4111 3829 4169 commeator
3862 4105 3902 4155 et

2281 4201 2554 4267 inferum,
2575 4215 2730 4256 nunc
2751 4203 2899 4266 atra,
2925 4217 3077 4256 nunc
3091 4218 3284 4258 aurea
3302 4203 3461 4259 facie
3477 4190 3906 4266 sublimis,attol-

2278 4287 2404 4345 lens
2427 4288 2587 4345 canis
2609 4287 2859 4344 cervices
2880 4289 3095 4346 arduas
3115 4293 3386 4360 Anubis,
3442 4292 3589 4348 laava
3627 4289 3903 4345 caduceum

2279 4393 2510 4450 gerens,
2543 4378 2743 4434 dextra
2776 4376 3028 4446 palmam
3061 4379 3364 4436 virentem
3393 4380 3692 4454 quatiens.
3717 4402 3733 4426 -
3758 4367 3908 4446 (Apul.

535 2733 875 2791 Conﬁrmari
906 2734 1100 2787 autem
1133 2728 1255 2785 haec
1285 2726 1482 2785 omnia
1531 2733 1777 2800 possunt
1825 2746 1938 2784 non
1989 2727 2179 2786 solum

535 2820 846 2894 Theophili
877 2817 1220 2874 Antiocheni
1250 2820 1307 2872 et
1336 2816 1566 2872 Senecae
1598 2818 1671 2871 ab
1702 2817 2028 2890 Augustino
2063 2818 2185 2874 lau-

533 2912 653 2968 dati
681 2909 1037 2978 testimonio,
1069 2907 1168 2962 sed
1192 2905 1524 2962 Juliietiam
1554 2905 1807 2974 Firmici,
1845 2907 1946 2978 qui
1977 2909 2179 2964 eadem

530 3001 703 3057 Isidis
735 2997 1014 3072 mysteria
1062 2997 1145 3052 sic
1203 2996 1454 3050 breviter
1499 2994 1783 3067 explicat:
1844 3019 1871 3046 ‹‹
1905 2999 2035 3051 Hzec
2093 3002 2184 3053 est

527 3089 692 3146 Isiaci
727 3087 1162 3181 sacri-summa.
1195 3085 1259 3181 In
1285 3083 1471 3181 adytis
1491 3083 1905 3181 habetidolum
1930 3085 2175 3142 Osiridis
2206 3113 2249 3181 ρ

526 3177 856 3250 sepultum;
889 3175 998 3231 hoc
1029 3173 1240 3228 annuis
1298 3171 1554 3228 luctibus
1602 3172 1907 3245 plangunt,
1960 3175 2176 3230 radunt

527 3269 738 3340 capita.
763 3273 829 3321 ut
850 3263 1250 3320 miserandum
1273 3278 1474 3317 casum
1497 3261 1650 3333 regis
1672 3261 1786 3328 sui,
1810 3263 2174 3334 turpitudine

527 3353 892 3414 dehonestati
922 3352 1175 3408 deﬂeant
1204 3350 1430 3423 capitis,
1467 3351 1726 3405 tundunt
1756 3356 1979 3423 pectus,
2030 3353 2177 3409 lace-

527 3450 662 3503 rant
681 3444 948 3507 lacertos,
967 3450 1222 3497 veterum
1243 3439 1549 3496 vulnerum
1573 3443 1834 3495 resecant
1853 3439 2172 3512 cicatrices,

527 3540 594 3592 ut
624 3533 835 3590 annuis
866 3531 1122 3586 luctibus
1171 3529 1227 3583 in
1285 3529 1498 3584 animis
1550 3545 1751 3584 eorum
1807 3529 2049 3585 funestae
2107 3548 2174 3588 ac

531 3623 873 3680 miserandae
904 3618 1064 3674 necis
1095 3618 1337 3673 exitium
1371 3622 1728 3687 renascatur,
1766 3623 1823 3672 et
1869 3635 2004 3674 cum
2051 3619 2174 3676 haec

531 3709 704 3769 certis
751 3709 960 3764 diebus
1014 3707 1276 3772 fecerint,
1337 3710 1477 3761 tunc
1536 3707 1767 3777 fingunt
1824 3723 1885 3762 se
1939 3706 2174 3763 lacerati

526 3797 786 3872 corporis
841 3795 1118 3868 reliquias
1175 3793 1448 3865 reperire,
1499 3797 1556 3848 et
1606 3811 1739 3848 cum
1825 3794 2172 3865 invenerint,

525 3889 695 3963 quasi
728 3886 936 3958 sopitis
964 3885 1220 3940 luctibus
1251 3884 1526 3956 gaudent.
1558 3906 1585 3933 ››
1633 3883 1962 3955 (Theophil.
2017 3885 2121 3941 lib.
2154 3903 2171 3940 i

522 3977 889 4048 adAutolyc.,
930 3990 1061 4046 pag.
1120 3973 1229 4040 75;
1291 3977 1539 4043 August.
1597 3971 1692 4027 lib.
1759 3990 1816 4028 v1
1867 3972 1931 4028 de
1981 3975 2168 4041 Civit.,

524 4083 654 4140 cap.
688 4066 776 4138 10,
825 4079 959 4136 pag.
1017 4063 1157 4131 159;
1215 4059 1334 4117 Jul.
1393 4061 1649 4126 Firmic.,
1702 4061 1804 4116 lib.
1861 4061 1925 4116 de
1981 4064 2168 4118 Error.

518 4158 741 4229 pro/an.
775 4153 958 4222 relig.,
990 4149 1146 4222 init.)

595 4245 798 4300 Nonne
828 4246 1021 4298 autem
1053 4240 1176 4296 hinc
1231 4244 1288 4295 et
1334 4239 1567 4295 Municii
1611 4240 1794 4296 nostri
1841 4241 2012 4298 dictis
2065 4258 2170 4315 0p-

491 4345 493 4347 ‘
523 4333 667 4390 time
696 4334 1044 4405 congruunt,
1077 4333 1135 4385 et
1162 4328 1234 4385 iis
1263 4329 1439 4385 etiam
1470 4345 1598 4400 quae
1629 4345 1806 4401 supra
1832 4329 1901 4386 de
1926 4330 2172 4389 Osiridis

526 4420 900 4480 membratim
921 4418 1506 4492 corporedilacerato,
1527 4419 1785 4490 atqueab
1802 4419 1952 4475 Iside
1971 4426 2170 4492 postea
2279 4418 2510 4478 °.”""”’
2543 4418 2743 4434 “VM”
2776 4418 3028 4446 ⁸’“’“⁶“““
3069 4418 3364 4436 ”’⁹““’“”“
3393 4418 3692 4480 Ὶ“““¹ἶ’“ἶ”
3717 4418 3733 4426 ’
3759 4418 3909 4483 “1’7.

526 4514 747 4538 ,λη-,Α
767 4507 1356 4538 Αμηηνηδωωορηλ
1381 4507 1590 4538 dum“
1617 4506 1715 4538 εηη
1746 4512 1798 4538 ﬁ,
1835 4509 1856 4538 τ
1880 4509 2167 4538 ,ωηιξη
2206 4485 2248 4538 n
2279 4467 2380 4522 lib.
2405 4485 2445 4522 ii
2469 4465 2830 4538 Metamorph.
2866 4482 2996 4538 pag.
3020 4469 3172 4538 201.)
3204 4471 3380 4526 Unde
3405 4467 3698 4526 Martialis
3717 4462 3908 4520 cecinit.

523 4514 749 4583 reperto
765 4485 1358 4565 observavimus?Sed
1378 4485 1715 4564 abaliis-ille
1745 4512 1802 4564 et
1835 4485 2169 4566 Lactantius
2202 4485 2248 4549 D
2279 4485 2380 4522 “D'
2405 4485 2445 4522 Π
2469 4485 2669 4592 Μθξίξηξ

523 4582 918 4664 θοίᾶὶεεὶᾱθιιι,
945 4597 1100 4668 quod
1122 4596 1332 4652 Osirim
1361 4595 1532 4652 Isidis
1551 4595 1737 4651 filium
1752 4597 2046 4670 appellent
2066 4600 2167 4670 qui

2559 4582 2786 4646 Linigeri
2817 4582 3036 4646 fugiunt
3064 4584 3412 4650 sistrataque
3447 4586 3626 4637 turba.

521 4653 595 4744 ab
626 4685 725 4742 alii
751 4653 916 4739 illius
946 4653 1125 4740 frater
1165 4689 1224 4741 et
1273 4685 1522 4740 maritus
1567 4653 1848 4741 vocatur:
1879 4653 2168 4746 Arnobius
3023 4663 3310 4725 (Martial.,
3335 4667 3471 4716 1.x"
3512 4660 3802 4730 Epigramin
3826 4653 3917 4711 29.).

516 4790 650 4832 vero
673 4773 839 4829 illum
860 4770 1019 4828 haud
1043 4773 1380 4830 dubitanter
1402 4778 1569 4836 vocat
1590 4775 1866 4831 maritum
1882 4779 1938 4832 et
1955 4777 2164 4848 tilium,
2277 4779 2618 4853 Expressius
2649 4795 2781 4834 vero
2810 4779 2840 4834 J
2853 4778 3114 4836 uveiialis
3141 4797 3153 4837 :

518 4863 634 4922 nisi
661 4861 878 4918 dixeris
902 4861 1048 4917 duos
1064 4861 1134 4916 ab
1157 4877 1223 4917 eo
1246 4862 1532 4934 ditingui
1555 4863 1714 4919 hisce
1736 4864 1922 4935 ipsius
1938 4867 2162 4922 verbis:

724 4894 1134 4964 fcl':§.UUU?II‘IU
1157 4894 1230 4964 OL:
1246 4894 1532 4964 ltlBILIUEUI
1556 4894 1714 4919 ulauu
1736 4894 1922 4935 ιμδιυδ
1944 4894 2162 4922 varum;
2369 4897 2506 4958 Ergo
2531 4897 2615 4946 hic
2634 4896 2963 4958 precipuum
2995 4911 3396 4962 summumque
3435 4902 3676 4948 meretur
3703 4894 3919 4943 honorem

522 4975 551 5004 «ι
585 4951 927 5024 ίΕιὶιὶορὶοἰο
957 4947 1178 5006 solibus
1209 4950 1319 5006 Isis
1349 4950 1534 5020 furva,
1567 4968 1818 5008 maerens
1873 4955 2164 5025 perditum
2369 4947 2469 5025 Qui
2510 4947 2666 5025 grege
2690 4947 2911 5025 linigero
2942 4947 3322 5025 circumdatus
3351 4947 3409 5012 et
3431 4947 3599 5025 grege
3631 4960 3788 5015 calvo,

517 5043 707 5098 filium
737 5045 794 5096 et
813 5039 967 5096 688
989 5038 1362 5094 membratim
1385 5039 1693 5110 conjugem
1717 5022 2100 5099 laucinatum.
2134 5067 2163 5094 »

2367 5023 2626 5086 Plagentis
2665 5022 2844 5084 populi
2880 5023 3047 5070 currit
3071 5024 3292 5073 derisor
3321 5022 3561 5074 Anubis:

512 5089 1693 5202 male:minuisses“
1717 5089 2100 5099 ’”””“’““’
2134 5089 2160 5094 ⁷⁷

3049 5102 3360 5164 (Juvenal.,
3390 5104 3582 5168 Satyr.
3613 5115 3686 5160 γι,
3711 5099 3818 5148 ante
3836 5089 3926 5150 ﬁn.)

584 5215 862 5288 Nunquid
887 5229 1024 5286 ergo
1055 5217 1394 5270 erraverunt
1421 5212 1713 5270 Minucius
1743 5219 1940 5273 noster
1985 5223 2160 5292 atque
2271 5219 2426 5274 634
2439 5217 2697 5288 Denique
2715 5216 3061 5274 Ambrosius
3085 5218 3155 5274 ad
3181 5219 3502 5276 Sabinum
3529 5215 3764 5290 scripsit
3783 5206 3932 5279 :«Ipsi

486 5303 871 5367 "Lactantius,
894 5305 1063 5372 cujus
1084 5302 1212 5373 jam
1242 5300 1422 5358 alium
1454 5318 1708 5358 errorem
1746 5303 1978 5362 citando
2027 5307 2158 5365 Ovi-
2267 5309 2458 5380 capita
2486 5312 2543 5362 et
2572 5305 2886 5378 supercilia
2926 5323 3032 5362 sua
3088 5307 3349 5378 radunt,
3398 5310 3453 5365 si
3507 5305 3746 5382 quando
3793 5294 3935 5356 Isidis

508 5395 672 5450 dium
706 5388 1079 5445 notavimus?
1139 5393 1354 5446 Verum
1411 5389 1696 5448 Diodorus
1753 5391 2008 5462 Siculus,
2051 5399 2151 5470 qui
2266 5396 2597 5468 suscipiunt
2625 5411 2810 5451 sacra.
2845 5417 2874 5445 »
2906 5397 3204 5466 (Ambros.
3242 5399 3441 5471 epist.
3501 5399 3574 5453 28
3623 5395 3704 5452 ad
3751 5390 3936 5461 Sabino,

509 5479 756 5540 Osiridis
788 5493 985 5534 necem
1025 5493 1112 5548 eo,
1146 5494 1263 5552 quo
1290 5477 1621 5552 retulimus,
1667 5482 1840 5541 modo
1867 5489 2152 5564 narravit,
2260 5501 2394 5560 pag.
2429 5485 2612 5558 1013.)
2642 5484 2810 5554 Vide,
2854 5483 2904 5540 si
2952 5482 3168 5558 lubeat,
3231 5505 3378 5561 quae
3432 5489 3500 5546 in
3562 5487 3722 5544 hunc
3767 5479 3936 5538 locum

503 5572 631 5666 ρωο
651 5566 1001 5668 transcripta
1019 5566 1228 5631 deinde
1257 5568 1330 5631 ab
1362 5569 1607 5639 Eusebio
1636 5571 1709 5636 de
1737 5570 1915 5650 Iside,
1943 5579 2002 5636 et
2037 5576 2150 5657 Oro
2259 5580 2695 5655 annotavimus,
2725 5583 2784 5640 et
2809 5579 3266 5661 Hieronymum,
3335 5581 3743 5650 Prudentium
3787 5580 3937 5650 atque
