4102 6172
297 338 402 397 653

1720 328 2246 397 DISSER’I‘ATIO

3570 342 3689 405 654

295 471 423 526 alios
466 469 822 542 (Hieronym.
874 471 933 523 in
981 485 1100 540 cap.
1150 484 1253 523 XLV
1302 467 1612 535 Exechz'el.;
1644 470 1917 523 Prudent.
1951 473 2003 535 Α
2037 475 2237 540 spectu
2271 470 2379 525 fuit
2410 488 2520 525 non
2566 472 2738 527 modo
2787 469 3132 543 Xenophani
3180 470 3554 543 Colophonio,
3586 481 3690 528 aut

292 561 381 617 lib.
410 561 471 627 1i,
503 563 649 616 cont.
683 558 1043 629 Symmach.).

356 650 462 706 Nec
481 650 676 703 minus
694 652 923 703 constat
948 648 1182 716 Isiacos,
1203 646 1354 702 sicut
1373 647 1452 702 ait
1472 651 1689 702 Auctor
1710 651 1927 714 noster,

293 741 375 796 his
403 740 562 795 festis
604 739 818 793 caedere
849 743 1102 810 pectora,
1136 742 1192 792 et
1223 736 1480 793 dolorem
1513 736 1927 792 infelicissimae

294 830 483 884 matris
514 828 755 882 imitari.
790 831 1007 881 Praeter
1048 826 1317 881 laudatos
1355 826 1646 897 siquidem
1698 843 1731 881 a
1763 823 1929 880 nobis

295 916 643 972 Lactantium
672 920 727 971 et
756 915 983 970 Jutium
1035 914 1370 979 Firmicum,
1422 913 1745 969 Herodotus
1778 918 1928 969 certe

296 1007 385 1061 ubi
428 1006 498 1060 de
548 1005 641 1070 iis,
694 1004 794 1075 qui
844 1003 1013 1059 Isidis
1064 1006 1276 1058 festum
1327 1004 1595 1075 agebant,
1629 1003 1926 1073 disputat;

290 1120 313 1146 ‹‹
344 1095 755 1160 Verberantur,
786 1092 1000 1165 inquit,
1048 1091 1364 1161 τύπτονται,
1418 1097 1548 1163 post
1574 1090 1927 1147 sacriﬁcium

290 1184 469 1240 cuncti
519 1187 578 1238 et
625 1185 868 1252 cunctm,
918 1179 1114 1242 πάντες
1157 1180 1247 1234 καὶ
1301 1184 1487 1250 πᾶσαι,
1551 1180 1737 1236 multa
1789 1195 1928 1235 sane

288 1273 584 1329 hominum
619 1271 822 1327 millia.
859 1272 980 1336 Quo
1021 1276 1217 1326 autem
1269 1271 1648 1325 verberantur
1697 1285 1811 1323 non
1842 1272 1930 1324 est

285 1362 417 1418 mihi
454 1362 540 1417 fas
572 1361 782 1424 dicere,
816 1361 913 1414 sed
950 1376 1017 1414 ex
1061 1358 1337 1414 omnibus
1386 1358 1674 1429 praecipue
1704 1357 1812 1412 hoc
1844 1357 1925 1412 fa-

284 1452 437 1506 ciunt
468 1450 663 1519 Cares,
698 1450 796 1519 qui
824 1452 1133 1520 ngyptum
1171 1446 1468 1512 incolunt;
1514 1447 1656 1501 adeo
1690 1446 1924 1517 quidem

284 1544 343 1595 ut
382 1539 593 1611 gladiis
652 1553 886 1608 quoque
936 1539 1153 1591 frontes
1211 1535 1541 1606 concidant,
1585 1534 1652 1587 τὰ
1703 1531 1927 1604 μέτωπα

281 1628 564 1684 κόπτονται
619 1624 961 1699 μαχαίρῃσι..
1016 1648 1045 1675 ››
1104 1626 1398 1697 (Herodot.
1460 1623 1561 1681 lib.
1618 1642 1677 1694 II,
1729 1626 1755 1691 §
1810 1624 1925 1695 61.)

279 1718 575 1787 Descripta
596 1719 787 1771 autem
814 1716 884 1769 ab
906 1714 1279 1786 Athenagora
1310 1713 1430 1767 hec
1461 1712 1731 1768 Herodoti
1752 1713 1927 1766 verba

277 1807 556 1871 invenies,
588 1821 656 1861 ex
686 1804 901 1877 quibus
932 1803 1029 1858 ille
1065 1802 1358 1858 concludit
1388 1803 1528 1857 deos
1557 1800 1923 1857 immortales

277 1913 393 1953 non
416 1911 565 1961 esse,
588 1896 686 1966 qui
716 1898 835 1949 tam
858 1897 1164 1948 cruentum
1186 1892 1244 1946 in
1272 1892 1513 1947 modum
1537 1890 1841 1957 verberati,
1865 1890 1925 1946 in

276 1985 459 2042 sacris
478 1984 600 2041 suis
612 1983 957 2039 exhibentur
969 1982 1276 2053 (Athenag.
1293 1982 1475 2051 Legal.
1487 1996 1585 2052 pro
1600 1979 1898 2035 Christian.
1909 2021 1924 2049 ,

269 2090 404 2149 pag.
432 2075 521 2130 32.
547 2073 695 2128 Ibid.
721 2088 857 2144 pag.
892 2072 1000 2139 14).
1025 2070 1172 2134 Quid
1191 2071 1347 2126 enim
1367 2070 1555 2142 magis
1578 2069 1923 2125 absurdum.

270 2181 455 2236 quam
479 2164 549 2218 ab
572 2161 841 2227 ethnicis,
866 2166 930 2215 ut
949 2159 1122 2231 paulo
1137 2163 1269 2215 ante
1288 2159 1530 2229 dixerat,
1550 2159 1690 2214 deos
1708 2158 1923 2231 plangi,

264 2260 591 2326 pectusque
618 2249 1000 2323 propterillos
1024 2255 1306 2320 tanquam
1332 2253 1591 2303 mortuos
1613 2247 1927 2303 crudeliter

263 2343 459 2409 tundi,
483 2346 540 2397 et
560 2340 705 2412 ipsis
719 2346 847 2395 tum
862 2338 1176 2394 sacriﬁcari
1196 2342 1477 2409 tanquam
1497 2336 1611 2392 diis
1629 2337 1925 2392 immorta-

260 2431 422 2485 libus
442 2431 585 2486 ?Sed
603 2433 670 2483 de
687 2427 1055 2483 hisridiculis
1068 2426 1374 2497 gentilium
1391 2426 1599 2482 ritibus
1614 2425 1780 2497 plura
1795 2425 1922 2480 Dio-

261 2521 473 2593 nysius
504 2518 1004 2582 Halicarnasseus,
1038 2515 1254 2587 aliique
1285 2533 1318 2571 a
1348 2514 1516 2571 nobis
1546 2532 1678 2570 mox
1704 2513 1920 2569 citandi

260 2609 532 2681 (Dionys.
593 2607 801 2675 Halic.,
842 2606 945 2661 lib.
996 2623 1035 2660 II
1084 2606 1352 2676 Antiquit.
1405 2606 1582 2671 Rom.,
1632 2620 1764 2676 pag.
1795 2604 1911 2675 91).

333 2713 535 2786 Pergit
566 2713 899 2769 Minucius:
950 2735 977 2762 ‹‹
1014 2712 1143 2767 Haec
1190 2714 1387 2766 tamen
1442 2710 1704 2783 Egyptia
1735 2725 1922 2782 quon-

264 2806 405 2860 dam
440 2821 609 2860 sacra
639 2807 695 2857 et
726 2801 1019 2875 mysteria,
1050 2820 1076 2851 ι»
1114 2800 1334 2872 optime
1377 2800 1638 2871 quidem,
1673 2804 1737 2854 ut
1766 2804 1923 2871 patet

263 2910 336 2950 ex
367 2892 630 2966 proxime
668 2891 920 2946 laudatis
968 2906 1104 2945 cum
1156 2890 1460 2958 Herodoto,
1508 2892 1637 2942 tum
1670 2887 1921 2943 Athena-

210 3034 219 3041 .
266 2999 410 3054 gora
457 2986 629 3052 atque
679 2980 832 3051 aliis,
882 3002 909 3029 «
973 2996 1130 3035 nunc
1176 2983 1235 3034 et
1286 2994 1474 3045 sacra,
1527 3000 1547 3027 ιι
1611 2976 1692 3032 ait
1729 2976 1921 3031 adhuc

269 3072 581 3142 Minucius,
620 3090 647 3122 α
696 3074 959 3125 Romana
1006 3073 1162 3124 sunt.
1219 3091 1241 3120 ι
1301 3066 1463 3133 Quod
1504 3066 1678 3121 etiam
1723 3064 1921 3121 citatis

270 3160 440 3232 paulo
470 3165 602 3215 ante
633 3159 852 3215 Lucani
901 3158 1167 3214 versibus
1200 3155 1478 3212 traditum
1509 3158 1918 3226 assertumque

269 3250 538 3306 vidimus.
584 3248 779 3305 Testis
829 3264 1061 3321 quoque
1111 3251 1200 3302 est
1245 3245 1560 3301 Suetonius
1607 3243 1915 3312 Othonem,

278 3338 669 3395 Romanorum
730 3339 1164 3409 imperatorem,
1226 3351 1391 3389 sacra
1440 3333 1612 3388 Isidis
1661 3348 1811 3403 saepe
1861 3331 1920 3386 in

272 3427 447 3483 lintea
523 3426 914 3498 religiosaque
991 3428 1153 3482 veste
1230 3421 1530 3494 propalam
1600 3420 1923 3476 celebrasse

277 3516 533 3585 (Sueten.
568 3516 671 3571 lib.
721 3532 821 3582 vn,
854 3514 884 3586 §
915 3515 1022 3581 12).
1073 3511 1429 3568 Commodus
1472 3515 1667 3565 autem
1710 3509 1920 3565 Roma-

277 3622 484 3661 norum
516 3605 719 3660 itidem
746 3605 1080 3674 imperator,
1104 3605 1252 3656 teste
1284 3598 1636 3670 Lampridio,
1702 3620 1723 3648 ι
1758 3614 1924 3653 sacra

280 3696 451 3753 Isidis
480 3696 679 3762 coluit,
713 3698 768 3750 et
797 3698 860 3748 ut
899 3697 1075 3764 caput
1104 3692 1331 3747 raderet
1377 3695 1433 3746 et
1460 3690 1691 3745 Anubin
1726 3695 1923 3760 porta-

278 3789 405 3840 ret.
444 3827 457 3840 .
491 3828 504 3840 .
557 3785 774 3840 Isiacos
812 3799 945 3837 vero
1005 3781 1193 3853 pineis
1248 3796 1436 3851 usque
1492 3779 1562 3833 ad
1605 3778 1920 3851 perniciem

278 3879 483 3945 pectus
522 3874 769 3928 tundere
838 3871 1097 3943 cogebat.
1150 3870 1294 3924 Cum
1356 3867 1590 3923 Anubin
1641 3873 1919 3940 portaret,

275 3965 464 4035 capita
495 3962 809 4019 lsiacorum
840 3959 1093 4033 graviter
1139 3958 1502 4014 obtundebat
1548 3972 1645 4012 ore
1677 3955 1917 4012 simula-

271 4053 378 4111 cri.
414 4075 442 4103 ››
473 4054 677 4109 Postea
705 4066 835 4107 vero
866 4048 1012 4105 illud
1055 4048 1246 4103 adhuc
1297 4045 1501 4119 repetit
1529 4051 1587 4102 et
1616 4045 1922 4100 conﬁrmat

266 4143 613 4216 (Lamprid.,
648 4157 779 4214 pag.
814 4140 918 4195 3l3
948 4142 1004 4195 et
1031 4139 1179 4209 327).

337 4238 467 4289 Huc
509 4231 753 4298 accedit,
801 4230 955 4301 quod
1025 4225 1274 4300 posteris
1339 4223 1596 4297 prodidit
1650 4222 1918 4280 Valerius

262 4322 581 4390 Maximus,
618 4320 790 4376 Isidis
836 4320 967 4373 fana
997 4334 1031 4372 a
1062 4317 1121 4371 L.
1166 4313 1397 4369 [Emilio
1451 4313 1623 4367 Paulo
1656 4313 1914 4381 consule,

264 4412 535 4467 Romano
578 4413 785 4467 senatu
829 4408 1098 4479 jubente,
1144 4404 1339 4459 diruta
1385 4408 1442 4459 et
1483 4419 1682 4458 eversa
1714 4402 1914 4458 fuisse.

269 4524 295 4550 ι
336 4502 397 4556 L.
430 4500 683 4556 Emilius
722 4497 938 4553 Paulus
982 4493 1209 4563 consul,
1260 4510 1391 4549 cum
1441 4497 1679 4548 senatus
1723 4491 1914 4561 Isidis,

1955 1846 2003 1910 B

2040 558 2140 629 qui
2172 575 2305 614 eum
2338 561 2657 628 subsecuti,
2690 560 2989 633 .Egyptios
3022 564 3394 627 monuerunt,
3427 559 3490 615 El
3532 560 3687 621 Θεοὺς

2037 645 2338 719 νομίζουσι,
2404 647 2479 719 μὴ
2550 648 2789 721 θρηνεῖν,
2846 648 2891 702 ιῖ
2950 644 3009 702 δὶ
3064 648 3340 723 θρηνοῦσι,
3401 646 3556 711 θεοὺς
3609 649 3685 721 μὴ

2038 733 2304 805 νομίζειν,
2339 742 2439 792 aut
2469 754 2537 792 ne
2568 735 2838 793 luberent
2876 755 2995 807 eos,
3028 754 3175 809 quos
3218 738 3356 793 deos
3388 743 3690 793 censerent

2038 842 2185 891 esse,
2219 830 2319 881 aut
2348 843 2451 897 pro
2479 827 2590 881 diis
2625 844 2739 881 non
2773 826 3070 895 haberent,
3105 826 3153 881 si
3184 826 3468 898 lugendos
3499 827 3689 883 crede-

2038 919 2187 969 rent.
2222 936 2248 963 ››
2283 914 2622 986 (Plutarch,
2655 915 2755 971 lib.
2790 916 2857 969 de
2886 915 3025 971 Iside
3057 918 3109 971 et
3138 914 3338 970 Osirid.
3372 932 3501 988 pag.
3536 915 3687 988 379.)

2041 1002 2361 1059 Heraclitus
2392 1004 2588 1069 etiam,
2632 1008 2905 1059 narrante
2952 1004 3244 1059 Clemente
3272 1004 3686 1076 Alexandrino,

2038 1108 2102 1146 ac
2133 1093 2511 1163 postmodum
2562 1092 2909 1164 Epiphanio,
2954 1092 3162 1148 iisdem
3207 1093 3495 1165 Egyptiis
3538 1092 3687 1165 obji-

2037 1180 2264 1237 ciebat:
2318 1204 2345 1231 ‹‹
2380 1180 2437 1236 Si
2492 1181 2836 1237 existimatis
2885 1183 3046 1247 deos,
3097 1198 3169 1237 ne
3224 1182 3383 1253 ipsos
3414 1181 3687 1253 lugentis,

2037 1284 2224 1341 neque
2274 1269 2606 1342 plangatis:
2648 1270 2699 1326 si
2743 1275 2936 1326 autem
2997 1269 3232 1342 lugetis,
3283 1286 3354 1325 ne
3402 1287 3500 1326 eos
3549 1270 3689 1326 deos

2036 1373 2163 1414 esse
2194 1359 2428 1430 putetis.
2465 1382 2493 1409 ››
2525 1358 2726 1431 (Clem.
2759 1358 2942 1425 Alex.,
2972 1358 3200 1415 Admon.
3232 1358 3303 1415 ad
3346 1362 3517 1429 gent,
3553 1374 3686 1431 pag.

2034 1447 2139 1512 45;
2174 1448 2379 1519 Epiph.
2430 1449 2740 1517 Ancoral,§
2792 1449 2915 1517 106,
2967 1465 3099 1521 pag.
3146 1449 3292 1519 106.)
3332 1447 3594 1520 Denique
3624 1452 3691 1505 ut

2035 1534 2181 1591 alios
2200 1535 2447 1607 gentiles
2469 1542 2525 1592 et
2544 1536 2905 1593 Christianos
2928 1536 3463 1609 praetermittamus,
3485 1536 3688 1592 eadem

2036 1640 2275 1695 prorsus
2316 1626 2538 1681 ratione
2566 1626 2926 1681 Athanasius
2947 1629 3003 1680 et
3030 1624 3219 1680 Julius
3248 1624 3534 1680 Firmicus
3563 1624 3687 1680 hmo

2035 1713 2289 1769 nefanda
2334 1714 2613 1786 mysteria
2659 1714 2977 1786 explodunt
3023 1719 3199 1785 atque
3246 1712 3582 1783 exsibilant,
3629 1715 3688 1769 et

2034 1801 2094 1855 in
2124 1800 2197 1856 iis
2228 1801 2406 1858 falsos
2436 1802 2574 1858 deos
2602 1804 2673 1858 ab
2700 1802 2949 1857 ethnicis
2971 1801 3081 1857 coli
3106 1801 3464 1857 concludunt
3493 1790 3690 1873 (Atha-

2037 1906 2187 1956 nas.,
2219 1895 2362 1946 orat.
2396 1894 2538 1947 cont.
2581 1894 2725 1963 gent.
2761 1890 2791 1963 §
2822 1892 2908 1957 10,
2959 1907 3093 1964 pag.
3150 1892 3247 1961 11;
3276 1890 3394 1949 Jul.
3430 1890 3686 1947 Fiirmic.

2038 1983 2119 2035 De
2144 1981 2334 2036 Error.
2364 1985 2582 2052 pro/an.
2616 1981 2783 2052 relig.
2814 1995 2947 2052 pag.
2977 1980 3092 2051 21).

2602 2148 3004 2205 ARTICULUS
3038 2138 3114 2205 ll.

2035 2256 2106 2311 De
2137 2255 2431 2311 Eleusiniis
2459 2258 2735 2327 mysteriis
2754 2258 3001 2328 festoque
3028 2255 3117 2311 die
3147 2257 3208 2310 in
3240 2255 3477 2326 Cereris,
3510 2256 3690 2328 ﬁliam

2102 2344 2262 2382 suam
2292 2326 2677 2398 Proserpinam
2707 2345 2741 2382 a
2783 2326 3021 2399 Plutone
3069 2332 3292 2398 raptam
3328 2326 3688 2399 inquirentis,

2100 2401 2423 2472 memoriam
2454 2400 2784 2472 celebratis;
2814 2398 2902 2472 de_
2923 2400 3069 2454 Jovz‘s
3104 2398 3490 2472 sacris_atque
3517 2401 3688 2455 etiam

2103 2470 2326 2541 Cybeles
2353 2470 2719 2543 Dindymenae
2740 2486 2837 2525 seu
2868 2469 3101 2541 Cereris,
3125 2469 3218 2525 vel
3238 2469 3423 2543 Rheae,
3452 2472 3537 2527 vel
3567 2487 3684 2528 ma-

2102 2542 2207 2597 tris
2251 2543 2435 2615 deum,
2489 2541 2539 2597 et
2585 2541 2774 2614 Atydis
2830 2544 3071 2615 castrati,
3123 2556 3249 2613 quae
3302 2560 3337 2598 a
3393 2541 3556 2615 gallis
3584 2558 3683 2600 seu

2100 2616 2336 2669 exsectis
2366 2614 2675 2669 hominibus
2698 2614 3137 2685 peragebantur.

2101 2728 2274 2786 Isidis
2308 2729 2492 2785 sacris
2522 2728 2739 2785 similia
2767 2733 2934 2785 erant
2978 2729 3291 2797 Eleusinia,
3326 2747 3453 2802 quis
3483 2731 3544 2787 in
3573 2730 3683 2788 Ge-

2031 2818 2198 2884 reris,
2234 2818 2413 2873 tiliam
2436 2835 2605 2875 suam
2628 2818 3038 2890 Proserpinam
3062 2836 3165 2874 seu
3195 2819 3459 2875 Liberam
3491 2838 3525 2875 a
3547 2818 3686 2877 Plu-

2029 2910 2164 2962 tone
2196 2912 2419 2979 raptam
2472 2907 2807 2979 querentis,
2851 2907 3131 2963 honorem
3175 2906 3265 2963 vel
3316 2909 3510 2979 potius
3540 2924 3684 2965 con-

2029 2994 2334 3050 tumeliam
2368 2996 2683 3068 quotannis
2706 2995 2776 3051 ab
2809 2996 3057 3051 ethnicis
3088 2994 3367 3052 celebrari
3398 2995 3682 3055 solebant.

2032 3083 2324 3139 Minucius
2370 3089 2563 3139 autem
2614 3084 2817 3155 paucis
2866 3084 3106 3155 quidem
3152 3083 3364 3153 verbis,
3418 3086 3520 3140 sed
3552 3102 3682 3157 quas

2031 3172 2421 3238 sutﬁciebant,
2454 3172 2762 3228 ridiculam
2794 3173 3005 3229 borum
3033 3172 3441 3246 mysteriorum
3472 3174 3679 3246 impie-

2031 3266 2209 3317 tatem
2242 3262 2622 3318 demonstrat.
2655 3286 2681 3312 ‹‹
2716 3261 2908 3330 Ceres,
2958 3262 3171 3333 inquit,
3216 3263 3446 3319 facibus
3476 3279 3680 3320 accen-

2032 3350 2113 3406 sis
2143 3355 2200 3406 et
2248 3356 2514 3422 serpente
2561 3351 2943 3418 circumdata,
2993 3366 3186 3407 errore
3233 3352 3572 3424 subreptam
3620 3354 3679 3409 et

2031 3444 2361 3511 corruptam
2395 3438 2679 3506 Liberam,
2735 3440 2909 3494 anxia
2952 3443 3011 3495 et
3055 3438 3304 3496 sollicita
3345 3440 3612 3511 vestigat.
3646 3461 3677 3489 ››

2029 3528 2138 3583 Sed
2172 3528 2292 3582 htBO
2322 3528 2517 3583 Cicero
2547 3528 2855 3583 enodatius
2899 3528 2959 3583 in
2992 3533 3199 3601 quarta
3230 3533 3507 3585 adversus
3535 3530 3680 3586 Ver-

2032 3633 2151 3672 rem
2186 3617 2465 3684 oratione,
2513 3616 2675 3672 hisce
2721 3617 2914 3672 verbis
2958 3616 3319 3673 enucleavit:
3369 3639 3398 3667 «
3429 3621 3561 3675 nec
3591 3620 3682 3674 est

2030 3704 2246 3776 opinio,
2271 3706 2371 3773 ait,
2395 3721 2523 3776 quae
2539 3709 2767 3760 constat
2788 3722 2856 3760 ex
2885 3705 3314 3777 antiquissimis
3346 3705 3679 3765 Graecorum

2030 3794 2239 3849 litteris
2270 3798 2447 3865 atque
2478 3795 2896 3859 monumentis,
2924 3794 3179 3850 insulam
3204 3795 3463 3851 Siciliam
3492 3800 3680 3854 totam

2029 3900 2156 3939 esse
2186 3883 2375 3939 Cereri
2424 3887 2481 3939 et
2530 3884 2740 3938 Libera:
2789 3892 3207 3939 consecratam.
3256 3883 3374 3940 Hoc
3404 3902 3539 3940 cum
3570 3901 3680 3942 οω-

2027 3977 2161 4028 terae
2176 3977 2380 4046 gentes
2399 3973 2482 4027 sic
2499 3972 2879 4039 arbitrantur,
2892 3977 3018 4027 tum
3033 3972 3176 4044 ipsis
3187 3973 3401 4029 Siculis
3418 3977 3538 4028 tam
3553 3989 3682 4045 per-

2028 4078 2270 4118 suasum
2302 4067 2413 4131 est,
2446 4065 2510 4117 ut
2540 4061 2754 4117 animis
2783 4078 2983 4117 eorum
3025 4062 3265 4117 insitum
3297 4066 3474 4132 atque
3502 4063 3679 4118 inna-

2028 4155 2155 4207 tum
2188 4167 2316 4207 esse
2349 4150 2631 4205 videatur.
2682 4150 2826 4204 Nam
2860 4155 2916 4205 et
2962 4155 3129 4205 natas
3159 4166 3287 4205 esse
3341 4150 3448 4205 has
3489 4149 3548 4205 in
3580 4148 3676 4206 his

2026 4238 2170 4295 locis
2203 4239 2361 4310 deas,
2393 4242 2449 4294 et
2490 4238 2685 4311 fruges
2716 4238 2774 4292 in
2807 4255 2874 4292 ea
2922 4242 3075 4293 terra
3124 4236 3382 4308 primum
3414 4238 3675 4308 repertas

2027 4328 2404 4398 arbitrantur,
2428 4332 2484 4383 et
2502 4332 2724 4399 raptam
2748 4343 2875 4382 esse
2899 4326 3188 4392 Liberam,
3212 4341 3386 4397 quam
3406 4324 3673 4381 eamdem

2025 4417 2435 4489 Proserpinam
2479 4420 2702 4481 vocant,
2755 4432 2824 4470 ex
2872 4413 3231 4469 Ennensium
3284 4429 3541 4481 nemore,
3573 4412 3672 4485 qui

2028 4507 2215 4575 locus,
2267 4505 2367 4577 qui
2419 4505 2477 4559 in
2524 4503 2713 4559 media
2756 4508 2843 4559 est
2891 4501 3084 4558 insula
3131 4502 3304 4569 situs,
3356 4500 3676 4559 umbilicus

263 4588 483 4662 inquit,
513 4596 570 4645 et
594 4588 827 4658 Serapis
860 4587 994 4640 fana
1032 4583 1319 4639 diruenda
1368 4581 1708 4646 censuisset,
1739 4597 1920 4653 eaque

2036 4595 2231 4650 Siciliae
2262 4593 2636 4648 nominatur:
2666 4608 2845 4663 quam
2890 4608 3021 4646 cum
3075 4590 3423 4663 investigare
3451 4595 3509 4646 et
3538 4607 3677 4647 con-

266 4694 442 4734 nemo
471 4678 746 4750 opiﬁcum
779 4674 1062 4745 attingere
1093 4672 1351 4735 auderet,
1403 4671 1590 4739 posita
1620 4672 1915 4740 praetaxta,

263 4769 523 4824 securim
552 4765 802 4837 arripuit
832 4761 1150 4833 templique
1199 4762 1326 4829 ejus
1376 4759 1599 4813 foribus
1648 4757 1856 4812 inﬂixit
1885 4779 1915 4806 »

263 4856 479 4923 (Valer.
514 4854 773 4920 Maxim,
825 4851 925 4906 lib.
978 4866 1017 4913 ι,
1067 4865 1117 4904 c.
1166 4849 1221 4914 5,
1254 4846 1438 4919 §ult.)
1484 4848 1529 4901 A
1560 4844 1915 4901 Tertulliano

273 4959 518 5017 quoque,
541 4949 608 5000 ut
638 4959 744 4998 suo
775 4941 900 4996 loco
931 4938 1281 5000 videbimus,
1307 4935 1599 4990 memorias
1632 4934 1914 4989 traditum

273 5038 354 5088 est
376 5034 548 5089 Isidis
570 5048 700 5087 aras
723 5048 755 5084 a
772 5028 1051 5084 Romanis
1082 5026 1429 5089 destructas,
1453 5039 1735 5093 sacraque
1751 5023 1916 5078 abro-

275 5125 404 5191 gata
452 5138 517 5177 ac
565 5119 773 5175 deinde
823 5116 1091 5173 restituta
1138 5110 1401 5186 (Tertull.
1451 5112 1668 5182 Apolog.
1702 5128 1826 5183 cap.
1855 5113 1912 5181 6,

275 5222 402 5281 pag.
433 5212 505 5277 9;
538 5214 593 5265 et
621 5208 721 5263 lib.
756 5223 819 5272 ιι,
851 5205 922 5260 ad
952 5204 1175 5259 Ναιίοπ.
1209 5216 1335 5271 cap.
1369 5200 1455 5266 10,
1491 5215 1622 5271 pag.
1654 5200 1767 5270 54).

337 5314 513 5371 Recte
540 5329 677 5386 ergo
703 5328 771 5368 ex
809 5310 902 5366 his
944 5307 1235 5364 Minucius
1284 5304 1619 5372 concludit;
1650 5327 1679 5355 «
1711 5305 1912 5361 Nonne

276 5401 579 5459 ridiculum
600 5403 750 5458 635
777 5404 867 5455 est
886 5399 1085 5471 lugere
1097 5395 1251 5467 quod
1266 5394 1441 5461 colas,
1456 5391 1544 5449 vel
1556 5393 1741 5449 colere
1753 5394 1908 5464 quod

270 5486 465 5565 lugeas
486 5492 516 5546 ‘2
548 5514 577 5543 ››
606 5489 795 5547 Simili
821 5487 991 5561 plane
1022 5484 1194 5541 modo
1242 5482 1609 5553 Plutarchus,
1640 5481 1910 5553 quamvis

266 5581 549 5651 ethnicus,
574 5578 989 5651 Xenophanem
1010 5572 1429 5645 Colophonium
1457 5571 1697 5644 ejusque
1726 5574 1909 5627 secta-

2027 4686 2256 4756 quirere
2286 4686 2452 4737 Ceres
2484 4679 2671 4745 vellet,
2704 4680 2920 4735 dicitur
2964 4678 3365 4736 inﬂammasse
3394 4680 3573 4736 tedas
3603 4679 3677 4737 iis

2026 4772 2264 4844 ignibus
2295 4770 2393 4841 qui
2424 4785 2492 4824 ex
2520 4768 2699 4823 IEtnaa
2749 4769 2961 4824 vertice
3010 4775 3347 4841 erumpunt,
3382 4786 3532 4842 quas
3562 4768 3678 4825 sibi

2024 4877 2160 4917 cum
2211 4859 2341 4931 ipsa
2390 4859 2699 4929 praeferret,
2771 4859 2969 4913 orbem
3019 4858 3285 4913 omnium
3336 4872 3676 4930 peragrasse

2022 4956 2380 5006 terrarum...
2414 4946 2643 5001 Etenim
2690 4952 2927 5019 propter
2958 4951 3047 5002 est
3076 4946 3358 5018 spelunca
3383 4948 3670 5019 quaedam,

2022 5054 2299 5095 conversa
2328 5036 2400 5090 ad
2430 5035 2798 5107 Aquilonem,
2830 5035 3060 5091 infinita
3089 5034 3418 5104 altitudine,
3442 5050 3559 5105 qua
3579 5034 3671 5088 Di-

2020 5132 2139 5183 tem
2173 5130 2417 5197 patrem,
2451 5146 2480 5175 ››
2509 5124 2617 5180 hoc
2649 5128 2737 5179 est
2775 5123 3103 5191 Plutonem,
3153 5146 3182 5174 «
3216 5122 3410 5178 ferunt
3434 5124 3669 5193 repente

2021 5231 2156 5271 cum
2186 5229 2362 5269 curru
2392 5212 2708 5282 exstitisse,
2741 5212 3158 5283 abreptamque
3208 5226 3276 5265 ex
3303 5225 3369 5265 eo
3399 5208 3524 5265 loco
3554 5208 3669 5266 vir-

2019 5301 2215 5376 ginem
2261 5317 2461 5357 secum
2511 5304 2859 5371 asportasse,
2910 5304 2967 5355 et
3014 5298 3211 5354 subito
3261 5313 3377 5352 non
3423 5296 3595 5369 longe
3636 5315 3671 5354 a

2018 5391 2322 5464 Syracusis
2371 5393 2708 5461 penetrasse
2750 5388 2861 5442 sub
2909 5390 3116 5455 terras,
3170 5386 3483 5456 lacumque
3519 5385 3578 5439 in
3602 5401 3668 5441 eo

2018 5477 2172 5534 636
2196 5476 2320 5533 loco
2346 5477 2581 5547 repente
2593 5472 2884 5529 exstitisse
2903 5472 3001 5527 ubi
3016 5488 3203 5544 usque
3225 5472 3296 5528 ad
3310 5472 3420 5530 hoc
3436 5476 3671 5545 tempus

2015 5564 2369 5643 Syracusani
2391 5565 2572 5619 festos
2602 5560 2729 5617 dies
2759 5560 3188 5618 anniversarios
3214 5565 3399 5636 agunt
3426 5560 3675 5618 celeber-

264 5674 419 5732 tores
446 5647 680 5730 refellit.
732 5647 761 5723 (ἶ
809 5665 1157 5745 Absurditas
1204 5662 1309 5732 rei,
1359 5662 1441 5720 ait
1486 5660 1605 5733 ille,
1655 5660 1717 5720 in
1765 5676 1907 5719 con-
2016 5662 2168 5722 rimo
2196 5655 2454 5731 virorum
2485 5648 2920 5733 mulierumque
2950 5656 3313 5712 conventu.»
3342 5647 3670 5727 (Ciam-ato
