4102 6172
317 290 439 353 ϐὗτ

1768 289 2290 356 DISSERTATIO

309 441 452 500 pore
484 422 940 499 celebrantibus,
1001 423 1084 483 sic
1141 423 1404 500 loquitur
1436 443 1447 482 :
1484 448 1512 476 ‹‹
1544 425 1612 484 Hi
1643 425 1795 484 088
1827 430 1968 484 sunt
1995 427 2048 496 Α
2078 425 2218 483 libet
2243 443 2309 483 ex
2339 423 2458 484 illis
2505 423 2804 484 hominem
2833 423 3042 482 merito
3099 422 3358 499 corripit,
3395 445 3417 476 ι
3453 425 3552 499 qui
3587 442 3728 482 san-

310 533 464 590 quos
493 515 664 571 hodie
679 515 875 571 Roma:
908 515 1076 572 Matri
1097 533 1209 572 non
1235 517 1498 587 deorum,
1523 517 1623 572 sed
1646 517 1962 573 daemonio-

306 623 445 662 rum
476 605 815 672 servientes,
863 605 1050 678 gallos
1098 611 1327 677 vocant,
1394 623 1460 662 eo
1516 607 1670 678 quod
1728 608 1799 662 de
1854 607 1964 664 hac

306 701 486 769 gente
516 694 760 750 Romani
796 699 1098 750 truncatos
1122 695 1386 763 libidine,
1411 696 1468 750 in
1487 695 1766 751 honorem
1799 699 1960 768 Atys,

305 801 487 856 quem
521 784 859 840 eunuchum
893 786 1003 839 dea
1035 785 1309 839 meretrix
1344 787 1574 851 fecerat,
1633 786 1961 841 sacerdotes

298 872 465 928 illius
495 872 906 944 manciparint.
942 873 1253 944 Propterea
1283 877 1478 928 autem
1501 873 1798 928 Gallorum
1830 891 1963 942 gen-

297 962 378 1017 tis
411 961 681 1018 homines
710 962 1145 1031 effeminamur,
1199 967 1264 1016 ut
1320 962 1420 1033 qui
1458 962 1662 1017 urbem
1714 963 1958 1018 Romam

299 1055 606 1122 ceperant,
638 1050 745 1105 hac
784 1049 1070 1106 feriantur
1117 1050 1442 1122 ignominia
1485 1050 1866 1123 (Hieronym.,
1898 1051 1958 1106 in

296 1157 430 1213 cap.
467 1156 524 1195 ιν
558 1140 724 1206 Oscae,
754 1155 809 1195 v.
844 1141 921 1210 2).
958 1161 987 1188 η

368 1230 482 1285 Sed
509 1229 580 1285 ab
611 1228 742 1286 aliis
773 1227 872 1284 ille
901 1227 1169 1301 arguitur
1207 1229 1361 1300 quod
1397 1227 1504 1284 hos
1533 1233 1814 1286 castratos
1828 1229 1955 1286 Ma-

292 1318 410 1375 tris
432 1319 610 1375 deum
659 1334 759 1374 seu
809 1317 1050 1390 Cybeles
1101 1318 1432 1374 sacerdotes
1475 1319 1708 1374 natione
1759 1317 1955 1376 Gallos

287 1406 480 1464 fuisse
517 1408 830 1481 putaverit.
862 1406 1011 1463 Vero
1046 1406 1259 1462 etenim
1313 1406 1565 1463 similius
1597 1407 1953 1480 quibusdam

284 1497 525 1554 videtur
553 1496 843 1569 gallorum
877 1511 1088 1553 nomen
1123 1495 1241 1552 illis
1275 1495 1618 1568 impositum
1650 1514 1683 1551 a
1710 1497 1832 1552 viro
1855 1514 1954 1552 no-

286 1586 456 1642 mine
513 1584 696 1656 Gallo,
748 1585 870 1658 qui,
922 1589 988 1640 ut
1025 1586 1108 1640 ait
1145 1585 1498 1657 Stephanus,
1561 1585 1669 1640 fuit
1724 1585 1951 1658 primus

284 1674 538 1732 forsitan
570 1674 806 1745 Cybeles
837 1675 1131 1732 sacerdos.
1164 1673 1274 1730 Alii
1325 1673 1408 1730 sic
1441 1678 1808 1746 nuncupatos
1839 1693 1949 1747 pu-

281 1767 420 1820 tant
445 1763 688 1832 aGallo,
723 1763 984 1837 Phrygia
1018 1763 1213 1831 ﬂuvio,
1249 1763 1350 1836 qui
1408 1780 1477 1819 ex
1534 1763 1758 1820 Celenis
1789 1781 1952 1820 mon-

282 1853 454 1909 tibus
489 1853 548 1908 in
579 1852 924 1925 Sangarium
957 1852 1166 1908 inﬂuit.
1203 1852 1270 1908 Et
1313 1853 1431 1908 hinc
1488 1856 1577 1908 est
1631 1869 1746 1909 non
1777 1853 1950 1909 modo

282 1941 609 1998 Herodiani
668 1942 1027 2011 (Herodian.,
1089 1942 1190 1997 lib.
1268 1959 1306 2013 1,
1356 1958 1483 2014 pag.
1556 1943 1700 2014 476),
1747 1960 1948 2000 verum

283 2032 473 2087 etiam
523 2031 707 2088 Ovidii
759 2031 976 2103 opinio,
1035 2047 1213 2103 quam
1262 2031 1424 2088 hisce
1472 2033 1737 2088 versibus
1769 2035 1955 2106 expri-

281 2120 401 2175 mit
435 2113 454 2176 Ξ

481 2226 591 2290 Cur
615 2227 777 2290 igitur
805 2227 993 2290 gallos,
1026 2228 1190 2290 quise
1224 2226 1485 2290 excidere,
1518 2241 1794 2290 vocamus,

543 2288 675 2338 Cum
705 2288 1214 2353 tant—amiaPlirygia
1234 2289 1429 2353 Gallica
1458 2289 1616 2340 distet
1644 2288 1840 2341 humus
1864 2294 1889 2340 τ

543 2303 675 2338 uum
705 2303 911 2340 tantum
943 2303 1214 2400 arnrygia
1234 2303 1429 2338 ualnca
1458 2303 1616 2340 cisset
1645 2303 1824 2341 uumul

481 2351 650 2411 Inter,
679 2353 767 2416 ait,
797 2352 1021 2416 viridem
1051 2353 1120 2415 Cy
1165 2352 1297 2416 slem
1327 2352 1563 2416 altasque
1583 2353 1824 2415 Celenas,

538 2416 724 2479 Amnis
753 2415 1061 2479 in_iusana,
1096 2415 1540 2479 nomineGsllus.
1572 2429 1728 2479 aqua.

480 2475 728 2549 Quilibet
751 2476 875 2526 inde
906 2476 1050 2549 furit,
1060 2477 1266 2549 procul.
1283 2475 1684 2549 hinc-discedite
1707 2478 1858 2549 queis
1871 2483 1952 2529 est

545 2539 688 2589 Cura
715 2540 872 2590 bonas
906 2539 1104 2589 mentis
1131 2553 1150 2588 :
1178 2540 1270 2603 qui
1298 2539 1590 2596 bibitinde.
1622 2539 1764 2590 furit.

981 2618 1176 2681 [0vid.,
1203 2618 1239 2667 l.
1278 2632 1329 2668 iv
1358 2619 1519 2680 Fast.,
1546 2626 1572 2681 θ
1600 2623 1668 2678 3.)

287 2725 592 2782 Fluminis
621 2730 818 2781 autem
852 2723 1010 2781 illius
1029 2725 1299 2781 meminit
1319 2725 1742 2799 Plinius,quem
1758 2729 1952 2785 videre

285 2816 542 2889 poteris,
578 2816 1077 2887 quemadmodum
1109 2819 1166 2870 et
1196 2815 1468 2871 Vossium
1516 2833 1581 2872 ac
1612 2816 1821 2872 Lilium
1855 2819 1948 2875 Gl-

283 2905 527 2960 raldum
562 2905 631 2960 de
656 2903 756 2960 illa
784 2904 1020 2977 Cybeles
1067 2909 1124 2960 et
1152 2905 1292 2978 Atys
1352 2905 1568 2973 fabula,
1629 2907 1700 2962 de
1749 2924 1950 2962 eorum

285 2994 593 3066 mysteriis
646 2993 880 3066 illisque
926 2993 1096 3066 gallis
1153 2994 1540 3066 disputantes.
1605 3000 1678 3051 De
1723 2995 1814 3052 his
1844 3013 1951 3053 nos

287 3098 550 3154 quoque,
585 3098 650 3137 ac
700 3081 1070 3154 potissimum
1127 3083 1198 3138 de
1254 3082 1489 3139 illorum
1539 3085 1948 3158 mysteriorum

285 3175 530 3227 auctore
561 3171 700 3226 alibi
755 3171 1186 3243 disputavimus
1239 3171 1411 3244 (Plin.
1473 3174 1569 3228 lib.
1620 3190 1751 3229 χχχι
1811 3175 1946 3231 Hist.
1980 3170 2024 3239 C

290 3261 446 3326 Itat.,
476 3262 682 3331 cap.2,
707 3275 838 3333 pag.
866 3259 1009 3329 779;
1043 3260 1210 3316 Voss.
1261 3259 1300 3315 l.
1341 3275 1362 3316 ι
1400 3261 1465 3318 de
1516 3262 1666 3334 Orig.
1717 3272 1767 3320 et
1824 3265 1953 3320 Pro-

285 3364 370 3419 gr.
410 3347 638 3417 Idolot.,
669 3365 797 3421 cap.
832 3349 924 3416 20,
956 3366 1088 3422 pag.
1121 3350 1191 3404 78
1240 3353 1289 3406 et
1320 3367 1466 3424 seqq.
1511 3369 1526 3420 ;
1555 3352 1771 3408 Girald.
1809 3353 1951 3426 Syn-

281 3443 482 3508 tag.iv
535 3440 666 3494 Hist
691 3438 838 3494 deor.
870 3455 884 3494 :
919 3444 1064 3495 tom.
1112 3440 1135 3496 Ι
1177 3440 1434 3512 Apparat.
1497 3441 1598 3497 lib.
1676 3459 1764 3511 ιιι,
1825 3443 1951 3498 dis-

285 3533 431 3584 sert.
463 3527 524 3595 2,
559 3543 683 3599 cap.
713 3527 772 3593 9,
805 3533 914 3583 art.
946 3529 1002 3597 2,
1037 3544 1169 3602 pag.
1204 3531 1333 3596 758,
1368 3538 1420 3586 et
1444 3532 1637 3603 seqq.).

360 3616 651 3672 Caeterum
672 3618 903 3674 tametsi
953 3618 1182 3684 eadem,
1219 3621 1306 3675 uti
1357 3623 1481 3690 jam
1517 3621 1948 3689 annotavimus,

292 3705 590 3762 diceretur
619 3703 747 3771 lsis,
777 3706 967 3777 Ceres,
1000 3706 1228 3779 Cybele,
1283 3707 1442 3764 Rhea
1469 3708 1852 3781 Dindymene,
1886 3727 1950 3766 ac

294 3794 542 3850 deorum
571 3796 769 3858 Mater,
815 3794 1062 3866 aliisque
1113 3795 1327 3864 adhuc,
1387 3803 1451 3853 ut
1503 3797 1849 3855 Plutarchus
1895 3803 1952 3854 et

295 3881 504 3939 Strabo
528 3883 861 3954 observant,
887 3885 1225 3940 nominibus
1258 3885 1684 3958 appellaretur;
1719 3891 1949 3944 constat

297 3971 688 4028 nihilominus
719 3973 948 4029 diversa
981 3975 1162 4030 fuisse
1192 3991 1359 4030 sacra
1390 3981 1446 4031 et
1477 3977 1642 4043 festa,
1663 3992 1790 4048 quae
1819 3993 1950 4048 age-

296 4061 514 4116 bantur
545 4060 605 4116 in
637 4060 860 4118 Cereris
913 4062 1317 4134 Proserpinam
1372 4065 1702 4136 quaerentis,
1744 4082 1812 4120 ac
1840 4067 1947 4139 Cy-

295 4149 453 4205 beles
474 4149 656 4206 simul
685 4155 743 4205 et
773 4151 976 4223 Atydis
1007 4151 1349 4207 memoriam
1381 4152 1694 4223 (Plutarch.
1731 4156 1786 4209 in
1827 4157 1948 4211 Vita

293 4237 532 4307 Caesam,
575 4253 709 4311 pag.
746 4240 840 4294 111
870 4256 884 4306 ;
915 4240 1108 4295 Strab.
1144 4240 1242 4295 lib.
1291 4258 1328 4296 x
1360 4240 1572 4312 Geogr.,
1607 4258 1738 4314 pag.
1799 4243 1944 4314 169).

293 4329 409 4384 Sed
460 4345 821 4404 quacunque
882 4347 950 4387 ea
1007 4331 1145 4399 sint,
1208 4332 1648 4390 evidentissima
1705 4335 1945 4390 demon-

295 4422 486 4475 strant
514 4419 722 4478 falsam
756 4420 987 4478 illorum
1021 4423 1410 4492 divinitatem,
1433 4429 1606 4495 atque
1636 4426 1944 4498 gentilium

859 4707 1261 4767 ABTICULUS
1290 4709 1386 4766 Ill.

290 4795 364 4851 De
417 4795 551 4872 aliis
579 4799 972 4872 superstitiosis
1017 4803 1072 4854 et
1111 4800 1364 4856 absurdis
1391 4803 1682 4872 gentilium
1728 4803 1944 4870 ritibus,

397 4867 561 4922 uibus
588 4867 776 4941 plures
804 4873 1091 4941 sanguine
1127 4887 1222 4926 suo
1273 4867 1538 4940 libabant,
1597 4890 1662 4928 ac
1704 4867 1945 4930 vulneri;

396 4955 462 4994 us
508 4940 870 5019 uiriliu-mq‘ue
920 4940 1200 5019 excisione
1265 4945 1667 5019 supplicabant,
1718 4947 1948 5019 deosque

361 5009 634 5088 ducebant
658 5009 880 5088 uicatim
912 5009 1428 5088 mendicantcsfae
1476 5009 1714 5088 lupercis
1761 5009 1947 5074 cruda

360 5080 544 5137 hieme
571 5082 736 5138 nudis
781 5083 1240 5151 discurrentibus,
1295 5087 1476 5142 obvios
1532 5080 1946 5144 berberantibus

360 5154 616 5230 acpelles
646 5154 974 5211 caedentibus
1004 5174 1026 5218 ;
1074 5157 1137 5214 de
1175 5157 1344 5214 Saliis
1393 5159 1624 5230 pilentis
1689 5168 1740 5216 et
1791 5169 1946 5216 scuta

360 5229 546 5280 vetera
555 5227 1090 5299 circumferentibus.

361 5348 674 5407 Neminem
702 5365 829 5406 esse
852 5355 1153 5424 putamus,
1187 5353 1286 5426 qui
1335 5371 1403 5412 ex
1431 5354 1715 5412 hactenus
1746 5356 1945 5429 dispu-

296 5437 426 5495 tatis
458 5437 625 5496 facile
649 5455 763 5495 non
795 5439 1088 5514 intelligat
1139 5443 1274 5514 quid
1309 5443 1419 5499 sibi
1464 5445 1755 5501 Minucius
1784 5444 1942 5515 velit,

301 5540 425 5584 cum
450 5527 740 5586 absurdos
771 5529 1059 5602 planeque
1110 5531 1518 5604 supertitiosos
1548 5537 1944 5591 Romanorum

299 5615 470 5678 falsos
489 5617 632 5676 deos
673 5617 1045 5677 adorantium
1103 5619 1252 5677 ritus
1283 5620 1624 5694 insectatur,
1660 5639 1724 5679 ac
1748 5638 1946 5697 quem-

2075 515 2251 589 guiue
2273 533 2378 573 suo
2411 517 2563 573 039
2610 515 2771 587 libat,
2829 520 2886 572 et
2939 514 3281 571 vulneribus
3326 513 3450 570 suis
3498 514 3724 588 suppli-

2073 612 2166 662 cat
2207 649 2220 663 .
2267 648 2280 662 .
2326 647 2339 661 .
2385 648 2398 660 .
2444 647 2457 660 .
2505 648 2517 661 .
2552 609 2654 660 aut
2697 605 2788 660 cui
2823 609 2950 660 cxta
2981 608 3122 661 sunt
3151 603 3404 660 obscena
3433 604 3723 672 demessa,

2071 695 2363 766 quomodo
2394 695 2568 750 deum
2603 692 2802 760 violat,
2833 694 2934 766 qui
2960 693 3070 749 hoc
3119 693 3291 750 modo
3327 692 3516 765 placat
3547 709 3561 758 ;
3587 709 3721 750 cum

2071 785 2119 840 si
2153 783 2454 840 eunuchos
2483 783 2637 840 Deus
2667 781 2858 848 vellet,
2892 786 3089 855 posset
3119 797 3444 854 procreare,
3495 799 3609 838 non
3644 784 3724 839 fa-

2070 890 2218 930 cere.
2260 894 2288 924 »
2340 873 2543 928 Nonne
2594 873 2750 928 enim
2810 870 2909 927 ille
2964 871 3045 926 ibi
3102 874 3158 926 et
3209 871 3280 926 de
3336 870 3592 944 Cybeles,
3635 873 3721 929 uti

2071 961 2330 1035 proxime
2359 962 2720 1032 dicebamus,
2749 965 2924 1032 atque
2952 959 3129 1016 etiam
3153 959 3224 1014 de
3242 958 3720 1032 Bellone,quem-

2067 1051 2386 1108 admodum
2465 1055 2637 1106 antea
2709 1049 2884 1106 etiam
2962 1048 3481 1105 animadvertimus
3529 1050 3715 1122 (supr.

2065 1157 2192 1212 cap.
2224 1139 2280 1208 9,
2307 1143 2415 1195 art.
2434 1139 2512 1211 2),
2538 1138 2762 1195 insanis
2777 1137 2976 1208 utique
2996 1136 3399 1193 sacerdotibus
3421 1137 3719 1210 disputat?

2065 1227 2134 1284 Et
2161 1232 2317 1286 certe
2340 1226 2637 1284 Juvenalis
2669 1228 2740 1283 de
2770 1225 3036 1299 utrisque
3067 1225 3277 1282 cecinit
3307 1243 3321 1281 :

2691 1378 2704 1392 .
2773 1379 2786 1391 .
2855 1357 2869 1391 :
2937 1375 2952 1391 .
3018 1342 3149 1391 Ecca
3178 1340 3408 1391 furentis

2159 1405 2891 1470 Bellonaermatrisquedeum
2916 1404 3112 1454 chorus
3140 1404 3322 1470 intrat,
3353 1407 3413 1470 et
3433 1404 3627 1466 ingens

2157 1469 2406 1519 Semiviri
2437 1466 2673 1518 obsceno
2704 1467 2864 1517 facies
2894 1466 3194 1517 reverenda
3222 1467 3434 1517 minori.

2155 1531 2340 1604 biollia
2370 1532 2463 1604 qui
2493 1535 2656 1604 rupta
2673 1531 2842 1580 secuit
2863 1529 3118 1604 genitalia
3145 1532 3282 1604 testa

2151 1593 2266 1666 {an}
2303 1589 2645 1666 pride‘mﬁncui
2674 1589 3067 1666 raucacohors.
3097 1592 3188 1654 qui
3203 1596 3472 1666 tympana
3499 1589 3714 1642 cadunt
3822 1644 3824 1646 ,

2154 1653 2381 1715 Plebeia,
2414 1660 2465 1706 et
2495 1657 2724 1720 Phrygia
2755 1656 2978 1704 vestitur
3005 1653 3174 1704 bucca
3201 1653 3358 1704 tiara.

2618 1734 2906 1798 (Juvenal.,
2937 1734 3114 1797 Satyr.
3145 1747 3197 1794 γ,
3231 1733 3370 1783 circa
3396 1731 3560 1790 med.)

2130 1842 2333 1898 Nonne
2363 1841 2540 1898 etiam
2566 1840 2964 1912 Athenagoras
3008 1840 3080 1896 de
3133 1839 3366 1910 iisdem,
3422 1837 3532 1894 etsi
3589 1840 3708 1894 tam

2060 1932 2306 1986 obscure
2336 1929 2406 1985 de
2436 1930 2711 1986 secundis
2769 1944 2946 2000 quam
3006 1927 3310 2000 perspicue
3357 1927 3428 1983 de
3477 1925 3708 1998 primis,

2061 2019 2244 2088 dixit;
2285 2017 2347 2071 Οἱ
2404 2016 2497 2090 μὲν
2560 2015 2923 2089 ἀποτέμνουσι
2976 2016 3044 2070 τὰ
3085 2011 3286 2087 αἰδοῖα,
3339 2013 3392 2069 οἱ
3437 2013 3563 2090 περὶ
3612 2015 3711 2084 τὴν

2057 2091 2273 2164 Ῥέαν...
2308 2105 2381 2160 ὲῶ
2412 2104 2515 2180 γὰρ
2545 2104 2673 2167 τοὺς
2698 2109 2816 2166 ταῖς
2871 2103 3166 2180 μαχαίραις
3213 2103 3305 2158 καὶ
3352 2108 3470 2166 τοῖς
3515 2101 3714 2181 ἀστρα-

2057 2191 2248 2271 γάλοις
2280 2193 2654 2268 αἷκιζομὲνους
2696 2193 2891 2256 αὐτοὺς
2941 2193 3139 2270 λέγειν.
3199 2218 3227 2244 ‹‹
3287 2194 3403 2250 Alii
3441 2195 3715 2268 pudenda

2058 2285 2426 2354 exscindunt,
2460 2285 2563 2358 qui
2596 2283 2891 2355 conjuncti
2923 2288 3063 2339 sunt
3094 2282 3264 2340 Rheso
3299 2287 3406 2340 :ut
3448 2282 3592 2340 nihil
3627 2282 3714 2338 di-

2059 2391 2187 2431 cam
2219 2375 2290 2430 de
2321 2374 2440 2430 illis
2470 2374 2572 2446 qui
2605 2373 2813 2430 cultris
2860 2378 2921 2430 et
2949 2372 3195 2445 ﬂagellis
3226 2372 3457 2430 nudatis
3488 2373 3715 2444 seipsos

2059 2463 2476 2519 discruciant?
2510 2484 2538 2513 »
2595 2462 2922 2534 (Athenag..
2971 2463 3162 2531 Legat.
3227 2477 3327 2534 pro
3387 2461 3712 2534 Christian.,

2059 2567 2192 2626 pag.
2212 2552 2332 2624 29.)
2360 2554 2456 2619 At,
2488 2551 2644 2608 sicut
2670 2551 2767 2608 ille
2796 2550 3013 2619 soluto,
3043 2551 3126 2607 ita
3179 2549 3461 2608 Martialis
3511 2551 3712 2608 stricto

2060 2657 2327 2699 sermone
2353 2640 2532 2696 dixit:

2214 2756 2345 2806 Alba
2375 2756 2554 2805 minus
2578 2755 2736 2804 saevis
2765 2755 3066 2805 lacerantur
3091 2755 3312 2805 brachia
3339 2756 3545 2815 cultris,

2266 2819 2396 2868 Cum
2426 2817 2631 2868 furitad
2663 2818 2918 2881 Phrygios
2946 2817 3142 2867 enthea
3162 2818 3319 2868 tumba
3347 2819 3556 2868 modos.

2620 2897 2891 2962 [Martia1.,
2923 2898 2978 2957 l.,
3011 2911 3062 2957 ιι,
3101 2899 3422 2962 Epigramm.
3453 2899 3556 2962 85.]

2061 3007 2140 3062 De
2168 3007 2368 3063 Matris
2383 3022 2517 3062 vero
2547 3005 2720 3061 deum
2755 3005 2962 3078 mystis
2993 3005 3212 3061 Seneca
3243 3020 3256 3060 :

2278 3123 2413 3182 Non,
2445 3122 2489 3170 si
2518 3119 2702 3170 molles
2732 3120 2934 3170 imitata
2961 3120 3122 3181 viros,

2280 3184 2436 3233 Tristi
2466 3183 2700 3232 lacerent
2727 3182 2946 3232 brachia
2974 3186 3166 3242 tecum,

2282 3245 2411 3304 Qua:
2441 3246 2644 3296 turrita
2677 3247 2834 3295 turba
2861 3246 3071 3307 parenti

2279 3311 2495 3359 Pectore
2524 3321 2688 3358 rauco
2718 3309 2943 3367 concita,
2967 3309 3170 3357 buxum

2280 3371 2441 3431 Ferit,
2473 3376 2531 3420 ut
2557 3369 2808 3434 Phygium
2839 3370 3015 3435 lugeat
3042 3373 3212 3434 Atym.

2530 3449 2754 3514 [Senec.,
2783 3449 3072 3512 Agamem,
3104 3452 3228 3510 act.,
3249 3461 3320 3509 ιιι,
3343 3462 3488 3500 scen.
3518 3447 3589 3514 2.]

2060 3557 2325 3614 Concinit
2357 3557 2587 3630 utrique
2616 3557 2917 3612 Juvenalis
2948 3556 3180 3612 duobus
3197 3556 3290 3612 his
3321 3555 3708 3613 carminibus:

2152 3673 2288 3732 Quid
2312 3676 2490 3722 tamen
2507 3671 3070 3737 exspectaut,Phrygio
3084 3686 3219 3736 quos
3231 3676 3441 3736 tempus
3469 3672 3612 3734 eratj
3625 3685 3710 3722 am

2153 3737 2296 3786 More
2323 3735 2712 3798 supervacuam
2757 3735 3289 3798 cultris‘a’brumpere
3321 3735 3538 3785 carnem
3565 3737 3591 3784 τ

2590 3815 2877 3878 (Juvenal.,
2909 3815 3084 3879 Satyr.
3115 3829 3167 3875 ιι,
3199 3815 3322 3865 circ.
3353 3814 3466 3872 ﬁn.)

2060 3932 2351 3988 Lucianus
2389 3931 2612 3988 etiam:
2658 3931 2766 3999 Τὴν
2805 3927 3047 4008 κεφαλὴν
3098 3929 3335 3984 κάτωθεν
3387 3927 3437 4002 ἕξ
3482 3927 3712 4004 αὖχὶνος

2059 4018 2388 4086 ἐλίσσοντες,
2417 4025 2533 4082 τοῖς
2591 4019 2789 4098 ξίφεσιν
2852 4019 3142 4092 ἐτέμνοντο
3190 4017 3319 4079 τοὺς
3368 4020 3595 4094 πήχεις,
3628 4037 3697 4072 κα

2055 4111 2153 4179 τὴν
2212 4107 2461 4184 γλῶτταν
2539 4113 2645 4163 τῶν
2729 4106 2965 4164 ὀδόντων
3039 4102 3397 4184 ὑπερϐάλλων
3465 4103 3710 4178 ἕκαστος,

2057 4196 2242 4271 ἔτεμνε
2289 4199 2379 4253 καὶ
2419 4197 2640 4270 ταύτην
2678 4197 2816 4252 ὥστε
2862 4197 2913 4252 ἐν
2965 4196 3154 4273 ἀκαρεῖ
3199 4197 3371 4251 πάντα
3401 4193 3708 4264 πεπλῆσθαι

2061 4285 2306 4360 μαλακοῦ
2339 4285 2588 4360 αἵματος.
2622 4311 2649 4338 ‹‹
2685 4287 2871 4360 Caput
2927 4287 3139 4342 subtus
3185 4290 3392 4358 guttur
3436 4284 3707 4357 ligantes,

2056 4377 2296 4434 ensibus
2328 4378 2576 4434 lacertos
2598 4376 3112 4448 feriunt,linguam
3144 4375 3385 4447 insuper
3413 4373 3555 4430 foris
3571 4374 3708 4430 den-

2056 4471 2144 4523 tes
2176 4472 2471 4522 extensam
2517 4465 2767 4538 quisque
2825 4465 3052 4530 incidit,
3111 4468 3177 4518 ut
3232 4463 3393 4519 brevi
3446 4466 3708 4536 tempore

1925 4545 1944 4560 ’
1976 4545 2024 4606 D
2056 4555 2254 4612 omnia
2283 4554 2570 4626 sanguine
2603 4557 2982 4610 manarent.»
3012 4553 3300 4625 (Lucian.,
3332 4553 3390 4608 in
3425 4553 3565 4608 Luc.
3587 4552 3708 4609 sive

2058 4646 2208 4700 asin.
2247 4659 2382 4716 pag.
2423 4644 2572 4716 660).
2608 4642 2888 4715 Apuleius
2919 4659 3054 4698 vero
3075 4642 3293 4698 ferrum
3316 4641 3461 4698 illud
3493 4658 3708 4715 auceps

2057 4738 2241 4799 vocat,
2277 4749 2392 4804 quo
2423 4749 2531 4788 sua
2559 4734 2806 4804 quisque
2834 4730 3072 4787 brachia
3111 4732 3464 4790 dissecabat.
3515 4736 3594 4799 et,
3645 4735 3710 4786 ut

2057 4822 2138 4878 ait
2168 4821 2588 4888 'l‘ertullianus,
2623 4822 2679 4876 hi
2708 4819 2848 4893 galli
2881 4824 2939 4876 et
2967 4837 3167 4876 eorum
3211 4821 3482 4894 princeps
3513 4820 3706 4876 archi-

2055 4911 2247 4984 gallus
2277 4911 2620 4980 sauguinem
2654 4911 2976 4982 impurum,
2998 4910 3312 4964 castrando
3345 4911 3611 4975 lacertos,
3634 4907 3702 4961 li-

2058 5001 2250 5056 babat.
2285 5000 2672 5064 Quamobrem
2705 4999 2923 5054 Seneca
2963 4998 3117 5070 apud
3148 4997 3545 5070 Augustinum
3571 4996 3708 5051 inde

2055 5088 2360 5163 gentilium
2387 5105 2629 5146 suorum
2685 5090 2824 5145 deos
2854 5088 2937 5142 sic
2967 5087 3257 5160 exagitat:
3292 5107 3323 5136 ‹‹
3372 5085 3475 5140 Ille
3511 5083 3706 5140 viriles

2055 5179 2168 5234 sibi
2201 5182 2393 5253 partes
2424 5183 2711 5252 amputat,
2738 5177 2833 5232 ille
2859 5176 3104 5232 lacertos
3160 5178 3338 5231 secat.
3389 5173 3494 5232 Ubi
3525 5173 3706 5230 iratos

2055 5268 2194 5324 deos
2223 5268 2454 5336 timent,
2490 5269 2588 5340 qui
2613 5268 2694 5324 sic
2719 5265 2999 5340 propitios
3034 5268 3329 5321 merentur
3355 5263 3489 5320 ?Dii
3511 5265 3704 5320 autem

2054 5356 2214 5413 nullo
2275 5358 2487 5413 debent
2534 5357 2642 5412 coli
2712 5371 2941 5429 genere,
3001 5353 3052 5410 si
3123 5357 3180 5410 et
3232 5353 3343 5410 hoc
3393 5351 3617 5410 volunt.
3675 5375 3702 5402 υ

2052 5445 2267 5519 (Apud.
2321 5445 2421 5513 lib,
2446 5463 2540 5500 Vill
2566 5443 2946 5516 Metamorph.,
3007 5436 3142 5499 ante
3182 5443 3306 5515 iiu.,
3355 5459 3488 5518 pag.
3531 5443 3630 5499 141
3692 5462 3706 5512 ;

2056 5534 2296 5592 Tertull.
2333 5535 2638 5607 Apologet.,
2673 5551 2798 5607 cap.
2858 5534 2929 5590 23
2961 5537 3019 5590 et
3071 5534 3163 5604 25,
3214 5551 3346 5605 pag.
3398 5535 3472 5588 24
3503 5537 3559 5587 et
3587 5533 3656 5586 27
3692 5551 3705 5589 :

2055 5628 2328 5698 August.,
2358 5624 2460 5681 lib.
2493 5639 2566 5682 vn
2601 5624 2676 5682 de
2705 5623 2890 5695 Civit.,
2913 5640 3038 5698 cap.
3068 5624 3152 5692 10,
3187 5639 3319 5696 pag.
3355 5624 3503 5696 159.)
3535 5623 3709 5678 Recte
