4102 6172
235 371 327 436 661
1651 373 1876 439 DISSE
1886 376 2174 440 RTATIO

3497 372 3617 438 662

225 506 336 564 tari.
363 505 578 564 Verum
606 504 665 562 in
697 504 1150 564 controversiam
1190 511 1449 579 vocatur,
1481 508 1553 565 ad
1586 523 1732 581 quos
1756 506 1858 567 illa
1888 511 1940 578 Α
1970 511 2247 580 crarium,
2279 509 2363 568 uti
2397 509 2688 568 Ciceronis
2717 513 2922 567 contra
2945 507 3181 566 Verrem
3214 510 3453 565 utamur
3485 521 3610 564 ver-

225 597 420 672 priora,
457 619 484 647 ‹‹
515 595 703 652 Pelles
733 597 980 661 cadunt,
1018 619 1045 646 »
1077 597 1275 654 referri
1309 598 1572 655 debeant.
1606 598 1850 665 Quidam

224 687 359 742 enim
392 688 770 758 suspicantur
801 703 868 741 ea
898 685 1023 742 loco
1056 704 1163 742 suo
1211 704 1338 742 esse
1388 694 1564 756 mota,
1615 705 1680 744 ac
1726 692 1855 760 post

223 777 348 842 haec,
373 799 400 827 «
432 776 625 831 hieme
656 776 1013 846 discurrunt,
1053 799 1078 825 ››
1113 778 1462 848 reponenda.
1505 777 1680 842 Quasi
1720 794 1852 833 vero

228 866 316 922 soli
342 866 734 920 discurrentes
772 865 1011 936 Luperci
1060 864 1237 936 pelles
1272 866 1595 921 czederentl
1641 866 1853 930 Quidni

230 953 470 1019 etSaliii,
507 957 608 1009 aut
665 976 692 1004 «
738 954 1161 1019 mendicantes,
1215 978 1233 1002 ιι
1281 954 1379 1025 qui
1415 960 1559 1010 teste
1587 953 1850 1026 Apuleio,

232 1042 465 1116 cymbala
495 1047 554 1097 et
585 1047 862 1115 tympana
911 1042 1222 1113 pulsabant
1265 1041 1454 1114 (Apul.
1490 1043 1590 1098 lib.
1621 1059 1721 1099 νιιι
1748 1044 1852 1098 Με-

234 1132 474 1203 tamorph.
504 1132 656 1187 642
682 1147 814 1203 pag.
841 1131 1011 1202 143)?
1042 1131 1195 1186 Nihil
1218 1148 1354 1204 ergo
1377 1133 1434 1186 in
1461 1132 1698 1188 Minucii
1728 1137 1852 1188 tex-

234 1225 280 1276 tu
309 1220 423 1276 sine
453 1219 670 1276 codicis
708 1219 962 1290 alicujus
992 1219 1335 1276 auctoritate
1377 1221 1748 1276 mutandum.
1781 1221 1852 1276 At

233 1315 360 1368 certe
387 1326 553 1366 nemo
601 1327 756 1366 sane
803 1308 1019 1364 mentis
1064 1309 1240 1365 homo
1282 1309 1627 1364 diffitebitur
1672 1326 1850 1380 quam

234 1405 359 1456 recte
385 1417 447 1456 ex
475 1398 648 1455 dictis
679 1401 894 1453 Auctor
925 1402 1122 1454 noster
1149 1399 1356 1454 inferat
1399 1398 1606 1453 falsam
1639 1398 1848 1453 divini-

234 1495 385 1545 tatem
415 1488 496 1544 eis
525 1487 757 1554 ascribi,
790 1505 936 1560 quos
958 1487 1204 1559 gentiles
1242 1492 1360 1543 tam
1394 1487 1668 1543 absurdis
1699 1493 1845 1543 tam-

235 1595 325 1651 que
351 1577 598 1650 indignis
629 1578 871 1633 deorum
897 1576 1133 1633 nomine
1162 1582 1219 1633 et
1249 1576 1531 1648 dignitate
1563 1577 1845 1648 supereti-

236 1667 460 1724 tionibus
490 1667 931 1723 venerabantur.

800 1809 1104 1865 ARTICUS
1147 1808 1236 1864 IV.

234 1918 297 1971 De
323 1917 538 1988 templis,
561 1932 795 1987 quorum
823 1917 1010 1971 aditus
1043 1917 1122 1970 vel
1151 1917 1317 1970 semel
1347 1923 1563 1970 tantum
1587 1917 1642 1970 in
1675 1931 1842 1982 anno,

294 1989 368 2042 vel
393 1991 596 2044 nemini
641 2005 903 2059 unquam,
952 1989 1037 2043 vel
1085 2004 1372 2058 nunquam
1417 2004 1553 2042 vms
1579 1988 1798 2059 patebat
1824 2003 1845 2048 ;

296 2059 354 2113 de
378 2060 690 2131 quibusdam
719 2061 894 2114 sacris
924 2061 1290 2121 caeremoniis,
1339 2075 1456 2130 quae
1499 2063 1595 2131 aut
1623 2061 1846 2128 feminis

295 2129 397 2185 aut
419 2135 586 2186 servis
634 2131 1122 2194 inter-dicebantur,
1173 2129 1445 2201 atque’de
1488 2129 1625 2186 aliis
1654 2132 1844 2196 sacris,

291 2218 399 2275 qua
428 2205 504 2259 vel
535 2205 778 2273 univira,
813 2204 894 2258 vel
924 2204 1210 2258 multivira
1238 2203 1548 2258 coronabat.

290 2331 576 2383 Auctorem
631 2333 893 2384 nostrum
947 2327 1091 2382 alios
1156 2327 1443 2382 absurdos
1507 2327 1846 2382 eorumdem

231 2415 501 2486 gentilium
534 2417 682 2472 ritus
713 2417 1100 2488 exagitantem
1135 2433 1470 2486 sequamur.
1495 2439 1520 2464 «
1546 2417 1846 2484 Quaedam,

230 2503 413 2576 inquit,
442 2506 572 2561 fana
603 2505 783 2561 semel
829 2522 981 2560 anno
1031 2505 1189 2560 adire
1245 2505 1612 2576 permittunt.
1651 2527 1677 2552 »
1709 2504 1848 2560 Tale

229 2594 400 2663 procul
431 2595 608 2650 dubio
641 2599 767 2650 erat
789 2595 1133 2650 Eurimones
1158 2593 1466 2663 fanum,de
1489 2611 1603 2665 quo
1638 2593 1850 2648 Pansa-

230 2681 355 2748 nias,
382 2688 604 2750 cStato,
623 2683 723 2751 ait,
742 2684 833 2740 die
865 2683 1214 2739 Eurimones
1244 2683 1527 2754 templum
1554 2683 1845 2753 aperiunt;

228 2771 407 2842 aperiri
441 2773 552 2829 alio
583 2776 844 2845 tempore
876 2790 1002 2828 mos
1033 2772 1254 2844 patrius
1288 2788 1399 2826 non
1433 2777 1540 2826 est.
1577 2772 1752 2826 Sacra
1782 2787 1847 2826 eo

227 2859 302 2916 die
330 2862 590 2933 privatim
626 2879 691 2917 ac
724 2861 953 2934 publice
986 2861 1158 2915 ﬁunt.
1193 2861 1330 2916 Mihi
1365 2866 1516 2914 certe
1557 2877 1669 2914 non
1705 2877 1843 2914 con-

225 2949 352 3020 tigit,
391 2956 454 3006 ut
502 2968 568 3006 eo
614 2956 874 3022 tempore
919 2951 1210 3018 adessem,
1258 2966 1445 3020 neque
1489 2951 1846 3018 Eurymones

224 3037 576 3096 simulacrum
608 3040 802 3095 videre
826 3040 1007 3110 potui.
1035 3061 1062 3087 »
1082 3038 1360 3108 (Pausan.
1398 3038 1494 3094 lib.
1520 3055 1620 3093 vm
1650 3037 1843 3094 Arcad.

223 3142 328 3199 pag.
359 3130 509 3201 271.)
554 3128 694 3185 Tale
741 3130 943 3192 etiam,
998 3129 1200 3184 eodem
1250 3133 1418 3196 teste,
1467 3127 1847 3198 Dindymenae

1963 601 2075 666 bis,
2125 624 2154 650 «
2186 601 2409 658 Cereris
2439 605 2528 658 est
2549 601 2704 674 apud
2727 601 3069 657 Catinenses
3092 599 3295 655 eadem
3330 597 3613 671 religione

1964 707 2082 762 qua
2113 690 2326 754 Romae,
2360 707 2478 763 qua
2510 691 2566 745 in
2601 690 2819 745 cateris
2849 689 3015 756 locis,
3048 706 3160 760 qua
3192 701 3369 760 prope
3399 687 3454 742 in
3490 692 3613 743 toto

1963 779 2101 835 orbe
2132 783 2440 835 terrarum.
2479 782 2538 834 In
2569 796 2636 835 eo
2685 779 2940 834 sacrario
2972 779 3179 832 intimo
3220 779 3330 832 fuit
3376 777 3612 849 signum

1964 868 2185 924 Cereris
2218 869 2652 941 perantiquum,
2683 867 2834 939 quod
2885 867 2988 921 viri
3041 884 3154 922 non
3203 867 3374 921 modo
3413 866 3614 936 cujus-

1965 956 2117 1012 modi
2149 962 2327 1023 esset,
2361 959 2462 1013 sed
2497 975 2567 1012 ne
2625 973 2752 1013 esse
2791 956 3027 1028 quidem
3078 955 3360 1011 sciebant.
3410 953 3614 1010 Aditus

1963 1045 2119 1100 enim
2152 1046 2211 1100 in
2246 1046 2300 1101 id
2334 1047 2653 1102 sacrarium
2689 1062 2802 1101 non
2835 1049 2923 1101 est
2953 1043 3130 1112 viris;
3165 1061 3332 1100 sacra
3359 1059 3463 1115 per
3493 1059 3614 1098 mo-

1962 1134 2131 1189 lieres
2171 1136 2324 1192 64³
2356 1152 2421 1191 ac
2453 1136 2708 1207 Virgines
2756 1135 2960 1190 conﬁci
2991 1133 3198 1189 solent.
3234 1155 3262 1182 »
3294 1131 3427 1204 (Cic.
3461 1135 3609 1188 orat.

1963 1225 1992 1277 4
2023 1223 2082 1278 in
2119 1225 2264 1278 Verr.
2317 1240 2447 1296 pag.
2494 1225 2615 1290 178,
2666 1223 2768 1278 lin.
2801 1223 2914 1293 21.)
2960 1225 3324 1294 Quapropter
3368 1224 3609 1276 Lactan-

1959 1311 2076 1368 tius
2107 1312 2302 1368 citatis
2328 1313 2593 1384 ejusdem
2627 1311 2920 1368 Ciceronis
2939 1311 3130 1366 verbis
3160 1309 3611 1382 ostendit,qua3-

1960 1402 2095 1457 dam
2126 1417 2256 1458 esse
2287 1400 2504 1474 templa
2537 1401 2596 1456 in
2625 1418 2748 1473 quae
2781 1400 3002 1470 ingredi
3052 1399 3192 1455 viris
3242 1416 3357 1454 non
3400 1397 3614 1454 licebat

1958 1490 2239 1561 (Lactant.
2272 1489 2374 1544 lib.
2410 1507 2474 1557 ιι,
2508 1505 2631 1561 cap.
2666 1491 2718 1544 4.
2752 1505 2884 1560 pag.
2919 1489 3023 1544 159
3055 1505 3068 1544 :
3103 1492 3159 1544 et
3189 1487 3290 1543 lib.
3344 1505 3428 1556 ιιι,
3479 1504 3609 1560 cap.

1955 1580 2045 1645 20,
2081 1595 2210 1650 pag.
2244 1579 2391 1650 307).

2028 1667 2108 1722 De
2154 1667 2378 1722 Cereris
2422 1670 2617 1721 autem
2670 1666 2864 1738 Mysiae
2895 1665 3150 1720 sacrario
3198 1681 3263 1720 ac
3292 1664 3458 1720 festis
3486 1663 3608 1718 die-

1957 1755 2067 1811 bus
2097 1755 2298 1811 isthaec
2360 1759 2646 1810 memorat
2689 1754 3033 1820 Pausanias,
3084 1770 3211 1825 quae
3251 1753 3322 1808 ad
3371 1752 3606 1807 Minucii

1877 1880 1924 1946 Β
1958 1845 2140 1900 nostri
2176 1844 2539 1916 propositum
2572 1843 2840 1899 nonnihil
2877 1844 3054 1898 etiam
3099 1845 3286 1899 facere
3332 1847 3601 1914 possunt.

1960 1957 1979 1983 α
2020 1935 2239 2003 Festos,
2272 1933 2486 2006 inquit,
2519 1933 2644 1988 dies
2675 1932 2898 2005 agitant
2931 1937 3172 2004 septem,
3207 1947 3454 2004 quorum
3489 1935 3603 1986 ter-

1954 2024 2036 2078 tia
2065 2040 2094 2078 e
2126 2022 2342 2094 templo
2374 2021 2480 2076 viri
2511 2039 2715 2078 omnes
2760 2026 2990 2090 exeunt,
3026 2021 3302 2076 mulieres
3347 2037 3478 2076 vero
3509 2019 3604 2075 in-

1955 2116 2052 2168 tus
2093 2111 2323 2180 relictae,
2354 2111 2468 2166 ritu
2520 2128 2553 2166 a
2602 2110 2924 2182 majoribus
2968 2110 3204 2180 tradito,
3248 2113 3602 2166 nocturnum

1957 2205 2244 2275 peragunt
2273 2217 2525 2256 sacrum.
2559 2201 2760 2272 Neque
2805 2217 2935 2255 vero
2966 2199 3118 2256 viros
3149 2203 3377 2254 tantum
3408 2197 3606 2254 exclu-

1956 2291 2123 2359 dunt,
2158 2290 2258 2346 sed
2291 2307 2462 2346 canes
2509 2290 2683 2345 etiam
2737 2287 3029 2356 masculqs
3077 2288 3339 2360 ejiciunt.
3374 2289 3608 2344 Postero

1956 2379 2050 2436 die
2082 2381 2343 2436 revisunt
2373 2379 2622 2435 feminas
2653 2379 2709 2433 in
2745 2377 2958 2450 templo
2991 2377 3117 2449 viri,
3149 2376 3452 2449 multoque
3474 2394 3608 2433 cum

1957 2470 2078 2525 risu
2112 2468 2264 2524 ultro
2296 2469 2556 2540 citroque
2586 2468 2740 2524 sales
2771 2473 2825 2522 et
2849 2468 3004 2523 dicta
3025 2467 3347 2538 jaciuntur.
3371 2490 3397 2517 ››
3432 2468 3612 2539 (Pau-

1957 2575 2083 2614 san.
2118 2558 2219 2614 lib.
2254 2576 2356 2624 vn,
2387 2557 2445 2612 in
2479 2559 2604 2627 ﬁn.,
2647 2573 2775 2628 pag.
2810 2557 2959 2627 236.)

2027 2647 2175 2710 Quid
2224 2646 2436 2718 plura?
2467 2646 2782 2718 Dionysius
2805 2645 3287 2702 Halicarnasseus
3327 2645 3607 2710 monitos,

1959 2754 2064 2792 nos
2095 2735 2229 2790 fecit
2257 2737 2417 2790 nefas
2449 2735 2588 2790 viris
2623 2737 2805 2790 luisse
2852 2735 2909 2788 in
2958 2738 3143 2790 Vestm
3182 2734 3318 2789 fano
3365 2749 3607 2805 pernoc-

1953 2829 2097 2880 tare.
2135 2825 2331 2894 Neque
2363 2825 2541 2878 etiam
2575 2823 2692 2878 illis
2723 2824 2780 2877 in
2816 2823 3009 2878 Romae
3043 2824 3163 2878 dea:
3193 2821 3481 2892 templum
3515 2823 3604 2876 ul-

1954 2914 2066 2981 lus,
2102 2913 2254 2969 sicut
2285 2913 2614 2968 Macrobius
2645 2911 3112 2982 Plutarchusque
3159 2915 3470 2975 testantur,
3504 2927 3608 2982 pa-

1954 3002 2113 3058 tebat
2143 3001 2356 3057 aditus.
2380 3000 2555 3056 Addit
2583 3017 2716 3056 vero
2748 3001 2881 3070 iste,
2910 2999 3375 3072 quotiescunque
3405 2997 3608 3054 mulie-

1955 3109 2046 3147 res
2079 3107 2431 3162 quacunque
2472 3091 2527 3144 in
2579 3091 2752 3144 domo
2804 3090 3018 3145 festum
3059 3089 3218 3145 illius
3248 3093 3507 3160 agerent,
3537 3103 3608 3144 ea

1955 3181 2232 3236 omnibus
2262 3180 2423 3247 viris,
2453 3183 2626 3252 atque
2657 3179 2845 3250 ipsius
2876 3179 3053 3234 etiam
3105 3179 3315 3234 domus
3345 3177 3606 3246 domino,

223 3219 422 3284 matris,
457 3219 529 3274 de
559 3235 677 3290 qua
706 3235 812 3273 nos
843 3235 1044 3289 supra,
1081 3217 1404 3272 sacrarium
1435 3216 1563 3271 fuit.
1593 3217 1738 3272 Nam
1771 3218 1842 3272 ab
1877 3245 1918 3311 Ο

221 3302 324 3373 ipso
353 3307 547 3363 adhuc
578 3306 698 3362 haec
747 3307 1042 3362 memoriae
1091 3306 1320 3377 prodita
1346 3305 1598 3376 legimus
1633 3323 1645 3360 :
1685 3326 1711 3357 α
1741 3305 1842 3362 Die

220 3395 365 3450 unico
417 3396 818 3452 anniversario
863 3397 1188 3450 sacrarium
1222 3395 1596 3466 Dindymenae
1636 3396 1842 3450 matris

221 3484 420 3552 aperire
451 3485 714 3541 solemne
745 3485 984 3540 habent.
1010 3486 1088 3540 Eo
1121 3486 1248 3556 ipso
1281 3485 1373 3540 die
1406 3485 1547 3540 mihi
1581 3493 1642 3540 ut
1671 3487 1843 3542 ades-

219 3586 318 3628 sem
378 3573 642 3646 contigit.
692 3596 718 3622 »
769 3574 1050 3646 Supernis
1097 3574 1348 3644 denique
1396 3575 1474 3628 de
1516 3574 1738 3630 Cereris
1787 3578 1844 3630 et

219 3657 559 3734 Proserpinae
598 3663 732 3718 fano
781 3664 1006 3718 dixerat
1056 3680 1068 3718 :
1120 3686 1146 3712 ‹‹
1182 3663 1306 3718 Huc
1356 3662 1588 3716 feminis
1636 3663 1844 3734 quovis

217 3751 454 3822 tempore
475 3753 672 3807 aditus
697 3757 874 3823 patet,
897 3752 1034 3807 viris
1061 3752 1377 3823 quotannis
1400 3751 1601 3806 semel.
1627 3776 1646 3800 ι
1675 3753 1772 3822 (Su
1784 3770 1838 3824 p.

216 3851 322 3910 cap.
353 3843 407 3909 6,
440 3846 551 3897 art.
583 3841 659 3910 2;
695 3841 944 3896 Pausan.
1000 3840 1103 3895 lib.
1162 3857 1262 3907 vn,
1314 3857 1446 3912 pag.
1499 3843 1624 3896 300.
1663 3842 1842 3914 Idem,

217 3923 362 3994 ibid.,
393 3946 524 4002 pag.
555 3930 706 4001 263.)

265 4016 408 4072 Tum
443 4017 656 4074 deinde
698 4021 901 4074 auctor
931 4021 1148 4090 noster,
1196 4039 1224 4068 «
1277 4019 1574 4084 Quaedam,
1629 4018 1841 4090 inquit,

213 4101 327 4159 lana
354 4106 414 4160 in
442 4111 633 4162 totum
668 4107 831 4161 nefas
861 4107 1062 4162 visere.
1104 4129 1129 4155 ››
1171 4109 1242 4162 At
1292 4107 1446 4162 idem
1496 4107 1841 4172 Pausanias,

1956 3269 2128 3343 plane
2159 3270 2505 3325 cedendum.
2539 3269 2902 3342 Quapropter
2929 3268 3126 3324 Cicero
3169 3271 3290 3323 tota
3327 3267 3611 3339 eloquen-

1949 3361 2044 3415 tia:
2065 3377 2182 3414 suae
2215 3359 2271 3413 vi
2305 3359 2361 3413 in
2392 3358 2680 3429 Clodium,
2704 3361 2873 3430 cujus
2895 3357 3068 3414 etiam
3107 3356 3451 3414 Plutarchus
3483 3355 3610 3413 loco

1951 3449 2124 3504 citato
2159 3447 2446 3511 meminit,
2482 3446 2792 3512 invehitur,
2827 3448 2977 3518 quod
3007 3463 3073 3502 ea
3102 3463 3269 3502 sacra
3317 3444 3610 3518 aspexerit

1952 3551 2017 3591 ac
2047 3535 2366 3602 violaverit,
2393 3551 2519 3606 quae
2543 3534 2645 3588 viri
2680 3549 2751 3588 ne
2781 3533 3178 3605 imprudentis
3210 3532 3444 3604 quidem
3476 3547 3610 3587 ocu-

1949 3624 2024 3680 lis
2056 3624 2314 3696 conspici
2348 3624 2434 3678 fas
2464 3627 2588 3678 erat
2635 3622 2895 3693 (Dionys.
2933 3621 3178 3677 Halicar.
3224 3622 3303 3676 lib
3345 3638 3386 3676 ιι
3419 3622 3600 3692 Antiq.

1954 3715 2130 3781 Rom.,
2156 3730 2286 3785 pag.
2315 3714 2453 3778 127;
2485 3711 2779 3766 Plutarch.
2803 3716 2986 3782 Quwst
3016 3715 3268 3776 Romam,
3293 3727 3424 3783 pag.
3454 3711 3560 3766 268
3585 3729 3598 3778 ;

1949 3803 2198 3858 Macrob.
2234 3801 2334 3856 lib.
2369 3819 2386 3856 ι
2415 3801 2731 3867 Saturnal.,
2765 3817 2891 3872 cap.
2928 3801 3031 3867 12;
3065 3800 3356 3855 Plutarch.
3389 3803 3448 3854 in
3484 3802 3600 3856 Vita

1953 3892 2203 3958 Caesaris,
2241 3908 2368 3964 pag,
2400 3892 2545 3957 713;
2580 3889 2759 3946 Cicer.
2785 3894 2933 3945 orat.
2961 3890 3051 3957 30,
3092 3889 3156 3945 de
3188 3891 3449 3960 Aruspic.
3483 3906 3596 3944 res-

1945 3996 2127 4054 pons.,
2157 3997 2287 4053 pag.
2322 3981 2447 4047 435,
2478 3979 2582 4035 lin.
2612 3980 2646 4032 6
2688 3987 2743 4033 et
2762 3993 2898 4049 seq.,
2931 3982 2988 4034 et
3010 3983 3154 4034 orat.
3177 3979 3267 4045 29,
3303 3993 3434 4049 pag.
3469 3978 3595 4044 420,

1953 4070 2058 4125 lin.
2089 4069 2203 4142 28).

209 4187 332 4262 haec,
369 4194 582 4265 quibus
613 4194 848 4251 Minucii
883 4195 1168 4251 sententia
1199 4197 1624 4266 corroboratur,
1656 4197 1726 4251 de
1758 4197 1842 4252 ,λΕ-

205 4286 325 4350 pyto
357 4284 642 4338 Arcadum
679 4301 813 4356 rege
843 4284 1129 4355 scriptum
1172 4284 1406 4356 reliquit
1445 4303 1458 4340 :
1514 4308 1540 4335 ‹‹
1587 4286 1731 4341 Cum
1782 4286 1839 4340 in

202 4369 482 4441 templum
528 4371 805 4445 Neptuni,
851 4373 1002 4445 quod
1050 4373 1353 4428 Mantinea:
1399 4378 1505 4440 est,
1539 4379 1843 4444 penetrare

197 4463 353 4514 esset
381 4476 571 4529 ausus,
617 4479 732 4534 quo
782 4461 928 4516 nulli
959 4462 1232 4534 cuiquam
1284 4461 1506 4517 homini
1554 4462 1663 4518 hac
1715 4463 1842 4533 ipsa

198 4547 372 4604 etiam
390 4555 554 4606 aztate
577 4551 663 4607 fas
684 4556 773 4606 est
793 4550 1312 4621 acccedere,oculis
1331 4551 1585 4623 primum
1610 4556 1837 4623 captus,

197 4632 402 4693 deinde
431 4657 542 4695 non
576 4641 659 4696 ita
693 4640 875 4696 multo
908 4647 1038 4712 post
1067 4656 1098 4695 e
1127 4641 1246 4696 vita
1277 4640 1541 4696 excessit.
1589 4663 1618 4691 ››
1667 4639 1840 4696 Addit
1873 4625 1916 4689 Ι)

197 4731 412 4794 postea,
437 4729 750 4784 cumidem
778 4727 1062 4800 templum
1079 4729 1254 4798 jussu
1271 4729 1509 4784 Adriani
1530 4728 1834 4800 imperato-

2023 4159 2420 4229 Scriptoribus
2450 4161 2645 4212 autem
2679 4155 2891 4212 Graecis
2922 4171 2988 4212 ac
3030 4155 3252 4211 Latinis
3281 4155 3600 4211 concinunt

1952 4252 2153 4321 poetas,
2188 4252 2245 4303 et
2269 4245 2516 4302 Tibulus
2546 4245 2783 4316 quidem
2817 4244 2927 4300 hoc
2955 4260 3124 4300 versu
3159 4261 3172 4299 :

2137 4371 2298 4420 Sacra
2326 4371 2484 4420 Bonis
2515 4369 2753 4418 maribus
2786 4381 2895 4416 non
2929 4367 3176 4416 adeunda
3205 4367 3319 4417 dea;

2755 4429 2963 4487 (Tibull.
2995 4430 3034 4488 Ι,
3064 4444 3096 4487 ι.
3134 4429 3293 4492 Eleg.,
3323 4431 3395 4490 6.)

1952 4549 2284 4620 Propertius
2318 4561 2548 4620 quoque
2581 4547 2672 4602 his
2703 4545 2931 4601 duobus
2960 4544 3288 4602 caminibus
3321 4563 3333 4602 :

2133 4655 2394 4704 Femineas
2425 4654 2542 4702 loca
2570 4652 2749 4702 clausa
2777 4651 2908 4717 deae,
2941 4652 3222 4717 fontesque
3251 4653 3500 4717 piandos,

2401 4717 2625 4779 Impune
2647 4720 2701 4765 et
2730 4715 2887 4764 nullis
2916 4729 3068 4764 sacra
3095 4715 3295 4766 refecta
3323 4717 3468 4767 viris.

2677 4797 2873 4859 (ΡΙ-ομ,
2908 4795 2946 4844 Ι.
2973 4809 3038 4855 ιγ,
3069 4795 3212 4860 Eleg.
3247 4799 3345 4860 10.)

1946 4903 2144 4975 Neque
2175 4904 2328 4958 viros
2360 4908 2609 4973 tantum,
2665 4904 2765 4959 sed
2817 4901 3050 4958 illorum
3099 4904 3272 4958 etiam
3307 4903 3594 4976 imagines

1945 4993 2083 5048 inde
2116 4993 2381 5048 exclusae
2414 4991 2594 5048 fuisse
2622 4998 2824 5049 auctor
2874 4991 3042 5047 nobis
3083 4998 3172 5047 est
3218 4992 3438 5047 Seneca
3465 4991 3591 5063 (lib.

1945 5100 2060 5150 xvr,
2093 5083 2262 5153 epist.
2293 5085 2348 5152 2,
2383 5097 2514 5155 pag.
2551 5083 2698 5153 404),
2730 5085 2787 5137 et
2813 5080 3111 5138 Juvenalis
3155 5080 3251 5134 his
3278 5078 3544 5134 versibus
3578 5094 3591 5132 :

197 4812 269 4868 ris
300 4817 773 4885 reedificaretur,
790 4835 995 4874 omnes
1017 4835 1258 4888 prorsus
1278 4817 1438 4872 illius
1462 4817 1622 4873 aditu
1642 4817 1836 4889 prohi-

198 4894 361 4974 bitos,
391 4921 456 4960 ac
487 4911 875 4962 memoratum
924 4906 1255 4978 .‘Egyptum,
1302 4905 1402 4977 qui
1451 4906 1594 4961 illud
1643 4907 1835 4978 ingre-

198 4987 403 5048 diendo
433 4993 776 5067 religionem
811 4993 1143 5059 violaverat,
1176 4996 1413 5050 marinae
1462 5011 1623 5068 aqua:
1653 4995 1705 5049 vi
1739 5012 1836 5050 su-

199 5074 311 5135 bita
338 5082 714 5152 obcmcatum,
742 5100 809 5140 ac
839 5083 1010 5156 paulo
1043 5089 1173 5155 post
1206 5090 1446 5138 mortem
1480 5084 1839 5140 obiisse.Neo

196 5178 426 5231 prorsus
458 5173 869 5244 omittendum,
905 5173 1054 5243 quod
1090 5173 1252 5244 prius
1283 5173 1354 5228 ab
1385 5173 1587 5228 eodem
1621 5173 1838 5230 Pausa-

192 5255 289 5312 nia
320 5259 524 5316 litteris
553 5263 961 5334 consignatum
995 5268 1118 5318 est:
1154 5284 1181 5311 »
1214 5261 1363 5316 Sunt
1393 5261 1544 5316 Solis
1575 5280 1707 5332 arts,
1735 5263 1838 5319 Ne-

184 5349 476 5405 cessitatis
507 5355 566 5407 et
600 5351 891 5406 Violentiaa
932 5352 1104 5417 mdes,
1154 5350 1212 5405 in
1267 5367 1443 5423 quam
1492 5351 1715 5423 ingredi
1750 5351 1836 5406 fas

178 5440 319 5490 asse
345 5445 578 5513 negant.
625 5463 652 5491 »
689 5441 960 5510 (Pausan.
995 5440 1096 5496 lib.
1145 5457 1245 5496 Vlll
1292 5440 1510 5510 Arcad.,
1544 5457 1676 5513 pag.
1708 5441 1832 5495 240.

199 5513 548 5602 Tdemjibid.
584 5546 715 5602 pag.
747 5531 890 5598 244;
923 5531 1102 5598 idem,
1133 5530 1233 5586 lib.
1267 5549 1328 5602 ιι,
1360 5548 1490 5604 pag.
1510 5533 1621 5603 48.)

283 5611 452 5693 Pergit
479 5619 772 5676 Minucius
808 5636 820 5674 :
861 5640 883 5667 α
939 5620 1037 5675 Est
1082 5619 1391 5693 templum,
1424 5638 1536 5693 quo
1565 5621 1686 5676 viro
1719 5637 1832 5676 non

232 5691 322 5764 υθει
347 5691 610 5767 introire.
645 5730 672 5760 η
708 5709 900 5765 Unum
932 5707 1133 5782 procul
1178 5691 1358 5765 dubio
1391 5691 1707 5766 illiusmodi
1742 5727 1834 5768 sa-

2290 5225 2302 5238 .
2373 5224 2386 5238 .
2454 5223 2467 5237 .
2536 5188 2630 5238 Ubi
2663 5188 2826 5237 velari
2848 5188 3053 5250 pictura
3074 5186 3309 5250 jabetur,

2133 5251 2476 5314 Quaecunque
2505 5251 2723 5300 alterius
2753 5264 2912 5298 sexus
2941 5249 3088 5299 imita
3121 5250 3342 5311 ﬁguram
3375 5250 3474 5296 est.

2861 5331 3073 5386 Juven.,
3096 5329 3270 5378 Satur.
3301 5330 3348 5389 6,
3385 5341 3433 5378 γ.
3465 5330 3598 5391 359.)

2015 5442 2086 5495 At
2113 5440 2369 5495 vicissim
2405 5438 2637 5494 feminis
2669 5436 2931 5508 quasdam
2954 5435 3211 5490 virorum
3243 5451 3411 5490 sacra
3441 5435 3600 5491 adire

1943 5546 2058 5586 non
2092 5529 2288 5584 minus
2312 5527 2629 5602 piaculum.
2660 5549 2684 5573 ι)
2704 5523 3018 5591 Nonnulla,
3043 5523 3120 5579 ait
3143 5541 3380 5580 rursum
3404 5524 3596 5580 Minu-

1944 5620 2089 5688 cius,
2123 5620 2342 5692 absque
2370 5615 2604 5674 feminis
2638 5632 2805 5672 sacra
2834 5618 2994 5684 sunt,
3030 5637 3056 5663 »
3090 5614 3230 5686 quia
3259 5637 3286 5664 «
3321 5613 3596 5668 Hercula-

1944 5726 2074 5776 neo,
2105 5707 2297 5780 inquit
2327 5709 2390 5764 A.
2427 5705 2647 5766 Gellius
2678 5704 2964 5763 sacriﬁcio
3010 5703 3328 5760 abstinent.
3371 5726 3398 5753 »
3429 5701 3596 5774 (Gell.
