4102 6172
503 407 623 477 663
1788 398 1892 463 DE
1935 395 2242 463 MINUCII
2287 395 2626 459 OCTAVIO

497 544 602 604 ιιι).
637 562 694 602 xi
723 541 870 602 Noct.
919 541 1108 614 Attia,
1167 555 1293 614 cap.
1351 541 1404 611 6,
1462 555 1594 615 pag.
1651 538 1802 611 586.)
1844 542 2196 600 Rationem}

2314 573 2327 590 .
2362 570 2376 586 .
2410 527 2486 584 Σὺ
2518 525 2564 585 8⁸
2594 526 2761 596 ἄπιθ’,
2791 526 2838 581 ὦ
2868 523 3080 596 Θρᾷττ’,
3114 520 3175 579 ἐκ
3200 519 3399 579 ποδῶν,

496 636 676 710 huius
707 632 999 691 interdicti
1029 612 1181 689 hanc
1227 612 1565 688 Macrobius
1601 628 1859 686 reddidit
1888 647 1901 686 :
1940 650 1968 680 ‹‹
2000 629 2146 684 Her-

2308 617 2489 682 δόλοις
2517 619 2619 694 γὰρ
2651 617 2750 674 οὐκ
2778 612 2939 690 ἔξεστ’
2969 613 3182 671 ἀκούειν
3213 617 3316 669 τῶν
3355 613 3552 689 Λόγων.

497 725 636 794 culi,
674 741 808 781 cum
833 723 1009 781 boves
1039 721 1319 795 Geryonis
1347 737 1449 793 per
1480 719 1658 775 Italiaa
1689 735 1860 792 agros
1891 719 2146 788 duceret,

502 815 721 875 sitienti
757 812 1057 885 respondit
1088 811 1298 867 mulier
1325 827 1535 882 aquam
1573 825 1634 865 se
1665 825 1779 864 non
1813 823 1984 881 posse
2014 824 2153 880 pras-

502 908 678 970 stare,
707 903 860 976 quod
893 901 1247 958 feminarum
1278 901 1399 956 deae
1429 897 1820 954 celebraretur
1867 897 2014 963 dies,
2048 910 2153 950 nec

506 1010 578 1052 ex
603 1010 671 1050 eo
691 996 974 1065 apparatu
996 991 1138 1046 viris
1160 993 1397 1061 gustare
1419 989 1505 1044 fas
1527 992 1703 1044 esset.
1738 987 1980 1058 Propter
1999 985 2149 1056 quod

503 1051 786 1142 hercules
798 1081 1057 1136 facturus
1081 1051 1312 1135 sacrum
1336 1079 1660 1134 detestatus
1677 1081 1765 1132 est
1786 1051 2153 1148 praesentiam

2308 1078 2326 1116 ι
2377 1059 2537 1116 illius
2569 1063 2766 1114 autem
2820 1055 3124 1121 comoedia,
3159 1054 3544 1110 Concionanm
3599 1051 3851 1122 inscripta,

505 1171 845 1237 mulierum,
878 1173 936 1225 et
966 1169 1149 1225 Potito
1179 1184 1244 1224 ac
1270 1167 1520 1233 Pinario,
1545 1181 1838 1222 sacrorum
1869 1166 2026 1220 644
2056 1179 2155 1219 cu-

2308 1149 2662 1206 iveniuntur.
2712 1147 2854 1212 Quis
2902 1161 3038 1218 ergo
3087 1161 3154 1200 ex
3206 1143 3488 1198 hactenus
3534 1140 3691 1197 dictis
3723 1139 3856 1212 plane

511 1261 800 1326 stodibus,
831 1229 1015 1330 jussit
1047 1275 1118 1313 ne
1162 1255 1465 1312 mulierem
1509 1229 1806 1310 interesse
1858 1252 2158 1326 permitte-
2269 1256 2382 1330 ηοξ)
2416 1237 2728 1330 ρφνειιῖοὶαι
2759 1253 2872 1330 (lth
2896 1235 3046 1330 juf‘i
3083 1232 3417 1288 Lactantius
3461 1229 3665 1330 βίιθτίῖ
3703 1230 3857 1286 nom“?

511 1353 661 1407 rent.
699 1371 728 1399 »
771 1320 1042 1420 (Macrob.
1093 1346 1192 1402 lib.
1217 1364 1236 1402 ι
1264 1344 1577 1414 Saturnal.,
1609 1360 1733 1416 cap.
1770 1320 1881 1414 12..)
1908 1345 2160 1409 Quamo-
2269 1335 2324 1386 εί
2346 1327 2403 1384 in
2429 1327 2720 1400 ριθτὶειιυο
2751 1324 2882 1381 aliis
2901 1324 3143 1420 “limbus
3160 1320 3575 1420 θεδθξῖυωάειαξ
3597 1335 3862 1418 εδοτεξιίλυθ

512 1440 676 1497 bram
707 1407 954 1493 canebat
983 1435 1319 1508 Propertius
1350 1452 1364 1490 :
1563 1407 1573 1414 ⁷
1679 1407 1698 1416 ’
1865 1407 1874 1414 ’
1930 1407 1942 1409 ἡ
2271 1418 2436 1474 nefas
2468 1420 2591 1473 erat
2624 1432 2658 1472 a
2686 1415 2825 1472 viris
2854 1412 3058 1485 aspici,
3106 1428 3172 1468 ac
3200 1409 3517 1467 sceleratos
3563 1407 3759 1475 haberi,
3787 1408 3864 1479 qui

2273 1507 2480 1574 Vestes,
2504 1509 2607 1562 aut
2628 1505 2796 1561 Bonae
2825 1505 2965 1569 deas,
2989 1507 3090 1558 aut
3110 1500 3336 1557 Cereris
3369 1499 3568 1565 aedem,
3596 1497 3796 1552 tametsi
3811 1497 3866 1552 ab

3743 392 3838 457 664

2417 801 2430 814 .
2500 801 2513 814 .
2581 797 2597 813 .
2664 800 2676 812 .
2747 763 2818 812 Tu
2845 777 2966 813 veao
2996 759 3099 819 abi,
3129 776 3158 810 ο
3193 757 3398 813 ancilla,
3427 772 3452 807 ε
3479 757 3667 820 medio;

2415 827 2587 876 Servis
2617 827 2750 876 enim
2781 840 2888 876 non
2919 826 3035 874 licet
3058 823 3241 874 audire
3270 820 3439 872 verba.

2726 905 3037 969 (Aristoph.‘
3065 903 3298 962 Concion,
3327 905 3427 951 act.
3458 901 3501 950 3.
3532 913 3580 949 v.
3619 901 3730 962 164.)

655 1561 879 1612 Maxima
909 1574 1029 1624 quas
1058 1560 1312 1624 gregibus
1338 1559 1531 1624 devota
1561 1565 1642 1624 est
1674 1570 1768 1606 ara
1797 1556 2038 1618 repertis,

703 1625 805 1674 Ara
834 1620 1286 1686 per-has,'inquit,
1319 1621 1549 1670 maxima
1576 1620 1723 1686 facta
1743 1632 1942 1686 manus
1965 1632 1978 1666 :

640 1687 764 1737 Hmc
791 1680 953 1736 nullis
983 1680 1220 1748 unquam
1251 1687 1429 1747 pateat
1456 1682 1763 1748 veneranda
1783 1680 1991 1744 puellis,

704 1749 944 1800 Herculis
971 1745 1150 1798 eximii
1179 1745 1343 1796 ne’sit
1369 1745 1542 1796 inulta
1574 1746 1704 1795 sitis.

2277 1597 2420 1669 ipsis
2452 1594 2592 1650 viris
2627 1593 2967 1649 fabricatam
3000 1587 3390 1646 intraverint?
3435 1588 3700 1660 (Lactant.
3729 1584 3795 1641 lib
3819 1603 3867 1642 ιιι

2276 1687 2386 1742 div.
2419 1687 2576 1741 Inst"
2610 1700 2738 1755 cap.
2774 1682 2861 1750 10,
2893 1697 3025 1754 pag.
3064 1680 3217 1751 307.)

2350 1773 2611 1844 Denique
2641 1772 2954 1838 Minucius,
2989 1769 3152 1825 «Alia
3188 1784 3379 1838 sacra,
3429 1765 3634 1838 inquit,
3679 1767 3869 1820 coronat

2204 1901 2251 1966 B
2283 1863 2532 1930 univira,
2553 1861 2669 1918 alia
2701 1859 3017 1916 multivira.
3047 1880 3076 1908 ››
3099 1858 3277 1914 Recte
3309 1855 3563 1928 quidem.
3597 1853 3743 1926 Apud
3767 1857 3868 1908 Ter-

2292 1959 2300 1966 .
2354 1953 2413 1966 ιιι
2710 1950 2721 1962 ι
2823 1949 3011 1966 ικκοκκκ
3050 1965 3061 1966 γ
3193 1943 3729 1966 n-_L-__M_.--I2_L_2
3751 1957 3848 1966 --.Α

2286 1953 2596 2010 tullianum
2632 1950 2789 2006 enim
2821 1949 3072 2021 legimus
3089 1969 3116 1997 ‹‹
3145 1972 3160 2004 :
3193 1947 3461 2002 Fortunae
3483 1943 3731 2000 muliebri
3749 1957 3869 1998 coro-

1545 1826 1721 1891 (Prop.
1752 1824 1792 1875 Ι.
1823 1838 1890 1887 iv,
1923 1822 2048 1886 eleg.

518 1909 820 1968 Juvenalis
850 1909 1028 1966 etiam
1058 1925 1071 1965 :
1481 1916 1487 1923 '

709 2045 721 2058 .
819 2041 834 2055 .
929 2043 941 2055 .
1040 2044 1052 2055 .
1145 2043 1157 2055 .
1255 2043 1266 2054 .
1350 2005 1450 2055 Sed
1484 2018 1626 2054 mare
1659 2004 1876 2054 sinistro
2293 2004 2614 2054 "'"W—m.
2736 2004 2842 2058 μί..
2876 2004 2990 2058 ἵω
3026 2035 3249 2058 ,,-ε,-ε,-
3296 2035 3443 2058 ,1---ι
3477 2051 3575 2058 _-_
3611 2031 3756 2058 ..-ηε

706 2041 983 2134 ﬁngit,“
1012 2043 1201 2134 Ιςι-οοῇι
1235 2030 1958 2134 ἀρηῆἰῖτᾎῖδίέδωῖλυέῖἶὲοη,
2288 2060 2424 2099 nam
2455 2059 2570 2098 non
2600 2039 2850 2112 imponit
2880 2038 2994 2094 nisi
3026 2035 3261 2092 univira
3294 2035 3448 2091 sicut
3477 2051 3578 2090 nec
3611 2031 3759 2088 matri
3785 2030 3872 2086 Ma-

709 2119 850 2184 εοιίῗ
873 2119 965 2182 ἀνά
993 2119 1108 2182 (Ϊθω
1137 2131 1374 2180 maribus
1403 2134 1568 2193 βαίνει·
1947 2119 1954 2125 ⁷
2287 2138 2446 2200 tutae,
2485 2154 2512 2181 »
2545 2131 2601 2186 id
2655 2134 2763 2194 est,
2821 2128 2922 2184 lno
2982 2126 3112 2182 filiai
3165 2125 3396 2190 Cadmi,
3456 2127 3512 2180 et
3574 2119 3874 2178 Athamantis

1347 2211 1580 2272 (Juven.,
1612 2210 1787 2273 Satyr.
1818 2223 1870 2269 ιι,
1902 2223 1948 2266 v,
1982 2209 2086 2269 87.)

594 2312 676 2368 De
714 2311 976 2382 ejusdem
1015 2309 1207 2365 adhuc
1233 2309 1492 2364 Herculis
1515 2308 1874 2365 caeremoniis
1896 2307 2052 2363 haud
2077 2309 2183 2363 du'

528 2400 622 2458 ble
652 2399 1068 2471 intelligendus
1099 2404 1188 2455 est
1217 2398 1531 2468 Minucius,
1564 2415 1696 2454 cum
1730 2398 2025 2469 inceptum
2057 2413 2177 2452 sero

528 2505 762 2547 monem
793 2488 878 2544 sic
908 2488 1284 2560 prosequitur
1313 2504 1326 2540 :
1361 2510 1389 2536 «
1422 2487 1597 2542 Servo
1629 2487 1984 2559 quibusdam
2016 2502 2180 2542 caere-

527 2577 744 2636 moniis
777 2577 1058 2632 interesse
1089 2575 1381 2648 piaculare
1410 2575 1698 2648 flagitium
1729 2580 1837 2632 est.
1863 2597 1890 2626 ιδ
1925 2575 2179 2631 Tantum

526 2671 725 2725 autem
760 2665 867 2721 fuit
895 2664 1037 2720 illud
1071 2663 1284 2730 scelus,
1307 2681 1374 2720 ac
1406 2664 1519 2720 diis
1550 2666 1714 2732 adeo,
1741 2664 1825 2719 uti
1858 2663 2180 2720 somniave-

530 2761 666 2814 rant
693 2755 961 2829 gentiles,
996 2755 1288 2819 odiosum,
1322 2759 1386 2810 ut
1416 2753 1608 2809 Potitii
1638 2771 1842 2810 omnes
1871 2755 1930 2810 in
1951 2755 2182 2816 duode-

2289 2221 2475 2286 uxori,
2507 2235 2684 2292 quam
2718 2218 2894 2274 Graeci
2927 2212 3223 2277 Λευκοθέαν
3256 2214 3547 2269 vocabant
3577 2208 3873 2283 (Tertullian.

2291 2311 2392 2366 lib.
2425 2310 2493 2367 de
2522 2310 2752 2380 Monog.,
2785 2323 2912 2378 cap.
2949 2305 3079 2372 ult.,
3113 2321 3246 2377 pag.
3277 2304 3435 2374 688).
3477 2299 3741 2372 Scriptum
3773 2312 3875 2368 quo-

2289 2417 2402 2474 que
2432 2417 2466 2456 a
2495 2398 2766 2470 Dionysio
2781 2395 3220 2452 Halicarnasseo
3251 2393 3511 2466 legimus
3532 2389 3763 2461 ejusdem
3783 2402 3876 2440 mu-

2293 2473 2488 2545 liebris
2522 2489 2786 2544 Fortunas
2814 2484 3199 2541 simulacrum
3219 2499 3344 2538 non
3376 2478 3628 2536 coronari
3660 2475 3734 2534 vel
3761 2493 3788 2531 a
3809 2473 3875 2528 bis

2291 2579 2511 2650 nuptis,
2545 2577 2696 2634 645
2731 2574 2819 2630 vel
2853 2591 2886 2629 a
2915 2573 3129 2635 viduis.
3165 2573 3266 2628 sed
3308 2570 3464 2626 hunc
3494 2569 3745 2624 honorem
3772 2562 3874 2620 solis

2292 2683 2494 2724 recens
2524 2665 2725 2737 nuptis
2756 2662 2988 2718 deferri.
3013 2661 3250 2718 Servius
3275 2675 3514 2732 quoque
3529 2657 3764 2712 observat
3782 2652 3876 2708 For-

2291 2761 2496 2812 tunam
2530 2754 2689 2810 illam
2725 2752 3093 2818 muliebrem,
3121 2767 3223 2807 seu
3253 2751 3392 2822 ejus
3423 2745 3876 2809 simulacrum,nou

2295 2843 2558 2902 coronari
2616 2861 2650 2899 a
2697 2843 2788 2898 bis
2820 2840 3020 2914 nuptis
3051 2839 3410 2895 mulieribus
3439 2831 3876 2910 (Dionys.Halicar.

2293 2936 2396 2991 lib.
2429 2951 2529 2989 vm
2573 2935 2754 3004 Antiq.
2792 2933 2945 2987 Rom.
2997 2946 3129 3002 pag.
3159 2930 3266 2984 5‘26
3303 2955 3317 2998 ;
3370 2929 3526 2984 Serv.
3557 2929 3612 2982 in
3641 2925 3723 2980 lib.
3751 2939 3795 2978 iv
3816 2921 3878 2975 1E-

2293 3024 2448 3081 neid.
2486 3025 2636 3095 Virg.
2669 3040 2722 3078 v.
2759 3021 2868 3091 19).

539 2847 652 2906 cim
685 2845 937 2900 familias
971 2844 1164 2912 divisi,
1195 2843 1292 2916 qui
1327 2847 1560 2900 auctore
1590 2844 1794 2916 Appio,
1829 2861 1992 2900 sacra
2039 2844 2183 2900 Her-

536 2936 684 2994 culis
713 2936 784 2992 ad
818 2932 1042 2989 humile
1072 2949 1372 2990 servorum
1422 2932 1818 2989 ministerium
1867 2933 2184 2989 transtule-

537 3028 690 3093 rant,
723 3025 877 3079 intra
907 3039 1126 3078 annum
1159 3021 1429 3078 exstincti
1462 3021 1695 3088 fuerint,
1739 3039 1862 3094 ipse
1906 3039 2039 3078 vero
2071 3023 2185 3094 Ap-

541 3115 679 3190 pius
708 3118 842 3187 post
865 3112 1086 3183 aliquot
1117 3127 1302 3166 annos
1334 3110 1658 3166 luminibus
1688 3111 1944 3168 orbatus.
1973 3113 2186 3176 Quam-
2367 3117 2653 3169 Craterum
2679 3111 2813 3183 quis
2836 3109 2977 3165 adeo
3009 3108 3187 3165 hebes
3219 3106 3588 3179 obtususque
3610 3120 3722 3160 esse
3744 3101 3881 3175 potest

532 3205 621 3261 vis
644 3186 837 3260 autem
871 3201 992 3257 hac
1022 3202 1265 3256 deorum
1297 3199 1552 3255 vindicta
1579 3199 1725 3256 falsa
1755 3217 1995 3272 prorsus
2025 3200 2186 3256 {icta-
2228 3264 2263 3276 Α
2301 3203 2402 3276 qui
2433 3219 2500 3258 ex
2531 3201 2645 3267 his,
2681 3217 2808 3272 quas
2840 3199 3125 3256 hactenus
3175 3197 3581 3268 exposuimus,
3614 3210 3714 3248 non
3748 3186 3880 3262 proti-

539 3309 651 3366 que
678 3307 836 3348 sanas
867 3289 1080 3345 mentis
1109 3288 1451 3344 hominibus
1497 3289 1703 3345 merito
1752 3264 2013 3344 videatur
2060 3305 2190 3344 eam
2221 3264 2264 3330 (ἶ
2306 3264 2418 3349 nus
2447 3264 2735 3362 intelligat
2761 3306 2940 3360 quam
2972 3289 3175 3359 impia,
3201 3264 3472 3343 crudelia
3492 3290 3547 3341 et
3575 3277 3884 3339 absurdafue-

541 3386 738 3439 tamen
784 3379 856 3434 ab
907 3377 1156 3434 ethnicis
1207 3383 1486 3448 tanquam
1536 3379 1778 3434 omnino
1829 3395 2024 3434 veram
2073 3395 2194 3433 cer-
2306 3381 2426 3437 rint
2455 3396 2640 3448 sacra,
2669 3379 2835 3448 festa,
2870 3377 3184 3450 mysteria;
3216 3391 3406 3447 quam
3438 3368 3803 3446 superstitiosi,
3827 3366 3879 3418 ri-

539 3474 779 3541 tamque
807 3467 1161 3524 venditatam
1192 3482 1319 3522 esse
1364 3471 1541 3522 testes
1571 3473 1711 3522 sunt
1761 3467 1927 3523 Titus
1971 3467 2187 3536 Livius,
2306 3469 2764 3533 diculi,infames
2791 3468 2961 3533 ritus,
2987 3466 3201 3538 quibus
3229 3463 3458 3520 ethnici
3477 3463 3608 3518 deos
3635 3475 3752 3516 suos
3776 3454 3881 3541 cole-

543 3540 814 3614 Valerius
867 3556 1178 3623 Maximus,
1225 3557 1438 3610 Auctor
1480 3555 1616 3610 libri
1661 3557 1732 3612 de
1779 3557 2015 3628 Origine
2051 3573 2190 3628 gen-
2302 3575 2363 3615 re
2393 3555 2876 3613 arbitrabantur?
2907 3556 3013 3621 Qui
3045 3553 3201 3610 enim
3246 3553 3374 3609 nisi
3423 3552 3585 3624 plane
3631 3545 3788 3603 ﬁctitii
3809 3540 3881 3601 dii.

548 3647 624 3703 tis
648 3646 938 3709 Romanis,
963 3642 1235 3700 Aurelius
1265 3643 1473 3699 Victor.
1500 3644 1834 3700 Lactantius
1855 3651 1911 3701 et
1932 3645 2028 3700 alii
2052 3645 2192 3716 (Liv.
2303 3654 2362 3704 et
2389 3645 2729 3702 hominibus
2760 3650 2917 3699 recta
2948 3644 3172 3699 ratione
3203 3641 3472 3713 praeditis
3495 3637 3790 3704 deteriores,
3808 3635 3887 3716 pati

553 3735 656 3790 lib.
690 3752 730 3800 ι,
763 3733 793 3806 §
821 3735 893 3801 8;
927 3731 1098 3788 Valer
1126 3732 1274 3788 Max.
1307 3731 1407 3788 lib.
1454 3749 1490 3788 ῐ.
1541 3749 1666 3805 cap.
1722 3734 1778 3799 l,
1829 3736 1856 3803 §
1907 3736 1992 3800 17,
2041 3710 2197 3793 liuet.
2309 3740 2578 3809 poterant
2608 3751 2670 3789 se
2700 3738 2817 3788 tam
2850 3733 3032 3804 impio
3067 3710 3447 3802 absurdoque
3478 3728 3627 3784 cultu
3650 3710 3889 3780 honorari?

555 3825 684 3880 libr.
720 3831 864 3894 gent.
911 3823 1079 3890 Rom,
1130 3837 1261 3893 pag.
1302 3823 1446 3888 504;
1500 3823 1691 3878 Aurel.
1743 3823 1894 3879 Vict.
1947 3824 2013 3880 de
2065 3826 2202 3880 Viris
2315 3825 2555 3881 Nullum
2588 3823 2783 3894 itaque
2813 3838 2941 3878 esse
2991 3825 3296 3892 putamus,
3345 3820 3445 3892 qui
3493 3817 3637 3887 inde,
3677 3817 3814 3884 atque
3842 3822 3886 3862 ex

556 3913 793 3981 illustr.,
827 3917 854 3981 θ
882 3912 990 3978 34ς
1024 3911 1282 3982 Lactant,
1316 3910 1415 3967 lib.
1453 3926 1494 3967 ιι
1523 3913 1785 3978 Ιηςςιίιιιιη
1820 3930 1947 3986 cap.
1978 3915 2036 3983 7,
2069 3932 2202 3990 pag.

555 4003 700 4074 175).

626 4091 912 4164 Opinatur
941 4095 1216 4162 praeterea
1246 4089 1536 4162 Meursius
1579 4089 1640 4161 (l.
1677 4108 1731 4146 ιν
1761 4092 1931 4151 Graec.
1964 4097 2206 4165 feriatae,

2317 4003 2546 4060 tissime
2578 4018 2691 4057 non
2725 4001 2917 4055 videat
2949 4014 3126 4072 quam
3159 4002 3319 4054 certo
3364 4002 3421 4054 et
3466 3996 3733 4053 evidenter
3757 3987 3891 4045 Miuu-

2321 4093 2446 4149 cius
2477 4087 2964 4147 demonstraverit
3011 4086 3291 4142 nuntium
3341 4085 3600 4143 nefandis
3644 4081 3813 4137 ritibus
3835 4079 3891 4126 to-

558 4200 615 4256 p.
647 4181 772 4248 800,
803 4183 946 4235 tom.
982 4180 1082 4233 VII
1113 4178 1293 4249 Antiq.
1344 4178 1602 4250 Graecar.)
1651 4181 1834 4238 servis
1867 4183 2213 4256 ancillisque
2322 4182 2485 4255 tique
2542 4179 2844 4248 gentilium
2897 4177 3161 4252 religioni
3230 4194 3366 4234 esse
3419 4171 3806 4232 remittendum,
3849 4175 3891 4216 ac

557 4270 826 4336 vetitum,
857 4284 927 4323 ne
959 4267 1029 4323 ad
1062 4267 1518 4339 thesmophoria,
1551 4269 1772 4325 Cereris
1803 4271 2025 4327 scilicet
2049 4290 2216 4329 sacra
2323 4269 2712 4327 Christianam
2771 4267 3132 4339 religionem,
3195 4282 3326 4340 quas
3391 4265 3532 4320 nihil
3587 4260 3689 4318 nisi
3709 4259 3890 4313 rectum.

561 4360 924 4425 accederent,
945 4361 1120 4428 atque
1149 4355 1208 4411 in
1239 4356 1534 4429 Opinionis
1565 4375 1683 4415 sua:
1712 4360 2216 4417 conﬁrmationem
2328 4361 2491 4432 pium
2522 4362 2580 4414 et
2607 4361 2878 4412 sanctum
2908 4357 3100 4423 docet,
3129 4356 3202 4412 ab
3232 4353 3513 4412 omnibus
3542 4341 3891 4419 suscipiendam

564 4450 674 4505 hos
717 4445 1150 4520 AristOphanis,
1204 4444 1369 4502 nullo
1391 4451 1587 4503 tamen
1624 4448 1877 4506 indicato
1908 4449 2056 4519 loco,
2077 4451 2220 4507 citat
2259 4530 2306 4595 Β
2329 4463 2458 4506 esse
2485 4452 2542 4504 et
2571 4444 3060 4518 amplectendam.

567 4553 780 4593 versus
813 4552 828 4593 :

567 4553 780 4593 versus
813 4552 828 4593 ἶ

567 4738 658 4798 De
689 4732 960 4813 quodam
989 4731 1172 4805 libro,
1204 4751 1393 4815 quem
1423 4734 1729 4796 Minucius
1757 4753 1823 4796 se
1853 4654 2196 4815 εει-ἰριὲιᾲιὲ

2308 4653 2612 4796 Γξέιίῐεῐὶξεθ
2644 4733 2912 4815 videtur,
2949 4749 3021 4792 ac
3069 4730 3146 4791 de
3177 4729 3555 4815 quibusdam
3584 4725 3712 4786 locis
3734 4718 3895 4779 obscu-

1275 4813 1382 4886 ris,
1415 4815 1854 4894 uonnullisque
1883 4812 2288 4896 scriptoribus
2316 4825 2377 4876 et
2407 4815 2605 4874 atheis
2637 4813 2713 4872 ab
2739 4813 2846 4872 illo
2878 4812 3259 4872 memoratis.

1027 4934 1443 4992 ARTICULUS
1485 4935 1770 4994 PRIMUS.

581 5026 1072 5106 U/rumjlinucius
1101 5023 1626 5106 scripseritnlivriim
1673 5026 1739 5081 de
1777 5026 1931 5106 Fato,
1973 5035 2071 5084 aut
2102 5046 2227 5084 eum

647 5120 704 5158 se
734 5100 1012 5156 editurum
1041 5096 1743 5173 promiseritfet‘obscura
1773 5099 2022 5173 quaedam
2049 5101 2200 5173 expli
2215 5133 2226 5141 -

649 5182 850 5230 cuntur
883 5167 1126 5226 Minucii
1155 5169 1290 5229 loca,
1323 5167 1420 5220 ubi
1464 5167 1533 5223 (le
1577 5167 1811 5227 marinis
1863 5171 1930 5226 ad
1962 5167 2227 5228 Oslia'Ti-

653 5247 844 5299 berina
874 5241 1134 5303 lavacris,
1169 5238 1237 5293 de
1263 5239 1421 5306 feriis
1451 5241 1757 5307 forensibus
1801 5253 1854 5299 et
1880 5246 2229 5298 autumnita-

653 5322 737 5380 ιω
762 5312 893 5386 quid
923 5311 1201 5386 substrata
1224 5311 1698 5386 navibusrobora,
1715 5317 1839 5386 quis
1867 5318 2101 5382 puerilis
2123 5321 2229 5370 Ies-

653 5382 834 5441 mru'm
863 5387 924 5438 in
952 5398 1106 5457 mare
1118 5382 1570 5457 jaculaiionibus
1607 5382 1785 5452 ludas,
1824 5388 1939 5457 sive
1983 5389 2230 5457 epostra-

654 5462 897 5528 ciamus;
943 5453 1076 5528 quid
1118 5453 1258 5510 soles
1285 5455 1396 5509 alii
1431 5457 1731 5528 atquealii,
1779 5475 1844 5513 ac.-
1893 5456 1958 5512 de
1993 5453 2230 5524 nebulis,

657 5527 1164 5600 nubibusjulgure,
1193 5528 1451 5598 fulmine,
1477 5537 1530 5584 et
1557 5527 2034 5586 lunz'laboribus.

2338 4943 2517 4994 cetur.
2552 4961 2577 4988 «
2611 4939 2688 4992 Ac
2719 4937 2788 4992 de
2821 4936 2956 5002 fato,
2989 4934 3202 5006 inquit,
3234 4933 3401 5003 satis,
3446 4931 3528 4988 vel
3566 4929 3611 4986 si
3656 4937 3805 4999 pauca
3828 4927 3896 4988 P“0

2336 5031 2615 5098 tempore,
2649 5024 3004 5097 disputaturi
3038 5023 3186 5079 alias
3219 5027 3274 5078 et
3317 5022 3551 5078 uberius
3579 5023 3632 5074 et
3654 5010 3852 5098 plenius:
3876 5024 3894 5048 ιι

2337 5093 2543 5172 Utrum
2578 5093 2770 5170 autem
2806 5114 2974 5170 [idem
3009 5111 3338 5168 liberaverit
3361 5106 3692 5176 suam,dictu
3722 5113 3809 5155 non
3835 5093 3894 5188 ft-

2337 5205 2447 5260 cile
2475 5213 2583 5259 est.
2618 5204 2851 5257 Fatetur
2877 5201 3167 5273 siquidem
3193 5201 3574 5272 Hieronymus
3603 5189 3838 5266 publicam
3857 5194 3894 5232 In

2338 5293 2526 5349 lucem
2563 5292 2846 5363 prodiisse
2879 5291 3224 5362 inscriptum
3257 5288 3563 5360 ipsiusmet
3608 5273 3801 5335 Minucii
3824 5282 3895 5363 ἰξο-

2341 5384 2498 5438 mine
2528 5357 2598 5437 de
2631 5381 2768 5437 Fato
2794 5381 3029 5450 librum,
3055 5357 3153 5435 seu
3184 5357 3500 5448 dialogum,
3525 5373 3614 5428 sed
3645 5366 3728 5440 qui
3755 5357 3895 5450 ιιι-Οε-

2341 5471 2476 5527 tavii
2511 5471 2658 5544 stylo
2706 5447 3035 5542 discrepare
3087 5469 3198 5523 sibi
3244 5447 3562 5521 videbatur.
3608 5456 3729 5522 Quis
3763 5447 3896 5544 ἱείίιξτ

2341 5561 2499 5615 hunc
2529 5575 2678 5623 esse,
2711 5575 2882 5632 quem
2916 5575 2977 5612 se.
3003 5559 3361 5623 scripturum
3402 5558 3592 5608 auctor
3617 5547 3784 5602 noster
3804 5530 3891 5632 p01:

2342 5648 2498 5702 liceri
2549 5620 2712 5702 visus
2732 5620 2861 5708 Iest.
2885 5620 3142 5701 asserere
3172 5642 3450 5700 audebit?
3476 5642 3538 5696 Et
3565 5638 3616 5692 id
3644 5629 3832 5705 quidem
3847 5620 3890 5673 υΐ

660 5650 974 5706 Gentiliqu
1007 5651 1076 5704 de
1106 5652 1221 5706 fato
1249 5667 1503 5707 errorem
1538 5651 1642 5710 ubi
1683 5651 1876 5723 rejicit
1917 5651 2231 5720 Minucius,

2343 5737 2576 5810 planius
2618 5738 2740 5803 ﬂat,
2790 5736 3119 5792 audiendus
3165 5739 3255 5792 est
3295 5731 3669 5801 Hieronymus.
3699 5711 3884 5776 «Alius,

584 5743 666 5799 ibi
706 5740 774 5795 de
806 5739 904 5795 illo
933 5754 996 5792 se
1026 5739 1338 5811 aliquando
1369 5740 1554 5802 fusius
1591 5741 2032 5810 disputaturum
2063 5740 2233 5814 polli-

2313 3914 2610 3978 omnibus,
2633 3916 2755 3967 tota
2778 3911 2886 3965 hac
2915 3909 2972 3965 in
3006 3909 3428 3965 dissertatione
3459 3903 3762 3978 disputatis,
3780 3912 3892 3970 aper-
