4102 6172
337 372 442 438 665

1774 357 2288 425 DISSEltTATlO

3606 339 3726 404 666

338 507 433 574 ait,
460 505 606 563 liber
639 503 759 563 sive
786 502 983 578 potius
1005 502 1297 576 dialogus,
1321 499 1431 559 sub
1453 496 1690 556 nomine
1710 497 1839 569 ejus
1862 497 1968 552 fer-
2004 496 2053 560 A
2085 495 2144 551 in
2162 490 2501 567 temperiem
2554 491 2739 546 semet
2762 482 3125 543 autumnitas
3146 478 3453 553 dirigebat.
3483 498 3503 527 η
3531 475 3609 533 De
3633 473 3726 530 his

337 602 427 655 tur
459 597 526 652 de
558 598 707 663 Fato,
738 596 827 651 vol
856 598 1046 651 contra
1097 593 1515 657 Mathematicos,
1566 588 1666 661 qui
1718 604 1852 644 cum
1898 586 1977 642 sit

341 693 392 744 et
412 688 533 760 ipse
560 685 767 742 diserti
792 685 1070 753 hominis,
1099 701 1211 740 non
1234 682 1377 738 mihi
1400 681 1626 736 videtur
1647 695 1774 733 cum
1800 692 1973 749 supe-

340 776 503 832 rioris
536 775 692 844 libri,
728 796 755 823 ››
789 772 1008 829 Octavii
1057 772 1299 838 scilicet,
1346 794 1372 820 ‹‹
1399 768 1547 842 stylo
1581 768 1911 833 convenire,
1944 788 1973 815 »

343 865 529 935 Neque
559 864 615 918 id
654 863 831 919 semel
862 861 1077 917 dixisse
1104 864 1433 929 contentus,
1457 858 1528 913 ad
1553 856 1830 928 Magnum
1854 854 1974 910 haec

340 971 539 1011 rursus
570 953 639 1008 de
668 953 866 1007 eodem
898 951 1044 1006 libro
1092 950 1365 1021 scripsit:
1423 970 1444 997 α
1482 945 1766 1002 Minucius
1799 943 1970 1014 Felix,

338 1042 662 1099 causidicus
685 1041 932 1097 Romani
958 1040 1085 1106 fori,
1109 1040 1168 1094 in
1189 1038 1335 1093 libro
1368 1036 1458 1092 cui
1487 1034 1697 1091 titulus
1719 1034 1975 1090 Octavius

336 1137 437 1200 est,
470 1137 524 1187 et
550 1132 608 1187 in
640 1130 821 1186 altero
850 1134 1037 1186 contra
1071 1127 1509 1193 Mathematicus,
1560 1123 1608 1180 si
1651 1128 1847 1179 tamen
1880 1122 1971 1177 in-

334 1221 563 1293 scriptio
581 1237 694 1275 non
714 1220 995 1275 mentitur
1008 1218 1161 1273 646
1176 1214 1640 1285 auctorem,quid
1664 1210 1971 1285 gentilium

334 1313 749 1385 scripturarum
780 1310 1310 1366 dimisitintactum
1331 1307 1359 1362 ?
1387 1327 1413 1360 υ
1450 1306 1829 1375 (Hieronym.,
1864 1302 1969 1359 Ca-

331 1402 424 1458 ται.
458 1402 644 1472 script.
677 1401 832 1468 εδει..
867 1400 896 1473 §
925 1400 996 1455 68
1022 1417 1036 1467 ;
1070 1399 1226 1454 idem
1254 1397 1423 1469 epist.
1452 1395 1543 1461 83,
1565 1394 1641 1451 ad
1672 1394 1809 1464 Mag.
1835 1409 1967 1466 pag.

331 1492 475 1562 665.)
499 1492 572 1545 At
602 1489 651 1545 si
686 1489 1073 1561 Hieronymus
1103 1492 1224 1543 tam
1257 1486 1439 1542 solers
1472 1488 1529 1541 et
1562 1483 1865 1557 perapicax
1897 1482 1971 1536 li-

331 1581 566 1636 brorum
596 1579 925 1650 indagator,
958 1577 1116 1632 hunc
1149 1592 1325 1648 quem
1356 1575 1576 1647 legerat
1600 1573 1838 1639 librum,
1865 1570 1971 1627 Mi-

333 1668 482 1725 nucii
524 1684 736 1724 nomen
768 1667 914 1724 falso
964 1666 1288 1740 praatulisse
1317 1662 1565 1731 censuit,
1599 1679 1716 1734 qua
1746 1662 1972 1717 ratione

332 1756 483 1814 aliud
517 1758 589 1813 de
615 1756 717 1813 illo
748 1774 872 1828 nos,
905 1772 1156 1829 quorum
1190 1755 1250 1809 in
1282 1769 1495 1811 manus
1527 1767 1641 1807 non
1671 1750 1853 1819 venit,
1888 1749 1969 1805 fe-

329 1863 527 1903 remus
550 1847 787 1918 judium
815 1848 837 1901 Ρ

398 1963 855 2020 Admirationem
885 1978 1021 2018 vero
1053 1961 1407 2033 quibusdam
1440 1958 1492 2015 is
1522 1972 1662 2014 sane
1696 1955 1971 2022 movebit,

330 2054 429 2127 qui
447 2053 749 2109 contendit
762 2050 1083 2106 Minucium
1098 2048 1626 2115 Felicem,maxima
1642 2044 1972 2118 argumenti

327 2142 507 2213 hujus
523 2140 809 2197 tractandi
842 2139 1181 2195 difficultate
1203 2136 1564 2205 deterritum,
1598 2152 1712 2191 non
1741 2134 1974 2190 stetisse

320 2230 654 2303 promissis,
685 2245 757 2284 ne
782 2227 1002 2300 aliquid
1034 2232 1252 2283 temere
1275 2226 1515 2282 definire
1537 2228 1858 2297 cogeretur.
1883 2224 1972 2278 Ab

316 2318 426 2375 hac
458 2319 755 2374 enimvero
782 2316 1012 2373 insulsa
1046 2314 1435 2372 ostentatione
1480 2318 1581 2369 aut
1628 2311 1972 2369 dissimula-

322 2408 482 2465 tione
543 2406 715 2480 plane
764 2406 1113 2463 adhorrebat
1172 2404 1463 2460 Minucius
1526 2405 1741 2469 noster,
1803 2403 1971 2473 cujus

317 2496 660 2570 singularis,
696 2496 781 2551 uti
814 2495 1092 2560 vidimus,
1126 2492 1415 2549 modestia
1462 2491 1797 2563 candorque
1846 2490 1972 2545 ani-

318 2586 396 2641 mi
433 2589 555 2641 toto
578 2586 637 2640 in
671 2584 889 2641 Octavii
917 2583 1066 2639 libro
1100 2583 1328 2638 emicat.

387 2709 504 2765 Alii
537 2713 730 2765 autem
752 2708 1074 2781 opinantur
1094 2707 1287 2764 citatis
1308 2708 1436 2778 ejus
1455 2706 1646 2763 verbis
1666 2705 1811 2761 nihil
1839 2723 1972 2777 pro-

323 2799 600 2865 missum,
634 2799 734 2854 sed
765 2815 1084 2870 suspensos
1116 2801 1345 2853 tantum
1379 2795 1609 2851 retineri
1637 2796 1970 2850 auditorum

325 2888 582 2943 animos.
612 2886 754 2943 Nam
787 2887 1080 2942 Minucius
1113 2886 1267 2940 haud
1302 2884 1471 2956 plane
1514 2883 1767 2939 absimili
1801 2885 1973 2940 modo

322 2977 588 3033 dixerat:
629 2999 657 3026 α
690 2976 875 3031 Multa
905 2977 977 3031 ad
999 2976 1120 3031 haec
1146 2978 1486 3047 suppetunt,
1512 2974 1566 3028 ni
1600 2972 1833 3028 festinet
1854 2989 1975 3028 ora-

323 3065 425 3122 tio.
464 3087 493 3115 »
526 3068 661 3131 Quae
713 3066 893 3131 enim,
944 3064 1240 3137 inquiunt,
1292 3063 1462 3134 plura
1509 3062 1793 3117 Minucius
1835 3076 1972 3131 uno,

319 3170 500 3226 quam
534 3152 648 3209 alio
707 3152 830 3209 loco
888 3152 1205 3225 promisit?
1259 3153 1371 3209 Sed
1429 3150 1801 3207 dissimulare
1860 3166 1973 3205 non

2086 584 2420 641 forensibus
2452 580 2608 637 feriis
2638 578 2761 634 haec
2792 576 2950 633 canit
2979 573 3204 631 Statius
3229 587 3243 626 :

2240 702 2391 751 Certe
2418 698 2526 761 jam
2558 695 2717 761 Latiae
2748 706 2857 741 non
2888 692 3115 761 miscent
3138 686 3317 752 jurgia
3345 684 3507 747 leges,

2237 765 2299 813 Et
2331 754 2512 825 pac'em
2533 759 2692 825 piger
2718 768 2891 825 annus
2920 754 3103 825 habet,
3140 761 3447 825 messesque
3494 755 3723 794 reverse

2237 813 2490 876 Dimisere
2527 813 2719 877 forvum,
2751 832 2852 866 nec
2875 818 2984 879 jam
3012 815 3107 866 tibi
3137 813 3294 879 turba
3323 822 3536 879 reorum

2235 874 2527 942 vestibulo.
2561 874 2891 947 querulique
2910 881 3102 947 rogant
3123 877 3269 947 exire
3298 874 3534 947 clientes2

2421 934 2593 1007 (Stat;
2620 945 2659 995 Ι.
2691 958 2758 1003 ιν,
2788 934 3089 1005 [Si/[varied
3113 938 3460 997 Marcel.,v.36
3490 938 3537 982 et
3553 934 3721 994 seqq.)

2149 1062 2285 1114 Post
2313 1058 2433 1112 haec
2454 1051 2895 1110 Valentinianus
2915 1047 3123 1105 Junior
3143 1040 3573 1100 etTheodosius
3600 1038 3721 1092 Ma-

2082 1165 2234 1223 gnus
2265 1148 2542 1202 harumce
2564 1142 2840 1198 feriarum
2869 1137 3126 1211 spatium
3149 1134 3382 1189 duodus
3419 1127 3722 1185 mensibus

2079 1214 2481 1295 circumscribi
2502 1231 2976 1298 voluerunt,data
2997 1241 3148 1281 anno
3169 1223 3273 1279 1:89
3295 1222 3401 1277 hac
3421 1219 3626 1291 lege.:«
3645 1214 3723 1271 Il-

2078 1331 2166 1387 los
2212 1333 2446 1385 tantum
2504 1323 2698 1380 feriari
2755 1321 2879 1377 dies
2931 1320 3016 1374 fas
3083 1316 3213 1381 erit,
3269 1328 3416 1386 quos
3472 1307 3724 1383 geminis

2082 1418 2384 1477 mensibus
2416 1416 2487 1471 ad
2518 1412 2773 1485 requiem
2822 1406 3041 1465 laboris
3082 1401 3486 1477 indulgentior
3534 1414 3723 1454 annus

2084 1511 2231 1565 647
2269 1505 2490 1577 accepit
2532 1501 2749 1559 aestivis
2792 1496 3114 1555 fervoribus
3161 1489 3504 1564 mitigandis
3534 1492 3589 1544 et
3620 1503 3722 1543 au-

2078 1596 2273 1655 tumni
2297 1575 2531 1651 fustibus
2553 1587 2952 1661 decerpendis.
2980 1608 3008 1635 »
3037 1583 3209 1652 Vide,
3231 1583 3281 1639 si
3310 1579 3473 1645 velis,
3509 1575 3724 1633 Gotho-

2080 1686 2227 1745 fredi
2254 1685 2314 1740 in
2344 1684 2495 1739 hanc
2524 1680 2711 1753 legem
2744 1694 2809 1733 ac
2839 1672 3155 1746 'l‘iraquelli
3199 1671 3260 1727 in
3310 1665 3618 1724 Alexandri
3649 1663 3726 1719 li—

2080 1780 2216 1833 bros
2242 1770 2672 1836 annotationes,
2704 1771 2763 1823 et
2793 1765 3042 1821 aliorum
3089 1761 3150 1816 in
3193 1758 3232 1814 l.
3269 1759 3295 1813 1
3344 1757 3402 1812 ﬂ‘.
3436 1756 3499 1811 de
3530 1753 3722 1809 Feriis.

2004 1866 2051 1930 B
2082 1869 2361 1923 Ceterum
2395 1860 2632 1917 nomine
2690 1880 2717 1907 ‹‹
2752 1852 3169 1911 autumnitas»
3232 1863 3346 1903 non
3404 1842 3566 1901 solus
3618 1841 3726 1897 Mi-

2085 1955 2295 2012 nucius
2326 1958 2542 2017 noster,
2575 1947 2674 2003 sed
2706 1946 2842 2003 Cato
2872 1943 3049 1999 etiam
3080 1944 3135 1996 et
3165 1934 3455 1994 Arnobius
3478 1936 3730 1988 utuntur

2084 2045 2243 2118 (Cod.
2278 2040 2553 2105 Theodos.,
2600 2035 2752 2092 titul.
2813 2035 2881 2090 de
2930 2033 3128 2097 Feriis,
3183 2028 3292 2100 leg.
3323 2026 3379 2118 2,
3413 2029 3555 2118 tom.
3593 2021 3727 2118 [δἐι.

2084 2109 2179 2189 ὶ2ι
2208 2152 2221 2201 ;
2255 2130 2414 2186 Alex.
2449 2129 2553 2183 lib.
2588 2143 2652 2181 ιιι
2687 2123 2895 2180 Genial.
2920 2122 3093 2189 Dz'er.,
3140 2134 3267 2189 cap.
3298 2116 3409 2183 20;
3440 2112 3587 2179 Cat.,
3621 2109 3723 2201 lib,

2081 2224 2145 2280 de
2180 2198 2250 2279 lic
2282 2223 2455 2290 Rust.,
2488 2233 2614 2289 cap.
2645 2216 2681 2269 5
2739 2218 2796 2269 et
2852 2211 2995 2282 158).
3051 2206 3307 2279 Scaliger
3348 2218 3483 2258 vero
3515 2198 3727 2256 alicubi

2082 2308 2491 2370 animadvertit
2523 2306 2630 2361 hoc
2681 2300 2916 2359 nomine
2964 2293 3285 2371 signiﬁcari
3333 2293 3591 2349 fructum
3622 2306 3727 2345 au-

2080 2399 2432 2463 tumnalem,
2464 2410 2648 2467 eoque
2675 2391 2883 2465 probat
2904 2387 3150 2444 disticho
3178 2401 3191 2441 :

2236 2524 2371 2587 Cape
2401 2522 2538 2587 hanc
2562 2518 2821 2587 caducam
2852 2513 3024 2587 Liberi
3042 2511 3257 2587 mollem
3284 2509 3480 2587 dapem

2238 2573 2325 2637 De‘
2343 2582 2531 2635 fronde
2561 2582 2783 2632 Bromius
2812 2576 3181 2628 autumnitatis
3209 2573 3444 2623 uvidam.

2176 2702 2387 2765 (Scalig.
2418 2699 2536 2749 Not.
2566 2698 2622 2747 in
2658 2695 2827 2753 νων..
2861 2691 2950 2742 lib.
2981 2704 3029 2740 v.
3061 2690 3125 2739 de
3152 2689 3296 2751 Ling.
3328 2687 3499 2747 latim,
3532 2698 3585 2748 ι).
3608 2683 3729 2765 7'19.)

2156 2764 2458 2839 Testatum
2491 2777 2699 2834 deinde
2729 2773 3021 2831 Minucius
3053 2770 3190 2827 facit
3220 2785 3281 2824 se
3312 2769 3383 2823 ad
3417 2766 3475 2821 id
3509 2764 3619 2821 loci
3641 2781 3731 2820 ve-

2085 2874 2265 2941 nisse,
2298 2893 2324 2919 ‹‹
2363 2868 2458 2925 ubi
2492 2868 2793 2922 subducta
2824 2860 3125 2931 naviculae,
3159 2856 3473 2914 substratis
3505 2852 3728 2909 robori-

2086 2964 2215 3029 bus,
2250 2977 2283 3015 a
2313 2964 2543 3013 terrena
2598 2956 2727 3010 labe
2784 2966 3086 3023 suspensas
3138 2946 3541 3019 quiescebant.
3593 2943 3726 3006 Quae

2085 3055 2279 3107 autem
2314 3049 2529 3104 fuerint
2558 3044 2660 3099 illa
2689 3043 2990 3099 substrata
3017 3038 3249 3101 robora,
3280 3034 3331 3090 si
3361 3034 3494 3105 quis
3534 3030 3727 3087 nauti-

2086 3155 2283 3197 carum
2316 3153 2509 3193 rerum
2541 3132 2784 3190 scientia
2813 3146 3022 3203 parum
3053 3127 3318 3181 imbutus
3356 3141 3389 3179 a
3425 3121 3593 3177 nobis
3625 3137 3726 3193 po-

319 3211 645 3313 possumus
696 3211 1148 3313 promissionem
1209 3241 1502 3314 prioribus
1548 3240 1764 3311 potius,
1798 3255 1974 3311 quam
2009 3234 2052 3301 Ο
2092 3223 2780 3298 stulet,respondebimus
2806 3219 2985 3275 fuisse
3007 3211 3731 3289 quercea,longa,rotunda

319 3331 754 3402 posterioribus
812 3330 1009 3388 verbis
1062 3330 1330 3403 exprimi.
1386 3330 1467 3384 De
1519 3329 1625 3384 hoc
1656 3345 1825 3401 porro
1859 3328 1978 3384 sive

320 3436 634 3490 nunquam
665 3420 844 3489 edito,
876 3420 997 3476 sive
1020 3421 1146 3490 jam
1196 3436 1229 3475 a
1270 3420 1442 3491 longo
1474 3424 1737 3489 tempore
1772 3418 1976 3489 deper-

318 3506 443 3564 dita
479 3524 656 3580 opere
683 3506 830 3564 nihil
864 3508 1031 3564 nobis
1064 3506 1320 3580 amplius
1349 3506 1655 3564 succurrit.

391 3632 479 3687 Ad
513 3649 581 3688 ea
616 3633 815 3705 itaque
853 3632 1159 3689 veniamus
1203 3632 1442 3688 Minucii
1492 3633 1688 3702 verba,
1722 3648 1851 3704 quae
1877 3631 1980 3686 ob-

319 3723 639 3778 scuritatis
671 3722 890 3794 aliquid
923 3722 1139 3777 habere
1163 3722 1449 3777 videntur.
1480 3721 1637 3775 Libri
1669 3725 1866 3775 autem
1889 3720 1978 3775 sui

318 3812 499 3871 initio
532 3813 833 3869 Octavium
857 3810 1111 3884 appellat
1136 3809 1542 3866 fidelissimum
1568 3826 1741 3865 suum
1775 3813 1981 3864 contu-

318 3903 655 3970 bernalem,
689 3902 828 3974 quia
857 3902 1010 3975 apud
1043 3917 1124 3968 se,
1161 3916 1293 3956 cum
1319 3900 1563 3956 Romam
1584 3897 1869 3967 veniebat,
1895 3897 1979 3953 di-

316 3996 696 4063 versabatur,
728 3996 969 4063 eratque
998 3992 1123 4061 ejus
1144 3990 1381 4061 hospes.
1414 3990 1560 4045 Cum
1591 4005 1656 4044 eo
1689 3992 1882 4044 autem
1916 4003 1982 4043 ac

317 4085 562 4144 Caecilio
594 4081 854 4138 marinas
887 4081 955 4136 ad
990 4080 1151 4136 Ostia
1179 4078 1447 4135 Tiberina
1476 4079 1715 4133 balneas
1745 4094 1807 4134 se
1838 4076 1983 4149 peti-

308 4177 483 4232 visse
505 4176 769 4230 testatur.
783 4172 854 4225 At
875 4175 1077 4242 postea
1094 4168 1459 4241 Augustinus
1479 4166 1558 4222 ibi
1581 4166 1741 4234 lavit,
1758 4190 1784 4215 ‹‹
1804 4167 1980 4237 quia»

313 4263 512 4322 Graeci
576 4257 883 4334 βαλανεῖον,
916 4256 1129 4331 inquit,
1168 4281 1187 4306 ι
1233 4257 1504 4325 dixerint,
1539 4257 1691 4327 quod
1724 4257 1982 4311 anxieta-

315 4357 448 4410 tem
483 4351 681 4424 pellat.
716 4372 744 4398 »
779 4348 1072 4404 Minucius
1127 4363 1261 4403 vero
1319 4346 1501 4401 tradit
1556 4362 1654 4401 eas
1693 4344 1983 4401 siccandis

315 4441 591 4516 corporis
623 4437 974 4496 humoribus
1008 4454 1122 4492 non
1150 4453 1356 4508 parum
1390 4450 1520 4491 esse
1562 4434 1735 4490 utiles
1766 4434 1982 4506 (Augu-

308 4534 493 4604 stin.,
526 4532 626 4587 lib.
658 4546 715 4584 ιχ
742 4530 1007 4599 Confess.,
1043 4542 1167 4599 cap.
1207 4525 1230 4581 4
1244 4526 1319 4599 2).
1380 4525 1584 4581 Nonne
1633 4527 1827 4580 autem
1874 4523 1982 4579 hoc

311 4597 672 4679 conﬁrmari
704 4597 864 4674 inde
889 4619 1099 4689 potest,
1119 4597 1130 4599 ⁷
1152 4597 1307 4687 quod
1336 4613 1653 4669 Suetonius
1684 4612 1979 4667 memoria
2010 4597 2058 4661 Β

318 4709 599 4783 prodidit
627 4708 698 4763 de
727 4709 988 4779 Augusto
1021 4706 1370 4776 imperatore
1397 4721 1409 4759 :
1447 4726 1473 4754 κ
1508 4701 1744 4766 Quoties
1774 4717 1983 4756 nervo-

318 4816 461 4857 rum
498 4815 679 4853 causa
704 4795 947 4853 marinis
967 4794 1309 4866 Albulisque
1340 4791 1544 4848 calidis
1576 4790 1859 4846 utendum
1892 4805 1982 4844 es-

320 4895 438 4957 set,
503 4888 615 4943 hoc
662 4890 970 4942 contentus
1001 4888 1141 4940 erat.
1177 4904 1204 4933 ››
1237 4884 1494 4953 (Sueton.
1530 4881 1625 4935 lib.
1660 4897 1700 4935 ιι
1731 4881 1980 4950 August,

318 4979 346 5046 §
376 4976 503 5048 82.)
535 4978 608 5030 At
638 4973 687 5029 si
721 4972 877 5029 nervi
920 4970 1119 5038 laxati,
1151 4974 1209 5026 et
1239 4968 1588 5025 humoribus
1619 4966 1984 5023 remissiores

321 5064 489 5135 facti,
514 5063 688 5136 aquis
710 5061 952 5119 marinis
976 5060 1167 5116 curari
1193 5063 1657 5132 possunt,nonne
1675 5056 1788 5111 dici
1807 5054 1983 5111 etiam

319 5160 522 5227 potest
543 5152 864 5210 Minucium
888 5152 1131 5222 ejusque
1150 5148 1339 5205 socios
1359 5147 1623 5203 eamdem
1649 5148 1719 5202 ob
1744 5160 1984 5202 causam

322 5261 470 5300 usos
495 5259 627 5299 esse
656 5240 1026 5296 Ostiensibus
1049 5239 1076 5293 ‘?
1109 5239 1187 5293 De
1218 5236 1443 5293 balneis
1478 5253 1647 5308 porro
1679 5235 1859 5293 libros
1882 5236 1984 5290 ha-

324 5332 542 5389 bemus
570 5348 604 5386 a
625 5329 869 5386 medicis
891 5344 1091 5384 recens
1114 5328 1321 5397 editos,
1348 5342 1496 5398 quos
1527 5324 1831 5382 consulere
1862 5322 1985 5381 cui-

324 5422 412 5478 vis
441 5423 789 5494 promptum
812 5422 917 5474 est.

397 5536 688 5588 Lavatum
722 5535 914 5584 autem
948 5527 1239 5584 Minucius
1271 5526 1411 5581 illuc
1442 5525 1582 5594 ibat,
1616 5548 1644 5576 ‹‹
1680 5541 1793 5599 quo
1836 5529 1989 5583 tem-

307 5637 475 5696 pore
498 5620 572 5677 ad
596 5619 971 5687 vindemiam,
988 5616 1197 5690 inquit,
1220 5615 1371 5673 feriae
1387 5614 1761 5689 judiciariam
1784 5630 1986 5674 curam

312 5709 920 5769 relaxaverant.Nam
942 5711 997 5764 et
1016 5708 1074 5764 id
1098 5704 1376 5779 temporis
1396 5710 1530 5779 post
1550 5705 1807 5765 aestivam
1830 5706 1985 5766 diem

2086 3335 2152 3375 ac
2184 3316 2504 3373 durissima
2523 3312 2919 3383 ligna,sive,ut
2941 3306 3181 3379 quidam
3204 3299 3733 3374 loquuntur,fustes

2086 3412 2320 3476 teretes,
2352 3402 2438 3459 vel
2470 3402 2685 3465 trabes,
2719 3397 2935 3471 quibus
2967 3410 3141 3450 naves
3170 3393 3240 3447 ad
3275 3391 3440 3446 littus
3473 3393 3573 3444 aut
3593 3403 3730 3459 por-

2087 3501 2216 3552 tum
2262 3498 2457 3549 tractae
2499 3489 2874 3546 elevabantur
2916 3502 2949 3541 a
2992 3490 3165 3550 terra,
3199 3499 3272 3537 ne
3310 3481 3728 3553 putrescerent,

2088 3590 2146 3641 et
2174 3583 2381 3640 iisdem
2412 3581 2469 3636 in
2504 3579 2741 3652 pelagus
2772 3581 2974 3649 postea
3005 3572 3447 3629 revehebantur.
3490 3568 3570 3624 Ea
3598 3583 3733 3638 por-

2090 3692 2153 3730 ro
2180 3673 2386 3728 robora
2419 3688 2452 3724 a
2479 3668 2712 3735 Graecis,
2746 3667 2828 3721 uti
2854 3683 2887 3719 a
2906 3662 3139 3720 Polluce
3172 3665 3229 3717 et
3260 3659 3439 3715 Suida
3464 3658 3733 3713 observa-

2090 3767 2235 3829 tum,
2273 3757 2548 3833 μάλαγγες
2599 3762 2655 3811 et
2711 3752 2982 3832 φάλαγγες
3042 3750 3417 3819 vocabantur,
3450 3764 3484 3802 a
3514 3744 3735 3801 Latinis

2091 3868 2224 3907 vero
2257 3847 2495 3920 pulvini,
2531 3846 2683 3902 sicut
2716 3845 2975 3899 Isidorus
3004 3841 3096 3896 his
3119 3839 3308 3896 verbis
3352 3834 3729 3908 significavit:

2094 3963 2120 3991 «
2154 3936 2401 4005 Pulvini,
2435 3940 2573 3992 sunt
2596 3933 2898 4001 machinae,
2922 3930 3136 4003 quibus
3162 3943 3335 3983 naves
3365 3926 3735 3979 deducuntur

2092 4032 2150 4085 et
2183 4028 2614 4083 subducuntur.
2654 4047 2673 4073 ι
2713 4020 2878 4091 (Poll.
2913 4020 3218 4083 0nomast.,
3249 4015 3348 4069 lib.
3384 4031 3478 4081 vn,
3513 4028 3639 4082 cap.
3662 4010 3733 4062 23

2093 4117 2122 4193 §
2151 4118 2206 4183 9,
2239 4133 2370 4189 pag.
2405 4115 2532 4180 371,
2564 4117 2622 4170 et
2675 4111 2776 4167 lib.
2836 4128 2892 4175 x,
2955 4124 3081 4180 cap.
3134 4107 3221 4172 3i,
3257 4120 3387 4193 pag,
3420 4103 3561 4169 492;
3595 4098 3733 4153 Suid

2092 4189 2161 4264 ad
2190 4203 2500 4284 φάλαγγες;
2536 4204 2742 4259 Isidor.
2792 4200 2894 4255 lib.
2944 4215 3035 4264 xx,
3086 4212 3211 4267 eap.
3252 4194 3333 4261 2.)
3365 4190 3524 4247 Unde
3555 4189 3734 4243 Hora-

2093 4298 2213 4355 tius
2244 4297 2490 4353 canebat
2512 4312 2525 4350 :

2452 4410 2687 4461 Solvitur
2713 4406 2848 4456 acris
2878 4404 3047 4453 hiems
3074 4403 3224 4465 grata
3250 4398 3365 4449 vice

2684 4471 2833 4520 Veris
2855 4474 2905 4517 et
2932 4465 3143 4525 favoni;

2246 4536 2591 4597 Trahuntque
2622 4534 2788 4583 siccas
2821 4528 3081 4580 machinas
3111 4524 3336 4575 carinas.

2865 4611 3084 4667 (Horat.,
3117 4608 3157 4656 Ι.
3188 4621 3222 4665 ι,
3256 4605 3359 4654 Ode
3390 4605 3459 4668 ὢν)

2166 4725 2224 4781 Si
2250 4722 2382 4795 quis
2410 4730 2601 4777 tamen
2620 4720 2913 4775 substrata
2937 4715 3144 4772 robora
3163 4714 3378 4786 quibus
3395 4727 3569 4766 naves
3583 4709 3736 4781 quie-

2095 4815 2357 4877 scebant,
2404 4828 2437 4866 a
2484 4807 2772 4865 machinis
2821 4807 3036 4879 quibus
3085 4803 3489 4865 trahebantur,
3524 4798 3736 4854 distin-

2093 4903 2325 4975 guenda
2366 4916 2493 4956 esse
2544 4898 2699 4964 velit,
2741 4897 2795 4951 id
2849 4896 2897 4950 si
2935 4894 3028 4949 ille
3078 4892 3422 4966 probaverit,
3457 4889 3610 4945 illico
3644 4903 3739 4942 ce-

2096 4993 2325 5047 demus.

2164 5082 2244 5136 Eo
2277 5097 2445 5153 porro
2476 5078 2587 5133 loci
2619 5076 2912 5133 Minucius
2943 5076 3107 5129 nocte
3139 5087 3268 5127 cum
3303 5067 3532 5123 duobus
3564 5064 3740 5121 sociis

2097 5171 2221 5226 suis
2251 5168 2394 5223 vidit
2429 5191 2454 5218 «
2480 5185 2690 5238 pueros
2721 5163 2987 5220 certatim
3011 5160 3348 5233 gestientes,
3370 5161 3655 5210 testarum
3677 5154 3737 5209 in

2098 5275 2257 5315 mare
2279 5256 2740 5329 jaculutionibus
2790 5254 3007 5308 ludere.
3052 5272 3079 5298 »
3130 5246 3375 5303 Puerilis
3423 5244 3517 5299 ille
3565 5243 3740 5298 ludus

2098 5353 2206 5416 est,
2240 5347 2340 5420 qui
2363 5348 2433 5403 ab
2465 5364 2530 5402 eo
2562 5363 2678 5400 non
2704 5343 2899 5398 minus
2921 5338 3101 5407 brevi,
3132 5352 3308 5409 quam
3331 5332 3581 5406 eleganti
3605 5350 3737 5389 nar-

2099 5419 2326 5494 ratione
2357 5434 2724 5491 describitur.
2760 5436 2803 5485 A
2833 5428 3046 5484 Graecis
3076 5442 3209 5481 vero
3240 5422 3569 5496 appellatur
3606 5419 3738 5477 ἐπο-

2451 5530 2626 5595 atque
2658 5540 2691 5577 a
2722 5522 2779 5577 P.
2815 5518 2973 5576 Julio
3000 5516 3230 5573 Polluce
3263 5512 3344 5570 sic
3376 5511 3734 5587 explicatur:

2094 5620 2225 5674 tur:
2278 5614 2333 5667 '0
2384 5610 2441 5669 δὲ
2502 5608 2957 5687 ἐποστρακισμός.
3018 5606 3319 5681 Ὅστρακον
3374 5606 3482 5658 τῶν
3544 5602 3743 5676 βαλαν-

2096 5702 2226 5762 τίων
2275 5701 2410 5758 κατὰ
2458 5708 2556 5763 τοῖ’)
2608 5702 2801 5771 ὕδατος
2846 5698 3116 5769 ἐπιπολῆς
3149 5697 3390 5773 ἀφιᾶσιν,
3446 5694 3740 5768 ἀριθμούν-
