3920 6166
47 5470 82 5508 ἦ*
119 5493 144 5502 ,.

20 5470 104 5726 ΓΕ.
347 5513 349 5567 ζ

315 5705 318 5708 ’
341 5707 349 5726 1

19 5726 458 5980 Ὗ.

436 5973 466 6018 ί.

349 367 467 432 667
499 325 502 329 ’

1629 365 1732 431 ne
1776 366 2083 433 MINUCII
2128 371 2470 441 OCTAVIO
2525 333 2527 336 ⁴
3589 392 3687 457 ess

333 520 420 564 τις
467 497 632 556 αὐτοῦ
681 497 787 565 πρὸ
833 500 930 555 τοῦ
977 492 1264 554 καταδῦναι
1326 496 1627 573 πηδήματα
1673 499 1723 557 ἓν
1753 504 1821 576 τῇ
1856 501 1987 577 ὗπὶρ

2108 506 2492 571 Quamobrem
2519 513 2648 570 aeris
2677 513 2894 574 tinnitu
2930 518 3179 592 aliisque
3209 519 3479 581 sonitibus
3504 541 3563 582 ac
3588 543 3690 586 ma-

333 591 398 645 τὸ
429 587 575 665 ὕδωρ
607 587 904 665 ἐπιδρομῇ·
940 588 999 645 ἐκ
1025 587 1125 665 γὰρ
1175 592 1271 643 τοῦ
1319 588 1565 660 πλήθους
1614 594 1721 646 τῶν
1781 590 1985 665 Ἀλμά-

331 699 442 734 των
468 681 502 748 ἡ
536 679 659 751 νίκη
691 683 770 751 τῷ
807 676 1091 755 βάλλοντι.
1118 704 1144 728 ‹‹
1171 681 1660 752 Epostracismus,
1685 683 1984 739 Testulam

334 771 626 827 marinam
651 771 708 824 in
735 787 900 841 aquae
924 770 1294 841 superﬁciem
1321 769 1581 838 mittunt,
1609 777 1986 828 numerantes

335 859 530 932 ipsius
562 859 748 915 saltus
773 860 830 914 in
855 877 1015 930 aqua:
1040 860 1346 932 superficie
1370 860 1550 914 factos
1569 865 1703 915 ante
1726 863 1989 918 submer-

340 949 599 1016 sionem;
633 964 701 1003 ex
731 949 991 1002 saltuum
1017 947 1170 1002 enim
1199 947 1576 1003 multitudine
1599 950 1837 1020 jacienti
1870 951 1986 1006 vic-

335 1036 488 1093 toria
515 1037 845 1092 ascribitur.
880 1059 906 1085 ››
960 1036 1124 1105 (Poll.
1161 1037 1259 1091 lib.
1295 1053 1371 1101 ιχ,
1404 1053 1531 1109 cap.
1578 1041 1634 1108 7,
1669 1056 1799 1111 pag.
1838 1040 1986 1112 444.)

334 1125 574 1182 Brevius
606 1125 853 1182 Suidas:
889 1125 1344 1196 Ἐποστρακὲζειν.
1381 1122 1576 1178 Παιδιά
1604 1147 1708 1193 τις,
1758 1128 1818 1194 ἣν
1861 1127 1984 1181 παί-

339 1217 517 1284 ζουσιν
579 1213 628 1266 ol
687 1209 898 1282 παῖδες,
956 1208 1188 1286 ὄστρακα
1245 1212 1484 1289 ἀφιέντες
1546 1213 1625 1275 εἰς
1692 1213 1982 1277 θάλασσαν.

339 1325 367 1354 α
400 1303 658 1359 Ostracis
683 1321 782 1360 seu
808 1303 1041 1358 testulis
1063 1302 1282 1357 ludere.
1311 1303 1505 1358 Ludus
1539 1305 1984 1378 quidam,quem

335 1392 503 1466 pueri
532 1392 767 1459 ludunt,
801 1398 1089 1448 ostracem
1124 1408 1224 1447 seu
1262 1393 1536 1447 testulam
1569 1394 1627 1448 in
1663 1410 1824 1449 mare
1855 1413 1985 1466 pro-

329 1482 606 1554 jicientes
646 1481 829 1552 (Suid.
899 1482 968 1536 ad
1015 1497 1065 1538 υ.
1113 1478 1559 1553 ἐποστρακίζειν).
1607 1482 1831 1538 Videsis
1874 1489 1984 1539 Eu-

338 1571 622 1627 stathium
655 1571 713 1625 in
740 1570 968 1626 Homeri
988 1570 1225 1626 Iliadem
1249 1576 1286 1623 Σ
1307 1587 1409 1626 seu
1433 1572 1516 1626 18.

411 1661 616 1716 Postea
646 1658 931 1724 Caecilius,
968 1659 1297 1715 Academici
1329 1661 1399 1714 de
1429 1676 1563 1715 vero
1597 1665 1708 1716 Deo
1739 1663 1986 1733 eiusque

333 1748 696 1821 providentia
725 1749 1050 1804 dubitantis
1081 1765 1391 1821 personam
1431 1749 1694 1817 indutus,
1729 1767 1832 1822 pro
1864 1767 1982 1806 cer-

336 1843 398 1895 to
429 1853 643 1910 ponere
677 1842 923 1893 conatur
952 1837 1167 1905 omnia,
1203 1837 1328 1894 sine
1383 1837 1499 1893 ullo
1533 1843 1664 1906 Deo,
1699 1839 1755 1892 in
1790 1841 1986 1912 seipsa

342 1927 577 1999 revolvi,
611 1929 763 1984 648
798 1945 864 1983 ac
923 1950 947 1981 ο
978 1928 1347 2000 congregatis
1394 1928 1619 2000 ignium
1661 1929 1986 1983 seminibus

343 2017 498 2074 soles
528 2017 674 2073 alios
721 2021 896 2088 atque
949 2016 1094 2073 alios
1142 2034 1372 2089 semper
1419 2016 1742 2088 splendere,
1778 2018 1860 2073 sic
1893 2035 1986 2073 ex-

340 2105 560 2162 halatis
593 2111 759 2161 terrae
792 2107 1125 2178 vaporibus,
1155 2105 1401 2161 nebulas
1432 2123 1663 2177 semper
1695 2105 1980 2162 adolesce-

339 2210 422 2267 re,
447 2193 662 2264 quibus
685 2193 944 2250 densatis
967 2194 1317 2265 coactisque,
1346 2195 1529 2249 nubes
1553 2193 1728 2249 altius
1751 2211 1990 2267 surgere

339 2281 551 2338 iisdem
602 2282 960 2350 labentibus,
1029 2282 1256 2354 pluvias
1321 2284 1518 2351 fluere,
1571 2285 1710 2339 ﬂare
1762 2291 1987 2352 ventos,

337 2371 659 2444 grandines
692 2373 1012 2444 increpare,
1039 2372 1123 2428 vel
1157 2373 1374 2428 nimbis
1406 2372 1992 2441 collidentibus,toni-

338 2463 475 2515 trua
498 2460 989 2530 mugire,rutilare
1016 2460 1270 2532 fulgura,
1297 2461 1544 2516 fulmina
1572 2461 1926 2532 praemicare.
1963 2484 1990 2511 ››

349 2547 873 2620 Garriebatitaque
899 2550 1116 2619 absque
1168 2549 1345 2604 ullius
1378 2550 1581 2605 divinae
1616 2551 1988 2622 providentiae

350 2641 513 2693 motu
548 2637 668 2693 hmo
699 2638 896 2692 omnia
927 2637 1294 2694 naturalibus
1327 2639 1451 2694 suis
1483 2640 1676 2694 causis
1709 2640 1988 2694 efﬁci.Sol

351 2727 568 2799 quippe
597 2727 964 2798 congregatis
996 2727 1218 2797 ignium
1245 2729 1571 2782 seminibus
1595 2730 1993 2795 fovetur,sem-

351 2832 570 2888 perque
603 2816 887 2886 splendet.
920 2816 1079 2871 Soles
1113 2822 1303 2871 autem
1338 2817 1484 2872 alios
1525 2823 1697 2888 atque
1728 2817 1872 2873 alios
1904 2819 1991 2873 di-

349 2920 479 2960 cere
509 2903 738 2970 maluit,
775 2904 909 2974 quia
939 2905 1046 2973 sel,
1068 2905 1228 2961 novis
1253 2923 1484 2977 semper
1504 2907 1725 2978 ignium
1759 2907 1994 2962 seruiui-

347 2993 461 3048 bus
491 2993 769 3064 acceptis,
801 3010 987 3049 novus
1038 2993 1299 3066 alterque
1350 2996 1609 3065 quotidie
1640 2996 1867 3050 videtur
1897 3014 1990 3052 re-

348 3081 531 3138 nasci.
567 3081 755 3138 Poetis
787 3087 981 3138 autem
1019 3083 1273 3138 insolens
1302 3102 1414 3139 non
1450 3089 1556 3150 est,
1591 3090 1656 3140 ut
1687 3085 1838 3142 soles
1871 3086 1995 3157 plu-

347 3169 455 3226 rali
488 3188 732 3227 numero
765 3188 866 3243 pro
897 3171 1018 3227 sole
1049 3171 1264 3227 dicant.
1299 3173 1572 3228 Omnium
1605 3174 1791 3230 instar
1821 3175 1989 3232 nobis

349 3259 426 3316 sit
453 3259 750 3333 Virgilius,
783 3261 879 3333 qui
915 3261 1160 3317 cecinit:

570 3444 583 3458 .
636 3445 666 3474 _.
733 3445 748 3460 .
816 3445 829 3458 .
900 3443 914 3458 .
981 3410 1130 3472 Sazpe
1162 3424 1259 3473 ego
1291 3411 1479 3474 longos

411 3471 689 3522 Cantando
718 3487 944 3534 puerum
981 3471 1208 3522 memini
1229 3487 1312 3522 me
1343 3471 1574 3523 condere
1620 3474 1774 3524 soles.

412 3534 527 3584 Alio
555 3535 740 3584 itidem
771 3535 822 3583 in
859 3535 1027 3584 libro:

980 3597 1276 3659 Glebasque
1303 3598 1541 3659 jaceutes

411 3657 788 3708 Pulverulenta
818 3664 1010 3721 coquat
1040 3657 1262 3708 maturis
1293 3657 1493 3708 solibus
1522 3664 1696 3710 uastas.

506 3738 717 3801 (virgil.,
755 3737 878 3797 ECL,
915 3753 986 3796 Ix,
1019 3754 1064 3787 υ.
1094 3743 1169 3796 51.
1194 3744 1244 3789 et
1271 3739 1363 3788 iib.
1396 3755 1427 3799 ι,
1462 3741 1663 3803 Georg.,
1696 3746 1796 3802 65.)

573 3633 585 3645 ο
656 3633 667 3645 Ω
737 3633 748 3645 ο
821 3635 832 3645 ο
900 3632 911 3644 ο

421 3914 572 3970 Solis
602 3919 796 3971 autem
829 3916 1066 3971 nomine
1089 3917 1134 3972 si
1162 3917 1316 3972 diem
1352 3935 1384 3973 a
1413 3919 1658 3990 Caecilio,
1683 3920 1834 3975 sicut
1860 3919 1938 3975 ibi
1962 3939 1996 3977 a

350 4002 618 4077 Virgilio,
651 4004 964 4077 signiﬁcari
995 4006 1158 4070 velis,
1193 4024 1306 4062 non
1341 4007 1592 4062 multum
1627 4009 1860 4079 quidem
1906 4027 1994 4065 re-

351 4095 770 4167 pugnabimus.
805 4095 948 4150 Nam
988 4097 1176 4167 major
1204 4096 1291 4152 vis
1331 4096 1463 4152 inde
1494 4105 1835 4170 argumento
1867 4100 1994 4170 ejus

350 4183 666 4250 accederet,
691 4184 844 4254 quod
879 4188 1073 4240 tamen
1098 4186 1168 4240 ab
1191 4185 1424 4241 Octavio
1457 4203 1696 4258 prorsus
1728 4205 1993 4243 eversum

352 4287 480 4327 esse
502 4288 680 4343 supra
711 4272 1101 4329 ostendimus.

419 4359 500 4416 De
531 4361 758 4416 nebulis
817 4379 1006 4433 porro,
1043 4363 1299 4418 nubibus
1347 4363 1596 4436 aliisque
1627 4367 1898 4420 meteoris
1923 4369 1994 4422 ab

349 4450 551 4504 eodem
585 4448 810 4505 Caecilio
860 4452 1219 4517 memoratis,
1271 4451 1460 4524 legere
1502 4455 1718 4524 poteris
1748 4472 1814 4508 ex
1846 4455 2002 4509 anti-'

350 4538 483 4608 quis
512 4537 897 4609 scriptoribus
940 4539 1332 4606 Aristotelem,
1371 4542 1683 4612 Laertium,
1717 4543 1993 4610 Plinium,

2097 597 2228 670 guis
2243 599 2595 659 clamoribus
2609 607 2872 664 conaban
2882 612 2980 666 tur
2992 608 3276 668 laboranti
3291 612 3370 670 ita
3380 630 3692 688 succurrere,

2098 691 2162 740 ut
2212 689 2635 749 incantationes
2684 713 2794 752 non
2853 699 3098 758 audiret.
3154 702 3307 758 Unde
3343 703 3611 762 Juvenalis
3637 709 3693 764 de

2099 775 2358 832 clamosa
2388 780 2632 838 muliere
2662 787 2942 843 canebat:

2377 887 2491 936 Una
2522 888 2786 941 laboranti
2815 896 3010 956 poterit
3039 911 3346 948 succurrere
3376 899 3526 949 lunai.

2718 973 2950 1034 (Juven.,
2983 976 3093 1026 Sat.
3125 991 3189 1036 vn,
3224 979 3514 1041 postmed.)

2097 1060 2317 1203 italius
2341 1080 2473 1121 vero
2510 1066 2644 1124 illos
2693 1070 2827 1126 aeris
2856 1073 3084 1130 sonitus
3114 1074 3197 1130 sic
3221 1076 3488 1132 describit
3514 1082 3565 1134 et
3589 1079 3696 1135 irri-

2139 1154 2195 1203 et
2224 1169 2238 1203 :

2139 1154 2238 1207 et:

2282 1315 2330 1349 ..
2401 1316 2413 1327 .
2486 1317 2496 1327 .
2564 1313 2578 1328 .
2647 1315 2660 1329 .
2726 1282 2975 1350 Attonitis
3004 1286 3214 1350 quoties
3256 1287 3496 1337 avellitur
3521 1291 3654 1340 astris

2188 1338 2323 1414 Solis
2356 1355 2523 1404 opaca
2542 1357 2733 1414 soror,
2752 1347 2948 1414 procul,
2964 1338 3290 1414 auxiliantia,
3311 1355 3489 1414 gentes

2188 1400 2307 1451 Era
2337 1400 2575 1466 crepant,
2607 1400 2907 1472 frustraque
2939 1410 3143 1460 timent.

2547 1485 2720 1547 (Stat,
2751 1487 2840 1537 lib.
2871 1503 2923 1539 γι
2956 1489 3218 1554 Thebaid.,
3245 1496 3364 1555 post
3392 1493 3546 1553 med.)

2100 1595 2297 1654 Livius
2325 1605 2516 1655 autem
2559 1607 2756 1658 narrat
2785 1608 3034 1678 cceptum
3066 1607 3138 1663 ab
3171 1607 3456 1664 Annibale
3475 1609 3707 1681 praelium

2101 1707 2122 1736 ε
2157 1687 2289 1744 aeris
2319 1689 2566 1760 crepitu,
2599 1692 2791 1764 qualis
2813 1694 2874 1749 in
2905 1695 3134 1752 defectu
3166 1697 3323 1753 lunae
3356 1697 3541 1754 silenti
3569 1703 3710 1757 nocte

2096 1775 2235 1832 cieri
2264 1777 2434 1833 solet.
2479 1801 2508 1828 »
2539 1780 2680 1850 (Liv.
2716 1781 2817 1837 lib.
2850 1801 3004 1850 xxvx,
3037 1787 3065 1851 §
3092 1786 3172 1858 5.)
3199 1786 3461 1858 Denique
3489 1802 3556 1843 ne
3584 1788 3634 1843 in
3661 1806 3710 1845 re

2019 1880 2063 1944 Β
2094 1870 2294 1936 aperta
2315 1865 2606 1939 longiores
2629 1870 2836 1937 simus,
2859 1871 2965 1928 hos
2989 1877 3220 1929 tantum
3245 1875 3579 1946 adjiciamus
3601 1876 3709 1933 Vir-

2097 1954 2222 2024 gilii
2243 1973 2446 2012 versus
2471 1973 2484 2011 :

2287 2098 2299 2131 τ
2357 2098 2380 2131 _.
2453 2099 2464 2111 .
2529 2065 2766 2131 gestique
2797 2068 2911 2131 vias
2937 2071 2988 2117 et
3012 2069 3183 2118 sidera
3215 2072 3497 2131 monstrat,

2190 2124 2436 2175 Defectus
2466 2127 2593 2176 solis
2619 2124 2810 2186 varios,
2841 2130 3085 2194 lunaeque
3116 2131 3345 2181 labores.

2753 2210 2956 2274 (Virgil.
2988 2210 3020 2259 Ι.
3054 2225 3084 2260 u
3117 2210 3305 2276 Georg,
3338 2225 3385 2262 ο.
3417 2214 3543 2274 ΠΒ).

2102 2312 2254 2367 649
2289 2315 2361 2368 At
2391 2318 2594 2371 contra
2622 2315 2773 2371 hanc
2801 2316 3107 2373 ridiculam
3139 2318 3607 2391 superstitionem
3627 2337 3718 2376 saa-

2101 2400 2236 2472 pius
2261 2401 2618 2458 invehuntur
2637 2405 2997 2462 sanctissimi
3020 2405 3290 2464 Ecclesia:
3308 2412 3720 2480 Patres,acprs-

2102 2489 2270 2561 cipue
2293 2490 2586 2546 Maximus
2610 2493 3011 2562 Taurinensis,
3035 2495 3093 2550 in
3119 2497 3377 2568 quodam
3401 2512 3653 2553 sermone
3669 2495 3722 2550 de

2103 2581 2274 2636 Luna
2300 2579 2534 2650 defectu,
2568 2599 2740 2654 quem
2787 2599 2855 2638 ex
2893 2584 3189 2640 Ambrosii
3240 2585 3519 2656 ejecimus
3549 2583 3722 2656 Operi-

2103 2668 2235 2734 bus,
2272 2669 2367 2723 ubi
2405 2669 2548 2725 falso
2575 2671 2702 2741 ejus
2734 2672 2969 2727 nomine
2999 2672 3194 2729 editus
3242 2673 3432 2730 fuerat
3460 2673 3718 2732 (Ambros.

2103 2756 2560 2830 Append.,§pag.
2601 2759 2750 2831 377).
2803 2760 3094 2817 Minucius
3141 2778 3282 2818 vero
3322 2762 3444 2819 hac
3472 2763 3721 2818 adversus

2102 2845 2364 2901 ethnicos
2395 2851 2583 2918 urget,
2642 2852 2705 2903 ut
2763 2865 2963 2906 eorum
3020 2867 3305 2918 errorem,
3341 2851 3621 2923 simulque
3648 2850 3721 2905 di-

2101 2935 2295 2990 vinam
2352 2936 2772 3007 providentiam
2817 2956 2887 2994 ex
2941 2939 3094 2996 luna
3152 2942 3534 2998 incrementis
3562 2945 3615 2996 et
3639 2941 3723 2995 de-

2100 3026 2411 3082 orementis
2441 3027 2728 3082 ostendat.

2668 3179 2932 3236 ARTICU
2943 3179 3075 3238 LUS
3105 3180 3176 3237 II.

2021 3242 2064 3310 C
2107 3283 2387 3360 DcAcitatis
2416 3286 2726 3360 [Minucio
2756 3287 3085 3360 quibusdam
3128 3287 3496 3360 scriptoribus
3535 3288 3723 3360 Nepote.

2178 3355 2386 3422 Cassio,
2450 3357 2636 3412 Thallo
2689 3355 2916 3414 Diodoro
2966 3369 3016 3416 ct
3065 3355 3262 3416 athez's'
3299 3359 3567 3416 Theodoro
3606 3355 3725 3412 Dia-

2173 3443 2312 3498 gora
2341 3445 2408 3483 ac
2435 3429 2755 3501 Protagora.

2175 3562 2321 3616 Tota
2353 3561 2590 3617 Minucii
2641 3563 2956 3634 disputatio
3004 3563 3246 3620 tametsi
3293 3563 3473 3620 variis
3521 3561 3727 3634 potissi-

2105 3667 2291 3717 mum,
2323 3651 2496 3706 sicuti
2555 3653 2915 3719 monui'nus,
2967 3653 3266 3709 rationum
3315 3651 3623 3709 momentis
3650 3649 3730 3705 ni-

2101 3744 2281 3806 tatur,
2314 3740 2600 3812 plurimos
2641 3742 3024 3798 nihilominus
3078 3741 3330 3799 celebris
3378 3743 3530 3814 apud
3560 3738 3726 3796 ethni-

2103 3846 2201 3884 cos
2250 3829 2506 3885 nominis
2553 3830 2889 3902 scriptores,
2935 3830 3111 3887 variis
3157 3831 3403 3889 illorum
3463 3828 3729 3903 opinioni—

2103 3918 2214 3974 bus
2247 3918 2417 3990 plane
2441 3920 2793 3992 penitusque
2815 3925 3232 3992 repugnantes,
3255 3921 3476 3977 citavit.
3499 3922 3730 3986 Quatuor

2105 4011 2298 4063 autem
2322 4007 2380 4062 in
2417 4025 2532 4064 uno
2570 4002 2890 4080 eodemque
2932 4009 3055 4065 loco
3100 4009 3172 4064 ab
3220 4009 3325 4066 illo
3365 4007 3728 4082 appellantur,

2104 4097 2315 4168 Nepos,
2349 4097 2607 4164 Cassius,
2639 4097 2882 4153 Thallus
2931 4115 2996 4153 ac
3043 4098 3360 4162 Diodorus.
3394 4098 3547 4154 haud
3578 4094 3731 4151 dubie

2103 4185 2352 4253 Siculus,
2389 4203 2422 4240 a
2451 4187 2683 4242 Justino
2722 4190 2966 4259 Martyre
3016 4204 3132 4243 non
3181 4187 3454 4244 minimis
3482 4183 3731 4242 laudibus

2105 4279 2420 4331 exornatus
2478 4276 2550 4331 ob
2609 4275 2974 4332 Bibliotheca:
3039 4276 3338 4334 historicas
3398 4276 3598 4343 libros,
3648 4269 3728 4342 qui

2106 4364 2298 4420 Graece
2327 4368 2384 4420 et
2415 4365 2616 4420 Latine
2659 4364 2798 4420 editi
2847 4365 3112 4421 omnium
3172 4365 3456 4422 manibus
3488 4365 3731 4420 teruntur

2107 4453 2369 4524 (Justin.,
2405 4453 2770 4510 Cohortat.ad
2801 4453 2971 4510 Graec.
3005 4471 3137 4528 pag.
3175 4457 3290 4528 10).

2175 4542 2407 4598 Primus
2437 4559 2568 4598 vero
2599 4559 2667 4598 ex
2697 4542 2789 4598 his
2821 4543 3206 4614 scriptoribus
3253 4545 3590 4603 nominatur
3615 4545 3729 4595 Cor-

351 4625 706 4689 Lucretium.
735 4631 1044 4693 Senecam;
1080 4647 1147 4684 ex
1179 4632 1597 4687 recentioribus
1627 4611 1760 4688 vero
1799 4633 1995 4688 Carte-
2028 4611 2072 4676 Ῑ)
2105 4631 2293 4686 nelius
2321 4631 2531 4702 Nepos,
2567 4631 2668 4704 qui
2699 4631 2852 4687 sicut
2895 4611 2962 4686 At
3015 4631 3239 4688 Gellius
3288 4633 3570 4704 perhibet,
3601 4628 3728 4686 scri—

249 4767 251 4770 .
350 4714 527 4780 sium,
559 4715 947 4782 Gassendum,
980 4719 1293 4772 Antonium
1316 4719 1368 4774 le
1392 4720 1605 4791 Grand,
1631 4725 1686 4776 et
1707 4721 1870 4787 alios,
1892 4723 1992 4793 qui

350 4803 421 4859 de
452 4802 547 4858 bis
577 4803 714 4858 data
745 4821 923 4874 opera
978 4806 1442 4876 disputaverunt.
1504 4809 1762 4877 (Aristot.
1815 4810 1916 4865 lib.
1952 4829 1989 4866 ι.

348 4892 588 4956 Meteon,
623 4909 748 4964 cap.
785 4895 814 4947 4
863 4897 919 4949 et
968 4911 1153 4966 seqq.;
1190 4896 1378 4950 Laert.
1428 4897 1526 4952 lib.
1560 4917 1612 4962 ι,
1645 4902 1672 4967 §
1700 4899 1808 4965 99;
1842 4899 1989 4955 Plin.

345 4981 450 5038 lib.
486 4999 546 5037 ιι.
582 4983 719 5038 Hist.
751 4984 968 5050 Noton,
1001 5000 1127 5055 cap.
1173 4985 1241 5040 42
1289 5002 1476 5058 seqq;
1514 4988 1733 5042 Lucret.
1765 4987 1865 5042 lib.
1899 5006 1988 5056 v1;

344 5072 545 5125 Senec.
605 5069 706 5124 lib.
763 5088 803 5126 ιι
856 5072 976 5126 Nat.
1039 5072 1259 5138 Quaest,
1294 5089 1417 5144 cap.
1453 5075 1520 5128 12
1549 5079 1600 5129 et
1638 5091 1808 5147 seqq.,-
1838 5081 1989 5134 Cart.

346 5157 450 5214 lib.
486 5159 550 5214 de
578 5160 814 5221 Meteon;
845 5161 1010 5216 Gass.
1046 5161 1273 5232 Syntag.
1305 5165 1429 5220 vita?
1473 5165 1625 5234 Epic.
1659 5170 1765 5219 art.
1793 5167 1846 5234 2,
1881 5167 1910 5238 §
1939 5167 1990 5236 4,

348 5262 474 5318 cap.
505 5248 540 5302 9
570 5255 626 5304 et
656 5250 844 5322 seqq.)

419 5334 690 5393 Octavius
722 5343 920 5409 postea
951 5339 1160 5394 asserit
1191 5339 1442 5396 divinam
1479 5342 1898 5413 providentiam
1934 5345 1994 5400 in

349 5437 416 5478 eo
447 5425 718 5489 emicare,
752 5429 904 5497 quod
942 5427 1081 5482 luna
1112 5451 1140 5478 «
1176 5446 1437 5485 mensem
1472 5436 1666 5502 auctu,
1702 5432 1886 5501 senio,
1909 5432 1992 5488 la-

347 5512 488 5582 bore
518 5514 896 5585 circumagat.
936 5541 963 5566 »
1001 5518 1203 5574 Varios
1231 5520 1521 5593 siquidem
1564 5521 1779 5577 ethnici
1811 5523 1992 5597 finge-

321 5599 494 5662 bant
531 5599 680 5658 lunae
711 5602 958 5675 labores,
994 5611 1168 5680 atque
1212 5625 1346 5665 eum
1393 5609 1452 5666 in
1503 5610 1710 5684 primis
1739 5629 1870 5667 cum
1903 5613 1992 5667 in-

395 5689 784 5780 Etgtionibus
814 5695 1102 5753 defectum
1143 5699 1260 5770 pati
1309 5698 1487 5757 stulte
1535 5701 1988 5760 arbitrabantur.

2103 4720 2222 4792 psit
2243 4720 2534 4776 Ciceronis
2579 4719 2750 4777 amici
2809 4720 2898 4775 sui
2953 4722 3172 4787 Vitam,
3204 4725 3265 4778 et
3293 4721 3475 4778 libros
3506 4720 3566 4776 de
3597 4717 3728 4774 Viri:

2102 4808 2440 4879 illustribus,
2474 4811 2882 4880 Exemplorum,
2926 4815 3102 4880 atque
3147 4809 3557 4867 Chronicorum
3579 4803 3726 4881 (Gell.

2105 4898 2206 4955 lib.
2239 4918 2313 4956 xv
2365 4902 2512 4956 Noct.
2562 4903 2744 4969 Attia,
2796 4918 2920 4973 cap.
2952 4902 3058 4966 28;
3120 4901 3224 4958 lib.
3259 4919 3304 4969 ι,
3353 4918 3482 4973 cap.
3516 4896 3724 4966 48;lib.

2100 5005 2201 5058 vn,
2233 5005 2358 5060 cap.
2396 4990 2498 5057 l8;
2550 4994 2608 5044 et
2667 4989 2766 5044 lib.
2825 5007 2963 5059 xvu,
3023 5006 3149 5061 cap.
3203 4992 3324 5064 2t).
3377 4991 3534 5062 Sapo
3572 4986 3724 5044 etiam

2102 5078 2380 5133 laudatur
2411 5096 2444 5134 a
2474 5077 2684 5148 Plinio,
2718 5095 2786 5134 ac
2833 5083 3099 5155 Augusto
3153 5078 3489 5153 imperante
3517 5076 3726 5140 abiisse,

2103 5171 2159 5222 et
2205 5167 2264 5222 in
2317 5167 2600 5232 Chronico
2653 5167 2982 5224 Eusebiano
3033 5172 3175 5223 tunc
3218 5169 3491 5225 ﬂoruisse
3515 5166 3726 5223 dicitur.

2101 5257 2186 5312 Ab
2218 5258 2418 5312 eodem
2453 5262 2649 5312 autem
2695 5257 2880 5313 Plinio
2936 5261 3175 5313 vocatur
3228 5279 3257 5308 ‹‹
3289 5258 3431 5313 Padi
3481 5255 3724 5312 incola.»

2103 5346 2312 5418 (Plin.,
2345 5345 2383 5400 l.
2417 5364 2495 5413 1x,
2527 5362 2654 5419 cap.
2690 5347 2776 5413 49,
2811 5361 2944 5419 pag.
2976 5346 3119 5414 343;
3169 5350 3230 5402 et
3281 5347 3384 5403 lib.
3417 5364 3473 5415 x,
3503 5362 3619 5418 cap.
3648 5340 3727 5407 33,

2104 5453 2160 5508 p.
2196 5436 2330 5503 411;
2369 5435 2566 5492 Chron.
2618 5435 2852 5503 Euseb.,
2913 5435 2984 5491 ad
3043 5452 3178 5490 ann.
3217 5437 3250 5490 4
3281 5435 3564 5509 Augusti;
3596 5430 3723 5487 Plin.

2103 5521 2146 5580 l.
2216 5541 2292 5590 v1,
2352 5540 2478 5596 cap.
2538 5523 2592 5594 9,
2650 5539 2782 5596 pag.
2841 5523 2993 5594 373.)
3049 5525 3416 5596 Quapropter
3461 5516 3723 5578 aCatullo

2103 5633 2132 5661 ‹‹
2165 5629 2319 5668 unus
2355 5611 2629 5668 Italorum
2663 5634 2689 5661 »
2733 5611 2826 5667 his
2856 5610 3182 5685 appellatur
3210 5613 3498 5681 versibus,
3530 5608 3723 5682 quibus

2103 5718 2277 5758 suum
2308 5701 2524 5760 librum
2556 5701 2609 5759 ei
2639 5700 2803 5758 misit
2827 5701 3268 5773 dedicavitque:
