4102 6172
310 281 408 343 O73
1753 273 1930 341 ΕΗΒ(

2075 272 2228 343 ῙΟΝ.
3576 286 3695 347 6⁸74

310 413 600 486 Hippolyto
630 411 888 485 Martyri,
920 429 1093 485 quem
1127 408 1504 468 Portuensem
1536 411 1876 484 episcopum
1927 429 1993 468 ex
2026 431 2098 469 vn
2149 412 2572 470 suburbicariis
2605 413 2783 469 fuisse
2833 416 3123 486 autumat,
3173 413 3350 470 tribui
3383 429 3498 488 prae
3529 425 3694 475 cate-

310 504 379 560 ris
405 503 631 559 debeat.

373 594 465 649 Ill.
500 591 731 656 Verum,
764 592 810 646 si
836 592 906 647 ad
931 591 1307 664 Hippolytum
1334 592 1674 664 episcopum
1697 596 1754 648 et
1781 595 2099 664 martyrem
2129 591 2326 647 Canon
2348 591 2458 647 iste
2476 608 2839 647 marmoreus
2859 593 3195 648 referendus
3215 598 3322 660 est,
3346 599 3410 650 ut
3432 595 3698 654 omnium

311 685 594 738 doctorum
628 682 934 754 ipsiusque
964 681 1104 737 adeo
1134 681 1336 754 Cangii
1365 680 1642 753 suffragio
1675 681 1939 750 refertur,
1965 681 2502 736 demonstraturum
2530 697 2619 735 me
2651 698 2778 737 esse
2798 682 3045 752 conﬁdo,
3079 683 3150 736 ad
3185 685 3456 740 eumdem
3488 685 3702 759 Hippo-

309 770 478 842 lytum
524 785 638 825 non
671 770 961 842 pertinere
991 768 1245 824 codicem
1277 768 1443 824 illum
1476 769 1851 825 Canisianum
1877 774 1935 825 et
1967 769 2365 837 Labbeanum,
2396 770 2703 841 caeteroqui
2750 770 3125 842 spectabilem
3153 787 3166 825 :
3215 772 3314 827 sed
3347 790 3476 829 esse
3508 777 3701 846 potius

309 859 684 926 referendum,
703 857 785 914 vel
812 858 884 914 ad
914 857 1200 914 Heronem
1225 857 1392 913 illum
1415 873 1483 913 ex
1515 857 1860 932 philosopho
1882 858 2279 914 Christianum
2301 863 2358 913 et
2389 863 2702 929 martyrem
2727 875 2740 913 :
2766 875 2940 929 quem
2965 859 3090 930 ipse
3119 875 3200 916 aa
3225 867 3536 923 neocoratu
3556 869 3702 921 tem-

308 948 378 1022 pli
408 948 708 1021 Serapidis
738 946 796 1002 in
829 951 1004 1002 Portu
1037 947 1296 1002 Romano
1326 947 1397 1002 ad
1430 947 1641 1003 Christi
1679 947 1856 1002 fidem
1887 951 2187 1003 evocatum
2237 948 2571 1019 suspicatur
2600 964 2667 1002 ex
2698 948 2894 1004 Graeca
2941 948 3317 1020 inscriptione
3349 954 3504 1024 apud
3556 956 3701 1026 Spo-

307 1039 482 1105 nium,
516 1043 654 1094 sect.
690 1055 744 1102 x,
778 1053 942 1091 num.
966 1037 1055 1104 22,
1089 1037 1296 1092 Severo
1318 1035 1643 1092 Alexandro
1675 1036 2020 1108 imperante,
2045 1036 2272 1108 ipsique
2295 1038 2436 1092 adeo
2467 1037 2773 1109 Hippolyto
2799 1037 3086 1108 aequalem
3113 1056 3126 1105 ;
3161 1044 3219 1094 et
3237 1040 3307 1095 de
3337 1045 3704 1114 temporibus

305 1127 598 1200 scripsisse
628 1126 795 1182 docet
823 1143 891 1182 ex
917 1131 1185 1181 veterum
1206 1125 1581 1197 testimoniis,
1603 1142 1858 1196 eumque
1879 1125 2074 1180 adhuc
2104 1125 2459 1197 neophytum
2487 1125 2749 1198 explesse
2781 1127 3146 1198 martyrium.
3167 1130 3390 1185 Accedo
3412 1131 3609 1203 itaque
3631 1135 3703 1191 ad

303 1234 420 1273 eam
453 1215 824 1283 sententiam,
857 1231 1037 1286 quam
1068 1214 1323 1270 secundo
1356 1213 1481 1270 loco
1515 1215 1668 1269 idem
1701 1214 1975 1270 laudatus
2007 1219 2210 1269 auctor
2239 1213 2298 1268 in
2331 1215 2668 1287 przel‘atione
2699 1215 3018 1280 subtexuit,
3050 1215 3250 1272 dicens
3275 1217 3362 1273 vel
3393 1220 3703 1295 Hippolyto

304 1307 589 1379 episcopo,
624 1328 650 1354 «
690 1303 778 1360 vel
811 1304 1032 1359 auctori
1066 1303 1416 1375 synchrono,
1451 1302 1550 1374 qui
1582 1301 1786 1358 vixerit
1824 1301 1934 1357 sub
1988 1301 2318 1357 Alexandro
2365 1304 2650 1374 Augusto,
2699 1324 2727 1353 »
2781 1318 2908 1359 esse
2953 1302 3168 1361 librum
3218 1306 3704 1378 adjudicandum.

303 1397 449 1453 654
479 1398 719 1450 Praestat
750 1395 877 1464 ejus
909 1393 1083 1448 verba
1113 1391 1504 1448 transcribere
1532 1407 1601 1447 ex
1631 1406 1874 1446 numero
1906 1407 2043 1444 xvm
2075 1390 2455 1462 praefationis.

372 1484 460 1539 IV.
495 1504 525 1534 «
551 1484 833 1540 Caeterum
866 1478 1160 1553 Hippolyti
1193 1479 1476 1536 Chronico
1505 1479 1575 1534 de
1601 1496 1715 1551 quo
1747 1479 2001 1550 agimus,
2033 1479 2334 1551 geminum
2360 1496 2537 1552 prope
2568 1484 2674 1552 est,
2706 1479 2819 1536 nisi
2840 1482 3157 1554 ipsummet
3185 1483 3488 1553 exstiterit,
3521 1487 3704 1544 Chro-

303 1573 469 1628 nicon
502 1571 666 1641 illud,
700 1570 852 1642 quod
885 1569 1068 1624 edidit
1096 1569 1381 1624 Henricus
1411 1567 1701 1638 Canisius,
1742 1573 1883 1623 tom.
1920 1568 1992 1622 IlI
2024 1569 2209 1638 Antiq.
2245 1569 2408 1635 Lect.,
2441 1573 2499 1624 et
2531 1568 2836 1641 Philippus
2868 1570 3152 1639 Labbeus,
3187 1576 3329 1627 tom.
3369 1575 3386 1628 Ι
3417 1575 3580 1633 Nova?
3608 1577 3706 1631 Bi-

307 1661 581 1717 bliotheca
603 1677 672 1715 ex
702 1677 810 1714 ms.
845 1659 972 1715 cod.
1007 1656 1242 1729 Collegii
1293 1657 1470 1712 Paris.
1507 1657 1634 1712 Soc.
1683 1658 1842 1724 Jesu,
1880 1656 2054 1711 hocce
2105 1656 2310 1712 titulo:
2357 1658 2431 1712 De
2476 1657 2839 1713 divisionibus
2885 1663 2936 1715 et
2961 1662 3403 1729 generationibus
3430 1667 3703 1735 gentium.

304 1754 461 1817 Quod
494 1749 729 1822 quidem
763 1748 1090 1803 Chronicon
1122 1747 1192 1801 ad
1227 1746 1531 1802 Alexandri
1560 1746 1753 1801 Severi
1786 1762 2007 1800 annum
2040 1762 2162 1813 xm,
2196 1761 2448 1816 eumque
2479 1745 2707 1817 imperii
2739 1752 3121 1817 postremum,
3155 1765 3268 1820 quo
3300 1751 3625 1822 imperante
3642 1769 3704 1810 se

302 1841 513 1895 vixisse
545 1855 659 1894 non
683 1836 862 1893 semel
886 1841 1089 1892 auctor
1112 1835 1324 1901 innuit,
1348 1834 1704 1906 perducitur.
1733 1835 1784 1888 is
1809 1849 1940 1888 vero
1965 1834 2022 1888 in
2047 1834 2382 1905 praefatione
2405 1835 2836 1906 descripturum
2864 1852 2925 1891 se
2948 1835 3046 1905 ait,
3073 1835 3322 1894 Gentium
3354 1839 3705 1914 divisionem,

298 1935 348 1985 el
373 1932 673 2001 parentum
702 1927 1109 1982 dinumeratam
1130 1926 1556 1994 generationem,
1580 1923 2003 1979 inhabitationis
2028 1940 2243 1995 quoque
2273 1933 2538 1996 tempora,
2560 1933 2614 1978 ct
2646 1925 2910 1980 bellorum
2928 1929 3356 1995 commissiones,
3387 1935 3438 1984 et
3457 1932 3707 1987 Julicum

297 2024 539 2088 tempora
571 2021 667 2088 qui
695 2026 744 2072 et
767 2034 839 2071 ex
857 2017 1052 2086 quibus
1083 2016 1297 2085 regibus
1317 2016 1437 2068 nati
1462 2018 1610 2083 sunt,
1644 2014 1936 2084 qualesque
1955 2015 2296 2084 captivitates
2316 2015 2525 2084 populi,
2549 2022 2601 2068 et
2621 2015 2816 2084 quibus
2837 2015 3120 2070 Iudicibus
3134 2020 3484 2089 contigerint,
3509 2024 3711 2093 quique

295 2107 627 2172 Sacerdotes,
659 2107 854 2179 quibus
875 2105 1212 2174 temporibus
1232 2105 1466 2175 fuerint,
1497 2107 1550 2158 et
1573 2119 1692 2173 quae
1713 2102 1930 2174 divisio,
1953 2112 2003 2158 et
2032 2119 2148 2175 quae
2166 2102 2402 2173 perditio
2432 2102 2581 2174 facta
2605 2106 2697 2173 sit,
2722 2120 2958 2173 quonam
2983 2107 3154 2160 modo
3174 2111 3458 2174 generatio
3477 2112 3712 2168 seminis

290 2199 462 2254 Israel
492 2197 557 2252 de
591 2195 844 2251 Patribus
874 2197 932 2249 in
963 2193 1173 2250 Christo
1201 2192 1466 2263 completa
1487 2193 1577 2259 sit,
1608 2199 1662 2247 et
1680 2201 1806 2262 quot
1829 2193 2130 2263 quantique
2157 2208 2257 2263 per
2273 2201 2479 2262 quanta
2510 2200 2750 2262 tempora
2767 2192 3194 2267 dinumerantur
3220 2199 3360 2251 anni
3384 2215 3421 2253 a
3449 2209 3714 2256 creatura

287 2290 489 2346 saeculi
508 2303 674 2357 usque
692 2288 754 2340 in
779 2286 925 2340 hunc
944 2283 1110 2338 diem.
1135 2281 1269 2345 Quae
1301 2281 1538 2353 quidem
1565 2281 1635 2335 ad
1659 2297 1726 2335 ea
1748 2280 2081 2335 referuntur
2103 2297 2230 2352 qua:
2256 2279 2542 2335 habentur
2565 2280 2624 2334 in
2647 2296 2714 2336 ea
2739 2281 3019 2349 sectione,
3045 2283 3142 2338 ubi
3174 2285 3244 2339 de
3275 2285 3555 2344 Paschate
3577 2291 3715 2346 sub-

288 2379 430 2434 inde
461 2394 496 2432 a
522 2375 739 2431 Iudaeis
787 2376 985 2429 exacto
1015 2372 1230 2444 agitur.
1283 2369 1431 2425 Tum
1477 2369 1748 2424 additur:
1779 2369 1819 2423 A
1875 2357 2228 2440 generatione
2276 2378 2458 2424 autem
2504 2370 2715 2424 Christi
2737 2378 2861 2442 post
2890 2387 3001 2425 xxx
3047 2388 3223 2428 annos
3252 2391 3375 2430 cum
3408 2392 3602 2447 passus
3631 2395 3718 2456 est

285 2469 579 2532 Dominus,
615 2462 824 2518 Pascha
849 2460 1172 2517 celebratur.
1207 2464 1330 2530 Ipse
1357 2459 1506 2514 enim
1533 2466 1653 2512 erat
1691 2457 1904 2529 justum
1934 2457 2164 2514 Pascha.
2214 2458 2252 2512 A
2283 2459 2542 2513 Passione
2586 2461 2768 2514 autem
2814 2459 3042 2515 Domini
3080 2477 3248 2533 usque
3279 2465 3337 2518 in
3369 2481 3469 2522 xm
3501 2485 3721 2528 annum

289 2556 522 2630 imperii
549 2550 853 2608 Alexandri
894 2549 1128 2606 Casaris
1164 2549 1304 2603 anni
1333 2563 1456 2601 σενι
1508 2554 1780 2601 servatum
1829 2551 1910 2601 est
1954 2547 2185 2612 Pascha,
2221 2545 2361 2617 quod
2408 2549 2466 2601 in
2512 2551 3085 2604 commemorationem
3135 2553 3356 2608 Domini
3381 2561 3553 2612 nostri
3591 2562 3720 2617 Iesu

295 2646 508 2703 Christi
536 2646 790 2698 servatur
819 2656 852 2694 a
878 2639 1055 2694 nobis.
1092 2639 1256 2692 Fiunt
1284 2638 1459 2705 igitur
1486 2651 1669 2691 omnes
1716 2635 1855 2690 anni
1896 2635 1964 2690 ab
1995 2635 2163 2690 Adam
2200 2652 2369 2707 usque
2418 2639 2475 2690 in
2513 2637 2662 2692 hunc
2705 2639 2854 2693 diem
2902 2640 3040 2694 anni
3069 2657 3122 2708 ν,
3157 2658 3546 2702 ΜΒΟΟΧΧΧΑῙΙῙ.
3580 2649 3716 2714 Qua

295 2736 536 2808 quidem
569 2731 662 2786 hic
687 2746 721 2784 a
751 2727 919 2784 nobis
941 2715 1118 2783 allata
1148 2725 1195 2782 si
1224 2725 1357 2797 quis
1379 2741 1512 2781 cum
1532 2723 1626 2790 iis,
1649 2740 1778 2795 qua:
1799 2725 1871 2779 de
1892 2723 2187 2796 Hippolyti
2213 2724 2500 2780 Chronico
2522 2726 2845 2798 attigimus,
2869 2728 2938 2783 ad
2965 2731 3251 2787 amussim
3273 2735 3535 2793 conferre
3552 2737 3714 2810 velit,

294 2825 441 2880 illud
461 2823 658 2894 ipsum
681 2834 811 2874 esse
829 2816 1093 2888 ejusdem
1118 2814 1442 2870 Chronicon
1467 2813 1621 2868 haud
1645 2811 1961 2868 difficulter
1978 2813 2121 2868 forte
2139 2814 2434 2879 concedet,
2457 2815 2551 2869 cui
2572 2815 2919 2871 laterculum
2943 2817 2992 2872 is
3014 2819 3382 2890 praemiserit,
3403 2825 3493 2880 vel
3512 2827 3716 2883 subdi-

298 2912 451 2969 derit
482 2911 540 2965 in
573 2905 872 2964 Paschalis
905 2905 1055 2975 festi,
1092 2906 1162 2958 de
1183 2903 1377 2974 quoin
1409 2901 1530 2968 illa,
1564 2919 1741 2973 quam
1769 2901 2046 2970 diximus,
2071 2903 2325 2958 sectione
2347 2904 2483 2974 egit,
2518 2905 2850 2961 inveniendi
2873 2905 3166 2963 Canonem
3189 2926 3291 2965 seu
3318 2913 3614 2984 regulam:
3640 2917 3713 2973 ad

299 3019 476 3076 quam
512 2997 833 3072 praeteritos
862 2999 920 3050 et
949 2997 1258 3065 sequentes
1291 3008 1478 3047 annos
1502 2991 1826 3062 expendere
1856 2991 2130 3046 lectorem
2160 2990 2424 3046 voluerit.
2458 3012 2484 3042 ι)

366 3092 434 3147 V.
467 3091 641 3146 Recte
671 3085 909 3158 quidem
930 3085 1376 3156 argumentatur
1397 3098 1464 3137 ex
1483 3080 1645 3137 hisce
1671 3080 1900 3136 duobus
1924 3081 2185 3136 numeris
2209 3097 2496 3136 annorum
2520 3098 2554 3137 a
2584 3082 2862 3138 Passione
2889 3084 3113 3139 Domini
3146 3087 3217 3140 ad
3251 3104 3473 3144 annum
3495 3107 3596 3146 xm
3613 3093 3714 3148 Se-

301 3183 416 3237 veri
447 3174 776 3245 Alexandri,
809 3189 914 3229 nec
962 3189 1079 3228 non
1127 3172 1198 3227 ab
1229 3188 1316 3239 eo,
1369 3187 1539 3242 quem
1591 3187 1699 3225 xxx
1727 3170 1816 3225 vel
1863 3187 1994 3224 xxxx
2028 3174 2160 3224 ante
2209 3171 2545 3225 Passionem
2597 3187 2664 3225 ex
2695 3177 2952 3226 veterum
3005 3176 3290 3230 sententia
3320 3177 3714 3238 lncarnationi

308 3269 615 3326 Dominicis
645 3265 959 3321 tribuebat.
995 3260 1142 3328 Quin
1174 3260 1374 3328 etiam,
1407 3264 1470 3315 ut
1501 3260 1714 3315 addam
1747 3257 2005 3330 reliquas
2035 3259 2298 3331 Epocbas
2328 3259 2383 3314 in
2418 3277 2742 3316 marmoreo
2764 3261 2995 3318 Canone
3027 3264 3364 3332 recensitas,
3395 3271 3710 3329 concedam

316 3360 612 3432 plerasque
643 3370 845 3412 earum
873 3369 1008 3408 cum
1031 3351 1292 3407 numeris
1324 3348 1539 3405 codicis
1562 3348 1849 3404 Labbeani
1874 3353 1932 3403 et
1951 3348 2246 3403 Canisiani
2277 3364 2612 3421 congruere.
2649 3349 2860 3405 Verum
2888 3367 3024 3406 cum
3045 3351 3374 3425 discrepent
3394 3357 3466 3412 ab
3489 3359 3712 3417 eisdem

317 3450 566 3520 reliqua,
599 3461 782 3518 eaque
840 3441 1236 3516 potissimum,
1270 3455 1398 3512 qua:
1430 3438 1633 3494 deﬁnit
1663 3437 2031 3494 intervallum
2064 3437 2217 3493 inter
2245 3439 2359 3493 duo
2390 3438 2692 3506 Paschate,
2726 3438 2904 3494 Exodi
2934 3445 2991 3495 et
3020 3441 3292 3508 Ezechiae,
3325 3445 3621 3504 evidenter
3648 3465 3714 3507 os

322 3539 584 3608 tenditur,
608 3547 1002 3590 marmoreum
1036 3527 1328 3601 Hippolyti
1359 3526 1681 3584 Chronicon
1717 3526 2010 3582 diversum
2044 3543 2173 3582 esse
2201 3544 2234 3581 a
2261 3527 2483 3598 Scripto
2516 3527 2626 3599 ipsi
2666 3527 2875 3599 aequali
2907 3528 2968 3584 in
2999 3531 3289 3601 compulis
3321 3535 3714 3596 dissentienti.

323 3627 457 3682 Cum
485 3641 616 3681 vero
647 3625 873 3679 constet
899 3619 1193 3692 Hippolyti
1225 3633 1501 3674 numeros
1522 3619 1639 3671 tam
1676 3631 1851 3686 prope
1871 3617 2145 3671 accedere
2175 3615 2246 3669 ad
2280 3616 2620 3686 peritiorum
2645 3616 3140 3691 Cbronologorum
3176 3627 3518 3690 sententias,
3541 3627 3624 3682 uti
3647 3643 3718 3684 ex

322 3713 744 3788 comparatione
773 3715 1074 3766 ostensum
1105 3707 1216 3763 fuit
1246 3723 1374 3779 pag.
1413 3706 1514 3760 103
1545 3721 1732 3776 seqq.,
1767 3709 1969 3760 contra
1998 3718 2129 3759 vero
2160 3705 2367 3760 vitiosa
2396 3705 2703 3761 manifeste
2732 3705 2810 3761 sit
2831 3710 3186 3779 computatio
3217 3714 3504 3784 Anonymi
3535 3715 3595 3770 in
3624 3716 3720 3772 de-

326 3804 558 3860 tleiendo
589 3800 910 3875 praesertim
941 3796 1242 3854 intervallo
1273 3813 1307 3852 a
1337 3794 1620 3850 Paschate
1644 3795 1818 3850 Josue
1853 3795 1924 3848 ad
1961 3792 2185 3848 Pascha
2215 3794 2364 3850 655
2418 3794 2711 3863 Ezechim;
2743 3812 2929 3868 Operm
2977 3797 3229 3868 pretium
3262 3800 3432 3866 duco,
3463 3803 3718 3862 rationes

324 3891 612 3966 Hippolyti
646 3890 754 3946 hoc
785 3889 846 3944 in
878 3890 1259 3943 monumento
1290 3884 1636 3956 superstites
1665 3882 1936 3938 exhibere
1962 3907 1976 3939 :
2011 3889 2074 3938 ut
2103 3882 2224 3937 haec
2256 3882 2672 3954 antiquissima
2700 3885 2964 3940 omnium
2994 3886 3380 3962 Chronologia
3411 3890 3714 3949 Paschatis

318 3981 561 4038 maxime
591 3976 888 4051 Hippolyti
918 3975 1134 4049 peritiae
1161 3973 1349 4041 testis,
1383 3973 1441 4028 in
1473 3971 2038 4028 commendationem
2070 3971 2237 4027 cedat
2265 3972 2563 4043 sapientius
2593 3977 2855 4040 Patrum,
2889 3975 2987 4044 qui
3023 3975 3265 4046 proximi
3296 3980 3368 4033 ab
3425 3981 3717 4050 Apostolis

317 4073 372 4123 et
403 4071 468 4125 ab
497 4065 839 4140 Apostolicis
867 4063 1005 4119 viris
1036 4061 1225 4135 prima
1255 4059 1523 4117 Ecclesia:
1556 4058 1790 4127 saecula,
1824 4064 1886 4114 ut
1914 4059 2198 4130 sanguine
2229 4076 2333 4131 pro
2357 4059 2585 4117 Christo
2619 4061 2766 4130 fuso,
2799 4061 2880 4117 ita
2909 4063 3084 4118 etiam
3118 4065 3351 4137 scriptis
3369 4064 3716 4124 clarissimis

312 4155 768 4212 illustraverunt.
798 4150 1203 4208 Diversitatem
1236 4149 1419 4222 igitur
1447 4147 1715 4203 Chronici
1747 4147 1830 4202 ita
1861 4147 2220 4203 demonstro.

387 4247 531 4304 656
545 4245 637 4300 VI.
675 4245 733 4299 In
748 4240 1104 4298 editionibus
1121 4237 1446 4304 Canisiana,
1460 4236 1775 4292 Labbeana
1795 4240 1853 4292 et
1882 4237 2135 4292 Fresnea
2156 4236 2434 4293 dividitur
2453 4237 2804 4310 opusculum
2828 4239 3112 4311 Anonymi
3139 4239 3193 4294 in
3221 4242 3410 4297 varias
3427 4243 3718 4302 sectiones

303 4336 470 4406 juxta
501 4335 816 4400 Labbeum,
840 4330 960 4388 sive
989 4329 1049 4384 in
1073 4328 1265 4401 capita
1282 4329 1449 4398 juxta
1477 4325 1775 4382 Canisium
1805 4343 1817 4382 :
1844 4331 2088 4397 uterque
2109 4343 2359 4398 quorum
2383 4343 2450 4382 ex
2474 4327 2720 4383 diversis
2739 4321 3172 4398 exemplaribus
3197 4330 3579 4386 exscribebat.
3612 4337 3715 4388 Ca-

317 4423 618 4497 piteigitur
633 4422 778 4492 xvuj
788 4425 927 4476 uxta
947 4418 1265 4484 Canisium,
1282 4416 1402 4473 sive
1424 4415 1676 4472 sectione
1689 4432 1769 4470 xn
1786 4416 1956 4486 juxta
1979 4417 2296 4482 Labbeum,
2314 4415 2435 4471 haec
2453 4415 2756 4472 intervalla
2773 4417 3118 4472 Paschatum
3134 4418 3508 4476 adnotantur.
3524 4420 3716 4492 Ipsius

307 4514 519 4590 codicis
548 4513 724 4570 verba
749 4527 818 4568 ex
841 4509 1070 4566 Labbeo
1093 4507 1354 4574 reddam,
1380 4504 1597 4562 additis
1618 4505 1676 4560 in
1703 4505 1964 4577 margine
1987 4504 2225 4571 Canisii,
2249 4510 2305 4560 et
2327 4505 2556 4562 Fresnei
2583 4505 2930 4561 lectionibus
2951 4505 3218 4573 diversis,
3247 4508 3343 4564 ubi
3367 4508 3714 4582 dissideant,

1651 4673 1826 4724 Editio
1852 4671 2066 4734 Labbei,
2099 4687 2217 4739 pag.
2251 4675 2358 4724 305.

302 4818 330 4846 4
369 4817 533 4869 adma
557 4818 765 4868 οαηεείε,
1014 4832 1038 4857 (ι
1064 4813 1124 4861 Ut
1142 4813 1312 4860 autem
1327 4812 1376 4860 et
1391 4807 1544 4859 aliter
1557 4808 1882 4881 ostendamus
1895 4823 1997 4858 non
2019 4811 2219 4858 tantum
2237 4823 2330 4882 per
2348 4811 2575 4872 tempora
2595 4810 2800 4874 Regum,
2819 4813 2912 4862 sed
2924 4813 3079 4863 etiam
3185 4813 3360 4864 Editio
3397 4814 3618 4880 Fresnei,
3659 4831 3715 4883 p.

951 4896 976 4919 (ι
1006 4890 1038 4919 a
1065 4889 1163 4919 auo
1191 4874 1387 4919 Pascha
1411 4876 1668 4919 servatum
1697 4873 1789 4919 est.
1817 4873 2201 4919 dmumerantes
2227 4871 2385 4919 simul
2409 4886 2568 4919 annos
2587 4874 2829 4919 dicemus.
3190 4879 3299 4919 un-

951 4896 976 4922 (ι
1006 4890 1038 4924 a
1065 4889 1163 4938 quo
1191 4874 1387 4923 Pascha
1411 4876 1668 4921 servatum
1697 4873 1789 4930 est,
1817 4873 1926 4921 dim

306 4940 332 5008 ξ
357 4956 390 4991 ιι
416 4943 581 4993 millia
607 4955 786 4994 ccxui.
1013 4956 1037 4982 «
1073 4935 1340 5008 Ab‘A-dam
1373 4948 1540 4998 usque
1571 4938 1637 5008 ad
1666 4933 1924 5008 diluvium

1885 4878 2201 4921 numerantes
2227 4873 2385 4920 simul
2409 4886 2568 4922 annos
2587 4873 2829 4924 dicemus.
3190 4879 3299 4928 419.
3475 4875 3478 4880 “

1885 4949 1924 5008 cn
1943 4935 2081 5008 ‘anni
2111 4936 2150 4994 -ξ-
2180 4939 2486 5008 "lucenti.
2719 5000 2727 5008 .
2761 5001 2776 5008 Α
3191 4941 3219 5000 1‘
3254 4952 3505 4990 [meum].

308 5004 330 5023 ’
361 5018 563 5057 ιωιν,
1014 5018 1038 5043 «
1067 5001 1111 5048 A
1139 4998 1344 5048 diluvio
1373 4996 1542 5061 usque
1570 4997 1636 5061 ad
1667 4997 1866 5046 exitum
1897 4997 2161 5046 Abraham
2191 4996 2258 5061 de
2287 5002 2426 5046 terra
2456 5012 2570 5061 sua,
2603 5000 2730 5048 anni
2760 5001 2776 5020 ⁴’
2807 5013 2986 5051 ICXLV.

1013 5080 1039 5106 α
1074 5061 1205 5133 Hinc
1233 5059 1513 5133 usqgeqiio
1547 5059 1753 5133 exirent
1779 5061 2028 5133 {erectius
2068 5061 2133 5133 de
2163 5059 2407 5123 Egypto,
2437 5060 2696 5112 educente
2726 5076 2816 5112 eos
2843 5064 2884 5120 +
2911 5064 3077 5124 Moss,
3186 5065 3225 5126 +
3255 5065 3452 5126 Moyse.

952 5139 980 5172 α
1007 5123 1226 5188 quando
1256 5122 1536 5172 et'Pascha
1561 5122 1820 5182 fecerunt,
1852 5124 1979 5172 anni
2009 5126 2136 5171 sunt
2163 5122 2396 5171 ccmxxx.
3064 5122 3070 5124 ⁷

1007 5202 1040 5258 ει
1059 5186 1138 5258 Ab
1155 5184 1326 5258 exodo
1341 5185 1553 5258 Egypti
1567 5197 1736 5258 usque
1751 5186 1807 5234 in
1828 5185 2368 5234 transitumJordanis
2379 5185 2593 5247 quando
2613 5187 2763 5237 stus
2785 5187 2981 5246 Pascha
2998 5201 3080 5237 ce-

295 5250 324 5279 ⁴⁵
348 5265 470 5301 xm.
953 5267 978 5293 ιι
1007 5247 1250 5305 lebravit,
1281 5249 1408 5296 sunt
1429 5247 1556 5294 anni
1579 5247 1602 5272 ⁵
1635 5260 1736 5296 xu.

303 5311 326 5333 '
347 5327 520 5365 coccu
1016 5329 1041 5355 σι
1070 5308 1318 5359 Ezechias
1345 5313 1466 5370 post
1493 5321 1665 5358 annos
1693 5309 1714 5330 '
1745 5321 1982 5361 ccccnxtv
2009 5309 2297 5358 celebravit
2323 5308 2540 5358 Pascha.

306 5374 327 5437 ξ
389 5389 534 5426 cx",
1016 5391 1040 5417 ‹‹
1054 5373 1175 5437 Post
1184 5370 1642 5437 Ezechiamlosias
1661 5384 1802 5437 anno
1817 5373 1886 5426 +"
1900 5373 2187 5422 centesimo
2208 5371 2605 5437 quarto_deci_mo
2629 5372 2827 5437 Pascha
2845 5371 3081 5437 celebra—
3186 5379 3225 5437 +
3252 5390 3381 5428 cxlv.

299 5435 318 5459 '
339 5437 502 5492 deest
541 5437 599 5488 in
640 5451 685 5490 ο,
715 5437 841 5490 can,
1015 5451 1042 5482 α
1069 5433 1362 5500 ςιιοῂζρρδι
1387 5433 1585 5500 Josjam
1617 5437 1645 5500 1-
1679 5435 1869 5500 Eqsdras
1897 5439 2018 5498 post
2039 5433 2350 5500 annos'cvm
2383 5433 2580 5500 Pascha
2608 5435 2914 5487 celebravit.
3190 5433 3218 5500 ἦ
3256 5441 3500 5490 Heszras.

1016 5515 1040 5543 α
1066 5494 1438 5564 PostEsdram,
1457 5494 1756 5550 Servatoris
1774 5494 1944 5563 usque
1955 5497 2354 5564 generationem
2374 5494 2564 5548 Christi
2574 5503 2696 5563 post
2715 5511 2914 5549 annum
2937 5513 3080 5551 cum
3200 5494 3209 5500 ’
3249 5504 3372 5552 Post
3464 5502 3708 5560 uestras.

1018 5577 1046 5610 α
1071 5558 1274 5613 Pascha
1299 5556 1376 5612 ιιι.
1860 5556 1874 5563 “
1957 5556 1986 5564 ⁷
2574 5556 2593 5563 ⁷
3189 5565 3476 5634 Servatoris
3553 5556 3711 5634 usque

3189 5626 3560 5699 generationes
