4102 6172
521 309 636 369 6'15
2033 298 2405 364 ANONYMI
3756 309 3846 375 315

1568 435 1696 500 Cap.
1728 449 1846 487 xvui
1880 435 2091 488 Canisii.
2127 435 2368 500 Sequitur
2397 437 2563 485 Sectio
2593 450 2655 484 xu
2687 435 2890 486 Labbei.
3401 437 3580 491 Christi
3601 448 3703 500 post
3727 460 3850 498 αηηω

512 563 887 634 ῗὲτίοθβίωυω
1227 578 1249 602 “
1275 563 1319 633 .Α
1348 562 1692 634 εεηετθιὶοηε
1728 565 1909 634 alitem
1946 562 2134 634 Christi
2167 565 2286 634 post
2315 562 2335 587 '
2383 565 2548 634 “.x.+
2577 575 2789 634 ςιιιηυετι.
2829 575 3171 634 sumpassus
3199 562 3294 613 Do-
3404 507 3769 634 ῗιξῗηρῖῗω
3795 510 3850 560 ⁸⁸·

508 628 532 650 θ
560 627 794 678 Paschaa.
1161 643 1182 665 ‹‹
1219 624 1410 697 minus,
1444 624 1643 696 Pascha
1674 625 2002 697 celebratur;
2037 626 2151 685 ipse
2180 625 2319 697 enim
2352 629 2467 673 erat
2481 625 2687 697 justum
2721 625 2741 646 "
2770 625 2799 682 ’r
2833 625 3049 697 Pascha:
3404 629 3442 697 -ξ-
3471 627 3664 697 Pascha.

1223 705 1248 759 εξ
1279 688 1319 734 Α
1342 687 1590 759 passione.
1605 690 1780 737 autem
1795 687 2003 759 Domini
2027 701 2195 759 usque
2219 687 2273 736 in
2288 701 2379 759 xm
2403 688 2842 759 annum+lmper

2053 701 2195 759 isque
2219 687 2273 736 in
2288 701 2379 759 xm
2403 688 3005 759 annum+lmperatoris
3020 689 3294 759 Amantini
3403 691 3441 747 +
3469 690 3673 759 imperii.

1159 766 1185 795 α
1214 749 1435 797 Οωεεηὶε
1465 750 1591 797 anni
1623 763 1732 799 ccvi
1761 753 2026 798 servatum
2049 749 2128 798 est
2158 749 2358 799 Pascha
2388 750 2530 812 quod
2553 750 2607 798 iu
2637 763 2779 798 coma

1159 830 1183 854 ‹‹
1206 811 1392 859 Christi
1423 816 1665 860 servatur
1693 826 1723 861 a
1753 813 1926 861 nobis.

2235 749 2358 799 scha
2388 750 2530 812 quod
2553 750 2607 798 iu
2637 751 3195 800 commemorationem
3213 752 3231 770 ⁰
3258 754 3295 808 +
3404 749 3855 868 ωὲθιέηέἱὲἷειμΐῖθῐτὶ

514 903 538 941 ι
564 877 823 928 omnium.
1214 857 1437 945 inlidunt
1449 857 1655 985 igniti";
1678 857 2014 924 owm—n'esanni
2043 874 2110 924 ab
2129 873 2294 924 Adam
2317 887 2486 937 usque
2516 875 2571 922 in
2590 874 2735 924 hunc
2763 874 2906 924 diem
2932 875 3059 924 anni
3079 877 3118 934 1-
3145 875 3295 939 quiu-
3404 857 3858 948 ir‘gtiiiét'iés'iiiu

1156 956 1179 980 «
1211 950 1362 1000 quies
1392 949 1461 985 mi
1507 951 1533 985 e
1564 949 1859 989 nccxxxvm.
3401 941 3690 1000 septingenti
3715 944 3858 1000 trigin-

1156 956 1179 980 «
1211 944 1362 1000 quies
1392 944 1533 985 miUe
1564 949 1859 989 DCCXXXVHI.
3401 944 3690 1007 septingenti
3715 944 3858 1007 ﬂigi".

3403 1001 3457 1049 ta
3483 1001 3602 1052 octo.

577 1105 888 1165 Intervalla
918 1104 975 1159 in
1007 1103 1306 1160 codicibus
1336 1105 1620 1178 Anonymi
1652 1104 1731 1161 ita
1762 1105 2003 1161 deﬁnita
2032 1121 2148 1161 non
2182 1106 2536 1177 respondent
2566 1105 2784 1178 ubique
2814 1104 2980 1162 alteri
3012 1123 3299 1162 annorum
3330 1123 3588 1178 summa,
3620 1127 3728 1182 qua
3770 1113 3860 1169 col-

504 1181 710 1272 ligitur
738 1213 805 1253 ex
836 1193 1086 1267 singulis
1119 1194 1363 1267 Regum,
1396 1201 1497 1250 aut
1524 1195 1799 1250 Judicum
1829 1195 2096 1267 Epochis,
2131 1211 2278 1267 quas
2322 1195 2525 1251 eodem
2571 1195 2629 1250 in
2669 1195 2952 1267 opusculo
3005 1195 3274 1268 legimus.
3309 1199 3380 1251 Ut
3424 1213 3553 1254 vero
3581 1181 3749 1257 omnis
3773 1202 3863 1258 dis-

509 1288 806 1360 crepantia
825 1285 999 1341 unico
1020 1284 1228 1340 obtutu
1250 1289 1461 1370 pateat,
1487 1284 1766 1340 exhibebo
1791 1285 1850 1340 in
1873 1284 2138 1357 sequenti
2177 1283 2456 1341 laterculo
2479 1289 2596 1341 tan:
2614 1284 2645 1342 J
2656 1285 2892 1341 udicum
2914 1302 3093 1358 quam
3119 1285 3343 1358 Regum
3360 1303 3541 1344 annos
3556 1287 3860 1361 singillatim,

511 1382 577 1434 ut
605 1377 664 1433 in
698 1375 896 1433 codice
925 1378 1064 1430 sunt
1093 1374 1324 1446 digesti.

1291 1474 1482 1530 Codex
1515 1473 1746 1530 Canisii.
1782 1473 1968 1530 Gades:
1997 1474 2195 1529 Labbei
2991 1475 3167 1531 Codex
3189 1475 3420 1530 Canisii.
3449 1475 3621 1532 Codex
3635 1478 3806 1535 Labbei
3825 1491 3865 1538 et

1784 1551 1834 1602 et
1859 1547 1931 1600 du
1962 1547 2168 1618 Gange.
3567 1548 3637 1604 du
3663 1549 3825 1621 Gange.

571 1635 787 1700 Exodus
819 1646 1015 1700 anno__
1523 1636 1565 1700 ⁸1
1613 1697 1621 1700 _
1672 1696 1695 1700 Α
1873 1697 1881 1700 _
1951 1637 1971 1700 1
2334 1633 2500 1700 David
2531 1637 2725 1698 regnat
2753 1648 2878 1684 ann.
3288 1638 3348 1685 40
3386 1639 3462 1700 112

508 1700 568 1749 In
601 1699 810 1748 deserto
841 1697 940 1746 sub
969 1695 1114 1745 Moss
1515 1697 1573 1744 40
1609 1697 1627 1716 ⁸
1657 1696 1833 1759 Gange
1867 1697 1886 1718 "
1917 1699 1972 1746 41

1727 1710 1833 1759 :nge
1867 1697 1886 1718 "
1917 1699 1972 1746 41
2397 1695 2646 1747 Salomon
3287 1700 3347 1747 40

572 1761 733 1810 Josue
764 1760 899 1823 regit
1526 1761 1581 1823 31
1714 1762 1772 1810 40
1915 1760 1972 1807 27

2397 1759 2633 1823 Boboam
3291 1762 3349 1810 18
3708 1767 3753 1815 14

508 1825 747 1875 Servitus
774 1821 1155 1872 Cbursarsaton
1557 1822 1585 1870 8
1947 1827 1974 1870 8
2395 1822 2558 1870 Abias
3290 1824 3349 1872 17

571 1886 775 1936 Orthon
807 1889 861 1948 et
885 1883 1089 1948 judicat
1531 1883 1593 1948 33
1915 1885 1968 1948 31
2399 1885 2579 1948 fAsaph
3292 1887 3355 1936 44

510 1949 751 2000 Servitus
781 1945 899 2011 sub'
911 1946 1072 2011 Eglon
1543 1946 1602 1994 23
1919 1947 1979 1998 18
2395 1945 2652 2011 .losaphat
3294 1949 3358 1998 25

570 2011 685 2061 Aod
711 2010 919 2073 judicat
958 2009 975 2011 “
1543 2011 1601 2073 80
1918 2012 1976 2058 80
2395 2009 2583 2073 {oram
3298 2013 3360 2059 20

567 2070 728 2125 Jabiri
1542 2071 1601 2118 20
1915 2073 1976 2121 20

1915 2073 1976 2121 20
2395 2070 2652 2120 Ochozias
3330 2076 3352 2121 1

505 2137 781 2186 Debborra
1541 2134 1600 2181 40
1916 2136 1974 2183 40
2393 2133 2619 2183 Godolia
3326 2135 3355 2182 7
3737 2139 3762 2186 0

506 2199 744 2249 Servitus
774 2195 875 2245 sub
905 2195 1118 2246 Madian
1573 2199 1601 2244 7
1947 2199 1974 2244 7
2391 2195 2519 2245 Joas
3300 2199 3361 2246 40

505 2261 723 2311 Gedeon
747 2259 954 2323 judicat
1545 2259 1603 2323 40
1917 2258 1976 2323 40
2393 2258 2635 2323 Ammius
3336 2260 3366 2323 9

567 2323 730 2372 Tholu
748 2319 763 2323 ⁷
1541 2321 1600 2368 20
1915 2321 1974 2368 20

1915 2321 1974 2368 20
2395 2319 2548 2368 Ozias
3299 2322 3363 2370 52

568 2386 679 2435 Jair
1550 2383 1606 2430 21
1923 2383 1983 2430 22

2393 2382 2624 2432 Joathan
3300 2386 3359 2434 16
3717 2388 3762 2435 15

509 2447 749 2497 Servitus
778 2446 877 2495 sub
905 2443 1218 2493 Ammonitis
1545 2445 1603 2492 18
1917 2443 1976 2494 18
2394 2444 2568 2496 Achaz
3300 2448 3361 2494 16
3716 2450 3762 2498 15

571 2506 1344 2573 δερὶιιαραιᾳαίζίιεε-ῙιξᾱὶᾐοαιΑ
1572 2509 1602 2573 0
1945 2509 1976 2557 6
2333 2507 2376 2573 ᾼ
2396 2507 2572 2573 David
2591 2519 2814 2573 summa
2901 2568 2913 2573 _
2939 2568 2952 2573 _
3051 2569 3064 2573 _
3278 2508 3375 2558 342
3700 2510 3774 2560 337

569 2566 730 2623 Δέἱση
757 2571 866 2631 (Hic
887 2568 1053 2633 iudex
1081 2566 1297 2633 habetur
1326 2570 1440 2618 tan-
1571 2571 1601 2618 6
2332 2570 2410 2620 Ad
2441 2570 2558 2633 init.
2590 2569 2828 2633 Ezechias
2852 2568 2987 2633 adde
3018 2569 3084 2618 ab

570 2638 741 2746 Ellum
776 2634 828 2683 in
857 2631 969 2682 ced.
1001 2631 1232 2688 Canini.)
1544 2695 1601 2741 10
1918 2633 1974 2742 ig
2393 2631 2576 2682 Exodo
2606 2631 2673 2681 ad
2702 2631 2872 2682 David
3280 2633 3378 2682 592
3701 2632 3773 2682 537

633 2709 704 2746 on
3265 2719 3394 2730 -—-—
3684 2720 3773 2732 -——

633 2709 704 2746 ΟΠ
1544 2709 1601 2741 ιυ
1918 2709 1974 2742 ιυ
3265 2719 3394 2730 -α-
3684 2720 3784 2732 ...-

573 2759 788 2808 Hebron
851 2819 856 2820 ί
936 2817 963 2820 Α,
1034 2817 1046 2820 _
1109 2816 1137 2820 __
1553 2759 1603 2820 A8
1924 2756 1977 2820 ,8
2332 2755 2548 2820 I_nitium
2571 2755 2807 2806 Ezechiae
2839 2758 2960 2820 post
2987 2754 3153 2806 Exod.
3282 2757 3378 2807 934
3699 2758 3772 2807 874

513 2822 754 2872 Servitus
782 2819 880 2868 sub
899 2816 1170 2881 allophylis
1543 2818 1602 2865 4ο
1915 2819 1973 2867 40
2330 2817 2579 2868 Ezechias
2840 2816 2857 2820 ’
3314 2822 3376 2869 25

573 2885 797 2935 Samson
825 2882 1038 2931 Judicat
1542 2882 1602 2927 20
1917 2881 1976 2928 20
2333 2882 2608 2930 Manasses
3312 2884 3373 2932 55

572 2947 686 2996 Heli
1540 2943 1600 2990 20
1916 2944 1974 2990 2ο

1916 2944 1974 2990 20
2331 2944 2503 2993 Amon
3351 2945 3380 2992 2

568 3007 784 3059 Samuel
1543 3005 1602 3053 70
1917 3005 1975 3053 30
3266 3032 3394 3043 ..-

577 3072 702 3123 Saul
733 3071 921 3134 regnat
1543 3067 1603 3116 30
1915 3067 1974 3115 30
2331 3068 2549 3134 initium
2578 3067 2747 3134 ,ἰοειίω⁸
2815 3129 2825 3134 _
3303 3071 3365 3118 82

1513 3154 1635 3165 _.._
1884 3155 2006 3165 --
2330 3130 2488 3180 XVIII
2519 3142 2692 3179 annus
2720 3129 2876 3180 Josiaa
3306 3133 3363 3180 18

513 3197 589 3246 Ab
617 3194 798 3246 Exodo
833 3193 899 3245 ad
931 3193 1044 3242 init.
1079 3191 1241 3241 David
1263 3203 1472 3241 summa
1527 3193 1620 3241 592
1899 3193 1986 3241 537
3076 3244 3084 3252 _
3267 3219 3396 3232 --

1513 3280 1634 3289 ——
1883 3279 2005 3290 ——
2333 3255 2522 3304 Annus
2549 3254 2708 3317 XVIII
2736 3253 2897 3304 Josiaa
2927 3258 3048 3317 post
3078 3253 3179 3302 ini-

575 3318 802 3369 Detrahe
833 3332 847 3366 1
878 3316 1042 3366 Exodi
1071 3319 1204 3367 e110
1237 3315 1404 3369 Moysi
1543 3319 1600 3366 41
1917 3319 1975 3366 42

1917 3319 1975 3366 42
2393 3317 2525 3366 tium
2553 3316 2785 3366 Ezechias
2930 3315 2944 3317 ’
3287 3321 3379 3368 100

509 3385 721 3434 Initium
752 3380 918 3431 David
947 3380 1108 3429 distat
1135 3393 1166 3428 a
1196 3380 1445 3429 Paschate

568 3446 728 3491 Josue
1521 3442 1606 3491 551
1894 3442 1952 3491 49

568 3446 728 3496 Josue
1521 3445 1606 3491 551
1894 3445 1983 3491 495

583 3564 732 3619 Sunt
763 3561 939 3632 igitur
965 3558 1101 3614 anni
1139 3558 1210 3613 ab
1243 3557 1409 3613 initio
1445 3555 1607 3629 regni
1640 3555 1892 3612 Ezechiae
1925 3557 1996 3612 ad
2029 3574 2163 3612 xvm
2194 3556 2366 3614 Josiae
2396 3561 2626 3612 tantum
2658 3557 2882 3612 centeni
2919 3574 2986 3611 ex
3017 3556 3266 3628 Epochis
3302 3558 3558 3630 proxime
3588 3557 3773 3615 allatis.

583 3652 740 3706 Idem
775 3647 1142 3704 intervallum
1167 3648 1337 3717 juxta
1362 3663 1654 3701 summam
1683 3647 2042 3716 superiorem
2067 3646 2314 3703 habetur
2335 3663 2623 3701 annorum
2653 3647 2771 3700 114.
2805 3645 3087 3701 Neutrum
3121 3661 3255 3702 vero
3290 3649 3580 3704 consentit
3605 3663 3722 3704 cum
3743 3661 3859 3702 mar-

512 3756 669 3794 more
704 3735 1031 3808 Hippolyti:
1067 3735 1124 3789 in
1158 3751 1273 3806 quo
1305 3734 1534 3806 Epocha
1559 3733 1807 3805 simplex
1839 3733 2126 3807 disiungit
2154 3736 2358 3790 eadem
2392 3733 2674 3790 Paschata
2703 3734 2877 3789 annis
2922 3734 3044 3802 112,
3079 3738 3132 3789 et
3165 3733 3402 3806 Epocha
3425 3737 3592 3808 juxta
3617 3733 3857 3792 Danielem

508 3829 712 3885 eadem
747 3829 979 3898 separat
1009 3823 1182 3880 annis
1213 3823 1336 3879 113.
2283 3877 2286 3880 ,

579 3914 760 3972 Multo
794 3913 1113 3969 evidentior
1142 3917 1233 3968 est
1263 3929 1641 3968 numerorum
1671 3911 1984 3982 discordia,
2017 3929 2142 3984 quae
2173 3917 2414 3985 apparet
2445 3913 2502 3966 in
2538 3911 2776 3984 scriptis
2810 3910 3262 3983 exemplaribus,
3301 3914 3351 3970 si
3387 3914 3702 3969 conferatur
3728 3911 3860 3965 inter-

505 4003 731 4061 vallum
762 4002 1064 4058 Paschatis
1092 4001 1270 4057 Josue
1301 4019 1334 4055 a
1363 4000 1642 4056 Paschate
1689 4000 1962 4055 Ezechiae.
2013 4000 2160 4054 Anni
2191 4001 2298 4054 592
2345 4001 2493 4057 657
2533 4017 2565 4055 a
2594 3999 2880 4055 Paschate
2925 4003 3103 4056 Josue
3131 4001 3202 4055 ad
3253 4001 3492 4057 initium
3539 4000 3697 4056 David
3723 3993 3859 4054 additi

510 4094 680 4151 annis
711 4094 816 4148 342
847 4093 919 4147 ab
953 4091 1117 4146 initio
1147 4090 1329 4147 David
1359 4091 1430 4145 ad
1461 4089 1693 4144 initium
1725 4089 2003 4157 Ezechize,
2039 4091 2406 4145 constituunt
2435 4106 2730 4145 summam
2758 4089 2884 4143 934.

578 4185 645 4238 At
674 4182 733 4237 in
766 4197 998 4238 summa
1029 4179 1233 4251 capitis
1264 4196 1379 4234 xvu
1412 4177 1729 4249 Canisiani,
1761 4183 1818 4234 et
1846 4178 2120 4234 sectionis
2150 4195 2229 4233 xn
2270 4177 2560 4234 Labbeani
2598 4178 2813 4234 codicis
2845 4178 2999 4234 idem
3035 4178 3420 4236 intervallum
3452 4179 3718 4236 minuitur
3738 4173 3857 4248 plus-

507 4287 682 4343 quam
715 4269 942 4326 saaculis
967 4272 1220 4339 quatuor
1244 4285 1257 4323 :
1291 4283 1425 4322 nam
1448 4266 1824 4322 constituitur
1853 4265 2222 4322 intervallum
2241 4267 2312 4322 ab
2333 4267 2513 4323 Josue
2537 4268 2822 4323 Paschate
2849 4269 2920 4322 ad
2954 4268 3174 4323 Pascha
3196 4269 3457 4325 Ezechiae
3487 4283 3748 4325 annorum
3766 4261 3855 4317 161.

580 4361 703 4416 ΥΠ.
723 4360 824 4416 llis
855 4357 1327 4414 anachronismis
1358 4360 1416 4412 et
1443 4355 1926 4411 antichronismis
1957 4355 2030 4427 (si
2062 4357 2148 4410 fas
2179 4359 2268 4411 est
2297 4355 2509 4427 dicere)
2541 4373 2656 4410 non
2687 4354 2911 4411 laborat
2942 4372 3201 4412 marmor
3231 4357 3568 4431 Hippolyti:
3602 4357 3652 4411 in
3683 4369 3776 4426 quo
3797 4349 3854 4402 vi-

511 4449 729 4516 dimus,
765 4446 1064 4503 intervalla
1090 4462 1158 4502 ex
1189 4444 1407 4518 duplici
1431 4448 1726 4517 computo.
1751 4449 1870 4499 tam
1904 4468 1932 4493 «
1957 4443 2229 4515 simplici,
2256 4466 2284 4493 »
2317 4460 2494 4517 quam
2527 4445 2740 4515 «juxta
2770 4444 3086 4511 Danielem,
3123 4468 3152 4496 »
3175 4447 3404 4518 optime
3435 4446 3739 4503 consentire
3758 4452 3854 4495 cum

509 4537 833 4592 rationibus
863 4534 1248 4591 celebriorum
1273 4532 1795 4605 Chronologorum,
1819 4533 1960 4586 dum
1989 4532 2353 4588 intervallum
2381 4534 2454 4588 ab
2487 4534 2674 4589 Exodo
2698 4534 2770 4588 ad
2806 4533 3021 4589 Pascha
3046 4534 3296 4590 Ezechiae
3327 4551 3399 4591 ex
3429 4533 3744 4592 cellularum
3770 4526 3855 4581 dis-

507 4625 795 4696 positione
825 4622 1280 4694 deprehenditur
1308 4638 1596 4678 annorum
1627 4621 1752 4692 793,
1785 4622 1954 4676 Juxta
2002 4621 2324 4692 simplicem
2358 4621 2671 4688 calculum,
2707 4624 2791 4678 vel
2820 4623 2922 4676 791
2954 4645 2981 4671 ‹‹
3013 4625 3181 4694 juxta
3221 4624 3560 4681 Danielem:
3597 4644 3622 4672 υ
3652 4620 3857 4686 adeoque

507 4713 707 4768 haberi
743 4712 1082 4766 distantiam
1117 4710 1367 4766 Ezechiae
1397 4729 1432 4767 a
1479 4709 1760 4766 Paschate
1787 4709 1965 4764 Josue
2011 4709 2116 4763 749
2140 4726 2209 4765 ex
2255 4710 2478 4766 calculo
2511 4712 2788 4784 simplici,
2825 4719 2884 4767 et
2911 4713 3015 4766 750
3047 4728 3114 4768 ex
3145 4711 3371 4770 calculo
3396 4716 3564 4786 juxta
3591 4705 3852 4766 Dauielem.

508 4802 710 4871 Neque
740 4800 894 4855 enim
928 4798 1095 4853 aliter
1123 4799 1444 4855 inciderent
1474 4800 1531 4854 in
1563 4797 1806 4854 cellulas
1835 4797 2117 4853 lemmata
2157 4797 2275 4868 illa,
2307 4799 2560 4870 Exonus,
2611 4806 2668 4855 et
2693 4816 2884 4865 JESUS,
2915 4805 2974 4856 et
3015 4801 3288 4864 Ezscmas
3323 4802 3438 4856 nisi
3470 4806 3676 4872 septem
3704 4789 3854 4850 solide

507 4888 738 4944 Periodi
771 4887 1026 4942 minores
1047 4903 1333 4942 annorum
1368 4889 1490 4954 11‘2,
1513 4893 1570 4942 et
1601 4892 1874 4958 praeterea
1891 4887 2026 4942 anni
2059 4888 2094 4940 9
2115 4893 2526 4959 supponantur
2555 4889 2851 4944 numerari
2877 4905 2910 4944 a
2939 4888 3220 4944 Paschate
3251 4889 3428 4945 Exodi
3451 4889 3521 4944 ad
3545 4885 3740 4941 Pascha
3757 4879 3856 4934 Eze-

511 4978 779 5045 chim;et
808 4975 1034 5030 Periodi
1087 4975 1341 5030 minores
1373 4980 1616 5045 septem,
1667 4976 1989 5030 imminutae
2041 4975 2269 5030 cellulis
2314 4976 2433 5032 sive
2481 4977 2652 5032 annis
2701 4978 2961 5048 32juxta
3014 4977 3341 5049 simplicem
3386 4975 3682 5042 calculum,
3709 4961 3851 5024 vel33

510 5067 732 5136 «juxta
761 5062 1056 5120 Dauielem
1094 5084 1122 5112 »
1153 5063 1424 5118 dicantur
1454 5063 1734 5119 interesse
1765 5081 1799 5119 a
1840 5064 2117 5119 Paschate
2145 5063 2324 5120 Josue
2373 5065 2442 5120 ad
2475 5064 2700 5120 Pascha
2748 5065 3036 5120 Ezechiae:
3069 5081 3197 5120 cum
3247 5078 3607 5137 unaquaeque
3633 5053 3849 5131 period!!!

509 5156 719 5222 minor,
753 5154 854 5210 ubi
879 5152 1064 5208 solida
1097 5152 1194 5217 sit,
1219 5153 1484 5208 eamdem
1516 5156 1738 5224 repetat
1767 5151 2034 5208 cellulam
2063 5171 2075 5209 :
2111 5159 2169 5208 et
2191 5170 2374 5209 unum
2409 5154 2680 5227 quodque
2701 5153 2981 5210 saculum
3013 5153 3237 5210 cellulis
3264 5171 3344 5210 xu
3376 5151 3682 5209 retrocedat
3706 5146 3754 5199 in
3771 5154 3850 5227 aa-

510 5261 720 5300 norum
754 5242 1213 5314 consignatione.
1247 5241 1492 5298 Necesse
1523 5223 1702 5312 igitur
1731 5244 1820 5296 est
1848 5258 2030 5296 annos
2081 5223 2454 5314 interpositos
2485 5243 2556 5298 ab
2586 5223 2788 5298 —Exodo
2819 5243 2891 5298 ad
2938 5241 3239 5297 Ezechiam
3271 5240 3472 5298 haberi
3513 5255 3578 5296 ex
3605 5237 3740 5291 hisce
3761 5223 3848 5282 cel-

507 5333 646 5389 lulis
677 5335 903 5404 «juxta
963 5331 1254 5386 Danielem
1286 5352 1312 5382 »
1346 5332 1399 5398 7,
1451 5331 1538 5386 vel
1591 5330 1712 5399 119,
1745 5329 1829 5383 vel
1878 5331 2002 5398 231,
2039 5329 2124 5385 vel
2174 5332 2300 5400 243,
2346 5331 2437 5387 vel
2477 5332 2602 5399 345,
2662 5329 2748 5386 vel
2778 5330 2902 5397 457,
2956 5329 3043 5385 vel
3091 5331 3218 5400 569,
3267 5330 3354 5385 vel
3383 5330 3507 5393 681,
3550 5321 3688 5396 quod
3715 5325 3846 5404 nam?

509 5400 912 5476 dixerit'nulla
938 5421 1147 5476 idonea
1178 5421 1522 5476 auctoritate
1554 5423 1894 5490 permotus:
1926 5417 2012 5472 vel
2044 5418 2282 5475 demum
2333 5421 2438 5475 793
2471 5420 2624 5492 quod
2655 5419 2996 5483 asserimus,
3047 5435 3181 5474 cum
3211 5424 3270 5474 et
3295 5416 3515 5490 reliqua
3540 5400 3847 5496 censentis-Iit

510 5525 645 5566 cum
677 5507 1018 5580 peritiorum
1049 5487 1925 5580 Chronologorum—rationibus,
1952 5522 2021 5562 ex
2051 5505 2370 5564 Bibliorum
2413 5487 2712 5565 sacrorum
2745 5507 3006 5564 numeris
3050 5509 3159 5564 rite
3188 5487 3462 5564 collectis.
3495 5504 3619 5569 Qua:
3646 5507 3759 5552 cum
3777 5487 3845 5542 di-

508 5598 758 5670 ligenter
785 5613 1038 5668 expensa
1061 5597 1294 5669 fuerint,
1318 5597 1629 5663 constabit,
1654 5601 1719 5650 ut
1747 5597 1910 5667 puto,
1931 5595 2164 5652 facilius
2185 5613 2357 5668 posse
2377 5598 2604 5654 restitui
2625 5613 2694 5652 ex
2711 5612 3037 5652 marmoreo
3059 5595 3339 5652 Chronico
3371 5593 3592 5649 vitiatus
3621 5587 3843 5641 numeros

507 5684 794 5760 Anonymi
821 5684 1123 5759 Hippolyto
1141 5687 1406 5757 aqualis,
1429 5701 1604 5758 quam
1631 5689 1696 5741 ut
1714 5683 2008 5757 Hippolyti
2029 5683 2353 5746 Chronicon
2375 5684 2528 5744 658
2551 5685 2610 5741 in
2631 5683 2976 5741 marmoreis
2997 5683 3223 5742 cellulis
3243 5683 3353 5742 sibi
3373 5678 3580 5753 optime
3597 5671 3845 5762 οοῐιειιηξξ

503 5779 576 5847 ad
606 5773 845 5856 vitiatas
875 5773 1140 5855 codicum
1167 5788 1451 5841 numeros
1478 5774 1632 5838 inter
1660 5789 1724 5835 se
1753 5772 2132 5856 dissidentes,
2158 5776 2221 5838 et
2248 5773 2321 5855 ab
2351 5773 2657 5858 anonymis
2677 5772 3016 5837 auctoribus
3036 5778 3322 5853 acceptos,
3350 5773 3477 5833 tum
3504 5764 3572 5831 sb
3591 5759 3841 5835 Non!”
