4102 6172
264 229 380 292 677
1141 185 1146 188 ’
1725 225 2198 292 CHRONICON.
3544 241 3664 303 678

264 366 464 424 Latine
497 365 752 421 redditos
782 363 1174 420 inﬂectuntur.
1203 363 1388 420 Velim
1423 363 1637 435 potius,
1673 367 1737 418 ut
1765 380 1832 419 ex
1864 364 1974 418 flde
2006 363 2182 434 hujus
2200 359 3403 440 CanonisHippolyteicorriganturfmenda
3419 372 3668 444 scripto-

263 473 390 512 rum
423 454 710 511 codicum.
749 453 935 509 Facile
963 453 1120 508 enim
1152 452 1500 525 intelligitur
1529 455 1732 508 deesse
1754 469 2028 508 numeros
2051 453 2111 507 in
2144 453 2378 525 scriptis
2410 454 2709 509 Chronicis
2739 457 2924 526 capite
2963 473 3097 512 xvm
3149 459 3460 516 Canisiano
3511 463 3664 518 inter

262 544 524 617 Epochas
555 543 732 600 Exodi
766 549 822 599 et
852 542 1124 598 Ezechiae.
1161 543 1428 599 Fortasse
1459 542 1806 598 intermedia
1836 541 2034 613 aliqua
2055 542 2292 612 jacebat
2331 542 2561 615 Epocha
2593 544 2664 598 ab
2697 544 2885 600 Exodo
2904 547 2974 600 ad
3010 548 3243 603 initium
3277 550 3448 604 David
3488 568 3500 606 :
3535 557 3660 606 tum

262 635 362 690 illa
391 634 865 705 subsequebatur
896 633 966 688 ab
993 632 1161 687 initio
1195 632 1370 687 David
1401 632 1472 686 ad
1508 631 1829 699 Ezechiam,
1864 647 1993 702 quae
2023 631 2314 703 corruptis
2345 632 2607 687 numeris
2638 649 2748 686 non
2801 635 2914 688 sibi
2968 642 3216 692 constat.
3268 637 3485 695 Omitto
3519 640 3664 697 alios

262 723 759 779 antichronismos
801 737 1100 778 recensere
1145 739 1212 778 ex
1239 721 1480 777 variatis
1510 721 1861 776 lectionibus
1893 719 2187 776 Canisiani
2245 727 2303 776 et
2336 722 2620 777 Labbeani
2655 723 2866 778 codicis
2903 742 2914 792 ;
2948 741 3096 796 quas
3117 726 3390 800 colligeut
3420 729 3674 786 Chrono-

258 812 490 885 graphi,
522 812 621 884 qui
655 811 954 867 conferant
992 828 1258 867 summas
1288 827 1575 866 annorum
1607 810 2111 865 aMundiconditu
2136 815 2473 882 putatorum
2496 826 2564 866 ex
2581 827 2869 884 anonymo
2896 830 2907 867 :
2937 815 3087 869 unde
3117 817 3422 888 apparebit
3440 819 3669 874 distan-

256 901 338 956 tia
369 918 404 956 a
431 903 567 956 .Iesu
599 900 753 956 Nave
782 901 853 957 ad
885 901 1119 956 Davidis
1149 899 1384 956 initium
1406 901 1576 971 juxta
1606 899 1980 955 Canisianum
2012 898 2305 970 exemplar
2335 917 2471 954 ann.
2504 901 2629 967 555,
2657 901 2821 970 juxta
2858 903 3223 959 Labbeanum
3257 906 3380 970 495,
3415 923 3669 978 quarum

255 995 469 1046 neutra
501 990 816 1062 respondet
845 989 1016 1046 annis
1051 991 1107 1044 in
1136 989 1413 1045 Judicum
1455 993 1512 1045 et
1543 990 1763 1059 Regum
1798 1005 2040 1045 numero
2091 989 2412 1044 recensitis.
2447 989 2826 1046 Commendat
2849 991 3028 1063 igitur
3043 993 3292 1049 maxime
3313 999 3490 1051 nostri
3510 1015 3674 1053 mar-

255 1079 441 1134 moris
485 1079 683 1144 ﬁdem,
714 1083 771 1134 et
802 1078 1196 1150 praestantiam
1226 1079 1416 1150 operis
1438 1077 1783 1150 Hippolytei,
1809 1076 2164 1150 comparatio
2197 1095 2329 1134 cum
2362 1079 2661 1134 codicibus
2699 1078 3000 1136 instituta:
3023 1087 3075 1137 et
3109 1083 3464 1141 desiderium
3496 1087 3669 1142 vehe-

255 1168 519 1225 mentius
551 1168 801 1224 intendit
833 1184 1074 1240 operum
1106 1167 1256 1223 tanti
1289 1167 1476 1223 Patris
1503 1171 1560 1223 et
1588 1167 1858 1239 Martyris
1889 1182 1904 1223 :
1939 1183 2062 1237 qua:
2093 1165 2322 1239 integra
2359 1168 2777 1233 concidissent,
2812 1167 2922 1223 nisi
2959 1170 3383 1240 perennitatem
3410 1173 3667 1247 aliquam

257 1257 526 1329 ejusdem
560 1257 836 1312 doctrinae
863 1256 1128 1327 reliquiis
1162 1257 1503 1328 praeclarum
1537 1256 1780 1326 hujusce
1812 1255 2176 1311 monumenti
2216 1256 2526 1326 vestigium
2559 1260 2977 1327 comparasset.
3015 1258 3312 1316 Hactenus
3343 1259 3412 1314 V.
3449 1260 3509 1315 C.

327 1345 483 1402 Vill.
517 1345 635 1400 Hoc
657 1345 854 1416 itaque
884 1343 1507 1416 AnonymiChronicon
1530 1344 1832 1417 Hippolyto
1855 1344 2185 1415 synchroni,
2201 1344 2355 1416 quod
2372 1345 2626 1415 primum
2649 1344 2937 1401 Canisius.
2956 1347 3276 1419 (5).deinde
3297 1348 3673 1422 Labbeus(6),

262 1440 556 1509 postremo
587 1433 840 1506 Cangius
870 1435 946 1505 (7)
978 1433 1342 1506 evulgarunt,
1377 1433 1470 1488 hic
1499 1434 1791 1489 edendum
1811 1433 2166 1489 curavimus.
2190 1433 2511 1490 Editionem
2544 1439 2804 1490 nostram
2824 1436 2893 1490 ad
2910 1435 3278 1495 Labbeanam
3292 1439 3667 1511 potissimum

263 1524 564 1596 exegimus
597 1541 610 1578 :
636 1522 862 1578 collatis
892 1521 1126 1577 interim
1154 1521 1366 1577 alicubi
1399 1521 1615 1584 Canisii
1645 1527 1700 1577 ct
1721 1522 1921 1592 Cangii
1942 1521 2392 1593 exemplaribus,
2414 1523 2568 1578 unde
2587 1522 2900 1580 nonuullas
2931 1525 3355 1599 descripsimus
3377 1527 3668 1584 variantes

262 1612 562 1680 lectiones,
597 1628 723 1683 quae
757 1611 1006 1682 alicujus
1037 1610 1204 1683 pretii
1236 1627 1365 1666 esse
1396 1611 1762 1667 videbantur.
1796 1611 1936 1676 Quis
1967 1611 2150 1679 enim,
2183 1617 2250 1666 ut
2279 1627 2413 1667 cum
2442 1612 2662 1669 Labbeo
2692 1613 2916 1686 loquar,
2962 1615 3105 1670 illud
3137 1617 3336 1688 Augiae
3366 1616 3664 1673 stabulum

266 1716 516 1774 purgare
548 1701 738 1772 possit
755 1699 784 1754 7

333 1828 407 1904 (ξ)
443 1825 993 1904 ϐαῖιῇδ.-ᾼηῐ,“ῐερᾳι.
1031 1829 1071 1880 t.
1107 1825 1359 1904 Il,__edit._
1381 1841 1512 1881 nov.
1543 1829 1688 1904 tom.
1722 1826 1768 1880 Ι.
1790 1897 1891 1904 ΜΔ
2085 1826 2161 1898 (7)
2202 1825 2374 1896 Cang.
2409 1826 2467 1882 in
2501 1826 2706 1884 Select.
2738 1827 2810 1884 ad
2845 1828 3054 1885 Chron.
3105 1829 3316 1886 Pasch.
3380 1848 3511 1904 pag.
3548 1831 3672 1891 413.

333 1896 408 1970 (6)
441 1899 608 1955 Labb.
641 1897 780 1953 Nov.
812 1896 960 1952 Bibl.
998 1913 1140 1952 mss.
1175 1896 1313 1954 libr.
1345 1902 1490 1952 tom.
1542 1898 1586 1966 Ι,
1618 1913 1750 1970 pag.
1787 1897 1912 1954 298.

888 2233 1981 2393 CHRONICON
2151 2235 3045 2395 ANONYMI

722 2490 844 2558 QUI
875 2491 1006 2549 SUB
1039 2491 1475 2548 ALEXANDRO
1515 2491 1688 2561 1MP.,
1724 2491 1922 2550 ANNO
1950 2491 2236 2549 CHRISTI
2263 2492 2392 2560 236,
2426 2491 2698 2549 VIXISSE
2732 2493 3209 2553 PERHIBETUR.

658 2769 822 2808 LIBER
858 2768 1260 2808 GENERATIONIS
1301 2769 1366 2808 ΑΒ
1407 2767 1560 2807 ΔΒΑΜ
1611 2767 1798 2815 USQUE
1837 2767 1910 2807 AD
1949 2768 2210 2808 ORDlNEM
2243 2757 2260 2789 ί
2295 2769 2422 2816 ΟΠΞ
2452 2769 2809 2810 CONTINETUR
2842 2771 2901 2810 IN
2943 2770 3050 2810 HOC
3091 2771 3278 2810 LIBRO.

339 2896 718 2952 Dinumeratio
743 2904 1045 2968 temporum
1085 2902 1138 2952 et
1194 2911 1492 2952 annorum.
1527 2896 1918 2952 Generationes
2096 2897 2263 2967 Reges
2290 2897 2642 2953 Macedonum
2670 2897 2740 2952 ab
2767 2896 3098 2965 Alexandro,
3131 2903 3184 2953 et
3214 2899 3480 2970 quisquol
3508 2915 3674 2956 annis

274 2986 458 3041 saeculi
487 3000 660 3056 usque
687 2986 746 3040 in
774 2990 919 3041 nunc
946 2987 1115 3041 diem.
1150 2986 1322 3041 Terrae
1349 2985 1549 3040 divisio
1576 2985 1752 3040 tribus
1775 2983 1915 3054 ﬁliis
2023 2988 2294 3058 regnavit.

277 3071 398 3130 Noe.
2098 3077 2453 3147 Imperatores
2486 3076 2858 3131 Romanorum
2905 3075 2978 3131 ab
3009 3075 3267 3147 Augusto,
3310 3078 3362 3131 et
3393 3077 3516 3149 quis
3547 3081 3674 3150 quot

341 3164 645 3219 Declaratio
667 3165 932 3234 gentium,
973 3179 1092 3234 qua
1124 3179 1198 3217 ea:
1244 3163 1438 3234 quibus
1491 3163 1660 3236 facta?
1688 3167 1835 3231 sunt,
1867 3171 1922 3219 et
2029 3167 2199 3221 annis
2223 3167 2536 3236 imperavit.

277 3269 405 3324 quas
431 3253 642 3322 singuli
667 3255 853 3308 terras
880 3258 932 3307 et
976 3254 1219 3308 civitates
1249 3255 1432 3308 sortiti
1481 3255 1648 3307 sunt:
1696 3255 1918 3324 quanta:
2100 3255 2364 3325 Tempora
2395 3254 2786 3326 Olympiadum
2822 3255 2894 3310 ab
2939 3255 3080 3325 Iﬁto,
3125 3270 3298 3326 usque
3337 3257 3396 3311 in
3425 3271 3674 3326 praesen-

275 3343 470 3397 insulz
499 3343 673 3398 clara
691 3358 709 3396 :
732 3342 853 3414 qui,
885 3357 955 3397 ex
983 3342 1179 3412 quibus
1206 3343 1465 3411 gentibus
1482 3345 1916 3411 transmigrave-
2028 3350 2135 3398 tem
2160 3343 2563 3415 Olympiadem.

271 3436 398 3486 runt
423 3449 442 3485 :
475 3433 601 3502 quot
625 3432 862 3501 ﬂumina
883 3433 1201 3487 nominata:
1227 3431 1367 3502 quod
1388 3438 1595 3488 montes
1610 3431 1914 3488 nominati.
2099 3433 2252 3486 660
2282 3432 2515 3488 Nomina
2544 3434 3018 3489 Patriarcharum
3049 3449 3112 3487 ac
3138 3435 3539 3503 generationes.

338 3520 751 3588 Quolludices:
809 3528 860 3576 et
903 3522 1026 3592 quis
1074 3529 1202 3592 quot
1249 3523 1409 3575 annis
1454 3522 1715 3592 populum
1757 3522 1917 3593 judi-
2098 3522 2332 3577 Nomina
2362 3522 2785 3592 Prophetarum.
2810 3521 3058 3577 Mulieres
3081 3523 3460 3593 Prophetissw.

264 3611 428 3664 cavit.
2097 3611 2330 3666 Nomina
2363 3611 2564 3682 Regum
2594 3611 2946 3667 Hebraeorum
2974 3615 3031 3665 et
3090 3612 3293 3679 Regum
3349 3612 3450 3682 qui
3487 3611 3547 3667 in
3576 3611 3678 3667 Sa-

335 3699 475 3766 Quot
499 3702 669 3767 neges
698 3715 758 3753 tn
791 3698 958 3754 Tribu
985 3697 1134 3754 Iuda
1169 3713 1180 3754 :
1213 3701 1264 3754 et
1293 3701 1416 3770 quis
1461 3703 1590 3769 quot
1633 3700 1812 3754 annis
1840 3715 1922 3754 re.
2029 3702 2215 3755 maria
2241 3702 2603 3769 regnaverunt
2631 3716 2801 3772 supra
2831 3700 3014 3755 decem
3057 3700 3248 3755 Tribus
3277 3716 3289 3753 :
3325 3708 3374 3756 et
3401 3701 3521 3772 quis
3553 3708 3684 3773 quot

259 3791 478 3860 gnavit.
2027 3791 2194 3846 annis
2213 3790 2489 3860 regnavit.

336 3879 493 3936 259
523 3879 828 3935 Declaratio
857 3879 1108 3944 Pascha,
1159 3880 1210 3933 et
1261 3881 1386 3950 quis
1434 3879 1651 3950 quando
1681 3882 1922 3937 servavit
2098 3881 2341 3935 Nomina
2366 3878 2741 3934 Sacerdotum.

261 3985 331 4026 ea:
360 3969 700 4040 temporibus
731 3969 901 4040 Moysi
928 3969 990 4022 in
1019 3969 1164 4022 hunc
1191 3967 1356 4023 diem.
2101 3969 2340 4024 Nomina
2366 3969 2754 4039 Episcoporum
2795 3973 3006 4036 Romae,
3067 3974 3121 4024 et
3167 3968 3288 4039 quis
3342 3971 3467 4039 quot
3512 3967 3682 4023 annis

335 4059 505 4130 Beges
535 4059 832 4113 Persarum
863 4074 897 4113 α
926 4058 1421 4128 Cyro,etquisquol
1449 4061 1612 4114 annis
1642 4062 1918 4130 regnavit.
2029 4060 2282 4130 prefuit.

1637 4200 2324 4298 PRZEFATIO.

341 4351 827 4424 Quandoquidem
861 4352 1121 4425 oportetﬁ
1141 4351 1495 4408 instructum
1518 4369 1646 4410 esse
1662 4355 1920 4421 veritate,
2035 4353 2328 4409 industria
2359 4351 2670 4424 prtevidere
2701 4352 3000 4422 cupientes
3051 4351 3222 4421 juxta
3249 4347 3553 4403 veritatem
3584 4363 3682 4403 co-

268 4441 670 4497 necessarium
701 4440 1047 4508 existimavi,
1075 4441 1279 4496 fratres
1306 4441 1832 4508 charissimi,hunc
1861 4443 1918 4498 in
2032 4443 2373 4516 gnoscimus
2403 4441 2674 4497 Gentium
2704 4441 3069 4503 divisionem,
3090 4444 3146 4492 et
3180 4442 3480 4508 parentum
3513 4437 3682 4491 dinu—

263 4530 428 4587 brevi
459 4531 532 4586 de
561 4531 781 4586 sanctis
809 4530 1123 4602 Scripturis
1137 4530 1324 4586 facere
1345 4546 1675 4588 sermonem
1707 4533 1779 4588 ad
1793 4549 1917 4588 cor-
2033 4536 2316 4587 meratam
2386 4529 2843 4601 generationem.
2907 4527 3369 4582 Inhabitatorum
3401 4527 3422 4560 ‘
3450 4541 3686 4598 quoque

263 4621 663 4677 roborandam
714 4619 1058 4687 doctrinam,
1092 4624 1158 4674 ut
1203 4635 1306 4691 per
1363 4637 1575 4691 paucas
1604 4622 1918 4678 enarratio-
2028 4617 2613 4692 tempora,bellorum
2634 4616 3095 4684 commissiones,
3124 4614 3469 4672 etJudicum
3499 4615 3520 4649 ⁸
3540 4619 3688 4670 tem-

266 4727 394 4777 nes,
430 4726 547 4764 non
579 4709 706 4764 sine
762 4725 940 4765 causa
989 4708 1303 4780 inquisitas
1359 4709 1603 4765 virtutes
1659 4709 1920 4766 veritatis
2031 4724 2190 4780 pora,
2225 4707 2713 4778 dispensationes,
2748 4711 2804 4761 et
2850 4707 3066 4777 Regum
3105 4722 3311 4774 annos,
3345 4708 3401 4760 et
3430 4703 3686 4776 Prophe-

265 4799 446 4854 citius
476 4814 887 4871 agnoscamus,
919 4797 1324 4853 abscindentes
1357 4799 1518 4870 prius
1551 4799 1918 4855 indoctorum
2029 4803 2218 4852 tarum
2252 4801 2515 4868 tempora
2545 4795 2644 4866 qui
2676 4801 2729 4848 et
2760 4813 2827 4849 ex
2860 4796 3074 4865 quibus
3106 4794 3339 4863 regibus
3371 4793 3492 4848 nati
3523 4797 3681 4861 sunt,

266 4893 609 4960 generatam
637 4887 1066 4942 contentionem
1098 4887 1118 4921 ³
1163 4903 1292 4958 quas
1320 4886 1631 4943 obumbrat
1687 4904 1920 4954 sensus,
2032 4884 2352 4959 qualesque
2385 4883 2748 4955 captivitates
2807 4883 3028 4956 populi,
3059 4883 3275 4955 quibus
3336 4881 3596 4953 regibus,
3627 4885 3686 4935 et

265 4977 683 5051 hujuscemodi
708 4976 1009 5032 indoctum
1037 4977 1291 5033 edoceat.
1315 4981 1558 5033 Summa
1574 4983 1767 5034 autem
1787 4996 1919 5034 cum
2032 4975 2247 5048 quibus
2277 4973 2578 5044 judicibus
2621 4973 2972 5045 contigerint
3005 4996 3018 5041 ;
3053 4973 3272 5045 quique
3329 4967 3680 5037 sacerdotes,

1693 5103 1895 5166 Variae
1926 5103 2244 5165 lectiones.

345 5215 362 5248 ι
396 5209 485 5266 Ad
516 5209 780 5266 ordinem
804 5227 928 5282 quae
959 5208 1308 5282 continetur.
1343 5208 1432 5282 Sic
1454 5225 1566 5282 gms.
1605 5210 1748 5267 Edit.
1776 5210 1961 5267 Canis.
1983 5208 2122 5265 ad...
2158 5209 2362 5282 ordine
2385 5225 2512 5282 qua:
2534 5205 2870 5282 continetur
2900 5205 2956 5259 in
2989 5203 3167 5282 hujus
3199 5197 3495 5282 volumine
3524 5195 3680 5280 libri.

266 5284 290 5319 ³
310 5283 677 5338 Instructum
708 5270 837 5338 esse
857 5282 1116 5337 veritate.
1149 5281 1291 5336 Edit.
1324 5281 1495 5336 Labb.
1530 5282 1884 5338 instructum
1937 5297 2064 5337 esse
2109 5280 2370 5337 veritatis
2401 5270 2763 5334 'Diaconum.
2816 5279 2880 5332 Et
2924 5270 3084 5346 mox,
3118 5274 3311 5346 frater
3340 5270 3686 5325 charissima

265 5387 334 5398 -
367 5355 443 5409 ad
479 5354 967 5409 corroborandam
1025 5353 1348 5408 doctrinam
1398 5354 1624 5408 tuam.8
1655 5355 1788 5418 Quae
1845 5353 2158 5410 obumbrat
2215 5368 2445 5408 sensus.
2510 5350 2654 5406 Edit.
2718 5349 2878 5404 Labb.
2932 5343 3065 5418 quae
3117 5343 3690 5418 obumbrant._l_’ost

266 5442 508 5496 sensus,
531 5426 663 5481 edit.
698 5425 880 5482 Canis.
913 5429 1138 5496 prafert
1195 5425 1516 5497 secundum
1551 5412 1731 5495 :fofte
1778 5426 2081 5496 Scriptura
2129 5431 2310 5488 enim,
2362 5422 2745 5497 inquitedilor
2782 5412 2972 5497 :_quod
3011 5418 3196 5497 minus
3244 5415 3438 5497 placet.
3462 5414 3483 5446 ‘
3515 5412 3684 5494 Inha-

267 5487 596 5570 bitatorum
624 5487 1198 5570 --dispen'sati'on_es.
1228 5496 1392 5570 Labb,
1422 5487 1869 5570 Inhabitationis
1900 5487 2133 5570 quoque
2183 5487 2468 5566 tempore.
2503 5487 2974 5570 dispensationes
3009 5487 3406 5570 ;interme_diis
3451 5487 3684 5570 omissis.

379 5569 707 5630 “Judicum
734 5555 1019 5646 tempore,
1055 5555 1700 5641 dispensationes,Edit.
1755 5555 1946 5630 Canis.
1991 5555 2272 5631 Judicum
2301 5555 2568 5642 tempore
2601 5555 3105 5642 “dispensationem
3165 5561 3342 5630 Recte,
3365 5574 3424 5614 ut
3448 5555 3682 5615 videtur.
