4102 6172
3796 108 3895 119 ...Δ-η

552 283 671 345 6³79
2076 274 2203 338 ΑΝ(

2269 268 2443 339 mm
3801 286 3897 350 δυο

551 417 766 489 quibus
800 412 1158 485 temporibus
1173 411 1480 478 fuerint,et
1496 428 1623 482 quae
1641 409 1885 483 perditio
1900 411 2052 467 facta
2095 410 2189 465 sit.
2228 416 2279 481 Α
2308 412 2615 467 verborum
2638 412 3052 483 ostensionem,
3094 408 3251 470 sicut
3279 412 3505 487 expetit,
3537 416 3803 475 declarare
3827 422 3842 455 τ
3870 445 3892 473 »ι

548 506 569 540 ⁸
599 508 722 572 Quo
753 507 947 559 autem
980 502 1152 557 modo
1182 499 1476 571 generatio
1506 499 1752 555 seminis
1782 499 1959 556 Israel
1992 500 2061 555 de
2089 499 2191 556 Pa—
2302 518 2416 556 non
2448 518 2516 556 ex
2544 506 2743 558 nostra
2774 503 3027 574 quadam
3080 507 3266 574 parte,
3309 503 3407 559 sed
3436 521 3505 559 ex
3548 504 3682 577 ipsis
3710 510 3892 565 sanctis

547 595 738 652 tribus
764 594 823 648 in
854 591 1100 647 Cnmsro
1130 589 1419 660 completa
1457 588 1552 655 sit,
1602 594 1660 644 et
1700 594 1845 661 quot
1875 590 2192 661 quantique
2301 588 2617 662 Scripturis
2650 592 2973 647 testificari.
3024 591 3169 647 Hinc
3227 607 3362 665 ergo
3405 593 3745 651 occasionem
3774 597 3892 652 arri-

544 701 649 759 per
671 686 890 756 quanta
918 687 1180 751 tempora
1218 679 1666 733 dinumerentur
1695 678 1832 733 anni
1865 695 1899 733 a
1928 683 2193 734 creatura
2300 677 2527 751 pientes
2561 679 2733 750 juxta
2788 680 3053 737 ordinem
3086 681 3157 736 de
3205 680 3411 737 Genesi
3439 697 3749 740 sermonem
3780 684 3891 741 faci-

547 772 743 831 sasculi
784 786 970 842 usque
1008 769 1067 824 in
1100 768 1258 823 hunc
1289 767 1465 823 diem.
2301 782 2458 823 mus.

615 859 1089 917 Existimavimus
1131 861 1325 913 autem
1357 855 1699 929 incipientes
1732 873 1765 912 a
1792 856 1999 913 Genesi
2021 857 2192 929 juxta

1642 1199 2103 1294 INCIPIT
2172 1200 2841 1295 NABBATIO.

1099 1406 1351 1463 SECTIO
1384 1406 1624 1461 PRIMA.
2365 1404 2580 1478 Japhet
2610 1411 2808 1464 autem
2855 1406 3021 1464 tertio
3050 1424 3085 1462 a
3125 1407 3314 1465 Media
3360 1423 3545 1481 usque
3575 1407 3771 1464 Gadira
3794 1408 3850 1464 ad
3876 1408 3892 1444 '

919 1498 1079 1553 Liber
1103 1497 1477 1565 generationis
1506 1494 1807 1549 hominum.
2296 1494 2571 1551 Buroam.

2366 1584 2552 1639 Habet
2581 1590 2777 1641 autem
2798 1585 3236 1657 Japbettlumeu
3259 1586 3577 1659 Tigridem,
3608 1585 3703 1659 qui
3728 1585 3892 1642 dividit

2294 1672 2541 1729 Mediam
2573 1678 2630 1728 et
2674 1673 3085 1746 Babyloniam:
3119 1674 3251 1730 Sem
3312 1680 3507 1731 autem
3562 1674 3889 1747 Euphratem,

2293 1765 2349 1818 et
2376 1761 2553 1816 Cham
2583 1762 2762 1833 Geon,
2797 1764 2897 1835 qui
2924 1767 3163 1819 vocatur
3186 1763 3371 1819 Nilus.

2363 1850 2624 1905 Confusa
2659 1855 2800 1906 sunt
2828 1856 3025 1907 autem
3049 1851 3261 1925 linguae
3290 1851 3730 1925 postdiluvium.
3752 1853 3890 1907 Erant

2289 1944 2483 1994 autem
2518 1956 2643 2010 qua
2674 1941 2932 1995 confusae
2964 1946 3101 1995 sunt
3128 1940 3339 2011 linguai
3376 1958 3548 2009 Lxxn,
3579 1947 3636 1998 et
3663 1942 3749 2013 qui
3776 1940 3887 1995 Tur-

2289 2044 2409 2083 rem
2443 2029 2813 2084 aediﬁcabant
2842 2034 3008 2085 erant
3045 2034 3247 2101 gentes
3295 2048 3473 2092 Lxxn.
3522 2047 3643 2102 qua
3673 2030 3887 2085 etiamin

2287 2113 2508 2187 linguis
2540 2133 2719 2189 super
2750 2117 2953 2172 faciem
2978 2118 3157 2173 totius
3189 2122 3353 2173 terra:
3391 2119 3585 2174 divisas
3615 2123 3754 2173 sunt.

2358 2204 2576 2261 Nebrot
2619 2210 2816 2261 autem
2865 2207 3055 2279 gigas,
3103 2206 3260 2263 filius
3316 2206 3501 2276 Cbus,
3557 2206 3811 2278 Ethiops,
3841 2206 3885 2260 in

2205 2270 2252 2336 Β
2283 2309 2479 2349 escam
2513 2294 2721 2351 inediis
2765 2296 2785 2330 °
2818 2270 3080 2352 venando
3110 2270 3602 2353 subministrabat
3628 2270 3816 2352 best-ias
3840 2296 3884 2348 in

2285 2380 2503 2438 cibum.

2356 2472 2505 2528 θθι
2533 2472 2827 2529 Vocabula
2849 2477 3041 2530 autem
3074 2491 3220 2531 Lxxn
3242 2475 3356 2532 hac
3391 2480 3548 2532 sunt.

606 1625 727 1689 Quo
759 1624 850 1679 die
879 1622 1014 1677 fecit
1053 1621 1206 1677 Deus
1237 1620 1445 1687 Adam,
1474 1620 1545 1674 ad
1578 1618 1893 1691 imaginem
1920 1617 2015 1673 Dei
2050 1617 2192 1674 fecit

534 1731 653 1770 608.

600 1801 755 1857 Vixit
784 1804 977 1856 autem
1009 1799 1192 1853 Adam
1226 1797 1396 1853 annis
1424 1813 1599 1852 ccxxx
1638 1801 1694 1851 et
1724 1798 1926 1867 genuit
1948 1796 2109 1852 Seth.

597 1890 754 1945 Vixit
783 1894 975 1944 autem
1010 1886 1147 1943 Seth
1183 1886 1352 1941 annis
1375 1902 1468 1939 ccv
1500 1889 1557 1939 et
1603 1886 1805 1956 genuit
1837 1885 2009 1940 Enos.

599 1984 668 2035 Et
694 1979 835 2033 vixit
868 1979 1016 2032 Enos
1048 1974 1219 2030 annis
1249 1992 1372 2029 Cin
1403 1978 1460 2029 et
1488 1975 1690 2045 genuit
1720 1973 1957 2028 Cainan.

600 2070 669 2125 Et
699 2069 842 2123 vixit
869 2066 1087 2121 Cainan
1110 2066 1280 2119 annis
1312 2080 1453 2117 CLxx
1478 2067 1533 2117 et
1555 2061 1757 2133 genuit
1790 2061 2067 2118 Malaleel.

601 2155 885 2228 [Malaleel
918 2155 1079 2223 vixit]
1110 2153 1281 2207 annis
1301 2168 1439 2206 οων
1466 2155 1522 2205 et
1539 2152 1740 2223 genuit
1765 2150 1960 2206 Jared.

600 2248 669 2302 Et
698 2246 837 2300 vixit
864 2243 1035 2299 Jared
1072 2241 1242 2297 annis
1264 2257 1416 2295 cnxn
1446 2246 1502 2295 et
1518 2239 1720 2311 genuit
1747 2239 1960 2293 Enoch.

600 2337 669 2390 Et
706 2335 847 2390 vixit
875 2332 1067 2388 Enoob
1084 2331 1253 2386 annis
1284 2346 1422 2384 cnxv
1454 2333 1510 2384 et
1540 2328 1741 2401 genuit
1761 2327 2173 2383 Mathusalam.

600 2425 667 2480 Et
696 2423 837 2480 vixit
884 2419 1270 2479 Mathusalam
1304 2418 1474 2474 annis
1513 2433 1696 2474 Cvan
1744 2420 1801 2473 et
1829 2417 2031 2490 genuit
2061 2417 2174 2473 La-

529 2530 676 2569 meo.

595 2604 663 2657 Et
692 2601 835 2657 vixit
866 2600 1075 2655 Lamec
1098 2596 1267 2653 annis
1296 2612 1578 2651 ouxxvm
1606 2602 1662 2651 et
1700 2596 1903 2667 genuit
1929 2594 2065 2650 Noe.
2918 2618 3165 2676 SECTIO
3196 2620 3292 2676 ιη,

596 2692 666 2747 Et
698 2692 821 2746 erat
849 2688 967 2743 Noe
999 2702 1285 2742 annorum
1319 2702 1373 2753 n,
1395 2690 1449 2740 et
1462 2685 1664 2757 genuit
1694 2689 1813 2740 tres
1839 2682 1987 2740 ﬁlios
2016 2684 2172 2756 Sem,

526 2780 707 2837 Cham
741 2783 796 2834 et
824 2778 1056 2849 Japbet.

594 2873 735 2925 Post
766 2884 949 2923 annos
1004 2869 1197 2921 autem
1259 2880 1309 2926 c.
1362 2868 1674 2936 postquam
1726 2866 2038 2935 generatus
2088 2867 2176 2917 est

524 2960 682 3025 Sem,
712 2960 775 3012 tit
806 2956 1262 3025 diluvxum,cum
1277 2958 1432 3009 esset
1453 2969 1739 3008 annorum
1764 2957 2172 3008 sexcentorum

522 3046 662 3105 Noe.

597 3138 772 3193 Fiunt
800 3151 935 3205 ergo
970 3134 1041 3188 ab
1075 3133 1259 3187 Adam
1293 3148 1479 3203 usque
1501 3130 1570 3185 ad
1602 3128 1895 3185 Diluvium
1929 3146 2171 3202 genera-

521 3226 709 3282 tiones
740 3242 818 3293 xi,
851 3222 985 3279 anni
1034 3239 1094 3291 ιι,
1129 3238 1376 3277 MCCXLII.
1437 3219 1563 3275 istas
1592 3226 1731 3275 sunt
1766 3220 2171 3291 generationes

521 3316 675 3371 Sem.

586 3408 716 3462 Sem
750 3420 885 3460 cum
917 3406 1071 3458 esset
1120 3416 1407 3456 annorum
1440 3415 1472 3454 c
1516 3397 1717 3471 genuit
1750 3398 1985 3453 Arfaxat
2015 3414 2167 3454 anno

519 3495 773 3551 secundo
806 3496 938 3565 post
967 3489 1283 3546 Diluvium.

591 3585 656 3639 Et
686 3582 821 3636 vixit
850 3582 1083 3636 Arfaxat
1112 3578 1282 3633 annis
1310 3594 1489 3633 cxxxv
1518 3581 1574 3632 et
1598 3576 1801 3648 genuit
1829 3575 2067 3630 Cainan.

590 3676 657 3726 Et
683 3671 823 3727 vixit
854 3669 1070 3725 Cainan
1102 3667 1270 3722 annis
1302 3683 1445 3721 cxxx
1476 3670 1533 3721 et
1560 3666 1763 3738 genuit
1793 3665 1942 3721 Sale.

585 3762 655 3815 Et
690 3760 826 3814 vixit
857 3758 986 3813 Sale
1018 3756 1187 3811 annis
1217 3772 1361 3810 cxxx
1387 3760 1445 3810 et
1472 3754 1674 3827 genuit
1704 3754 1911 3809 Heber.

584 3851 655 3905 Et
681 3848 819 3903 vixit
855 3847 1038 3903 Heber
1068 3845 1238 3900 annis
1268 3860 1471 3899 cxxxw
1506 3848 1561 3898 et
1582 3845 1784 3914 genuit
1826 3841 2049 3897 Phaleo.

582 3938 776 4011 Usque
809 3937 875 3992 ad
914 3936 1070 3990 hunc
1118 3934 1522 4005 generationes
1549 3948 1601 3997 ν,
1636 3931 1804 3987 annis
1836 3947 2007 3985 nxx1x
2039 3948 2053 3999 ;
2086 3931 2157 3986 ab

506 4028 690 4083 Adam
744 4031 959 4090 autem,
1049 4023 1453 4095 generationes
1523 4037 1615 4091 xv,
1704 4020 1841 4075 anni
1898 4025 2038 4075 sunt
2093 4036 2156 4092 ιι,

507 4132 814 4172 MDCCLXXI.

2357 2738 2484 2795 Filii
2508 2740 2739 2813 Japbet.
2762 2742 2971 2799 Gamer
3006 2745 3069 2813 ιθ,
3102 2760 3169 2799 ex
3199 2760 3316 2815 quo
3349 2744 3763 2817 Cappadoces...

2355 2828 2580 2902 Magog.
2614 2830 2685 2885 de
2715 2848 2829 2902 quo
2850 2831 3017 2887 Celtze
3049 2837 3105 2888 et
3126 2832 3372 2889 Galate.

2354 2917 2557 2986 Made,
2591 2919 2661 2974 de
2693 2936 2807 2991 quo
2824 2920 2999 2976 Medi.

2353 3006 2499 3077 Van,
2533 3008 2602 3063 de
2634 3024 2749 3079 quo
2768 3009 2947 3064 Graeci
2972 3015 3028 3065 et
3054 3010 3254 3066 Jones.

2352 3096 2594 3161 Thobel,
2630 3099 2783 3153 unde
2812 3104 2868 3153 et
2899 3097 3262 3155 ’l‘halienses.

2353 3185 2568 3255 Mosoc,
2595 3188 2747 3241 unde
2780 3186 3009 3260 Illyrici.

2348 3274 2579 3340 Thiras,
2613 3277 2766 3331 unde
2795 3276 3068 3333 Thraces.

2348 3363 2565 3435 Cethyn
2602 3366 2665 3430 ¹¹,
2698 3365 2853 3420 unde
2884 3366 3244 3423 Macedones.

2347 3456 2414 3507 Et
2442 3453 2547 3508 ﬁlii
2577 3452 2806 3523 Gamer,
2840 3460 3120 3520 Ascanaz,
3152 3456 3222 3511 de
3256 3472 3378 3527 quo
3417 3457 3697 3513 Sarmata.

2348 3541 2538 3613 Ritan,
2572 3542 2643 3598 de
2673 3560 2787 3614 quo
2819 3543 3196 3601 Sauromata.

2190 3638 2232 3703 ί]
2341 3631 2673 3704 'l‘hogorma
2702 3632 2772 3688 de
2799 3648 2914 3703 quo
2946 3634 3227 3688 Armenii.

2341 3720 2409 3775 Et
2437 3720 2539 3774 filii
2574 3724 2721 3786 Van,
2756 3719 2978 3788 Elisan,
3011 3720 3167 3777 unde
3198 3719 3411 3778 Siculi.

2338 3809 2601 3877 Tharsis,
2635 3824 2703 3864 ex
2733 3825 2848 3881 quo
2880 3808 3099 3877 Hiberi,
3132 3810 3232 3881 qui
3275 3815 3337 3867 et
3377 3810 3633 3884 Tyrreni.

2339 3898 2514 3954 Cithu
2548 3900 2615 3966 ¹²,
2644 3900 2715 3955 de
2740 3915 2850 3969 quo
2884 3898 3153 3968 Romani,
3185 3899 3286 3971 qui
3337 3906 3397 3957 et
3446 3899 3646 3968 Latini,
3680 3891 3857 3954 Rhodi:

2268 4004 2471 4044 omnes
2491 4005 2581 4043 XV.

2338 4077 2418 4133 De
2448 4078 2540 4133 his
2569 4075 2915 4133 exstiterunt
2949 4077 3155 4135 Insulae
3196 4080 3479 4151 gentium
3512 4097 3526 4148 ;
3555 4081 3683 4135 sunt
3706 4076 3854 4132 autem

2266 4166 2456 4239 Cyprii
2486 4184 2555 4222 ex
2582 4166 2955 4223 Citiensibus.

847 4313 855 4321 .
904 4312 934 4328 ,ί
958 4312 989 4328 ._
1019 4312 1032 4328 ,
1589 4305 1712 4328 ,,_._._
1750 4305 1849 4328 ,,__
2273 4216 2977 4327 deiIx-ilaphetns'i'q-uid—e'm
3008 4256 3369 4326 invenimus,
3399 4264 3455 4315 et
3496 4274 3591 4315 eos
3626 4254 3715 4328 qui
3752 4250 3853 4309 sunt

787 4312 994 4367 Πίυίδίο
1014 4312 1181 4365 ima"
1208 4316 1261 4363 εί
1288 4306 1355 4363 de
1384 4307 1560 4361 "um"
1580 4305 1713 4374 βιίίδ
1741 4305 1867 4361 Νθθ·
2263 4345 2335 4400 ad
2365 4305 2605 4400 Borram
2636 4362 2705 4401 ex
2735 4305 2878 4417 ipsis
2910 4346 2981 4400 de
3010 4361 3078 4400 ea
3105 4346 3294 4402 tribus
3337 4305 3687 4404 (Eitiensium.

573 4436 710 4492 Post
741 4436 1025 4491 diluvium
1084 4437 1300 4498 autem,
1362 4432 1518 4495 Sem,
1577 4429 1759 4485 Cham
1808 4435 1866 4485 et
1920 4428 2150 4502 Japbet,
2333 4436 2477 4489 Sunt
2506 4440 2699 4490 autem
2731 4451 2799 4490 ex
2830 4435 2975 4506 ipsis
3005 4436 3181 4490 etiam
3211 4444 3421 4508 gentes
3453 4454 3575 4508 qua:
3606 4438 3727 4491 sunt
3756 4430 3801 4485 in
3819 4426 3849 4461 "

500 4526 680 4580 trium
718 4525 986 4594 fratrum,
1016 4523 1204 4578 tribus
1227 4521 1425 4576 divisa
1458 4526 1615 4575 sunt.
2261 4523 2480 4591 Ellada,
2514 4529 2721 4595 praeter
2752 4539 2851 4579 eos
2873 4524 2971 4595 qui
3005 4528 3384 4596 postmodum
3412 4527 3741 4581 advenerunt
3766 4516 3846 4572 ibi:

574 4614 643 4668 Et
672 4614 804 4668 Sem
838 4613 1073 4684 quidem
1103 4610 1488 4683 primogenito
1518 4627 1551 4665 a
1575 4608 1812 4663 Persida
1841 4613 1899 4664 et
1929 4609 2151 4665 Bactris
2263 4612 2447 4684 Reges
2463 4612 2561 4684 qui
2594 4612 3490 4686 habitaveruntcivitatem,qum
3507 4613 3649 4685 apud
3671 4611 3846 4666 Greca!

503 4717 694 4772 usque
715 4702 773 4757 in
808 4701 973 4755 India
1002 4699 1173 4772 longe
1204 4704 1259 4755 et
1289 4716 1475 4770 usque
1504 4697 1563 4753 in
1598 4698 2014 4753 Rhinocoruris
2037 4702 2147 4765 est,
2261 4700 2601 4768 honoratur,
2624 4702 2881 4757 Athenas
2911 4706 2967 4756 et
2997 4701 3384 4757 Thebaaorum
3412 4722 3425 4759 :
3451 4702 3706 4774 quoniam
3723 4695 3845 4753 Sido-

571 4790 754 4846 Cham
787 4794 981 4845 autem
1014 4790 1269 4845 secundo
1310 4806 1342 4843 a
1367 4788 1783 4845 Rhinocoruris
1823 4804 2011 4860 usque
2040 4791 2151 4844 Ga-
2260 4790 2492 4845 nioruni
2554 4794 2694 4845 sunt
2748 4790 3168 4847 inbabitatores
3219 4807 3233 4846 ε
3265 4799 3321 4846 et
3377 4794 3711 4864 quicumque
3740 4784 3843 4839 sunt

502 4880 649 4937 dira.
2261 4879 2359 4934 alii
2388 4878 2678 4946 similiter,
2712 4879 2965 4951 posthaec
2996 4880 3149 4952 apud
3193 4879 3496 4936 Helladam
3524 4874 3841 4944 transmigra-

1940 5085 2142 5150 Varias
2174 5084 2495 5149 lectiones.

571 5248 593 5285 ⁸
622 5249 743 5315 0υο
766 5253 962 5306 autem
993 5244 1187 5304 modo.
1223 5244 1304 5300 Ita
1337 5241 1501 5321 Editt.
1526 5239 1725 5321 _Ca_nix.
1770 5252 1820 5299 et
1857 5245 2031 5321 Labh.
2075 5249 2136 5303 At
2193 5248 2385 5321 Cong:
2407 5255 2458 5302 et
2484 5320 2493 5321 ί
2524 5247 2739 5303 Fabric.
2782 5264 2908 5320 quae
2957 5248 3250 5304 ammodo.
3282 5249 3301 5282 τ
3333 5248 3493 5304 Sicut
3528 5238 3749 5321 expetit,
3783 5231 3834 5321 δε

502 5307 739 5387 σιω-ἔνθ,
772 5326 963 5377 Canis.
1016 5321 1169 5376 sicut
1223 5316 1453 5385 expedit
1508 5314 1821 5388 declarare.
1856 5317 1874 5350 ⁸
1917 5319 2001 5371 Ad
2039 5307 2333 5388 Buroam:
2357 5320 2528 5377 Labb.
2583 5307 2841 5376 Borram.
2897 5320 2981 5376 AL
3034 5321 3329 5376 Borream.
3360 5321 3382 5354 ⁹
3414 5307 3633 5374 ιηθάὶὶέ.
3686 5309 3758 5365 Sic

501 5386 763 5463 Gangius.
796 5395 969 5449 Labb.
998 5398 1183 5463 tamen
1218 5388 1457 5463 mediis.
1509 5386 1692 5463 (Ignis.
1747 5386 1974 5463 Mediis.
2018 5390 2059 5425 ¹⁰
2089 5386 2323 5447 Gamer.
2362 5391 2540 5447 Variae
2594 5392 2746 5447 circa
2797 5393 3026 5447 nomina
3076 5397 3368 5447 occurrunt
3424 5390 3674 5463 lectiones,

501 5447 687 5521 uidere
741 5447 1003 5531 cstdpud
1046 5462 1383 5531 Scaligerum
1436 5460 1491 5512 in
1553 5460 1823 5514 Thesauro
1872 5462 2197 5531 temporum,
2238 5478 2294 5531 ρ.
2346 5463 2435 5519 45.
2491 5465 2531 5499 ¹¹
2594 5463 2835 5531 Cethyn,
2900 5464 3053 5519 unde
3109 5464 3467 5520 Macedones.
3520 5447 3829 5531 mepte:-

501 5480 687 5521 viaere
741 5480 886 5521 esca
931 5480 1003 5519 ua
1046 5480 1383 5531 ocaugcrum
1436 5480 1491 5512 ιη
1556 5480 1823 5514 mesauro
1872 5480 2197 5531 temporum,
2238 5480 2294 5531 ρ.
2346 5480 2435 5519 ιω.
2492 5480 2531 5499 ιι
2594 5480 2731 5518 uein
2779 5481 2835 5531 n,
2900 5480 3053 5519 unae
3110 5480 3467 5520 macedonos.
3520 5480 3680 5515 cauis.
3721 5480 3825 5527 υξιυ·

500 5536 631 5613 t_im,
665 5537 821 5613 unde
850 5482 1107 5613 'lﬁojani,
1136 5532 1397 5613 Phrygii:
1428 5532 1790 5613 Macedones.
1824 5530 1870 5567 ¹²
1915 5531 2110 5589 Cithu.
2156 5535 2256 5613 lia.
2283 5534 2485 5613 Lahbej
2517 5533 2647 5591 edit.
2692 5480 2778 5590 Ai
2811 5534 3245 5613 Qithii._(_.‘_an_is.
3287 5538 3477 5613 gutcm
3492 5519 3825 5613 negglig.

498 5586 1160 5685 ἅῑᾲυὶῖῑὸιῐπὲιῐι⁴ίζῖέίιῖ
1180 5586 1453 5665 simini
1488 5586 1835 5672 :Dodanim,
1880 5586 1949 5662 ei
2003 5586 2119 5682 die
2157 5586 2646 5673 ἷξὶίᾶώίῐόιὴὴὶέ
2678 5586 2776 5665 it;
2819 5586 3244 5667 ῖῑᾘεῖιζάες
3276 5586 3545 5663 eam,
3572 5586 3821 5658 Thebaide.
