  <div class='ocr_page' id='page_1' title='image "/cluster/home/n/w/nwhite01/storage/ocr_20150623/3/hvd.32044073549586/394.png"; bbox 0 0 4102 6172; ppageno 0'>
   <div class='ocr_carea' id='block_1_1' title="bbox 271 229 377 291">
    <p class='ocr_par' dir='ltr' id='par_1_1' title="bbox 271 229 377 291">
     <span class='ocr_line' id='line_1_1' title="bbox 271 229 377 291; baseline -0.009 0"><span class='ocrx_word' id='word_1_1' title='bbox 271 229 377 291; x_wconf 80' lang='grc'>681</span> 
     </span>
    </p>
   </div>
   <div class='ocr_carea' id='block_1_2' title="bbox 1738 227 2215 289">
    <p class='ocr_par' dir='ltr' id='par_1_2' title="bbox 1738 227 2215 289">
     <span class='ocr_line' id='line_1_2' title="bbox 1738 227 2215 289; baseline 0 0"><span class='ocrx_word' id='word_1_2' title='bbox 1738 227 2215 289; x_wconf 81' lang='lat' dir='ltr'>CHRONICON.</span> 
     </span>
    </p>
   </div>
   <div class='ocr_carea' id='block_1_3' title="bbox 3559 235 3676 298">
    <p class='ocr_par' dir='ltr' id='par_1_3' title="bbox 3559 235 3676 298">
     <span class='ocr_line' id='line_1_3' title="bbox 3559 235 3676 298; baseline 0.034 -4"><span class='ocrx_word' id='word_1_3' title='bbox 3559 235 3676 298; x_wconf 71' lang='lat'>682</span> 
     </span>
    </p>
   </div>
   <div class='ocr_carea' id='block_1_4' title="bbox 268 361 3684 440">
    <p class='ocr_par' dir='ltr' id='par_1_4' title="bbox 268 361 3684 440">
     <span class='ocr_line' id='line_1_4' title="bbox 268 361 3684 440; baseline 0.002 -22"><span class='ocrx_word' id='word_1_4' title='bbox 268 363 916 436; x_wconf 84' lang='lat' dir='ltr'>verunt.Cognoscimus</span> <span class='ocrx_word' id='word_1_5' title='bbox 945 366 1138 419; x_wconf 89' lang='lat' dir='ltr'>autem</span> <span class='ocrx_word' id='word_1_6' title='bbox 1177 363 1295 418; x_wconf 88' lang='lat' dir='ltr'>hac</span> <span class='ocrx_word' id='word_1_7' title='bbox 1310 380 1378 418; x_wconf 83' lang='lat' dir='ltr'>ex</span> <span class='ocrx_word' id='word_1_8' title='bbox 1408 362 1531 435; x_wconf 83' lang='lat' dir='ltr'>lege</span> <span class='ocrx_word' id='word_1_9' title='bbox 1548 367 1603 417; x_wconf 90' lang='lat' dir='ltr'>et</span> <span class='ocrx_word' id='word_1_10' title='bbox 1623 361 1918 434; x_wconf 84' lang='lat' dir='ltr'>prophetis</span> <span class='ocrx_word' id='word_1_11' title='bbox 1950 364 2003 427; x_wconf 85' lang='grc' dir='ltr'><strong>Α</strong></span> <span class='ocrx_word' id='word_1_12' title='bbox 2034 378 2148 433; x_wconf 88' lang='lat' dir='ltr'>quo</span> <span class='ocrx_word' id='word_1_13' title='bbox 2181 362 2490 433; x_wconf 89' lang='lat' dir='ltr'>Pamphilii</span> <span class='ocrx_word' id='word_1_14' title='bbox 2517 380 2530 430; x_wconf 89' lang='lat'>;</span> <span class='ocrx_word' id='word_1_15' title='bbox 2566 362 2805 434; x_wconf 84' lang='lat' dir='ltr'>Labain,</span> <span class='ocrx_word' id='word_1_16' title='bbox 2838 364 2907 420; x_wconf 91' lang='lat' dir='ltr'>de</span> <span class='ocrx_word' id='word_1_17' title='bbox 2940 382 3055 437; x_wconf 88' lang='lat' dir='ltr'>quo</span> <span class='ocrx_word' id='word_1_18' title='bbox 3087 365 3329 435; x_wconf 89' lang='lat' dir='ltr'>Laboez,</span> <span class='ocrx_word' id='word_1_19' title='bbox 3353 366 3600 440; x_wconf 90' lang='lat' dir='ltr'>Neptoin</span> <span class='ocrx_word' id='word_1_20' title='bbox 3626 374 3684 424; x_wconf 89' lang='lat' dir='ltr'>et</span> 
     </span>
    </p>
   </div>
   <div class='ocr_carea' id='block_1_5' title="bbox 331 450 1915 526">
    <p class='ocr_par' dir='ltr' id='par_1_5' title="bbox 331 450 1915 526">
     <span class='ocr_line' id='line_1_5' title="bbox 331 450 1915 526; baseline -0.003 -18"><span class='ocrx_word' id='word_1_21' title='bbox 331 453 469 508; x_wconf 88' lang='lat' dir='ltr'>Erat</span> <span class='ocrx_word' id='word_1_22' title='bbox 492 469 628 526; x_wconf 90' lang='lat' dir='ltr'>ergo</span> <span class='ocrx_word' id='word_1_23' title='bbox 652 454 721 508; x_wconf 90' lang='lat' dir='ltr'>de</span> <span class='ocrx_word' id='word_1_24' title='bbox 743 452 955 525; x_wconf 87' lang='lat' dir='ltr'>Japhet</span> <span class='ocrx_word' id='word_1_25' title='bbox 978 453 1049 507; x_wconf 90' lang='lat' dir='ltr'>ad</span> <span class='ocrx_word' id='word_1_26' title='bbox 1082 452 1484 508; x_wconf 75' lang='lat' dir='ltr'>confusionem</span> <span class='ocrx_word' id='word_1_27' title='bbox 1533 450 1739 506; x_wconf 90' lang='lat' dir='ltr'>Turris</span> <span class='ocrx_word' id='word_1_28' title='bbox 1789 451 1915 504; x_wconf 89' lang='lat' dir='ltr'>Tri-</span> 
     </span>
    </p>
   </div>
   <div class='ocr_carea' id='block_1_6' title="bbox 271 541 1921 615">
    <p class='ocr_par' dir='ltr' id='par_1_6' title="bbox 271 541 1921 615">
     <span class='ocr_line' id='line_1_6' title="bbox 271 541 1921 615; baseline -0.001 -18"><span class='ocrx_word' id='word_1_29' title='bbox 271 542 385 597; x_wconf 91' lang='lat' dir='ltr'>bus</span> <span class='ocrx_word' id='word_1_30' title='bbox 405 559 498 597; x_wconf 85' lang='lat' dir='ltr'>xv.</span> <span class='ocrx_word' id='word_1_31' title='bbox 529 542 599 597; x_wconf 88' lang='lat' dir='ltr'>Et</span> <span class='ocrx_word' id='word_1_32' title='bbox 627 542 715 597; x_wconf 84' lang='lat' dir='ltr'>ha</span> <span class='ocrx_word' id='word_1_33' title='bbox 748 546 948 615; x_wconf 83' lang='lat' dir='ltr'>gentes</span> <span class='ocrx_word' id='word_1_34' title='bbox 977 542 1187 615; x_wconf 85' lang='lat' dir='ltr'>Japhet</span> <span class='ocrx_word' id='word_1_35' title='bbox 1217 559 1249 597; x_wconf 92' lang='lat' dir='ltr'>a</span> <span class='ocrx_word' id='word_1_36' title='bbox 1280 541 1466 597; x_wconf 85' lang='lat' dir='ltr'>Media</span> <span class='ocrx_word' id='word_1_37' title='bbox 1505 558 1694 613; x_wconf 88' lang='lat' dir='ltr'>usque</span> <span class='ocrx_word' id='word_1_38' title='bbox 1723 555 1921 609; x_wconf 89' lang='lat' dir='ltr'>vespe-</span> 
     </span>
    </p>
   </div>
   <div class='ocr_carea' id='block_1_7' title="bbox 262 629 1924 703">
    <p class='ocr_par' dir='ltr' id='par_1_7' title="bbox 262 629 1924 703">
     <span class='ocr_line' id='line_1_7' title="bbox 262 629 1924 703; baseline -0.001 -17"><span class='ocrx_word' id='word_1_39' title='bbox 262 648 394 687; x_wconf 88' lang='lat' dir='ltr'>rum</span> <span class='ocrx_word' id='word_1_40' title='bbox 435 631 649 688; x_wconf 88' lang='lat' dir='ltr'>Oceani</span> <span class='ocrx_word' id='word_1_41' title='bbox 697 632 929 688; x_wconf 76' lang='lat' dir='ltr'>diﬂ‘usa</span> <span class='ocrx_word' id='word_1_42' title='bbox 981 636 1141 703; x_wconf 84' lang='lat' dir='ltr'>sunt,</span> <span class='ocrx_word' id='word_1_43' title='bbox 1190 632 1562 688; x_wconf 80' lang='lat' dir='ltr'>attendentes</span> <span class='ocrx_word' id='word_1_44' title='bbox 1616 645 1803 702; x_wconf 87' lang='lat' dir='ltr'>usque</span> <span class='ocrx_word' id='word_1_45' title='bbox 1852 629 1924 684; x_wconf 90' lang='lat' dir='ltr'>ad</span> 
     </span>
    </p>
   </div>
   <div class='ocr_carea' id='block_1_8' title="bbox 262 721 527 776">
    <p class='ocr_par' dir='ltr' id='par_1_8' title="bbox 262 721 527 776">
     <span class='ocr_line' id='line_1_8' title="bbox 262 721 527 776; baseline 0.004 -1"><span class='ocrx_word' id='word_1_46' title='bbox 262 721 527 776; x_wconf 88' lang='lat' dir='ltr'>Borram.</span> 
     </span>
    </p>
   </div>
   <div class='ocr_carea' id='block_1_9' title="bbox 330 808 1927 882">
    <p class='ocr_par' dir='ltr' id='par_1_9' title="bbox 330 808 1927 882">
     <span class='ocr_line' id='line_1_9' title="bbox 330 808 1927 882; baseline -0.003 -17"><span class='ocrx_word' id='word_1_47' title='bbox 330 809 505 879; x_wconf 86' lang='lat' dir='ltr'>Medi,</span> <span class='ocrx_word' id='word_1_48' title='bbox 532 809 765 877; x_wconf 86' lang='lat' dir='ltr'>Albani,</span> <span class='ocrx_word' id='word_1_49' title='bbox 786 808 1058 882; x_wconf 88' lang='lat' dir='ltr'>Gargani,</span> <span class='ocrx_word' id='word_1_50' title='bbox 1082 811 1244 879; x_wconf 90' lang='lat' dir='ltr'>Arre,</span> <span class='ocrx_word' id='word_1_51' title='bbox 1267 808 1526 873; x_wconf 89' lang='lat' dir='ltr'>Armeni,</span> <span class='ocrx_word' id='word_1_52' title='bbox 1581 809 1927 862; x_wconf 62' lang='lat' dir='ltr'>Amazones:</span> 
     </span>
    </p>
   </div>
   <div class='ocr_carea' id='block_1_10' title="bbox 255 896 1929 983">
    <p class='ocr_par' dir='ltr' id='par_1_10' title="bbox 255 896 1929 983">
     <span class='ocr_line' id='line_1_10' title="bbox 255 896 1929 983; baseline -0.004 -27"><span class='ocrx_word' id='word_1_53' title='bbox 255 898 409 969; x_wconf 89' lang='lat' dir='ltr'>Culi,</span> <span class='ocrx_word' id='word_1_54' title='bbox 441 898 730 967; x_wconf 84' lang='lat' dir='ltr'>Gorzieni,</span> <span class='ocrx_word' id='word_1_55' title='bbox 764 898 1071 969; x_wconf 80' lang='lat' dir='ltr'>Benageni,</span> <span class='ocrx_word' id='word_1_56' title='bbox 1117 898 1513 971; x_wconf 80' lang='lat' dir='ltr'>Cappadoces,</span> <span class='ocrx_word' id='word_1_57' title='bbox 1559 896 1929 983; x_wconf 62' lang='lat' dir='ltr'>Paﬂagones,</span> 
     </span>
    </p>
   </div>
   <div class='ocr_carea' id='block_1_11' title="bbox 256 983 1904 1057">
    <p class='ocr_par' dir='ltr' id='par_1_11' title="bbox 256 983 1904 1057">
     <span class='ocr_line' id='line_1_11' title="bbox 256 983 1904 1057; baseline -0.003 -14"><span class='ocrx_word' id='word_1_58' title='bbox 256 987 649 1056; x_wconf 86' lang='lat' dir='ltr'>Mariandeni,</span> <span class='ocrx_word' id='word_1_59' title='bbox 699 988 1077 1056; x_wconf 88' lang='lat' dir='ltr'>Tibarenses,</span> <span class='ocrx_word' id='word_1_60' title='bbox 1136 986 1427 1053; x_wconf 90' lang='lat' dir='ltr'>Chalibes,</span> <span class='ocrx_word' id='word_1_61' title='bbox 1498 983 1904 1057; x_wconf 87' lang='lat' dir='ltr'>Mossynnacii</span> 
     </span>
    </p>
   </div>
   <div class='ocr_carea' id='block_1_12' title="bbox 254 1055 1931 1161">
    <p class='ocr_par' dir='ltr' id='par_1_12' title="bbox 254 1055 1931 1161">
     <span class='ocr_line' id='line_1_12' title="bbox 254 1055 1931 1161; baseline -0.003 -28"><span class='ocrx_word' id='word_1_62' title='bbox 254 1075 483 1143; x_wconf 84' lang='lat' dir='ltr'>Colchi,</span> <span class='ocrx_word' id='word_1_63' title='bbox 515 1076 859 1143; x_wconf 90' lang='lat' dir='ltr'>Melanceni,</span> <span class='ocrx_word' id='word_1_64' title='bbox 907 1076 1211 1147; x_wconf 88' lang='lat' dir='ltr'>Sarmata,</span> <span class='ocrx_word' id='word_1_65' title='bbox 1260 1077 1635 1141; x_wconf 89' lang='lat' dir='ltr'>Sauromata,</span> <span class='ocrx_word' id='word_1_66' title='bbox 1665 1055 1931 1161; x_wconf 39' lang='lat' dir='ltr'>—Meotes:</span> 
     </span>
    </p>
   </div>
   <div class='ocr_carea' id='block_1_13' title="bbox 252 1162 1929 1238">
    <p class='ocr_par' dir='ltr' id='par_1_13' title="bbox 252 1162 1929 1238">
     <span class='ocr_line' id='line_1_13' title="bbox 252 1162 1929 1238; baseline -0.002 -18"><span class='ocrx_word' id='word_1_67' title='bbox 252 1165 485 1238; x_wconf 86' lang='lat' dir='ltr'>Scytes,</span> <span class='ocrx_word' id='word_1_68' title='bbox 516 1166 713 1234; x_wconf 90' lang='lat' dir='ltr'>Tauri,</span> <span class='ocrx_word' id='word_1_69' title='bbox 739 1166 1014 1233; x_wconf 89' lang='lat' dir='ltr'>Thraces,</span> <span class='ocrx_word' id='word_1_70' title='bbox 1072 1165 1359 1231; x_wconf 88' lang='lat' dir='ltr'>Bastarni,</span> <span class='ocrx_word' id='word_1_71' title='bbox 1415 1164 1603 1231; x_wconf 92' lang='lat' dir='ltr'>Illuri,</span> <span class='ocrx_word' id='word_1_72' title='bbox 1662 1162 1929 1219; x_wconf 87' lang='lat' dir='ltr'>Macedo-</span> 
     </span>
    </p>
   </div>
   <div class='ocr_carea' id='block_1_14' title="bbox 250 1251 1924 1327">
    <p class='ocr_par' dir='ltr' id='par_1_14' title="bbox 250 1251 1924 1327">
     <span class='ocr_line' id='line_1_14' title="bbox 250 1251 1924 1327; baseline -0.003 -17"><span class='ocrx_word' id='word_1_73' title='bbox 250 1271 385 1319; x_wconf 87' lang='lat' dir='ltr'>nes,</span> <span class='ocrx_word' id='word_1_74' title='bbox 415 1253 706 1323; x_wconf 85' lang='lat' dir='ltr'>Hellenes,</span> <span class='ocrx_word' id='word_1_75' title='bbox 739 1254 941 1321; x_wconf 86' lang='lat' dir='ltr'>Graci,</span> <span class='ocrx_word' id='word_1_76' title='bbox 995 1253 1222 1327; x_wconf 79' lang='lat' dir='ltr'>Libyes,</span> <span class='ocrx_word' id='word_1_77' title='bbox 1276 1253 1430 1321; x_wconf 90' lang='lat' dir='ltr'>Istri,</span> <span class='ocrx_word' id='word_1_78' title='bbox 1478 1252 1668 1318; x_wconf 85' lang='lat' dir='ltr'>Vieni,</span> <span class='ocrx_word' id='word_1_79' title='bbox 1724 1251 1924 1319; x_wconf 87' lang='lat' dir='ltr'>Davni,</span> 
     </span>
    </p>
   </div>
   <div class='ocr_carea' id='block_1_15' title="bbox 247 1341 1928 1415">
    <p class='ocr_par' dir='ltr' id='par_1_15' title="bbox 247 1341 1928 1415">
     <span class='ocr_line' id='line_1_15' title="bbox 247 1341 1928 1415; baseline -0.002 -16"><span class='ocrx_word' id='word_1_80' title='bbox 247 1348 491 1415; x_wconf 88' lang='lat' dir='ltr'>Dapnes</span> <span class='ocrx_word' id='word_1_81' title='bbox 524 1345 590 1412; x_wconf 67' lang='grc' dir='ltr'>ιδ,</span> <span class='ocrx_word' id='word_1_82' title='bbox 632 1342 881 1415; x_wconf 81' lang='lat' dir='ltr'>Calabri,</span> <span class='ocrx_word' id='word_1_83' title='bbox 941 1343 1080 1410; x_wconf 93' lang='lat' dir='ltr'>Pici,</span> <span class='ocrx_word' id='word_1_84' title='bbox 1138 1344 1327 1399; x_wconf 86' lang='lat' dir='ltr'>Latini</span> <span class='ocrx_word' id='word_1_85' title='bbox 1384 1343 1482 1414; x_wconf 90' lang='lat' dir='ltr'>qui</span> <span class='ocrx_word' id='word_1_86' title='bbox 1543 1346 1602 1398; x_wconf 89' lang='lat' dir='ltr'>et</span> <span class='ocrx_word' id='word_1_87' title='bbox 1654 1341 1928 1398; x_wconf 61' lang='lat' dir='ltr'>Romani.</span> 
     </span>
    </p>
   </div>
   <div class='ocr_carea' id='block_1_16' title="bbox 248 1430 1924 1505">
    <p class='ocr_par' dir='ltr' id='par_1_16' title="bbox 248 1430 1924 1505">
     <span class='ocr_line' id='line_1_16' title="bbox 248 1430 1924 1505; baseline -0.002 -17"><span class='ocrx_word' id='word_1_88' title='bbox 248 1433 530 1501; x_wconf 81' lang='lat' dir='ltr'>Tyrreni,</span> <span class='ocrx_word' id='word_1_89' title='bbox 561 1432 708 1489; x_wconf 87' lang='lat' dir='ltr'>Galli</span> <span class='ocrx_word' id='word_1_90' title='bbox 732 1433 832 1505; x_wconf 90' lang='lat' dir='ltr'>qui</span> <span class='ocrx_word' id='word_1_91' title='bbox 886 1438 945 1489; x_wconf 92' lang='lat' dir='ltr'>et</span> <span class='ocrx_word' id='word_1_92' title='bbox 984 1432 1177 1502; x_wconf 86' lang='lat' dir='ltr'>Celta,</span> <span class='ocrx_word' id='word_1_93' title='bbox 1228 1432 1578 1505; x_wconf 88' lang='lat' dir='ltr'>Libyestini,</span> <span class='ocrx_word' id='word_1_94' title='bbox 1631 1430 1924 1497; x_wconf 89' lang='lat' dir='ltr'>Celtiberi,</span> 
     </span>
    </p>
   </div>
   <div class='ocr_carea' id='block_1_17' title="bbox 246 1520 1925 1594">
    <p class='ocr_par' dir='ltr' id='par_1_17' title="bbox 246 1520 1925 1594">
     <span class='ocr_line' id='line_1_17' title="bbox 246 1520 1925 1594; baseline -0.001 -19"><span class='ocrx_word' id='word_1_95' title='bbox 246 1521 481 1593; x_wconf 87' lang='lat' dir='ltr'>Hiberi,</span> <span class='ocrx_word' id='word_1_96' title='bbox 506 1520 680 1594; x_wconf 88' lang='lat' dir='ltr'>Galli,</span> <span class='ocrx_word' id='word_1_97' title='bbox 708 1522 1003 1593; x_wconf 88' lang='lat' dir='ltr'>Aquitani,</span> <span class='ocrx_word' id='word_1_98' title='bbox 1043 1521 1331 1589; x_wconf 89' lang='lat' dir='ltr'>Illuriani,</span> <span class='ocrx_word' id='word_1_99' title='bbox 1356 1523 1695 1589; x_wconf 89' lang='lat' dir='ltr'>Basanotes,</span> <span class='ocrx_word' id='word_1_100' title='bbox 1726 1520 1925 1594; x_wconf 87' lang='lat' dir='ltr'>Cyrta-</span> 
     </span>
    </p>
   </div>
   <div class='ocr_carea' id='block_1_18' title="bbox 248 1608 1922 1682">
    <p class='ocr_par' dir='ltr' id='par_1_18' title="bbox 248 1608 1922 1682">
     <span class='ocr_line' id='line_1_18' title="bbox 248 1608 1922 1682; baseline -0.001 -17"><span class='ocrx_word' id='word_1_101' title='bbox 248 1610 337 1682; x_wconf 87' lang='lat' dir='ltr'>ni,</span> <span class='ocrx_word' id='word_1_102' title='bbox 369 1610 659 1676; x_wconf 81' lang='lat' dir='ltr'>Lusitani,</span> <span class='ocrx_word' id='word_1_103' title='bbox 683 1611 914 1681; x_wconf 89' lang='lat' dir='ltr'>Vaccei,</span> <span class='ocrx_word' id='word_1_104' title='bbox 943 1611 1285 1680; x_wconf 88' lang='lat' dir='ltr'>Cunienses,</span> <span class='ocrx_word' id='word_1_105' title='bbox 1310 1612 1600 1667; x_wconf 84' lang='lat' dir='ltr'>Brittones</span> <span class='ocrx_word' id='word_1_106' title='bbox 1632 1610 1733 1682; x_wconf 90' lang='lat' dir='ltr'>qui</span> <span class='ocrx_word' id='word_1_107' title='bbox 1777 1614 1833 1666; x_wconf 90' lang='lat' dir='ltr'>et</span> <span class='ocrx_word' id='word_1_108' title='bbox 1862 1608 1922 1664; x_wconf 89' lang='lat' dir='ltr'>in</span> 
     </span>
    </p>
   </div>
   <div class='ocr_carea' id='block_1_19' title="bbox 246 1698 792 1757">
    <p class='ocr_par' dir='ltr' id='par_1_19' title="bbox 246 1698 792 1757">
     <span class='ocr_line' id='line_1_19' title="bbox 246 1698 792 1757; baseline 0.004 -2"><span class='ocrx_word' id='word_1_109' title='bbox 246 1698 472 1756; x_wconf 85' lang='lat' dir='ltr'>insulis</span> <span class='ocrx_word' id='word_1_110' title='bbox 501 1699 792 1757; x_wconf 89' lang='lat' dir='ltr'>habitant.</span> 
     </span>
    </p>
   </div>
   <div class='ocr_carea' id='block_1_20' title="bbox 322 1787 1925 1865">
    <p class='ocr_par' dir='ltr' id='par_1_20' title="bbox 322 1787 1925 1865">
     <span class='ocr_line' id='line_1_20' title="bbox 322 1787 1925 1865; baseline 0 -22"><span class='ocrx_word' id='word_1_111' title='bbox 322 1787 437 1855; x_wconf 88' lang='lat' dir='ltr'>Qui</span> <span class='ocrx_word' id='word_1_112' title='bbox 468 1793 663 1844; x_wconf 87' lang='lat' dir='ltr'>autem</span> <span class='ocrx_word' id='word_1_113' title='bbox 697 1805 899 1845; x_wconf 89' lang='lat' dir='ltr'>eorum</span> <span class='ocrx_word' id='word_1_114' title='bbox 924 1789 1478 1856; x_wconf 88' lang='lat' dir='ltr'>noveruntlitteras,</span> <span class='ocrx_word' id='word_1_115' title='bbox 1515 1789 1574 1844; x_wconf 91' lang='lat' dir='ltr'>hi</span> <span class='ocrx_word' id='word_1_116' title='bbox 1616 1793 1793 1845; x_wconf 86' lang='lat' dir='ltr'>sunt:</span> <span class='ocrx_word' id='word_1_117' title='bbox 1830 1788 1925 1865; x_wconf 52' lang='lat' dir='ltr'>Hi-</span> 
     </span>
    </p>
   </div>
   <div class='ocr_carea' id='block_1_21' title="bbox 243 1878 1920 1964">
    <p class='ocr_par' dir='ltr' id='par_1_21' title="bbox 243 1878 1920 1964">
     <span class='ocr_line' id='line_1_21' title="bbox 243 1878 1920 1964; baseline -0.001 -31"><span class='ocrx_word' id='word_1_118' title='bbox 243 1878 403 1947; x_wconf 88' lang='lat' dir='ltr'>beri,</span> <span class='ocrx_word' id='word_1_119' title='bbox 438 1878 629 1933; x_wconf 87' lang='lat' dir='ltr'>Latini</span> <span class='ocrx_word' id='word_1_120' title='bbox 653 1878 751 1949; x_wconf 91' lang='lat' dir='ltr'>qui</span> <span class='ocrx_word' id='word_1_121' title='bbox 774 1882 1059 1935; x_wconf 86' lang='lat' dir='ltr'>vocantur</span> <span class='ocrx_word' id='word_1_122' title='bbox 1109 1878 1378 1946; x_wconf 83' lang='lat' dir='ltr'>Romani,</span> <span class='ocrx_word' id='word_1_123' title='bbox 1411 1878 1679 1951; x_wconf 82' lang='lat' dir='ltr'>Hispani,</span> <span class='ocrx_word' id='word_1_124' title='bbox 1716 1878 1920 1964; x_wconf 57' lang='lat' dir='ltr'>Graeci,</span> 
     </span>
    </p>
   </div>
   <div class='ocr_carea' id='block_1_22' title="bbox 246 1966 525 2023">
    <p class='ocr_par' dir='ltr' id='par_1_22' title="bbox 246 1966 525 2023">
     <span class='ocr_line' id='line_1_22' title="bbox 246 1966 525 2023; baseline 0.004 -3"><span class='ocrx_word' id='word_1_125' title='bbox 246 1966 525 2023; x_wconf 77' lang='lat' dir='ltr'>Armeni.</span> 
     </span>
    </p>
   </div>
   <div class='ocr_carea' id='block_1_23' title="bbox 315 2056 1921 2127">
    <p class='ocr_par' dir='ltr' id='par_1_23' title="bbox 315 2056 1921 2127">
     <span class='ocr_line' id='line_1_23' title="bbox 315 2056 1921 2127; baseline -0.001 -16"><span class='ocrx_word' id='word_1_126' title='bbox 315 2056 477 2111; x_wconf 87' lang='lat' dir='ltr'>Sunt</span> <span class='ocrx_word' id='word_1_127' title='bbox 507 2058 703 2111; x_wconf 87' lang='lat' dir='ltr'>autem</span> <span class='ocrx_word' id='word_1_128' title='bbox 736 2058 880 2111; x_wconf 88' lang='lat' dir='ltr'>ﬂnes</span> <span class='ocrx_word' id='word_1_129' title='bbox 912 2072 1116 2111; x_wconf 90' lang='lat' dir='ltr'>eorum</span> <span class='ocrx_word' id='word_1_130' title='bbox 1149 2057 1221 2111; x_wconf 93' lang='lat' dir='ltr'>ad</span> <span class='ocrx_word' id='word_1_131' title='bbox 1254 2056 1496 2112; x_wconf 90' lang='lat' dir='ltr'>Borram</span> <span class='ocrx_word' id='word_1_132' title='bbox 1529 2071 1717 2127; x_wconf 88' lang='lat' dir='ltr'>usque</span> <span class='ocrx_word' id='word_1_133' title='bbox 1749 2056 1921 2112; x_wconf 86' lang='lat' dir='ltr'>Gadi-</span> 
     </span>
    </p>
   </div>
   <div class='ocr_carea' id='block_1_24' title="bbox 238 2144 1842 2217">
    <p class='ocr_par' dir='ltr' id='par_1_24' title="bbox 238 2144 1842 2217">
     <span class='ocr_line' id='line_1_24' title="bbox 238 2144 1842 2217; baseline 0.001 -17"><span class='ocrx_word' id='word_1_134' title='bbox 238 2161 404 2211; x_wconf 85' lang='lat' dir='ltr'>ram,</span> <span class='ocrx_word' id='word_1_135' title='bbox 437 2161 473 2200; x_wconf 90' lang='lat' dir='ltr'>a</span> <span class='ocrx_word' id='word_1_136' title='bbox 502 2145 819 2201; x_wconf 86' lang='lat' dir='ltr'>Potameda</span> <span class='ocrx_word' id='word_1_137' title='bbox 850 2144 1025 2201; x_wconf 87' lang='lat' dir='ltr'>ﬂuvio</span> <span class='ocrx_word' id='word_1_138' title='bbox 1056 2162 1243 2217; x_wconf 90' lang='lat' dir='ltr'>usque</span> <span class='ocrx_word' id='word_1_139' title='bbox 1270 2145 1734 2201; x_wconf 85' lang='lat' dir='ltr'>Mastusiadilion</span> <span class='ocrx_word' id='word_1_140' title='bbox 1780 2146 1842 2201; x_wconf 66' lang='grc' dir='ltr'>ιδ.</span> 
     </span>
    </p>
   </div>
   <div class='ocr_carea' id='block_1_25' title="bbox 317 2235 1913 2302">
    <p class='ocr_par' dir='ltr' id='par_1_25' title="bbox 317 2235 1913 2302">
     <span class='ocr_line' id='line_1_25' title="bbox 317 2235 1913 2302; baseline 0.001 -11"><span class='ocrx_word' id='word_1_141' title='bbox 317 2236 511 2291; x_wconf 82' lang='lat' dir='ltr'>Terra</span> <span class='ocrx_word' id='word_1_142' title='bbox 532 2239 727 2291; x_wconf 90' lang='lat' dir='ltr'>autem</span> <span class='ocrx_word' id='word_1_143' title='bbox 742 2251 943 2291; x_wconf 90' lang='lat' dir='ltr'>eorum</span> <span class='ocrx_word' id='word_1_144' title='bbox 959 2235 1043 2290; x_wconf 89' lang='lat' dir='ltr'>ha</span> <span class='ocrx_word' id='word_1_145' title='bbox 1057 2239 1199 2291; x_wconf 89' lang='lat' dir='ltr'>sunt</span> <span class='ocrx_word' id='word_1_146' title='bbox 1221 2253 1233 2290; x_wconf 92' lang='lat'><strong>:</strong></span> <span class='ocrx_word' id='word_1_147' title='bbox 1252 2235 1735 2302; x_wconf 88' lang='lat' dir='ltr'>Media,Albania,</span> <span class='ocrx_word' id='word_1_148' title='bbox 1748 2241 1913 2292; x_wconf 82' lang='lat' dir='ltr'>Ama-</span> 
     </span>
    </p>
   </div>
   <div class='ocr_carea' id='block_1_26' title="bbox 239 2324 1914 2397">
    <p class='ocr_par' dir='ltr' id='par_1_26' title="bbox 239 2324 1914 2397">
     <span class='ocr_line' id='line_1_26' title="bbox 239 2324 1914 2397; baseline 0.002 -18"><span class='ocrx_word' id='word_1_149' title='bbox 239 2324 437 2390; x_wconf 85' lang='lat' dir='ltr'>zonis,</span> <span class='ocrx_word' id='word_1_150' title='bbox 455 2325 736 2380; x_wconf 85' lang='lat' dir='ltr'>Armenia</span> <span class='ocrx_word' id='word_1_151' title='bbox 759 2325 971 2391; x_wconf 88' lang='lat' dir='ltr'>minor,</span> <span class='ocrx_word' id='word_1_152' title='bbox 997 2324 1272 2379; x_wconf 80' lang='lat' dir='ltr'>Armenia</span> <span class='ocrx_word' id='word_1_153' title='bbox 1297 2325 1501 2395; x_wconf 80' lang='lat' dir='ltr'>major,</span> <span class='ocrx_word' id='word_1_154' title='bbox 1525 2326 1914 2397; x_wconf 84' lang='lat' dir='ltr'>Cappadocia,</span> 
     </span>
    </p>
   </div>
   <div class='ocr_carea' id='block_1_27' title="bbox 240 2413 1912 2486">
    <p class='ocr_par' dir='ltr' id='par_1_27' title="bbox 240 2413 1912 2486">
     <span class='ocr_line' id='line_1_27' title="bbox 240 2413 1912 2486; baseline 0 -16"><span class='ocrx_word' id='word_1_155' title='bbox 240 2415 404 2471; x_wconf 68' lang='lat'>862</span> <span class='ocrx_word' id='word_1_156' title='bbox 434 2413 790 2486; x_wconf 87' lang='lat' dir='ltr'>Paﬂagonia,</span> <span class='ocrx_word' id='word_1_157' title='bbox 817 2414 1045 2469; x_wconf 79' lang='lat' dir='ltr'>Galatia</span> <span class='ocrx_word' id='word_1_158' title='bbox 1078 2415 1143 2481; x_wconf 70' lang='grc' dir='ltr'>η,</span> <span class='ocrx_word' id='word_1_159' title='bbox 1166 2413 1339 2469; x_wconf 87' lang='lat' dir='ltr'>Collis</span> <span class='ocrx_word' id='word_1_160' title='bbox 1374 2415 1573 2479; x_wconf 86' lang='lat' dir='ltr'>India,</span> <span class='ocrx_word' id='word_1_161' title='bbox 1621 2414 1912 2486; x_wconf 89' lang='lat' dir='ltr'>Bosphor-</span> 
     </span>
    </p>
   </div>
   <div class='ocr_carea' id='block_1_28' title="bbox 242 2503 1917 2576">
    <p class='ocr_par' dir='ltr' id='par_1_28' title="bbox 242 2503 1917 2576">
     <span class='ocr_line' id='line_1_28' title="bbox 242 2503 1917 2576; baseline 0.001 -17"><span class='ocrx_word' id='word_1_162' title='bbox 242 2520 366 2573; x_wconf 86' lang='lat' dir='ltr'>ma,</span> <span class='ocrx_word' id='word_1_163' title='bbox 394 2503 761 2570; x_wconf 83' lang='lat' dir='ltr'>Mediaerris,</span> <span class='ocrx_word' id='word_1_164' title='bbox 789 2503 1100 2572; x_wconf 77' lang='lat' dir='ltr'>Sarmatis,</span> <span class='ocrx_word' id='word_1_165' title='bbox 1131 2503 1445 2559; x_wconf 82' lang='lat' dir='ltr'>Tauriana.</span> <span class='ocrx_word' id='word_1_166' title='bbox 1480 2503 1750 2576; x_wconf 88' lang='lat' dir='ltr'>Scythia,</span> <span class='ocrx_word' id='word_1_167' title='bbox 1788 2504 1917 2560; x_wconf 89' lang='lat' dir='ltr'>Bas-</span> 
     </span>
    </p>
   </div>
   <div class='ocr_carea' id='block_1_29' title="bbox 260 2591 1914 2664">
    <p class='ocr_par' dir='ltr' id='par_1_29' title="bbox 260 2591 1914 2664">
     <span class='ocr_line' id='line_1_29' title="bbox 260 2591 1914 2664; baseline 0.001 -17"><span class='ocrx_word' id='word_1_168' title='bbox 260 2594 475 2664; x_wconf 87' lang='lat' dir='ltr'>tarnia,</span> <span class='ocrx_word' id='word_1_169' title='bbox 500 2593 768 2660; x_wconf 88' lang='lat' dir='ltr'>Thracia,</span> <span class='ocrx_word' id='word_1_170' title='bbox 793 2592 1148 2660; x_wconf 86' lang='lat' dir='ltr'>Macedonia,</span> <span class='ocrx_word' id='word_1_171' title='bbox 1172 2591 1461 2648; x_wconf 85' lang='lat' dir='ltr'>Dalmatia</span> <span class='ocrx_word' id='word_1_172' title='bbox 1487 2592 1699 2663; x_wconf 87' lang='lat' dir='ltr'>mollis,</span> <span class='ocrx_word' id='word_1_173' title='bbox 1731 2593 1914 2649; x_wconf 88' lang='lat' dir='ltr'>Thes-</span> 
     </span>
    </p>
   </div>
   <div class='ocr_carea' id='block_1_30' title="bbox 266 2681 1913 2752">
    <p class='ocr_par' dir='ltr' id='par_1_30' title="bbox 266 2681 1913 2752">
     <span class='ocr_line' id='line_1_30' title="bbox 266 2681 1913 2752; baseline 0 -15"><span class='ocrx_word' id='word_1_174' title='bbox 266 2681 436 2752; x_wconf 86' lang='lat' dir='ltr'>salia,</span> <span class='ocrx_word' id='word_1_175' title='bbox 461 2682 939 2749; x_wconf 79' lang='lat' dir='ltr'>Locria,Baotia,</span> <span class='ocrx_word' id='word_1_176' title='bbox 976 2681 1203 2750; x_wconf 67' lang='lat' dir='ltr'>Etolia,</span> <span class='ocrx_word' id='word_1_177' title='bbox 1240 2682 1454 2750; x_wconf 83' lang='lat' dir='ltr'>Attica,</span> <span class='ocrx_word' id='word_1_178' title='bbox 1496 2682 1693 2745; x_wconf 85' lang='lat' dir='ltr'>Acaia,</span> <span class='ocrx_word' id='word_1_179' title='bbox 1737 2683 1913 2739; x_wconf 85' lang='lat' dir='ltr'>Pelle-</span> 
     </span>
    </p>
   </div>
   <div class='ocr_carea' id='block_1_31' title="bbox 254 2769 1912 2844">
    <p class='ocr_par' dir='ltr' id='par_1_31' title="bbox 254 2769 1912 2844">
     <span class='ocr_line' id='line_1_31' title="bbox 254 2769 1912 2844; baseline 0.002 -20"><span class='ocrx_word' id='word_1_180' title='bbox 254 2770 352 2824; x_wconf 85' lang='lat' dir='ltr'>nia</span> <span class='ocrx_word' id='word_1_181' title='bbox 383 2786 512 2843; x_wconf 90' lang='lat' dir='ltr'>qua</span> <span class='ocrx_word' id='word_1_182' title='bbox 536 2769 866 2842; x_wconf 89' lang='lat' dir='ltr'>appellatur</span> <span class='ocrx_word' id='word_1_183' title='bbox 889 2770 1350 2843; x_wconf 82' lang='lat' dir='ltr'>Peloponnesus,</span> <span class='ocrx_word' id='word_1_184' title='bbox 1371 2773 1630 2828; x_wconf 90' lang='lat' dir='ltr'>Arcanea</span> <span class='ocrx_word' id='word_1_185' title='bbox 1667 2774 1730 2841; x_wconf 68' lang='lat'>‘7,</span> <span class='ocrx_word' id='word_1_186' title='bbox 1778 2772 1912 2844; x_wconf 89' lang='lat' dir='ltr'>Epi-</span> 
     </span>
    </p>
   </div>
   <div class='ocr_carea' id='block_1_32' title="bbox 255 2859 1915 2933">
    <p class='ocr_par' dir='ltr' id='par_1_32' title="bbox 255 2859 1915 2933">
     <span class='ocr_line' id='line_1_32' title="bbox 255 2859 1915 2933; baseline 0.001 -19"><span class='ocrx_word' id='word_1_187' title='bbox 255 2859 419 2928; x_wconf 89' lang='lat' dir='ltr'>rotia,</span> <span class='ocrx_word' id='word_1_188' title='bbox 448 2859 668 2932; x_wconf 88' lang='lat' dir='ltr'>Illyria,</span> <span class='ocrx_word' id='word_1_189' title='bbox 692 2859 997 2926; x_wconf 89' lang='lat' dir='ltr'>Aodimus,</span> <span class='ocrx_word' id='word_1_190' title='bbox 1022 2860 1300 2916; x_wconf 83' lang='lat' dir='ltr'>Hadriaca</span> <span class='ocrx_word' id='word_1_191' title='bbox 1321 2877 1389 2916; x_wconf 83' lang='lat' dir='ltr'>ex</span> <span class='ocrx_word' id='word_1_192' title='bbox 1411 2877 1527 2933; x_wconf 91' lang='lat' dir='ltr'>qua</span> <span class='ocrx_word' id='word_1_193' title='bbox 1552 2859 1792 2933; x_wconf 87' lang='lat' dir='ltr'>pelagus</span> <span class='ocrx_word' id='word_1_194' title='bbox 1808 2860 1915 2917; x_wconf 89' lang='lat' dir='ltr'>Ha-</span> 
     </span>
    </p>
   </div>
   <div class='ocr_carea' id='block_1_33' title="bbox 253 2947 1909 3022">
    <p class='ocr_par' dir='ltr' id='par_1_33' title="bbox 253 2947 1909 3022">
     <span class='ocr_line' id='line_1_33' title="bbox 253 2947 1909 3022; baseline 0.002 -21"><span class='ocrx_word' id='word_1_195' title='bbox 253 2947 588 3015; x_wconf 90' lang='lat' dir='ltr'>driaticum,</span> <span class='ocrx_word' id='word_1_196' title='bbox 622 2948 853 3004; x_wconf 87' lang='lat' dir='ltr'>Galatia</span> <span class='ocrx_word' id='word_1_197' title='bbox 884 2950 947 3014; x_wconf 76' lang='lat'>‘7,</span> <span class='ocrx_word' id='word_1_198' title='bbox 984 2949 1303 3015; x_wconf 87' lang='lat' dir='ltr'>Lusitania,</span> <span class='ocrx_word' id='word_1_199' title='bbox 1338 2949 1522 3016; x_wconf 87' lang='lat' dir='ltr'>Italia,</span> <span class='ocrx_word' id='word_1_200' title='bbox 1576 2949 1909 3022; x_wconf 90' lang='lat' dir='ltr'>Thusgene,</span> 
     </span>
    </p>
   </div>
   <div class='ocr_carea' id='block_1_34' title="bbox 252 3036 1911 3111">
    <p class='ocr_par' dir='ltr' id='par_1_34' title="bbox 252 3036 1911 3111">
     <span class='ocr_line' id='line_1_34' title="bbox 252 3036 1911 3111; baseline 0.001 -19"><span class='ocrx_word' id='word_1_201' title='bbox 252 3036 547 3105; x_wconf 88' lang='lat' dir='ltr'>Massalia,</span> <span class='ocrx_word' id='word_1_202' title='bbox 582 3036 789 3105; x_wconf 90' lang='lat' dir='ltr'>Celtes,</span> <span class='ocrx_word' id='word_1_203' title='bbox 822 3037 1028 3106; x_wconf 87' lang='lat' dir='ltr'>Gallia,</span> <span class='ocrx_word' id='word_1_204' title='bbox 1070 3038 1352 3111; x_wconf 87' lang='lat' dir='ltr'>Hispania</span> <span class='ocrx_word' id='word_1_205' title='bbox 1401 3038 1466 3110; x_wconf 64' lang='lat'>1&#39;,</span> <span class='ocrx_word' id='word_1_206' title='bbox 1522 3038 1691 3107; x_wconf 88' lang='lat' dir='ltr'>Galli,</span> <span class='ocrx_word' id='word_1_207' title='bbox 1744 3037 1911 3094; x_wconf 88' lang='lat' dir='ltr'>Hibe-</span> 
     </span>
    </p>
   </div>
   <div class='ocr_carea' id='block_1_35' title="bbox 251 3126 914 3199">
    <p class='ocr_par' dir='ltr' id='par_1_35' title="bbox 251 3126 914 3199">
     <span class='ocr_line' id='line_1_35' title="bbox 251 3126 914 3199; baseline 0 -18"><span class='ocrx_word' id='word_1_208' title='bbox 251 3126 353 3197; x_wconf 90' lang='lat' dir='ltr'>ria,</span> <span class='ocrx_word' id='word_1_209' title='bbox 389 3127 674 3199; x_wconf 88' lang='lat' dir='ltr'>Hispania</span> <span class='ocrx_word' id='word_1_210' title='bbox 705 3128 914 3198; x_wconf 84' lang='lat' dir='ltr'>major.</span> 
     </span>
    </p>
   </div>
   <div class='ocr_carea' id='block_1_36' title="bbox 315 3214 1907 3288">
    <p class='ocr_par' dir='ltr' id='par_1_36' title="bbox 315 3214 1907 3288">
     <span class='ocr_line' id='line_1_36' title="bbox 315 3214 1907 3288; baseline 0.001 -18"><span class='ocrx_word' id='word_1_211' title='bbox 315 3215 442 3270; x_wconf 89' lang='lat' dir='ltr'>Huc</span> <span class='ocrx_word' id='word_1_212' title='bbox 464 3232 650 3287; x_wconf 89' lang='lat' dir='ltr'>usque</span> <span class='ocrx_word' id='word_1_213' title='bbox 670 3214 889 3271; x_wconf 90' lang='lat' dir='ltr'>desinit</span> <span class='ocrx_word' id='word_1_214' title='bbox 910 3220 1063 3271; x_wconf 90' lang='lat' dir='ltr'>terra</span> <span class='ocrx_word' id='word_1_215' title='bbox 1081 3216 1313 3288; x_wconf 88' lang='lat' dir='ltr'>Japhet,</span> <span class='ocrx_word' id='word_1_216' title='bbox 1348 3233 1538 3288; x_wconf 88' lang='lat' dir='ltr'>usque</span> <span class='ocrx_word' id='word_1_217' title='bbox 1574 3218 1645 3272; x_wconf 90' lang='lat' dir='ltr'>ad</span> <span class='ocrx_word' id='word_1_218' title='bbox 1684 3217 1907 3273; x_wconf 88' lang='lat' dir='ltr'>Britan-</span> 
     </span>
    </p>
   </div>
   <div class='ocr_carea' id='block_1_37' title="bbox 257 3304 1727 3378">
    <p class='ocr_par' dir='ltr' id='par_1_37' title="bbox 257 3304 1727 3378">
     <span class='ocr_line' id='line_1_37' title="bbox 257 3304 1727 3378; baseline 0.001 -19"><span class='ocrx_word' id='word_1_219' title='bbox 257 3306 418 3361; x_wconf 87' lang='lat' dir='ltr'>nicas</span> <span class='ocrx_word' id='word_1_220' title='bbox 450 3304 685 3361; x_wconf 88' lang='lat' dir='ltr'>Insulas</span> <span class='ocrx_word' id='word_1_221' title='bbox 717 3321 922 3361; x_wconf 89' lang='lat' dir='ltr'>omnes</span> <span class='ocrx_word' id='word_1_222' title='bbox 952 3305 1023 3360; x_wconf 85' lang='lat' dir='ltr'>ad</span> <span class='ocrx_word' id='word_1_223' title='bbox 1055 3305 1295 3361; x_wconf 88' lang='lat' dir='ltr'>Borram</span> <span class='ocrx_word' id='word_1_224' title='bbox 1325 3306 1727 3378; x_wconf 86' lang='lat' dir='ltr'>respicientes.</span> 
     </span>
    </p>
   </div>
   <div class='ocr_carea' id='block_1_38' title="bbox 309 3392 1907 3468">
    <p class='ocr_par' dir='ltr' id='par_1_38' title="bbox 309 3392 1907 3468">
     <span class='ocr_line' id='line_1_38' title="bbox 309 3392 1907 3468; baseline 0.001 -20"><span class='ocrx_word' id='word_1_225' title='bbox 309 3393 469 3448; x_wconf 88' lang='lat' dir='ltr'>Sunt</span> <span class='ocrx_word' id='word_1_226' title='bbox 497 3397 693 3448; x_wconf 88' lang='lat' dir='ltr'>autem</span> <span class='ocrx_word' id='word_1_227' title='bbox 718 3393 808 3448; x_wconf 88' lang='lat' dir='ltr'>his</span> <span class='ocrx_word' id='word_1_228' title='bbox 859 3397 915 3448; x_wconf 90' lang='lat' dir='ltr'>et</span> <span class='ocrx_word' id='word_1_229' title='bbox 959 3393 1167 3449; x_wconf 89' lang='lat' dir='ltr'>Insula</span> <span class='ocrx_word' id='word_1_230' title='bbox 1199 3392 1361 3449; x_wconf 87' lang='lat' dir='ltr'>ista:</span> <span class='ocrx_word' id='word_1_231' title='bbox 1405 3394 1768 3468; x_wconf 86' lang='lat' dir='ltr'>Britannica,</span> <span class='ocrx_word' id='word_1_232' title='bbox 1818 3396 1907 3450; x_wconf 92' lang='lat' dir='ltr'>Si-</span> 
     </span>
    </p>
   </div>
   <div class='ocr_carea' id='block_1_39' title="bbox 241 3481 1907 3551">
    <p class='ocr_par' dir='ltr' id='par_1_39' title="bbox 241 3481 1907 3551">
     <span class='ocr_line' id='line_1_39' title="bbox 241 3481 1907 3551; baseline 0.002 -15"><span class='ocrx_word' id='word_1_233' title='bbox 241 3481 396 3549; x_wconf 89' lang='lat' dir='ltr'>cilia,</span> <span class='ocrx_word' id='word_1_234' title='bbox 442 3482 682 3550; x_wconf 86' lang='lat' dir='ltr'>Eubaa,</span> <span class='ocrx_word' id='word_1_235' title='bbox 718 3482 982 3542; x_wconf 83' lang='lat' dir='ltr'>Rhodus.</span> <span class='ocrx_word' id='word_1_236' title='bbox 1015 3482 1215 3549; x_wconf 90' lang='lat' dir='ltr'>Chius,</span> <span class='ocrx_word' id='word_1_237' title='bbox 1250 3482 1494 3551; x_wconf 87' lang='lat' dir='ltr'>Lesbus,</span> <span class='ocrx_word' id='word_1_238' title='bbox 1527 3484 1775 3539; x_wconf 88' lang='lat' dir='ltr'>Cithera.</span> <span class='ocrx_word' id='word_1_239' title='bbox 1808 3486 1907 3540; x_wconf 86' lang='lat' dir='ltr'>Ja-</span> 
     </span>
    </p>
   </div>
   <div class='ocr_carea' id='block_1_40' title="bbox 240 3570 1907 3646">
    <p class='ocr_par' dir='ltr' id='par_1_40' title="bbox 240 3570 1907 3646">
     <span class='ocr_line' id='line_1_40' title="bbox 240 3570 1907 3646; baseline 0.002 -20"><span class='ocrx_word' id='word_1_240' title='bbox 240 3572 465 3638; x_wconf 90' lang='lat' dir='ltr'>cintus,</span> <span class='ocrx_word' id='word_1_241' title='bbox 526 3570 836 3635; x_wconf 87' lang='lat' dir='ltr'>Cefalenia,</span> <span class='ocrx_word' id='word_1_242' title='bbox 899 3570 1114 3639; x_wconf 87' lang='lat' dir='ltr'>Ithace,</span> <span class='ocrx_word' id='word_1_243' title='bbox 1199 3572 1462 3645; x_wconf 85' lang='lat' dir='ltr'>Corcyra,</span> <span class='ocrx_word' id='word_1_244' title='bbox 1518 3578 1575 3628; x_wconf 93' lang='lat' dir='ltr'>et</span> <span class='ocrx_word' id='word_1_245' title='bbox 1635 3573 1907 3646; x_wconf 89' lang='lat' dir='ltr'>Cyclades</span> 
     </span>
    </p>
   </div>
   <div class='ocr_carea' id='block_1_41' title="bbox 238 3660 1906 3733">
    <p class='ocr_par' dir='ltr' id='par_1_41' title="bbox 238 3660 1906 3733">
     <span class='ocr_line' id='line_1_41' title="bbox 238 3660 1906 3733; baseline 0.001 -18"><span class='ocrx_word' id='word_1_246' title='bbox 238 3660 483 3727; x_wconf 74' lang='lat' dir='ltr'>Insula,</span> <span class='ocrx_word' id='word_1_247' title='bbox 507 3664 566 3715; x_wconf 92' lang='lat' dir='ltr'>et</span> <span class='ocrx_word' id='word_1_248' title='bbox 581 3676 717 3732; x_wconf 88' lang='lat' dir='ltr'>pars</span> <span class='ocrx_word' id='word_1_249' title='bbox 734 3660 1001 3731; x_wconf 89' lang='lat' dir='ltr'>quadam</span> <span class='ocrx_word' id='word_1_250' title='bbox 1022 3660 1191 3728; x_wconf 89' lang='lat' dir='ltr'>Asia,</span> <span class='ocrx_word' id='word_1_251' title='bbox 1215 3677 1345 3733; x_wconf 88' lang='lat' dir='ltr'>qua</span> <span class='ocrx_word' id='word_1_252' title='bbox 1362 3660 1694 3732; x_wconf 88' lang='lat' dir='ltr'>appellatur</span> <span class='ocrx_word' id='word_1_253' title='bbox 1714 3662 1906 3717; x_wconf 88' lang='lat' dir='ltr'>Jonia.</span> 
     </span>
    </p>
   </div>
   <div class='ocr_carea' id='block_1_42' title="bbox 312 3748 1908 3821">
    <p class='ocr_par' dir='ltr' id='par_1_42' title="bbox 312 3748 1908 3821">
     <span class='ocr_line' id='line_1_42' title="bbox 312 3748 1908 3821; baseline 0.002 -18"><span class='ocrx_word' id='word_1_254' title='bbox 312 3749 567 3804; x_wconf 86' lang='lat' dir='ltr'>Flumen</span> <span class='ocrx_word' id='word_1_255' title='bbox 598 3752 793 3804; x_wconf 83' lang='lat' dir='ltr'>autem</span> <span class='ocrx_word' id='word_1_256' title='bbox 827 3754 917 3804; x_wconf 88' lang='lat' dir='ltr'>est</span> <span class='ocrx_word' id='word_1_257' title='bbox 946 3748 1038 3803; x_wconf 90' lang='lat' dir='ltr'>his</span> <span class='ocrx_word' id='word_1_258' title='bbox 1067 3749 1258 3821; x_wconf 82' lang='lat' dir='ltr'>Tigris</span> <span class='ocrx_word' id='word_1_259' title='bbox 1289 3749 1551 3804; x_wconf 87' lang='lat' dir='ltr'>dividens</span> <span class='ocrx_word' id='word_1_260' title='bbox 1583 3749 1735 3805; x_wconf 90' lang='lat' dir='ltr'>inter</span> <span class='ocrx_word' id='word_1_261' title='bbox 1790 3755 1908 3806; x_wconf 82' lang='lat' dir='ltr'>Me-</span> 
     </span>
    </p>
   </div>
   <div class='ocr_carea' id='block_1_43' title="bbox 240 3836 1639 3910">
    <p class='ocr_par' dir='ltr' id='par_1_43' title="bbox 240 3836 1639 3910">
     <span class='ocr_line' id='line_1_43' title="bbox 240 3836 1639 3910; baseline 0.002 -19"><span class='ocrx_word' id='word_1_262' title='bbox 240 3838 404 3893; x_wconf 86' lang='lat' dir='ltr'>diam</span> <span class='ocrx_word' id='word_1_263' title='bbox 440 3841 500 3893; x_wconf 87' lang='lat' dir='ltr'>et</span> <span class='ocrx_word' id='word_1_264' title='bbox 532 3836 927 3910; x_wconf 86' lang='lat' dir='ltr'>Babyloniam.</span> <span class='ocrx_word' id='word_1_265' title='bbox 961 3836 1028 3893; x_wconf 84' lang='lat' dir='ltr'>Hi</span> <span class='ocrx_word' id='word_1_266' title='bbox 1060 3842 1201 3893; x_wconf 90' lang='lat' dir='ltr'>sunt</span> <span class='ocrx_word' id='word_1_267' title='bbox 1232 3838 1378 3893; x_wconf 81' lang='lat' dir='ltr'>fines</span> <span class='ocrx_word' id='word_1_268' title='bbox 1407 3838 1639 3909; x_wconf 89' lang='lat' dir='ltr'>Japhet.</span> 
     </span>
    </p>
   </div>
   <div class='ocr_carea' id='block_1_44' title="bbox 895 3980 1276 4037">
    <p class='ocr_par' dir='ltr' id='par_1_44' title="bbox 895 3980 1276 4037">
     <span class='ocr_line' id='line_1_44' title="bbox 895 3980 1276 4037; baseline -0.005 0"><span class='ocrx_word' id='word_1_269' title='bbox 895 3980 1141 4037; x_wconf 86' lang='lat' dir='ltr'>SECTIO</span> <span class='ocrx_word' id='word_1_270' title='bbox 1184 3981 1276 4036; x_wconf 84' lang='lat' dir='ltr'>IV.</span> 
     </span>
    </p>
   </div>
   <div class='ocr_carea' id='block_1_45' title="bbox 310 4105 1742 4180">
    <p class='ocr_par' dir='ltr' id='par_1_45' title="bbox 310 4105 1742 4180">
     <span class='ocr_line' id='line_1_45' title="bbox 310 4105 1742 4180; baseline 0 -17"><span class='ocrx_word' id='word_1_271' title='bbox 310 4105 449 4163; x_wconf 89' lang='lat' dir='ltr'>Filii</span> <span class='ocrx_word' id='word_1_272' title='bbox 483 4109 679 4160; x_wconf 89' lang='lat' dir='ltr'>autem</span> <span class='ocrx_word' id='word_1_273' title='bbox 712 4105 893 4160; x_wconf 88' lang='lat' dir='ltr'>Cham</span> <span class='ocrx_word' id='word_1_274' title='bbox 921 4122 934 4160; x_wconf 89' lang='lat'><strong>:</strong></span> <span class='ocrx_word' id='word_1_275' title='bbox 968 4105 1149 4173; x_wconf 86' lang='lat' dir='ltr'>Chus,</span> <span class='ocrx_word' id='word_1_276' title='bbox 1180 4122 1249 4160; x_wconf 85' lang='lat' dir='ltr'>ex</span> <span class='ocrx_word' id='word_1_277' title='bbox 1280 4122 1394 4177; x_wconf 92' lang='lat' dir='ltr'>quo</span> <span class='ocrx_word' id='word_1_278' title='bbox 1422 4105 1742 4180; x_wconf 71' lang='lat' dir='ltr'>Ethiopes.</span> 
     </span>
    </p>
   </div>
   <div class='ocr_carea' id='block_1_46' title="bbox 305 4193 1160 4267">
    <p class='ocr_par' dir='ltr' id='par_1_46' title="bbox 305 4193 1160 4267">
     <span class='ocr_line' id='line_1_46' title="bbox 305 4193 1160 4267; baseline -0.004 -16"><span class='ocrx_word' id='word_1_279' title='bbox 305 4193 615 4261; x_wconf 86' lang='lat' dir='ltr'>Mesraim,</span> <span class='ocrx_word' id='word_1_280' title='bbox 649 4210 715 4248; x_wconf 88' lang='lat' dir='ltr'>ex</span> <span class='ocrx_word' id='word_1_281' title='bbox 750 4210 866 4265; x_wconf 90' lang='lat' dir='ltr'>quo</span> <span class='ocrx_word' id='word_1_282' title='bbox 891 4194 1160 4267; x_wconf 67' lang='lat' dir='ltr'>Egyptii.</span> 
     </span>
    </p>
   </div>
   <div class='ocr_carea' id='block_1_47' title="bbox 312 4282 1158 4355">
    <p class='ocr_par' dir='ltr' id='par_1_47' title="bbox 312 4282 1158 4355">
     <span class='ocr_line' id='line_1_47' title="bbox 312 4282 1158 4355; baseline 0 -18"><span class='ocrx_word' id='word_1_283' title='bbox 312 4284 515 4353; x_wconf 87' lang='lat' dir='ltr'>Phud,</span> <span class='ocrx_word' id='word_1_284' title='bbox 550 4284 620 4338; x_wconf 91' lang='lat' dir='ltr'>de</span> <span class='ocrx_word' id='word_1_285' title='bbox 651 4299 765 4354; x_wconf 88' lang='lat' dir='ltr'>quo</span> <span class='ocrx_word' id='word_1_286' title='bbox 793 4282 1158 4355; x_wconf 89' lang='lat' dir='ltr'>Troglodita.</span> 
     </span>
    </p>
   </div>
   <div class='ocr_carea' id='block_1_48' title="bbox 316 4371 1451 4443">
    <p class='ocr_par' dir='ltr' id='par_1_48' title="bbox 316 4371 1451 4443">
     <span class='ocr_line' id='line_1_48' title="bbox 316 4371 1451 4443; baseline 0.002 -17"><span class='ocrx_word' id='word_1_287' title='bbox 316 4372 621 4437; x_wconf 87' lang='lat' dir='ltr'>Chanaan,</span> <span class='ocrx_word' id='word_1_288' title='bbox 656 4371 727 4426; x_wconf 89' lang='lat' dir='ltr'>de</span> <span class='ocrx_word' id='word_1_289' title='bbox 758 4386 872 4443; x_wconf 91' lang='lat' dir='ltr'>quo</span> <span class='ocrx_word' id='word_1_290' title='bbox 892 4372 1012 4425; x_wconf 85' lang='lat' dir='ltr'>Afri</span> <span class='ocrx_word' id='word_1_291' title='bbox 1044 4376 1100 4427; x_wconf 89' lang='lat' dir='ltr'>et</span> <span class='ocrx_word' id='word_1_292' title='bbox 1134 4372 1451 4429; x_wconf 83' lang='lat' dir='ltr'>Phanices.</span> 
     </span>
    </p>
   </div>
   <div class='ocr_carea' id='block_1_49' title="bbox 2035 450 3686 529">
    <p class='ocr_par' dir='ltr' id='par_1_49' title="bbox 2035 450 3686 529">
     <span class='ocr_line' id='line_1_49' title="bbox 2035 450 3686 529; baseline 0.004 -26"><span class='ocrx_word' id='word_1_293' title='bbox 2035 450 2401 519; x_wconf 86' lang='lat' dir='ltr'>Patrosonin,</span> <span class='ocrx_word' id='word_1_294' title='bbox 2436 451 2591 507; x_wconf 90' lang='lat' dir='ltr'>unde</span> <span class='ocrx_word' id='word_1_295' title='bbox 2640 450 2834 508; x_wconf 87' lang='lat' dir='ltr'>Cretes</span> <span class='ocrx_word' id='word_1_296' title='bbox 2892 454 2971 520; x_wconf 85' lang='grc'>¹⁹;</span> <span class='ocrx_word' id='word_1_297' title='bbox 3031 452 3269 510; x_wconf 88' lang='lat' dir='ltr'>Casluin</span> <span class='ocrx_word' id='word_1_298' title='bbox 3315 454 3472 510; x_wconf 90' lang='lat' dir='ltr'>unde</span> <span class='ocrx_word' id='word_1_299' title='bbox 3510 456 3686 529; x_wconf 83' lang='lat' dir='ltr'>Lycii,</span> 
     </span>
    </p>
   </div>
   <div class='ocr_carea' id='block_1_50' title="bbox 2039 538 3685 614">
    <p class='ocr_par' dir='ltr' id='par_1_50' title="bbox 2039 538 3685 614">
     <span class='ocr_line' id='line_1_50' title="bbox 2039 538 3685 614; baseline 0.005 -21"><span class='ocrx_word' id='word_1_300' title='bbox 2039 539 2193 593; x_wconf 90' lang='lat' dir='ltr'>unde</span> <span class='ocrx_word' id='word_1_301' title='bbox 2217 538 2481 595; x_wconf 82' lang='lat' dir='ltr'>exierunt</span> <span class='ocrx_word' id='word_1_302' title='bbox 2501 539 2791 596; x_wconf 86' lang='lat' dir='ltr'>Philistim</span> <span class='ocrx_word' id='word_1_303' title='bbox 2821 559 2833 609; x_wconf 93' lang='lat'><strong>;</strong></span> <span class='ocrx_word' id='word_1_304' title='bbox 2857 546 2916 597; x_wconf 92' lang='lat' dir='ltr'>et</span> <span class='ocrx_word' id='word_1_305' title='bbox 2935 542 3259 614; x_wconf 89' lang='lat' dir='ltr'>Capturim,</span> <span class='ocrx_word' id='word_1_306' title='bbox 3286 546 3440 600; x_wconf 89' lang='lat' dir='ltr'>unde</span> <span class='ocrx_word' id='word_1_307' title='bbox 3459 544 3685 601; x_wconf 84' lang='lat' dir='ltr'>Cilices.</span> 
     </span>
    </p>
   </div>
   <div class='ocr_carea' id='block_1_51' title="bbox 2107 627 3685 705">
    <p class='ocr_par' dir='ltr' id='par_1_51' title="bbox 2107 627 3685 705">
     <span class='ocr_line' id='line_1_51' title="bbox 2107 627 3685 705; baseline 0.004 -22"><span class='ocrx_word' id='word_1_308' title='bbox 2107 627 2564 695; x_wconf 82' lang='lat' dir='ltr'>Chananaoruui</span> <span class='ocrx_word' id='word_1_309' title='bbox 2596 633 2735 685; x_wconf 87' lang='lat' dir='ltr'>sunt</span> <span class='ocrx_word' id='word_1_310' title='bbox 2765 631 2960 700; x_wconf 88' lang='lat' dir='ltr'>patria</span> <span class='ocrx_word' id='word_1_311' title='bbox 2988 648 3122 687; x_wconf 89' lang='lat' dir='ltr'>cum</span> <span class='ocrx_word' id='word_1_312' title='bbox 3156 637 3318 705; x_wconf 87' lang='lat' dir='ltr'>patre</span> <span class='ocrx_word' id='word_1_313' title='bbox 3348 649 3549 689; x_wconf 90' lang='lat' dir='ltr'>eorum</span> <span class='ocrx_word' id='word_1_314' title='bbox 3582 650 3685 690; x_wconf 69' lang='grc' dir='ltr'>ιιι.</span> 
     </span>
    </p>
   </div>
   <div class='ocr_carea' id='block_1_52' title="bbox 2036 716 2491 774">
    <p class='ocr_par' dir='ltr' id='par_1_52' title="bbox 2036 716 2491 774">
     <span class='ocr_line' id='line_1_52' title="bbox 2036 716 2491 774; baseline 0.004 -3"><span class='ocrx_word' id='word_1_315' title='bbox 2036 716 2187 773; x_wconf 87' lang='lat' dir='ltr'>Dicit</span> <span class='ocrx_word' id='word_1_316' title='bbox 2213 716 2391 773; x_wconf 92' lang='lat' dir='ltr'>enim.</span> <span class='ocrx_word' id='word_1_317' title='bbox 2420 718 2491 774; x_wconf 87' lang='lat' dir='ltr'>Et</span> 
     </span>
    </p>
   </div>
   <div class='ocr_carea' id='block_1_53' title="bbox 2111 805 3685 883">
    <p class='ocr_par' dir='ltr' id='par_1_53' title="bbox 2111 805 3685 883">
     <span class='ocr_line' id='line_1_53' title="bbox 2111 805 3685 883; baseline 0.005 -23"><span class='ocrx_word' id='word_1_318' title='bbox 2111 805 2381 862; x_wconf 90' lang='lat' dir='ltr'>Chanaan</span> <span class='ocrx_word' id='word_1_319' title='bbox 2415 806 2620 879; x_wconf 88' lang='lat' dir='ltr'>genuit</span> <span class='ocrx_word' id='word_1_320' title='bbox 2668 808 2886 864; x_wconf 89' lang='lat' dir='ltr'>Sidona</span> <span class='ocrx_word' id='word_1_321' title='bbox 2922 809 3401 882; x_wconf 88' lang='lat' dir='ltr'>primogenitum,</span> <span class='ocrx_word' id='word_1_322' title='bbox 3452 827 3520 867; x_wconf 84' lang='lat' dir='ltr'>ex</span> <span class='ocrx_word' id='word_1_323' title='bbox 3570 827 3685 883; x_wconf 85' lang='lat' dir='ltr'>quo</span> 
     </span>
    </p>
   </div>
   <div class='ocr_carea' id='block_1_54' title="bbox 2040 895 3685 971">
    <p class='ocr_par' dir='ltr' id='par_1_54' title="bbox 2040 895 3685 971">
     <span class='ocr_line' id='line_1_54' title="bbox 2040 895 3685 971; baseline 0.002 -19"><span class='ocrx_word' id='word_1_324' title='bbox 2040 895 2288 961; x_wconf 90' lang='lat' dir='ltr'>Sidonii,</span> <span class='ocrx_word' id='word_1_325' title='bbox 2319 901 2376 951; x_wconf 90' lang='lat' dir='ltr'>et</span> <span class='ocrx_word' id='word_1_326' title='bbox 2403 896 2704 963; x_wconf 90' lang='lat' dir='ltr'>Cheteum,</span> <span class='ocrx_word' id='word_1_327' title='bbox 2736 902 2793 953; x_wconf 90' lang='lat' dir='ltr'>et</span> <span class='ocrx_word' id='word_1_328' title='bbox 2834 897 3167 971; x_wconf 85' lang='lat' dir='ltr'>Jebyseum,</span> <span class='ocrx_word' id='word_1_329' title='bbox 3217 905 3275 955; x_wconf 91' lang='lat' dir='ltr'>et</span> <span class='ocrx_word' id='word_1_330' title='bbox 3313 906 3685 967; x_wconf 82' lang='lat' dir='ltr'>Amorreum,</span> 
     </span>
    </p>
   </div>
   <div class='ocr_carea' id='block_1_55' title="bbox 2040 983 3690 1062">
    <p class='ocr_par' dir='ltr' id='par_1_55' title="bbox 2040 983 3690 1062">
     <span class='ocr_line' id='line_1_55' title="bbox 2040 983 3690 1062; baseline 0.004 -23"><span class='ocrx_word' id='word_1_331' title='bbox 2040 988 2097 1039; x_wconf 87' lang='lat' dir='ltr'>et</span> <span class='ocrx_word' id='word_1_332' title='bbox 2127 983 2528 1052; x_wconf 88' lang='lat' dir='ltr'>Gersesseum,</span> <span class='ocrx_word' id='word_1_333' title='bbox 2555 990 2611 1041; x_wconf 91' lang='lat' dir='ltr'>et</span> <span class='ocrx_word' id='word_1_334' title='bbox 2656 990 2967 1056; x_wconf 86' lang='lat' dir='ltr'>Araceum,</span> <span class='ocrx_word' id='word_1_335' title='bbox 3024 993 3080 1043; x_wconf 90' lang='lat' dir='ltr'>et</span> <span class='ocrx_word' id='word_1_336' title='bbox 3130 988 3411 1056; x_wconf 86' lang='lat' dir='ltr'>Euveum,</span> <span class='ocrx_word' id='word_1_337' title='bbox 3458 1005 3527 1047; x_wconf 81' lang='lat' dir='ltr'>ex</span> <span class='ocrx_word' id='word_1_338' title='bbox 3573 1006 3690 1062; x_wconf 89' lang='lat' dir='ltr'>quo</span> 
     </span>
    </p>
   </div>
   <div class='ocr_carea' id='block_1_56' title="bbox 2040 1073 3688 1146">
    <p class='ocr_par' dir='ltr' id='par_1_56' title="bbox 2040 1073 3688 1146">
     <span class='ocr_line' id='line_1_56' title="bbox 2040 1073 3688 1146; baseline 0.001 -16"><span class='ocrx_word' id='word_1_339' title='bbox 2040 1073 2357 1145; x_wconf 87' lang='lat' dir='ltr'>Tripolita,</span> <span class='ocrx_word' id='word_1_340' title='bbox 2390 1078 2447 1129; x_wconf 92' lang='lat' dir='ltr'>et</span> <span class='ocrx_word' id='word_1_341' title='bbox 2474 1076 2787 1146; x_wconf 84' lang='lat' dir='ltr'>Aseneum,</span> <span class='ocrx_word' id='word_1_342' title='bbox 2820 1079 2878 1131; x_wconf 90' lang='lat' dir='ltr'>et</span> <span class='ocrx_word' id='word_1_343' title='bbox 2908 1076 3212 1144; x_wconf 75' lang='lat' dir='ltr'>Aradium,</span> <span class='ocrx_word' id='word_1_344' title='bbox 3272 1079 3427 1134; x_wconf 89' lang='lat' dir='ltr'>unde</span> <span class='ocrx_word' id='word_1_345' title='bbox 3474 1077 3688 1145; x_wconf 81' lang='lat' dir='ltr'>Aradii,</span> 
     </span>
    </p>
   </div>
   <div class='ocr_carea' id='block_1_57' title="bbox 2023 1159 3404 1238">
    <p class='ocr_par' dir='ltr' id='par_1_57' title="bbox 2023 1159 3404 1238">
     <span class='ocr_line' id='line_1_57' title="bbox 2023 1159 3404 1238; baseline 0.003 -20"><span class='ocrx_word' id='word_1_346' title='bbox 2023 1159 2098 1218; x_wconf 54' lang='lat' dir='ltr'>&#39;et</span> <span class='ocrx_word' id='word_1_347' title='bbox 2125 1166 2488 1238; x_wconf 83' lang='lat' dir='ltr'>Samareum.</span> <span class='ocrx_word' id='word_1_348' title='bbox 2521 1167 2578 1218; x_wconf 90' lang='lat' dir='ltr'>et</span> <span class='ocrx_word' id='word_1_349' title='bbox 2608 1164 2870 1232; x_wconf 81' lang='lat' dir='ltr'>Amathi,</span> <span class='ocrx_word' id='word_1_350' title='bbox 2903 1166 3053 1221; x_wconf 92' lang='lat' dir='ltr'>unde</span> <span class='ocrx_word' id='word_1_351' title='bbox 3075 1166 3404 1223; x_wconf 88' lang='lat' dir='ltr'>Amathusi.</span> 
     </span>
    </p>
   </div>
   <div class='ocr_carea' id='block_1_58' title="bbox 2110 1251 3690 1328">
    <p class='ocr_par' dir='ltr' id='par_1_58' title="bbox 2110 1251 3690 1328">
     <span class='ocr_line' id='line_1_58' title="bbox 2110 1251 3690 1328; baseline 0.004 -23"><span class='ocrx_word' id='word_1_352' title='bbox 2110 1255 2209 1307; x_wconf 89' lang='lat' dir='ltr'>Est</span> <span class='ocrx_word' id='word_1_353' title='bbox 2238 1256 2432 1307; x_wconf 90' lang='lat' dir='ltr'>autem</span> <span class='ocrx_word' id='word_1_354' title='bbox 2461 1251 2743 1309; x_wconf 88' lang='lat' dir='ltr'>habitatio</span> <span class='ocrx_word' id='word_1_355' title='bbox 2791 1269 2994 1310; x_wconf 89' lang='lat' dir='ltr'>eorum</span> <span class='ocrx_word' id='word_1_356' title='bbox 3025 1271 3058 1311; x_wconf 91' lang='lat' dir='ltr'>a</span> <span class='ocrx_word' id='word_1_357' title='bbox 3089 1253 3462 1312; x_wconf 80' lang='lat' dir='ltr'>Rinocoruris</span> <span class='ocrx_word' id='word_1_358' title='bbox 3502 1272 3690 1328; x_wconf 86' lang='lat' dir='ltr'>usque</span> 
     </span>
    </p>
   </div>
   <div class='ocr_carea' id='block_1_59' title="bbox 2038 1340 2335 1396">
    <p class='ocr_par' dir='ltr' id='par_1_59' title="bbox 2038 1340 2335 1396">
     <span class='ocr_line' id='line_1_59' title="bbox 2038 1340 2335 1396; baseline -0.007 0"><span class='ocrx_word' id='word_1_359' title='bbox 2038 1340 2335 1396; x_wconf 90' lang='lat' dir='ltr'>Gadiram.</span> 
     </span>
    </p>
   </div>
   <div class='ocr_carea' id='block_1_60' title="bbox 2108 1429 3687 1505">
    <p class='ocr_par' dir='ltr' id='par_1_60' title="bbox 2108 1429 3687 1505">
     <span class='ocr_line' id='line_1_60' title="bbox 2108 1429 3687 1505; baseline 0.004 -21"><span class='ocrx_word' id='word_1_360' title='bbox 2108 1430 2190 1485; x_wconf 83' lang='lat' dir='ltr'>Ex</span> <span class='ocrx_word' id='word_1_361' title='bbox 2228 1429 2318 1485; x_wconf 91' lang='lat' dir='ltr'>his</span> <span class='ocrx_word' id='word_1_362' title='bbox 2340 1434 2536 1486; x_wconf 86' lang='lat' dir='ltr'>autem</span> <span class='ocrx_word' id='word_1_363' title='bbox 2561 1434 2885 1487; x_wconf 89' lang='lat' dir='ltr'>nascuntur</span> <span class='ocrx_word' id='word_1_364' title='bbox 2908 1445 3073 1503; x_wconf 84' lang='lat' dir='ltr'>reges</span> <span class='ocrx_word' id='word_1_365' title='bbox 3093 1431 3182 1488; x_wconf 84' lang='lat' dir='ltr'>vel</span> <span class='ocrx_word' id='word_1_366' title='bbox 3204 1436 3436 1505; x_wconf 82' lang='lat' dir='ltr'>gentes:</span> <span class='ocrx_word' id='word_1_367' title='bbox 3468 1433 3687 1491; x_wconf 70' lang='lat' dir='ltr'>IEthio-</span> 
     </span>
    </p>
   </div>
   <div class='ocr_carea' id='block_1_61' title="bbox 2036 1519 3686 1595">
    <p class='ocr_par' dir='ltr' id='par_1_61' title="bbox 2036 1519 3686 1595">
     <span class='ocr_line' id='line_1_61' title="bbox 2036 1519 3686 1595; baseline 0.003 -22"><span class='ocrx_word' id='word_1_368' title='bbox 2036 1535 2158 1590; x_wconf 86' lang='lat' dir='ltr'>pes,</span> <span class='ocrx_word' id='word_1_369' title='bbox 2192 1519 2556 1591; x_wconf 86' lang='lat' dir='ltr'>Troglodita,</span> <span class='ocrx_word' id='word_1_370' title='bbox 2589 1520 2788 1591; x_wconf 86' lang='lat' dir='ltr'>Aggei,</span> <span class='ocrx_word' id='word_1_371' title='bbox 2823 1521 3059 1591; x_wconf 90' lang='lat' dir='ltr'>lsabini,</span> <span class='ocrx_word' id='word_1_372' title='bbox 3096 1521 3391 1595; x_wconf 84' lang='lat' dir='ltr'>Ictyofagi,</span> <span class='ocrx_word' id='word_1_373' title='bbox 3417 1521 3686 1588; x_wconf 88' lang='lat' dir='ltr'>Velanni,</span> 
     </span>
    </p>
   </div>
   <div class='ocr_carea' id='block_1_62' title="bbox 2034 1607 3689 1681">
    <p class='ocr_par' dir='ltr' id='par_1_62' title="bbox 2034 1607 3689 1681">
     <span class='ocr_line' id='line_1_62' title="bbox 2034 1607 3689 1681; baseline 0.002 -18"><span class='ocrx_word' id='word_1_374' title='bbox 2034 1607 2305 1680; x_wconf 61' lang='lat' dir='ltr'>Egyptii,</span> <span class='ocrx_word' id='word_1_375' title='bbox 2333 1608 2652 1678; x_wconf 87' lang='lat' dir='ltr'>Phoenices,</span> <span class='ocrx_word' id='word_1_376' title='bbox 2676 1608 2900 1681; x_wconf 88' lang='lat' dir='ltr'>Libyes,</span> <span class='ocrx_word' id='word_1_377' title='bbox 2927 1609 2973 1645; x_wconf 84' lang='grc'>²⁰</span> <span class='ocrx_word' id='word_1_378' title='bbox 3004 1610 3403 1680; x_wconf 88' lang='lat' dir='ltr'>Marmareda,</span> <span class='ocrx_word' id='word_1_379' title='bbox 3434 1611 3689 1668; x_wconf 90' lang='lat' dir='ltr'>Charisi-</span> 
     </span>
    </p>
   </div>
   <div class='ocr_carea' id='block_1_63' title="bbox 2031 1695 3685 1772">
    <p class='ocr_par' dir='ltr' id='par_1_63' title="bbox 2031 1695 3685 1772">
     <span class='ocr_line' id='line_1_63' title="bbox 2031 1695 3685 1772; baseline 0.004 -22"><span class='ocrx_word' id='word_1_380' title='bbox 2031 1695 2197 1767; x_wconf 89' lang='lat' dir='ltr'>litta,</span> <span class='ocrx_word' id='word_1_381' title='bbox 2230 1696 2396 1770; x_wconf 86' lang='lat' dir='ltr'>Mysi,</span> <span class='ocrx_word' id='word_1_382' title='bbox 2428 1696 2788 1771; x_wconf 88' lang='lat' dir='ltr'>Mossynaci,</span> <span class='ocrx_word' id='word_1_383' title='bbox 2824 1698 3040 1770; x_wconf 83' lang='lat' dir='ltr'>Friges,</span> <span class='ocrx_word' id='word_1_384' title='bbox 3075 1698 3371 1771; x_wconf 84' lang='lat' dir='ltr'>Magones,</span> <span class='ocrx_word' id='word_1_385' title='bbox 3430 1699 3685 1772; x_wconf 87' lang='lat' dir='ltr'>Bithyni,</span> 
     </span>
    </p>
   </div>
   <div class='ocr_carea' id='block_1_64' title="bbox 2034 1785 3683 1861">
    <p class='ocr_par' dir='ltr' id='par_1_64' title="bbox 2034 1785 3683 1861">
     <span class='ocr_line' id='line_1_64' title="bbox 2034 1785 3683 1861; baseline 0.001 -19"><span class='ocrx_word' id='word_1_386' title='bbox 2034 1786 2346 1853; x_wconf 82' lang='lat' dir='ltr'>Nomades,</span> <span class='ocrx_word' id='word_1_387' title='bbox 2382 1785 2620 1858; x_wconf 90' lang='lat' dir='ltr'>Lycinii,</span> <span class='ocrx_word' id='word_1_388' title='bbox 2653 1786 3032 1855; x_wconf 88' lang='lat' dir='ltr'>Mariandeni,</span> <span class='ocrx_word' id='word_1_389' title='bbox 3066 1786 3386 1860; x_wconf 83' lang='lat' dir='ltr'>Pamphyli,</span> <span class='ocrx_word' id='word_1_390' title='bbox 3429 1787 3683 1861; x_wconf 90' lang='lat' dir='ltr'>Minisci,</span> 
     </span>
    </p>
   </div>
   <div class='ocr_carea' id='block_1_65' title="bbox 2032 1876 3685 1951">
    <p class='ocr_par' dir='ltr' id='par_1_65' title="bbox 2032 1876 3685 1951">
     <span class='ocr_line' id='line_1_65' title="bbox 2032 1876 3685 1951; baseline 0.002 -18"><span class='ocrx_word' id='word_1_391' title='bbox 2032 1876 2373 1949; x_wconf 89' lang='lat' dir='ltr'>Dipisideni,</span> <span class='ocrx_word' id='word_1_392' title='bbox 2409 1877 2669 1951; x_wconf 87' lang='lat' dir='ltr'>Lygallii,</span> <span class='ocrx_word' id='word_1_393' title='bbox 2698 1877 2922 1948; x_wconf 88' lang='lat' dir='ltr'>Cilices,</span> <span class='ocrx_word' id='word_1_394' title='bbox 2956 1877 3256 1946; x_wconf 90' lang='lat' dir='ltr'>Maurosii,</span> <span class='ocrx_word' id='word_1_395' title='bbox 3316 1878 3515 1947; x_wconf 85' lang='lat' dir='ltr'>Creta,</span> <span class='ocrx_word' id='word_1_396' title='bbox 3567 1884 3685 1937; x_wconf 84' lang='lat' dir='ltr'>Ma-</span> 
     </span>
    </p>
   </div>
   <div class='ocr_carea' id='block_1_66' title="bbox 2030 1968 3293 2040">
    <p class='ocr_par' dir='ltr' id='par_1_66' title="bbox 2030 1968 3293 2040">
     <span class='ocr_line' id='line_1_66' title="bbox 2030 1968 3293 2040; baseline 0.003 -18"><span class='ocrx_word' id='word_1_397' title='bbox 2030 1971 2229 2040; x_wconf 86' lang='lat' dir='ltr'>garta,</span> <span class='ocrx_word' id='word_1_398' title='bbox 2260 1968 2524 2024; x_wconf 87' lang='lat' dir='ltr'>Numida</span> <span class='ocrx_word' id='word_1_399' title='bbox 2557 1968 2878 2038; x_wconf 87' lang='lat' dir='ltr'>Macrones,</span> <span class='ocrx_word' id='word_1_400' title='bbox 2910 1969 3293 2026; x_wconf 86' lang='lat' dir='ltr'>Nasamones.</span> 
     </span>
    </p>
   </div>
   <div class='ocr_carea' id='block_1_67' title="bbox 2099 2057 3539 2130">
    <p class='ocr_par' dir='ltr' id='par_1_67' title="bbox 2099 2057 3539 2130">
     <span class='ocr_line' id='line_1_67' title="bbox 2099 2057 3539 2130; baseline 0.003 -20"><span class='ocrx_word' id='word_1_401' title='bbox 2099 2057 2167 2110; x_wconf 87' lang='lat' dir='ltr'>Hi</span> <span class='ocrx_word' id='word_1_402' title='bbox 2203 2058 2504 2129; x_wconf 89' lang='lat' dir='ltr'>possident</span> <span class='ocrx_word' id='word_1_403' title='bbox 2534 2057 2606 2112; x_wconf 91' lang='lat' dir='ltr'>ab</span> <span class='ocrx_word' id='word_1_404' title='bbox 2631 2061 2875 2130; x_wconf 66' lang='lat' dir='ltr'>Egypto</span> <span class='ocrx_word' id='word_1_405' title='bbox 2908 2074 3095 2130; x_wconf 90' lang='lat' dir='ltr'>usque</span> <span class='ocrx_word' id='word_1_406' title='bbox 3127 2060 3197 2114; x_wconf 87' lang='lat' dir='ltr'>ad</span> <span class='ocrx_word' id='word_1_407' title='bbox 3219 2062 3539 2115; x_wconf 89' lang='lat' dir='ltr'>Oceanum.</span> 
     </span>
    </p>
   </div>
   <div class='ocr_carea' id='block_1_68' title="bbox 2099 2146 3689 2204">
    <p class='ocr_par' dir='ltr' id='par_1_68' title="bbox 2099 2146 3689 2204">
     <span class='ocr_line' id='line_1_68' title="bbox 2099 2146 3689 2204; baseline 0.002 -3"><span class='ocrx_word' id='word_1_408' title='bbox 2099 2146 2254 2202; x_wconf 70' lang='lat'>063</span> <span class='ocrx_word' id='word_1_409' title='bbox 2274 2150 2421 2201; x_wconf 87' lang='lat' dir='ltr'>Sunt</span> <span class='ocrx_word' id='word_1_410' title='bbox 2437 2150 2631 2202; x_wconf 90' lang='lat' dir='ltr'>autem</span> <span class='ocrx_word' id='word_1_411' title='bbox 2654 2146 2861 2202; x_wconf 87' lang='lat' dir='ltr'>insula</span> <span class='ocrx_word' id='word_1_412' title='bbox 2885 2146 2943 2202; x_wconf 90' lang='lat' dir='ltr'>in</span> <span class='ocrx_word' id='word_1_413' title='bbox 2958 2147 3048 2202; x_wconf 89' lang='lat' dir='ltr'>his</span> <span class='ocrx_word' id='word_1_414' title='bbox 3061 2164 3403 2204; x_wconf 90' lang='lat' dir='ltr'>communes</span> <span class='ocrx_word' id='word_1_415' title='bbox 3420 2147 3507 2204; x_wconf 86' lang='lat' dir='ltr'>ha</span> <span class='ocrx_word' id='word_1_416' title='bbox 3523 2164 3537 2203; x_wconf 90' lang='lat'><strong>:</strong></span> <span class='ocrx_word' id='word_1_417' title='bbox 3553 2148 3689 2204; x_wconf 87' lang='lat' dir='ltr'>Cor-</span> 
     </span>
    </p>
   </div>
   <div class='ocr_carea' id='block_1_69' title="bbox 2027 2234 3681 2307">
    <p class='ocr_par' dir='ltr' id='par_1_69' title="bbox 2027 2234 3681 2307">
     <span class='ocr_line' id='line_1_69' title="bbox 2027 2234 3681 2307; baseline 0.002 -18"><span class='ocrx_word' id='word_1_418' title='bbox 2027 2234 2171 2306; x_wconf 90' lang='lat' dir='ltr'>sola,</span> <span class='ocrx_word' id='word_1_419' title='bbox 2197 2235 2495 2307; x_wconf 88' lang='lat' dir='ltr'>Lupadus.</span> <span class='ocrx_word' id='word_1_420' title='bbox 2518 2235 2841 2307; x_wconf 89' lang='lat' dir='ltr'>Agaudius,</span> <span class='ocrx_word' id='word_1_421' title='bbox 2866 2235 3105 2305; x_wconf 89' lang='lat' dir='ltr'>Meleta,</span> <span class='ocrx_word' id='word_1_422' title='bbox 3132 2235 3444 2305; x_wconf 88' lang='lat' dir='ltr'>Cercenna,</span> <span class='ocrx_word' id='word_1_423' title='bbox 3472 2236 3681 2305; x_wconf 82' lang='lat' dir='ltr'>Manis,</span> 
     </span>
    </p>
   </div>
   <div class='ocr_carea' id='block_1_70' title="bbox 2026 2323 3680 2398">
    <p class='ocr_par' dir='ltr' id='par_1_70' title="bbox 2026 2323 3680 2398">
     <span class='ocr_line' id='line_1_70' title="bbox 2026 2323 3680 2398; baseline 0.002 -19"><span class='ocrx_word' id='word_1_424' title='bbox 2026 2324 2318 2390; x_wconf 89' lang='lat' dir='ltr'>Cardinia,</span> <span class='ocrx_word' id='word_1_425' title='bbox 2353 2323 2580 2395; x_wconf 90' lang='lat' dir='ltr'>Galata,</span> <span class='ocrx_word' id='word_1_426' title='bbox 2613 2328 2892 2390; x_wconf 89' lang='lat' dir='ltr'>Corsuna,</span> <span class='ocrx_word' id='word_1_427' title='bbox 2924 2325 3112 2397; x_wconf 89' lang='lat' dir='ltr'>Creta,</span> <span class='ocrx_word' id='word_1_428' title='bbox 3154 2325 3404 2393; x_wconf 87' lang='lat' dir='ltr'>Gaulus,</span> <span class='ocrx_word' id='word_1_429' title='bbox 3458 2325 3680 2398; x_wconf 84' lang='lat' dir='ltr'>Rheda,</span> 
     </span>
    </p>
   </div>
   <div class='ocr_carea' id='block_1_71' title="bbox 2024 2412 3683 2486">
    <p class='ocr_par' dir='ltr' id='par_1_71' title="bbox 2024 2412 3683 2486">
     <span class='ocr_line' id='line_1_71' title="bbox 2024 2412 3683 2486; baseline 0.002 -19"><span class='ocrx_word' id='word_1_430' title='bbox 2024 2412 2255 2479; x_wconf 90' lang='lat' dir='ltr'>Ethera,</span> <span class='ocrx_word' id='word_1_431' title='bbox 2290 2415 2583 2478; x_wconf 87' lang='lat' dir='ltr'>Careatus,</span> <span class='ocrx_word' id='word_1_432' title='bbox 2622 2412 2918 2486; x_wconf 87' lang='lat' dir='ltr'>Astypala,</span> <span class='ocrx_word' id='word_1_433' title='bbox 2960 2413 3160 2484; x_wconf 89' lang='lat' dir='ltr'>Chius,</span> <span class='ocrx_word' id='word_1_434' title='bbox 3219 2414 3461 2485; x_wconf 87' lang='lat' dir='ltr'>Lesbus,</span> <span class='ocrx_word' id='word_1_435' title='bbox 3508 2415 3683 2471; x_wconf 88' lang='lat' dir='ltr'>Tene-</span> 
     </span>
    </p>
   </div>
   <div class='ocr_carea' id='block_1_72' title="bbox 2024 2501 3681 2573">
    <p class='ocr_par' dir='ltr' id='par_1_72' title="bbox 2024 2501 3681 2573">
     <span class='ocr_line' id='line_1_72' title="bbox 2024 2501 3681 2573; baseline 0.002 -17"><span class='ocrx_word' id='word_1_436' title='bbox 2024 2501 2152 2567; x_wconf 89' lang='lat' dir='ltr'>dos,</span> <span class='ocrx_word' id='word_1_437' title='bbox 2195 2501 2442 2569; x_wconf 89' lang='lat' dir='ltr'>Imbrus,</span> <span class='ocrx_word' id='word_1_438' title='bbox 2491 2502 2723 2573; x_wconf 83' lang='lat' dir='ltr'>Jassus,</span> <span class='ocrx_word' id='word_1_439' title='bbox 2795 2502 3006 2570; x_wconf 89' lang='lat' dir='ltr'>Cobus,</span> <span class='ocrx_word' id='word_1_440' title='bbox 3058 2502 3341 2572; x_wconf 90' lang='lat' dir='ltr'>Ghnidos,</span> <span class='ocrx_word' id='word_1_441' title='bbox 3411 2502 3681 2572; x_wconf 89' lang='lat' dir='ltr'>Nisurus,</span> 
     </span>
    </p>
   </div>
   <div class='ocr_carea' id='block_1_73' title="bbox 2025 2590 2573 2663">
    <p class='ocr_par' dir='ltr' id='par_1_73' title="bbox 2025 2590 2573 2663">
     <span class='ocr_line' id='line_1_73' title="bbox 2025 2590 2573 2663; baseline 0.004 -18"><span class='ocrx_word' id='word_1_442' title='bbox 2025 2590 2300 2663; x_wconf 87' lang='lat' dir='ltr'>Megista,</span> <span class='ocrx_word' id='word_1_443' title='bbox 2332 2590 2573 2663; x_wconf 86' lang='lat' dir='ltr'>Cyprus.</span> 
     </span>
    </p>
   </div>
   <div class='ocr_carea' id='block_1_74' title="bbox 2095 2679 3675 2747">
    <p class='ocr_par' dir='ltr' id='par_1_74' title="bbox 2095 2679 3675 2747">
     <span class='ocr_line' id='line_1_74' title="bbox 2095 2679 3675 2747; baseline 0.002 -13"><span class='ocrx_word' id='word_1_444' title='bbox 2095 2680 2202 2744; x_wconf 91' lang='lat' dir='ltr'>Qui</span> <span class='ocrx_word' id='word_1_445' title='bbox 2238 2684 2431 2734; x_wconf 83' lang='lat' dir='ltr'>autem</span> <span class='ocrx_word' id='word_1_446' title='bbox 2463 2696 2665 2735; x_wconf 88' lang='lat' dir='ltr'>eorum</span> <span class='ocrx_word' id='word_1_447' title='bbox 2698 2684 2837 2736; x_wconf 90' lang='lat' dir='ltr'>sunt</span> <span class='ocrx_word' id='word_1_448' title='bbox 2865 2679 3123 2747; x_wconf 88' lang='lat' dir='ltr'>litterati,</span> <span class='ocrx_word' id='word_1_449' title='bbox 3156 2680 3216 2736; x_wconf 89' lang='lat' dir='ltr'>hi</span> <span class='ocrx_word' id='word_1_450' title='bbox 3248 2685 3386 2737; x_wconf 90' lang='lat' dir='ltr'>sunt</span> <span class='ocrx_word' id='word_1_451' title='bbox 3412 2681 3675 2739; x_wconf 82' lang='lat' dir='ltr'>:Phceni-</span> 
     </span>
    </p>
   </div>
   <div class='ocr_carea' id='block_1_75' title="bbox 2022 2770 3114 2843">
    <p class='ocr_par' dir='ltr' id='par_1_75' title="bbox 2022 2770 3114 2843">
     <span class='ocr_line' id='line_1_75' title="bbox 2022 2770 3114 2843; baseline -0.001 -18"><span class='ocrx_word' id='word_1_452' title='bbox 2022 2786 2140 2836; x_wconf 89' lang='lat' dir='ltr'>ces,</span> <span class='ocrx_word' id='word_1_453' title='bbox 2171 2770 2445 2842; x_wconf 65' lang='lat' dir='ltr'>Egyptii,</span> <span class='ocrx_word' id='word_1_454' title='bbox 2477 2770 2803 2842; x_wconf 87' lang='lat' dir='ltr'>Pamobyli,</span> <span class='ocrx_word' id='word_1_455' title='bbox 2835 2771 3114 2843; x_wconf 87' lang='lat' dir='ltr'>Phryges.</span> 
     </span>
    </p>
   </div>
   <div class='ocr_carea' id='block_1_76' title="bbox 2094 2858 3675 2932">
    <p class='ocr_par' dir='ltr' id='par_1_76' title="bbox 2094 2858 3675 2932">
     <span class='ocr_line' id='line_1_76' title="bbox 2094 2858 3675 2932; baseline 0.001 -18"><span class='ocrx_word' id='word_1_456' title='bbox 2094 2859 2242 2914; x_wconf 85' lang='lat' dir='ltr'>Sunt</span> <span class='ocrx_word' id='word_1_457' title='bbox 2266 2865 2459 2915; x_wconf 88' lang='lat' dir='ltr'>autem</span> <span class='ocrx_word' id='word_1_458' title='bbox 2489 2860 2635 2915; x_wconf 82' lang='lat' dir='ltr'>ﬁnes</span> <span class='ocrx_word' id='word_1_459' title='bbox 2681 2859 2862 2914; x_wconf 89' lang='lat' dir='ltr'>Cham</span> <span class='ocrx_word' id='word_1_460' title='bbox 2881 2876 2914 2914; x_wconf 92' lang='lat' dir='ltr'>a</span> <span class='ocrx_word' id='word_1_461' title='bbox 2940 2858 3329 2932; x_wconf 83' lang='lat' dir='ltr'>Rinocoryris,</span> <span class='ocrx_word' id='word_1_462' title='bbox 3363 2876 3490 2931; x_wconf 88' lang='lat' dir='ltr'>qua</span> <span class='ocrx_word' id='word_1_463' title='bbox 3521 2860 3675 2915; x_wconf 78' lang='lat' dir='ltr'>divi-</span> 
     </span>
    </p>
   </div>
   <div class='ocr_carea' id='block_1_77' title="bbox 2021 2947 3671 3021">
    <p class='ocr_par' dir='ltr' id='par_1_77' title="bbox 2021 2947 3671 3021">
     <span class='ocr_line' id='line_1_77' title="bbox 2021 2947 3671 3021; baseline 0.002 -20"><span class='ocrx_word' id='word_1_464' title='bbox 2021 2948 2107 3002; x_wconf 92' lang='lat' dir='ltr'>dit</span> <span class='ocrx_word' id='word_1_465' title='bbox 2134 2948 2356 3020; x_wconf 89' lang='lat' dir='ltr'>Syriam</span> <span class='ocrx_word' id='word_1_466' title='bbox 2391 2952 2447 3003; x_wconf 91' lang='lat' dir='ltr'>et</span> <span class='ocrx_word' id='word_1_467' title='bbox 2476 2949 2803 3021; x_wconf 62' lang='lat' dir='ltr'>Egyptum,</span> <span class='ocrx_word' id='word_1_468' title='bbox 2838 2964 3025 3019; x_wconf 90' lang='lat' dir='ltr'>usque</span> <span class='ocrx_word' id='word_1_469' title='bbox 3053 2949 3256 3004; x_wconf 90' lang='lat' dir='ltr'>Garira</span> <span class='ocrx_word' id='word_1_470' title='bbox 3284 2947 3343 3002; x_wconf 90' lang='lat' dir='ltr'>in</span> <span class='ocrx_word' id='word_1_471' title='bbox 3403 2949 3671 3019; x_wconf 85' lang='lat' dir='ltr'>longum.</span> 
     </span>
    </p>
   </div>
   <div class='ocr_carea' id='block_1_78' title="bbox 2092 3036 3678 3110">
    <p class='ocr_par' dir='ltr' id='par_1_78' title="bbox 2092 3036 3678 3110">
     <span class='ocr_line' id='line_1_78' title="bbox 2092 3036 3678 3110; baseline 0.002 -20"><span class='ocrx_word' id='word_1_472' title='bbox 2092 3036 2340 3092; x_wconf 90' lang='lat' dir='ltr'>Nomina</span> <span class='ocrx_word' id='word_1_473' title='bbox 2372 3042 2566 3092; x_wconf 90' lang='lat' dir='ltr'>autem</span> <span class='ocrx_word' id='word_1_474' title='bbox 2600 3037 2863 3108; x_wconf 86' lang='lat' dir='ltr'>gentium</span> <span class='ocrx_word' id='word_1_475' title='bbox 2895 3036 3015 3091; x_wconf 89' lang='lat' dir='ltr'>hac</span> <span class='ocrx_word' id='word_1_476' title='bbox 3047 3040 3187 3092; x_wconf 90' lang='lat' dir='ltr'>sunt</span> <span class='ocrx_word' id='word_1_477' title='bbox 3222 3054 3235 3093; x_wconf 90' lang='lat'><strong>:</strong></span> <span class='ocrx_word' id='word_1_478' title='bbox 3289 3037 3571 3110; x_wconf 69' lang='lat' dir='ltr'>[Egyptus</span> <span class='ocrx_word' id='word_1_479' title='bbox 3619 3040 3678 3093; x_wconf 85' lang='lat' dir='ltr'>et</span> 
     </span>
    </p>
   </div>
   <div class='ocr_carea' id='block_1_79' title="bbox 1940 3109 3674 3198">
    <p class='ocr_par' dir='ltr' id='par_1_79' title="bbox 1940 3109 3674 3198">
     <span class='ocr_line' id='line_1_79' title="bbox 1940 3109 3674 3198; baseline 0.003 -23"><span class='ocrx_word' id='word_1_480' title='bbox 1940 3109 1983 3175; x_wconf 88' lang='lat' dir='ltr'>C</span> <span class='ocrx_word' id='word_1_481' title='bbox 2022 3124 2315 3197; x_wconf 69' lang='lat' dir='ltr'>Ethiopia</span> <span class='ocrx_word' id='word_1_482' title='bbox 2336 3142 2462 3198; x_wconf 89' lang='lat' dir='ltr'>qua</span> <span class='ocrx_word' id='word_1_483' title='bbox 2493 3124 2681 3180; x_wconf 86' lang='lat' dir='ltr'>tendit</span> <span class='ocrx_word' id='word_1_484' title='bbox 2703 3126 2982 3180; x_wconf 90' lang='lat' dir='ltr'>adversus</span> <span class='ocrx_word' id='word_1_485' title='bbox 3004 3125 3254 3190; x_wconf 89' lang='lat' dir='ltr'>Indiam,</span> <span class='ocrx_word' id='word_1_486' title='bbox 3281 3130 3338 3181; x_wconf 90' lang='lat' dir='ltr'>et</span> <span class='ocrx_word' id='word_1_487' title='bbox 3368 3109 3560 3182; x_wconf 84' lang='lat' dir='ltr'>altera</span> <span class='ocrx_word' id='word_1_488' title='bbox 3580 3125 3674 3181; x_wconf 74' lang='lat' dir='ltr'>1E-</span> 
     </span>
    </p>
   </div>
   <div class='ocr_carea' id='block_1_80' title="bbox 2016 3214 3676 3289">
    <p class='ocr_par' dir='ltr' id='par_1_80' title="bbox 2016 3214 3676 3289">
     <span class='ocr_line' id='line_1_80' title="bbox 2016 3214 3676 3289; baseline 0.001 -19"><span class='ocrx_word' id='word_1_489' title='bbox 2016 3214 2258 3287; x_wconf 89' lang='lat' dir='ltr'>thiopia,</span> <span class='ocrx_word' id='word_1_490' title='bbox 2296 3216 2448 3269; x_wconf 90' lang='lat' dir='ltr'>unde</span> <span class='ocrx_word' id='word_1_491' title='bbox 2482 3214 2871 3287; x_wconf 79' lang='lat' dir='ltr'>proficiscitur</span> <span class='ocrx_word' id='word_1_492' title='bbox 2898 3215 3116 3270; x_wconf 90' lang='lat' dir='ltr'>ﬂumen</span> <span class='ocrx_word' id='word_1_493' title='bbox 3146 3214 3506 3288; x_wconf 66' lang='lat' dir='ltr'>Ethiopum,</span> <span class='ocrx_word' id='word_1_494' title='bbox 3533 3216 3676 3289; x_wconf 86' lang='lat' dir='ltr'>Ery-</span> 
     </span>
    </p>
   </div>
   <div class='ocr_carea' id='block_1_81' title="bbox 2017 3302 3678 3375">
    <p class='ocr_par' dir='ltr' id='par_1_81' title="bbox 2017 3302 3678 3375">
     <span class='ocr_line' id='line_1_81' title="bbox 2017 3302 3678 3375; baseline 0.001 -16"><span class='ocrx_word' id='word_1_495' title='bbox 2017 3303 2365 3375; x_wconf 89' lang='lat' dir='ltr'>tbrea,quod</span> <span class='ocrx_word' id='word_1_496' title='bbox 2384 3308 2471 3360; x_wconf 90' lang='lat' dir='ltr'>est</span> <span class='ocrx_word' id='word_1_497' title='bbox 2486 3302 2729 3358; x_wconf 88' lang='lat' dir='ltr'>rubrum</span> <span class='ocrx_word' id='word_1_498' title='bbox 2746 3304 3057 3359; x_wconf 84' lang='lat' dir='ltr'>attendens</span> <span class='ocrx_word' id='word_1_499' title='bbox 3080 3303 3150 3359; x_wconf 89' lang='lat' dir='ltr'>ad</span> <span class='ocrx_word' id='word_1_500' title='bbox 3165 3304 3463 3361; x_wconf 83' lang='lat' dir='ltr'>Orientem</span> <span class='ocrx_word' id='word_1_501' title='bbox 3486 3320 3499 3361; x_wconf 92' lang='lat'><strong>:</strong></span> <span class='ocrx_word' id='word_1_502' title='bbox 3523 3304 3678 3360; x_wconf 88' lang='lat' dir='ltr'>The-</span> 
     </span>
    </p>
   </div>
   <div class='ocr_carea' id='block_1_82' title="bbox 2018 3392 3678 3466">
    <p class='ocr_par' dir='ltr' id='par_1_82' title="bbox 2018 3392 3678 3466">
     <span class='ocr_line' id='line_1_82' title="bbox 2018 3392 3678 3466; baseline 0.001 -19"><span class='ocrx_word' id='word_1_503' title='bbox 2018 3393 2127 3448; x_wconf 90' lang='lat' dir='ltr'>bea</span> <span class='ocrx_word' id='word_1_504' title='bbox 2149 3393 2361 3465; x_wconf 83' lang='lat' dir='ltr'>Libya,</span> <span class='ocrx_word' id='word_1_505' title='bbox 2386 3408 2512 3464; x_wconf 86' lang='lat' dir='ltr'>qua</span> <span class='ocrx_word' id='word_1_506' title='bbox 2536 3392 2795 3448; x_wconf 84' lang='lat' dir='ltr'>extendit</span> <span class='ocrx_word' id='word_1_507' title='bbox 2815 3408 3004 3465; x_wconf 92' lang='lat' dir='ltr'>usque</span> <span class='ocrx_word' id='word_1_508' title='bbox 3026 3393 3249 3466; x_wconf 87' lang='lat' dir='ltr'>Syrtes,</span> <span class='ocrx_word' id='word_1_509' title='bbox 3276 3393 3502 3450; x_wconf 88' lang='lat' dir='ltr'>habens</span> <span class='ocrx_word' id='word_1_510' title='bbox 3536 3409 3678 3466; x_wconf 89' lang='lat' dir='ltr'>gen-</span> 
     </span>
    </p>
   </div>
   <div class='ocr_carea' id='block_1_83' title="bbox 2018 3481 3677 3556">
    <p class='ocr_par' dir='ltr' id='par_1_83' title="bbox 2018 3481 3677 3556">
     <span class='ocr_line' id='line_1_83' title="bbox 2018 3481 3677 3556; baseline 0.001 -19"><span class='ocrx_word' id='word_1_511' title='bbox 2018 3486 2106 3538; x_wconf 89' lang='lat' dir='ltr'>tes</span> <span class='ocrx_word' id='word_1_512' title='bbox 2126 3481 2234 3536; x_wconf 91' lang='lat' dir='ltr'>has</span> <span class='ocrx_word' id='word_1_513' title='bbox 2258 3499 2270 3537; x_wconf 91' lang='lat'><strong>:</strong></span> <span class='ocrx_word' id='word_1_514' title='bbox 2297 3482 2681 3552; x_wconf 88' lang='lat' dir='ltr'>Nasamonas,</span> <span class='ocrx_word' id='word_1_515' title='bbox 2706 3483 3287 3550; x_wconf 85' lang='lat' dir='ltr'>Macas,Tautameos</span> <span class='ocrx_word' id='word_1_516' title='bbox 3309 3501 3322 3538; x_wconf 89' lang='lat'><strong>:</strong></span> <span class='ocrx_word' id='word_1_517' title='bbox 3348 3482 3529 3555; x_wconf 92' lang='lat' dir='ltr'>Libya</span> <span class='ocrx_word' id='word_1_518' title='bbox 3548 3499 3677 3556; x_wconf 86' lang='lat' dir='ltr'>qua</span> 
     </span>
    </p>
   </div>
   <div class='ocr_carea' id='block_1_84' title="bbox 2019 3570 3674 3645">
    <p class='ocr_par' dir='ltr' id='par_1_84' title="bbox 2019 3570 3674 3645">
     <span class='ocr_line' id='line_1_84' title="bbox 2019 3570 3674 3645; baseline 0.002 -20"><span class='ocrx_word' id='word_1_519' title='bbox 2019 3588 2052 3626; x_wconf 90' lang='lat' dir='ltr'>a</span> <span class='ocrx_word' id='word_1_520' title='bbox 2084 3570 2243 3642; x_wconf 87' lang='lat' dir='ltr'>Lepti</span> <span class='ocrx_word' id='word_1_521' title='bbox 2275 3572 2537 3627; x_wconf 82' lang='lat' dir='ltr'>extendit</span> <span class='ocrx_word' id='word_1_522' title='bbox 2568 3588 2757 3644; x_wconf 88' lang='lat' dir='ltr'>usque</span> <span class='ocrx_word' id='word_1_523' title='bbox 2789 3572 3073 3628; x_wconf 90' lang='lat' dir='ltr'>minorem</span> <span class='ocrx_word' id='word_1_524' title='bbox 3099 3571 3314 3645; x_wconf 87' lang='lat' dir='ltr'>Syrtim</span> <span class='ocrx_word' id='word_1_525' title='bbox 3340 3589 3353 3627; x_wconf 89' lang='lat'><strong>:</strong></span> <span class='ocrx_word' id='word_1_526' title='bbox 3376 3572 3674 3643; x_wconf 87' lang='lat' dir='ltr'>Numidia,</span> 
     </span>
    </p>
   </div>
   <div class='ocr_carea' id='block_1_85' title="bbox 2019 3660 3675 3734">
    <p class='ocr_par' dir='ltr' id='par_1_85' title="bbox 2019 3660 3675 3734">
     <span class='ocr_line' id='line_1_85' title="bbox 2019 3660 3675 3734; baseline 0.001 -18"><span class='ocrx_word' id='word_1_527' title='bbox 2019 3660 2319 3729; x_wconf 90' lang='lat' dir='ltr'>Masseria,</span> <span class='ocrx_word' id='word_1_528' title='bbox 2353 3660 2706 3716; x_wconf 89' lang='lat' dir='ltr'>Mauritania</span> <span class='ocrx_word' id='word_1_529' title='bbox 2739 3678 2866 3734; x_wconf 86' lang='lat' dir='ltr'>qua</span> <span class='ocrx_word' id='word_1_530' title='bbox 2916 3662 3175 3717; x_wconf 86' lang='lat' dir='ltr'>extendit</span> <span class='ocrx_word' id='word_1_531' title='bbox 3222 3676 3408 3733; x_wconf 87' lang='lat' dir='ltr'>usque</span> <span class='ocrx_word' id='word_1_532' title='bbox 3456 3665 3675 3717; x_wconf 87' lang='lat' dir='ltr'>Hercu-</span> 
     </span>
    </p>
   </div>
   <div class='ocr_carea' id='block_1_86' title="bbox 2017 3748 3672 3820">
    <p class='ocr_par' dir='ltr' id='par_1_86' title="bbox 2017 3748 3672 3820">
     <span class='ocr_line' id='line_1_86' title="bbox 2017 3748 3672 3820; baseline 0.002 -17"><span class='ocrx_word' id='word_1_533' title='bbox 2017 3748 2161 3815; x_wconf 90' lang='lat' dir='ltr'>leas,</span> <span class='ocrx_word' id='word_1_534' title='bbox 2190 3749 2346 3820; x_wconf 90' lang='lat' dir='ltr'>quod</span> <span class='ocrx_word' id='word_1_535' title='bbox 2371 3754 2460 3804; x_wconf 86' lang='lat' dir='ltr'>est</span> <span class='ocrx_word' id='word_1_536' title='bbox 2487 3749 2907 3806; x_wconf 86' lang='lat' dir='ltr'>Heracleoticas</span> <span class='ocrx_word' id='word_1_537' title='bbox 2930 3749 3109 3807; x_wconf 89' lang='lat' dir='ltr'>stelas</span> <span class='ocrx_word' id='word_1_538' title='bbox 3147 3754 3352 3806; x_wconf 89' lang='lat' dir='ltr'>contra</span> <span class='ocrx_word' id='word_1_539' title='bbox 3377 3749 3672 3807; x_wconf 88' lang='lat' dir='ltr'>Gadiram.</span> 
     </span>
    </p>
   </div>
   <div class='ocr_carea' id='block_1_87' title="bbox 2088 3837 3672 3910">
    <p class='ocr_par' dir='ltr' id='par_1_87' title="bbox 2088 3837 3672 3910">
     <span class='ocr_line' id='line_1_87' title="bbox 2088 3837 3672 3910; baseline 0.001 -17"><span class='ocrx_word' id='word_1_540' title='bbox 2088 3838 2275 3893; x_wconf 87' lang='lat' dir='ltr'>Habet</span> <span class='ocrx_word' id='word_1_541' title='bbox 2306 3843 2503 3894; x_wconf 89' lang='lat' dir='ltr'>autem</span> <span class='ocrx_word' id='word_1_542' title='bbox 2562 3839 2633 3894; x_wconf 73' lang='lat' dir='ltr'>ad</span> <span class='ocrx_word' id='word_1_543' title='bbox 2681 3839 2921 3895; x_wconf 92' lang='lat' dir='ltr'>Borram</span> <span class='ocrx_word' id='word_1_544' title='bbox 2976 3839 3333 3895; x_wconf 86' lang='lat' dir='ltr'>maritimam</span> <span class='ocrx_word' id='word_1_545' title='bbox 3388 3837 3672 3910; x_wconf 89' lang='lat' dir='ltr'>Ciliciam,</span> 
     </span>
    </p>
   </div>
   <div class='ocr_carea' id='block_1_88' title="bbox 2020 3926 3674 4001">
    <p class='ocr_par' dir='ltr' id='par_1_88' title="bbox 2020 3926 3674 4001">
     <span class='ocr_line' id='line_1_88' title="bbox 2020 3926 3674 4001; baseline -0.001 -18"><span class='ocrx_word' id='word_1_546' title='bbox 2020 3926 2444 4000; x_wconf 81' lang='lat' dir='ltr'>Pamphyliam,</span> <span class='ocrx_word' id='word_1_547' title='bbox 2476 3927 2777 3997; x_wconf 83' lang='lat' dir='ltr'>Pisidiam,</span> <span class='ocrx_word' id='word_1_548' title='bbox 2810 3929 3075 4001; x_wconf 83' lang='lat' dir='ltr'>Mysiam,</span> <span class='ocrx_word' id='word_1_549' title='bbox 3101 3928 3472 4001; x_wconf 85' lang='lat' dir='ltr'>Lycaoniam,</span> <span class='ocrx_word' id='word_1_550' title='bbox 3497 3927 3674 3998; x_wconf 86' lang='lat' dir='ltr'>Phry-</span> 
     </span>
    </p>
   </div>
   <div class='ocr_carea' id='block_1_89' title="bbox 2018 4015 3675 4091">
    <p class='ocr_par' dir='ltr' id='par_1_89' title="bbox 2018 4015 3675 4091">
     <span class='ocr_line' id='line_1_89' title="bbox 2018 4015 3675 4091; baseline 0 -21"><span class='ocrx_word' id='word_1_551' title='bbox 2018 4016 2199 4088; x_wconf 89' lang='lat' dir='ltr'>giam,</span> <span class='ocrx_word' id='word_1_552' title='bbox 2221 4016 2562 4086; x_wconf 89' lang='lat' dir='ltr'>Camaliam,</span> <span class='ocrx_word' id='word_1_553' title='bbox 2591 4018 2844 4091; x_wconf 86' lang='lat' dir='ltr'>Lyciam,</span> <span class='ocrx_word' id='word_1_554' title='bbox 2871 4017 3119 4087; x_wconf 77' lang='lat' dir='ltr'>Cariam,</span> <span class='ocrx_word' id='word_1_555' title='bbox 3141 4015 3404 4089; x_wconf 89' lang='lat' dir='ltr'>Lydiam,</span> <span class='ocrx_word' id='word_1_556' title='bbox 3427 4015 3675 4088; x_wconf 89' lang='lat' dir='ltr'>Mysiam</span> 
     </span>
    </p>
   </div>
   <div class='ocr_carea' id='block_1_90' title="bbox 2019 4104 3673 4179">
    <p class='ocr_par' dir='ltr' id='par_1_90' title="bbox 2019 4104 3673 4179">
     <span class='ocr_line' id='line_1_90' title="bbox 2019 4104 3673 4179; baseline -0.001 -18"><span class='ocrx_word' id='word_1_557' title='bbox 2019 4104 2221 4174; x_wconf 90' lang='lat' dir='ltr'>aliam,</span> <span class='ocrx_word' id='word_1_558' title='bbox 2244 4106 2553 4177; x_wconf 80' lang='lat' dir='ltr'>Troadem,</span> <span class='ocrx_word' id='word_1_559' title='bbox 2575 4106 2859 4175; x_wconf 88' lang='lat' dir='ltr'>Aolidem,</span> <span class='ocrx_word' id='word_1_560' title='bbox 2877 4107 3169 4179; x_wconf 88' lang='lat' dir='ltr'>Bityniam</span> <span class='ocrx_word' id='word_1_561' title='bbox 3191 4110 3466 4177; x_wconf 87' lang='lat' dir='ltr'>veterem,</span> <span class='ocrx_word' id='word_1_562' title='bbox 3487 4104 3673 4176; x_wconf 86' lang='lat' dir='ltr'>Phry-</span> 
     </span>
    </p>
   </div>
   <div class='ocr_carea' id='block_1_91' title="bbox 2018 4194 2497 4267">
    <p class='ocr_par' dir='ltr' id='par_1_91' title="bbox 2018 4194 2497 4267">
     <span class='ocr_line' id='line_1_91' title="bbox 2018 4194 2497 4267; baseline 0.006 -18"><span class='ocrx_word' id='word_1_563' title='bbox 2018 4195 2177 4267; x_wconf 89' lang='lat' dir='ltr'>giam</span> <span class='ocrx_word' id='word_1_564' title='bbox 2207 4194 2497 4253; x_wconf 89' lang='lat' dir='ltr'>altiorem.</span> 
     </span>
    </p>
   </div>
   <div class='ocr_carea' id='block_1_92' title="bbox 2091 4282 3675 4352">
    <p class='ocr_par' dir='ltr' id='par_1_92' title="bbox 2091 4282 3675 4352">
     <span class='ocr_line' id='line_1_92' title="bbox 2091 4282 3675 4352; baseline -0.002 -11"><span class='ocrx_word' id='word_1_565' title='bbox 2091 4286 2275 4341; x_wconf 89' lang='lat' dir='ltr'>Habet</span> <span class='ocrx_word' id='word_1_566' title='bbox 2304 4286 2481 4340; x_wconf 89' lang='lat' dir='ltr'>etiam</span> <span class='ocrx_word' id='word_1_567' title='bbox 2530 4283 2764 4341; x_wconf 88' lang='lat' dir='ltr'>Insulas</span> <span class='ocrx_word' id='word_1_568' title='bbox 2814 4285 2961 4341; x_wconf 88' lang='lat' dir='ltr'>has:</span> <span class='ocrx_word' id='word_1_569' title='bbox 3020 4284 3372 4352; x_wconf 78' lang='lat' dir='ltr'>Sardiniam,</span> <span class='ocrx_word' id='word_1_570' title='bbox 3424 4282 3675 4352; x_wconf 87' lang='lat' dir='ltr'>Cretam,</span> 
     </span>
    </p>
   </div>
   <div class='ocr_carea' id='block_1_93' title="bbox 2019 4372 3679 4449">
    <p class='ocr_par' dir='ltr' id='par_1_93' title="bbox 2019 4372 3679 4449">
     <span class='ocr_line' id='line_1_93' title="bbox 2019 4372 3679 4449; baseline -0.002 -18"><span class='ocrx_word' id='word_1_571' title='bbox 2019 4375 2296 4449; x_wconf 90' lang='lat' dir='ltr'>Cyprum,</span> <span class='ocrx_word' id='word_1_572' title='bbox 2319 4378 2378 4429; x_wconf 92' lang='lat' dir='ltr'>et</span> <span class='ocrx_word' id='word_1_573' title='bbox 2397 4374 2617 4430; x_wconf 87' lang='lat' dir='ltr'>ﬂumen</span> <span class='ocrx_word' id='word_1_574' title='bbox 2641 4375 2797 4431; x_wconf 90' lang='lat' dir='ltr'>Geon</span> <span class='ocrx_word' id='word_1_575' title='bbox 2823 4374 2921 4446; x_wconf 89' lang='lat' dir='ltr'>qui</span> <span class='ocrx_word' id='word_1_576' title='bbox 2941 4373 3266 4446; x_wconf 90' lang='lat' dir='ltr'>appellatur</span> <span class='ocrx_word' id='word_1_577' title='bbox 3300 4372 3489 4429; x_wconf 87' lang='lat' dir='ltr'>Nilus.</span> <span class='ocrx_word' id='word_1_578' title='bbox 3519 4372 3679 4427; x_wconf 90' lang='lat' dir='ltr'>Divi-</span> 
     </span>
    </p>
   </div>
   <div class='ocr_carea' id='block_1_94' title="bbox 309 4458 3686 4550">
    <p class='ocr_par' dir='ltr' id='par_1_94' title="bbox 309 4458 3686 4550">
     <span class='ocr_line' id='line_1_94' title="bbox 309 4458 3686 4550; baseline 0 -33"><span class='ocrx_word' id='word_1_579' title='bbox 309 4460 386 4517; x_wconf 88' lang='lat' dir='ltr'>Et</span> <span class='ocrx_word' id='word_1_580' title='bbox 417 4458 523 4514; x_wconf 82' lang='lat' dir='ltr'>ﬁlii</span> <span class='ocrx_word' id='word_1_581' title='bbox 540 4459 725 4516; x_wconf 89' lang='lat' dir='ltr'>Chus:</span> <span class='ocrx_word' id='word_1_582' title='bbox 773 4460 949 4529; x_wconf 89' lang='lat' dir='ltr'>Saba,</span> <span class='ocrx_word' id='word_1_583' title='bbox 992 4460 1196 4528; x_wconf 83' lang='lat' dir='ltr'>Evilat,</span> <span class='ocrx_word' id='word_1_584' title='bbox 1227 4462 1424 4533; x_wconf 87' lang='lat' dir='ltr'>Sabat,</span> <span class='ocrx_word' id='word_1_585' title='bbox 1466 4463 1686 4535; x_wconf 78' lang='lat' dir='ltr'>Regina</span> <span class='ocrx_word' id='word_1_586' title='bbox 1719 4468 1777 4521; x_wconf 90' lang='lat' dir='ltr'>et</span> <span class='ocrx_word' id='word_1_587' title='bbox 1802 4466 1909 4522; x_wconf 86' lang='lat' dir='ltr'>Sa-</span> <span class='ocrx_word' id='word_1_588' title='bbox 1945 4484 1991 4550; x_wconf 71' lang='grc' dir='ltr'><strong>Β</strong></span> <span class='ocrx_word' id='word_1_589' title='bbox 2023 4465 2108 4519; x_wconf 92' lang='lat' dir='ltr'>dit</span> <span class='ocrx_word' id='word_1_590' title='bbox 2129 4469 2322 4520; x_wconf 90' lang='lat' dir='ltr'>autem</span> <span class='ocrx_word' id='word_1_591' title='bbox 2342 4462 2495 4518; x_wconf 89' lang='lat' dir='ltr'>inter</span> <span class='ocrx_word' id='word_1_592' title='bbox 2512 4463 2690 4520; x_wconf 89' lang='lat' dir='ltr'>Cham</span> <span class='ocrx_word' id='word_1_593' title='bbox 2723 4467 2780 4518; x_wconf 92' lang='lat' dir='ltr'>et</span> <span class='ocrx_word' id='word_1_594' title='bbox 2798 4463 2955 4517; x_wconf 89' lang='lat' dir='ltr'>inter</span> <span class='ocrx_word' id='word_1_595' title='bbox 2998 4462 3231 4534; x_wconf 86' lang='lat' dir='ltr'>Japhet,</span> <span class='ocrx_word' id='word_1_596' title='bbox 3275 4466 3335 4520; x_wconf 84' lang='lat' dir='ltr'>et</span> <span class='ocrx_word' id='word_1_597' title='bbox 3360 4479 3425 4520; x_wconf 84' lang='lat' dir='ltr'>os</span> <span class='ocrx_word' id='word_1_598' title='bbox 3454 4476 3686 4535; x_wconf 82' lang='lat' dir='ltr'>vesper-</span> 
     </span>
    </p>
   </div>
   <div class='ocr_carea' id='block_1_95' title="bbox 248 4550 565 4622">
    <p class='ocr_par' dir='ltr' id='par_1_95' title="bbox 248 4550 565 4622">
     <span class='ocr_line' id='line_1_95' title="bbox 248 4550 565 4622; baseline -0.009 -17"><span class='ocrx_word' id='word_1_599' title='bbox 248 4550 565 4622; x_wconf 84' lang='lat' dir='ltr'>gabacata.</span> 
     </span>
    </p>
   </div>
   <div class='ocr_carea' id='block_1_96' title="bbox 316 4635 1477 4709">
    <p class='ocr_par' dir='ltr' id='par_1_96' title="bbox 316 4635 1477 4709">
     <span class='ocr_line' id='line_1_96' title="bbox 316 4635 1477 4709; baseline 0.003 -18"><span class='ocrx_word' id='word_1_600' title='bbox 316 4635 452 4691; x_wconf 84' lang='lat' dir='ltr'>Filii</span> <span class='ocrx_word' id='word_1_601' title='bbox 483 4639 679 4692; x_wconf 89' lang='lat' dir='ltr'>autem</span> <span class='ocrx_word' id='word_1_602' title='bbox 712 4637 954 4709; x_wconf 82' lang='lat' dir='ltr'>Regma,</span> <span class='ocrx_word' id='word_1_603' title='bbox 991 4637 1143 4694; x_wconf 89' lang='lat' dir='ltr'>Saba</span> <span class='ocrx_word' id='word_1_604' title='bbox 1172 4642 1227 4693; x_wconf 88' lang='lat' dir='ltr'>et</span> <span class='ocrx_word' id='word_1_605' title='bbox 1256 4638 1477 4694; x_wconf 91' lang='lat' dir='ltr'>Dadan.</span> 
     </span>
    </p>
   </div>
   <div class='ocr_carea' id='block_1_97' title="bbox 314 4724 1125 4798">
    <p class='ocr_par' dir='ltr' id='par_1_97' title="bbox 314 4724 1125 4798">
     <span class='ocr_line' id='line_1_97' title="bbox 314 4724 1125 4798; baseline 0.002 -18"><span class='ocrx_word' id='word_1_606' title='bbox 314 4726 388 4780; x_wconf 84' lang='lat' dir='ltr'>Et</span> <span class='ocrx_word' id='word_1_607' title='bbox 418 4724 580 4781; x_wconf 89' lang='lat' dir='ltr'>Cbus</span> <span class='ocrx_word' id='word_1_608' title='bbox 608 4726 813 4798; x_wconf 90' lang='lat' dir='ltr'>genuit</span> <span class='ocrx_word' id='word_1_609' title='bbox 844 4726 1125 4783; x_wconf 89' lang='lat' dir='ltr'>Nebroth.</span> 
     </span>
    </p>
   </div>
   <div class='ocr_carea' id='block_1_98' title="bbox 319 4813 1910 4894">
    <p class='ocr_par' dir='ltr' id='par_1_98' title="bbox 319 4813 1910 4894">
     <span class='ocr_line' id='line_1_98' title="bbox 319 4813 1910 4894; baseline 0.008 -28"><span class='ocrx_word' id='word_1_610' title='bbox 319 4813 723 4886; x_wconf 65' lang='lat' dir='ltr'>Egyptiorum</span> <span class='ocrx_word' id='word_1_611' title='bbox 753 4816 977 4887; x_wconf 88' lang='lat' dir='ltr'>patria,</span> <span class='ocrx_word' id='word_1_612' title='bbox 1022 4832 1154 4872; x_wconf 89' lang='lat' dir='ltr'>cum</span> <span class='ocrx_word' id='word_1_613' title='bbox 1210 4817 1481 4873; x_wconf 83' lang='lat' dir='ltr'>Mesraim</span> <span class='ocrx_word' id='word_1_614' title='bbox 1533 4822 1699 4890; x_wconf 89' lang='lat' dir='ltr'>patre</span> <span class='ocrx_word' id='word_1_615' title='bbox 1756 4821 1910 4894; x_wconf 77' lang='lat' dir='ltr'>ipso-</span> 
     </span>
    </p>
   </div>
   <div class='ocr_carea' id='block_1_99' title="bbox 247 4903 1056 4971">
    <p class='ocr_par' dir='ltr' id='par_1_99' title="bbox 247 4903 1056 4971">
     <span class='ocr_line' id='line_1_99' title="bbox 247 4903 1056 4971; baseline 0.002 -14"><span class='ocrx_word' id='word_1_616' title='bbox 247 4919 410 4969; x_wconf 86' lang='lat' dir='ltr'>rum,</span> <span class='ocrx_word' id='word_1_617' title='bbox 444 4919 569 4957; x_wconf 85' lang='lat' dir='ltr'>vm.</span> <span class='ocrx_word' id='word_1_618' title='bbox 603 4903 751 4958; x_wconf 89' lang='lat' dir='ltr'>Dicit</span> <span class='ocrx_word' id='word_1_619' title='bbox 781 4905 959 4971; x_wconf 86' lang='lat' dir='ltr'>enim,</span> <span class='ocrx_word' id='word_1_620' title='bbox 991 4904 1056 4959; x_wconf 86' lang='lat' dir='ltr'>Et</span> 
     </span>
    </p>
   </div>
   <div class='ocr_carea' id='block_1_100' title="bbox 327 4991 1910 5068">
    <p class='ocr_par' dir='ltr' id='par_1_100' title="bbox 327 4991 1910 5068">
     <span class='ocr_line' id='line_1_100' title="bbox 327 4991 1910 5068; baseline 0.006 -22"><span class='ocrx_word' id='word_1_621' title='bbox 327 4991 601 5046; x_wconf 87' lang='lat' dir='ltr'>Mesraim</span> <span class='ocrx_word' id='word_1_622' title='bbox 634 4992 837 5063; x_wconf 88' lang='lat' dir='ltr'>genuit</span> <span class='ocrx_word' id='word_1_623' title='bbox 870 4993 1097 5063; x_wconf 86' lang='lat' dir='ltr'>Ludim,</span> <span class='ocrx_word' id='word_1_624' title='bbox 1132 4996 1284 5050; x_wconf 86' lang='lat' dir='ltr'>unde</span> <span class='ocrx_word' id='word_1_625' title='bbox 1313 4996 1469 5068; x_wconf 89' lang='lat' dir='ltr'>Lydii</span> <span class='ocrx_word' id='word_1_626' title='bbox 1497 5016 1509 5065; x_wconf 90' lang='lat'><strong>;</strong></span> <span class='ocrx_word' id='word_1_627' title='bbox 1547 4998 1790 5054; x_wconf 76' lang='lat' dir='ltr'>Enenim</span> <span class='ocrx_word' id='word_1_628' title='bbox 1839 5000 1910 5055; x_wconf 93' lang='lat' dir='ltr'>de</span> 
     </span>
    </p>
   </div>
   <div class='ocr_carea' id='block_1_101' title="bbox 2026 4551 3325 4627">
    <p class='ocr_par' dir='ltr' id='par_1_101' title="bbox 2026 4551 3325 4627">
     <span class='ocr_line' id='line_1_101' title="bbox 2026 4551 3325 4627; baseline -0.001 -18"><span class='ocrx_word' id='word_1_629' title='bbox 2026 4552 2136 4610; x_wconf 88' lang='lat' dir='ltr'>tini</span> <span class='ocrx_word' id='word_1_630' title='bbox 2165 4551 2367 4609; x_wconf 90' lang='lat' dir='ltr'>maris.</span> <span class='ocrx_word' id='word_1_631' title='bbox 2403 4551 2532 4609; x_wconf 87' lang='lat' dir='ltr'>Hac</span> <span class='ocrx_word' id='word_1_632' title='bbox 2564 4552 2759 4608; x_wconf 89' lang='lat' dir='ltr'>media</span> <span class='ocrx_word' id='word_1_633' title='bbox 2787 4551 2967 4609; x_wconf 88' lang='lat' dir='ltr'>Cham</span> <span class='ocrx_word' id='word_1_634' title='bbox 3007 4552 3325 4627; x_wconf 88' lang='lat' dir='ltr'>generatio.</span> 
     </span>
    </p>
   </div>
   <div class='ocr_carea' id='block_1_102' title="bbox 2660 4694 3037 4753">
    <p class='ocr_par' dir='ltr' id='par_1_102' title="bbox 2660 4694 3037 4753">
     <span class='ocr_line' id='line_1_102' title="bbox 2660 4694 3037 4753; baseline 0.005 -3"><span class='ocrx_word' id='word_1_635' title='bbox 2660 4694 2908 4753; x_wconf 88' lang='lat' dir='ltr'>SECTIO</span> <span class='ocrx_word' id='word_1_636' title='bbox 2965 4694 3037 4752; x_wconf 88' lang='lat' dir='ltr'>V.</span> 
     </span>
    </p>
   </div>
   <div class='ocr_carea' id='block_1_103' title="bbox 2090 4816 3677 4894">
    <p class='ocr_par' dir='ltr' id='par_1_103' title="bbox 2090 4816 3677 4894">
     <span class='ocr_line' id='line_1_103' title="bbox 2090 4816 3677 4894; baseline -0.001 -17"><span class='ocrx_word' id='word_1_637' title='bbox 2090 4819 2171 4877; x_wconf 90' lang='lat' dir='ltr'>De</span> <span class='ocrx_word' id='word_1_638' title='bbox 2194 4820 2325 4877; x_wconf 89' lang='lat' dir='ltr'>Sem</span> <span class='ocrx_word' id='word_1_639' title='bbox 2347 4824 2544 4877; x_wconf 87' lang='lat' dir='ltr'>autem</span> <span class='ocrx_word' id='word_1_640' title='bbox 2568 4819 2785 4877; x_wconf 88' lang='lat' dir='ltr'>seniori</span> <span class='ocrx_word' id='word_1_641' title='bbox 2806 4819 2925 4877; x_wconf 82' lang='lat' dir='ltr'>filio</span> <span class='ocrx_word' id='word_1_642' title='bbox 2944 4820 3083 4892; x_wconf 91' lang='lat' dir='ltr'>Noe,</span> <span class='ocrx_word' id='word_1_643' title='bbox 3108 4824 3247 4879; x_wconf 89' lang='lat' dir='ltr'>sunt</span> <span class='ocrx_word' id='word_1_644' title='bbox 3266 4821 3451 4879; x_wconf 87' lang='lat' dir='ltr'>tribus</span> <span class='ocrx_word' id='word_1_645' title='bbox 3471 4816 3677 4894; x_wconf 67' lang='lat' dir='ltr'>cognio</span> 
     </span>
    </p>
   </div>
   <div class='ocr_carea' id='block_1_104' title="bbox 2018 4909 3227 4977">
    <p class='ocr_par' dir='ltr' id='par_1_104' title="bbox 2018 4909 3227 4977">
     <span class='ocr_line' id='line_1_104' title="bbox 2018 4909 3227 4977; baseline 0.002 -11"><span class='ocrx_word' id='word_1_646' title='bbox 2018 4914 2092 4967; x_wconf 88' lang='lat' dir='ltr'>ta</span> <span class='ocrx_word' id='word_1_647' title='bbox 2121 4928 2267 4977; x_wconf 81' lang='lat' dir='ltr'><strong>xxv;</strong></span> <span class='ocrx_word' id='word_1_648' title='bbox 2301 4911 2372 4966; x_wconf 90' lang='lat' dir='ltr'>ad</span> <span class='ocrx_word' id='word_1_649' title='bbox 2414 4909 2706 4967; x_wconf 88' lang='lat' dir='ltr'>Orientem</span> <span class='ocrx_word' id='word_1_650' title='bbox 2737 4909 3227 4968; x_wconf 88' lang='lat' dir='ltr'>inhabitaverunt.</span> 
     </span>
    </p>
   </div>
   <div class='ocr_carea' id='block_1_105' title="bbox 2092 4997 3678 5073">
    <p class='ocr_par' dir='ltr' id='par_1_105' title="bbox 2092 4997 3678 5073">
     <span class='ocr_line' id='line_1_105' title="bbox 2092 4997 3678 5073; baseline -0.001 -17"><span class='ocrx_word' id='word_1_651' title='bbox 2092 4999 2222 5056; x_wconf 84' lang='lat' dir='ltr'>Filii</span> <span class='ocrx_word' id='word_1_652' title='bbox 2253 5000 2406 5056; x_wconf 90' lang='lat' dir='ltr'>Sem.</span> <span class='ocrx_word' id='word_1_653' title='bbox 2442 4999 2621 5056; x_wconf 69' lang='lat' dir='ltr'>Elam</span> <span class='ocrx_word' id='word_1_654' title='bbox 2656 5000 2726 5057; x_wconf 91' lang='lat' dir='ltr'>de</span> <span class='ocrx_word' id='word_1_655' title='bbox 2755 5016 2870 5072; x_wconf 87' lang='lat' dir='ltr'>quo</span> <span class='ocrx_word' id='word_1_656' title='bbox 2900 5001 3143 5073; x_wconf 68' lang='lat' dir='ltr'>Elymei</span> <span class='ocrx_word' id='word_1_657' title='bbox 3197 5004 3258 5058; x_wconf 87' lang='lat' dir='ltr'>et</span> <span class='ocrx_word' id='word_1_658' title='bbox 3300 4997 3562 5071; x_wconf 81' lang='lat' dir='ltr'>Assyrii:</span> <span class='ocrx_word' id='word_1_659' title='bbox 3603 5000 3678 5054; x_wconf 88' lang='lat' dir='ltr'>Et</span> 
     </span>
    </p>
   </div>
   <div class='ocr_carea' id='block_1_106' title="bbox 1698 5150 2258 5215">
    <p class='ocr_par' dir='ltr' id='par_1_106' title="bbox 1698 5150 2258 5215">
     <span class='ocr_line' id='line_1_106' title="bbox 1698 5150 2258 5215; baseline 0.004 -3"><span class='ocrx_word' id='word_1_660' title='bbox 1698 5151 1903 5213; x_wconf 83' lang='lat' dir='ltr'>Varia</span> <span class='ocrx_word' id='word_1_661' title='bbox 1932 5150 2258 5215; x_wconf 90' lang='lat' dir='ltr'>lectiones.</span> 
     </span>
    </p>
   </div>
   <div class='ocr_carea' id='block_1_107' title="bbox 327 5273 3678 5357">
    <p class='ocr_par' dir='ltr' id='par_1_107' title="bbox 327 5273 3678 5357">
     <span class='ocr_line' id='line_1_107' title="bbox 327 5273 3678 5357; baseline 0.003 -30"><span class='ocrx_word' id='word_1_662' title='bbox 327 5273 368 5357; x_wconf 57' lang='lat' dir='ltr'>‘f</span> <span class='ocrx_word' id='word_1_663' title='bbox 406 5273 661 5357; x_wconf 65' lang='lat' dir='ltr'>Dapnes.</span> <span class='ocrx_word' id='word_1_664' title='bbox 696 5276 881 5357; x_wconf 51' lang='lat' dir='ltr'>Canis.</span> <span class='ocrx_word' id='word_1_665' title='bbox 908 5280 1175 5357; x_wconf 75' lang='lat' dir='ltr'>Dapneri,</span> <span class='ocrx_word' id='word_1_666' title='bbox 1211 5279 1725 5357; x_wconf 22' lang='lat' dir='ltr'>C(mgiDapies.‘u</span> <span class='ocrx_word' id='word_1_667' title='bbox 1758 5284 2247 5357; x_wconf 83' lang='lat' dir='ltr'>Mastusiadilion.</span> <span class='ocrx_word' id='word_1_668' title='bbox 2304 5283 2485 5340; x_wconf 75' lang='lat' dir='ltr'>Canis.</span> <span class='ocrx_word' id='word_1_669' title='bbox 2518 5283 2762 5341; x_wconf 88' lang='lat' dir='ltr'>Mastusi</span> <span class='ocrx_word' id='word_1_670' title='bbox 2820 5286 2890 5340; x_wconf 93' lang='lat' dir='ltr'>ad</span> <span class='ocrx_word' id='word_1_671' title='bbox 2950 5284 3117 5343; x_wconf 92' lang='lat' dir='ltr'>Ilion.</span> <span class='ocrx_word' id='word_1_672' title='bbox 3171 5286 3216 5324; x_wconf 80' lang='lat'>“</span> <span class='ocrx_word' id='word_1_673' title='bbox 3262 5282 3458 5342; x_wconf 78' lang='lat' dir='ltr'>Collis.</span> <span class='ocrx_word' id='word_1_674' title='bbox 3506 5280 3678 5339; x_wconf 86' lang='lat' dir='ltr'>Labb.</span> 
     </span>
    </p>
   </div>
   <div class='ocr_carea' id='block_1_108' title="bbox 238 5344 3682 5431">
    <p class='ocr_par' dir='ltr' id='par_1_108' title="bbox 238 5344 3682 5431">
     <span class='ocr_line' id='line_1_108' title="bbox 238 5344 3682 5431; baseline 0.003 -33"><span class='ocrx_word' id='word_1_675' title='bbox 238 5348 407 5431; x_wconf 50' lang='lat' dir='ltr'>[gf-te.</span> <span class='ocrx_word' id='word_1_676' title='bbox 445 5344 826 5431; x_wconf 37' lang='lat' dir='ltr'>Colchi-sntio;</span> <span class='ocrx_word' id='word_1_677' title='bbox 840 5366 940 5417; x_wconf 87' lang='lat' dir='ltr'>pro</span> <span class='ocrx_word' id='word_1_678' title='bbox 973 5344 1524 5431; x_wconf 33' lang='lat' dir='ltr'>MediaerrisLCanis</span> <span class='ocrx_word' id='word_1_679' title='bbox 1567 5352 1741 5431; x_wconf 69' lang='lat' dir='ltr'>habet</span> <span class='ocrx_word' id='word_1_680' title='bbox 1761 5356 1979 5431; x_wconf 57' lang='lat' dir='ltr'>Media,</span> <span class='ocrx_word' id='word_1_681' title='bbox 2002 5356 2210 5431; x_wconf 82' lang='lat' dir='ltr'>Denris</span> <span class='ocrx_word' id='word_1_682' title='bbox 2242 5357 2580 5431; x_wconf 76' lang='lat' dir='ltr'>&quot;Arcanea.</span> <span class='ocrx_word' id='word_1_683' title='bbox 2606 5358 3682 5431; x_wconf 7' lang='lat' dir='ltr'>LagbbLAcarnia.CapiaAcarnanna:</span> 
     </span>
    </p>
   </div>
   <div class='ocr_carea' id='block_1_109' title="bbox 245 5417 3683 5499">
    <p class='ocr_par' dir='ltr' id='par_1_109' title="bbox 245 5417 3683 5499">
     <span class='ocr_line' id='line_1_109' title="bbox 245 5417 3683 5499; baseline 0.004 -30"><span class='ocrx_word' id='word_1_684' title='bbox 358 5432 503 5499; x_wconf 42' lang='lat' dir='ltr'>mox.</span> <span class='ocrx_word' id='word_1_685' title='bbox 525 5423 646 5499; x_wconf 57' lang='lat' dir='ltr'>post</span> <span class='ocrx_word' id='word_1_686' title='bbox 680 5417 871 5499; x_wconf 37' lang='lat' dir='ltr'>lli-yria</span> <span class='ocrx_word' id='word_1_687' title='bbox 892 5422 1112 5499; x_wconf 48' lang='lat' dir='ltr'>exhibet</span> <span class='ocrx_word' id='word_1_688' title='bbox 1131 5417 1444 5499; x_wconf 77' lang='lat' dir='ltr'>Euchnites</span> <span class='ocrx_word' id='word_1_689' title='bbox 1472 5440 1572 5499; x_wconf 80' lang='lat' dir='ltr'>pro</span> <span class='ocrx_word' id='word_1_690' title='bbox 1596 5428 1903 5499; x_wconf 81' lang='lat' dir='ltr'>Aodimus.</span> <span class='ocrx_word' id='word_1_691' title='bbox 1938 5417 2007 5463; x_wconf 56' lang='lat'>&quot;7&#39;</span> <span class='ocrx_word' id='word_1_692' title='bbox 2022 5428 2261 5484; x_wconf 87' lang='lat' dir='ltr'>Calatia.</span> <span class='ocrx_word' id='word_1_693' title='bbox 2283 5428 2454 5499; x_wconf 68' lang='grc' dir='ltr'>ιαιφ.</span> <span class='ocrx_word' id='word_1_694' title='bbox 2479 5420 2880 5499; x_wconf 70' lang='lat' dir='ltr'>Calcetia/érte</span> <span class='ocrx_word' id='word_1_695' title='bbox 2893 5428 3159 5487; x_wconf 86' lang='lat' dir='ltr'>Galletia.</span> <span class='ocrx_word' id='word_1_696' title='bbox 3176 5430 3365 5485; x_wconf 74' lang='lat' dir='ltr'>Canis.</span> <span class='ocrx_word' id='word_1_697' title='bbox 3383 5426 3683 5499; x_wconf 74' lang='lat' dir='ltr'>Galitia.&quot;</span> 
     </span>
    </p>
   </div>
   <div class='ocr_carea' id='block_1_110' title="bbox 246 5487 3682 5575">
    <p class='ocr_par' dir='ltr' id='par_1_110' title="bbox 246 5487 3682 5575">
     <span class='ocr_line' id='line_1_110' title="bbox 246 5487 3682 5575; baseline 0.004 -34"><span class='ocrx_word' id='word_1_698' title='bbox 246 5487 567 5575; x_wconf 46' lang='lat' dir='ltr'>Hispania:</span> <span class='ocrx_word' id='word_1_699' title='bbox 598 5487 768 5575; x_wconf 44' lang='lat' dir='ltr'>Ga’l‘li&#39;.</span> <span class='ocrx_word' id='word_1_700' title='bbox 834 5487 1656 5575; x_wconf 34' lang='lat' dir='ltr'>Canis,Y_pa_n-ogallia,:forte</span> <span class='ocrx_word' id='word_1_701' title='bbox 1694 5498 2159 5575; x_wconf 76' lang='lat' dir='ltr'>Hispanogallia.</span> <span class='ocrx_word' id='word_1_702' title='bbox 2220 5500 2344 5569; x_wconf 80' lang='lat' dir='ltr'>Leg.</span> <span class='ocrx_word' id='word_1_703' title='bbox 2392 5487 2746 5569; x_wconf 56' lang='lat' dir='ltr'>Spanognll.&#39;</span> <span class='ocrx_word' id='word_1_704' title='bbox 2778 5499 2822 5533; x_wconf 83' lang='grc'>¹⁰</span> <span class='ocrx_word' id='word_1_705' title='bbox 2879 5499 3135 5557; x_wconf 88' lang='lat' dir='ltr'>Casluin.</span> <span class='ocrx_word' id='word_1_706' title='bbox 3196 5499 3374 5558; x_wconf 79' lang='lat' dir='ltr'>Labbe</span> <span class='ocrx_word' id='word_1_707' title='bbox 3420 5498 3682 5565; x_wconf 81' lang='lat' dir='ltr'>Castoin,</span> 
     </span>
    </p>
   </div>
   <div class='ocr_carea' id='block_1_111' title="bbox 250 5561 1914 5635">
    <p class='ocr_par' dir='ltr' id='par_1_111' title="bbox 250 5561 1914 5635">
     <span class='ocr_line' id='line_1_111' title="bbox 250 5561 1914 5635; baseline 0.008 -22"><span class='ocrx_word' id='word_1_708' title='bbox 250 5561 334 5618; x_wconf 73' lang='lat' dir='ltr'>X1</span> <span class='ocrx_word' id='word_1_709' title='bbox 350 5561 619 5632; x_wconf 76' lang='grc' dir='ltr'>σμονιεὶμ</span> <span class='ocrx_word' id='word_1_710' title='bbox 642 5562 833 5632; x_wconf 64' lang='lat' dir='ltr'>(Gem,</span> <span class='ocrx_word' id='word_1_711' title='bbox 864 5582 918 5633; x_wconf 88' lang='lat' dir='ltr'>x,</span> <span class='ocrx_word' id='word_1_712' title='bbox 954 5567 1064 5635; x_wconf 74' lang='grc'>14).</span> <span class='ocrx_word' id='word_1_713' title='bbox 1098 5561 1141 5601; x_wconf 72' lang='grc'>²⁰</span> <span class='ocrx_word' id='word_1_714' title='bbox 1172 5561 1569 5623; x_wconf 70' lang='lat' dir='ltr'>Marmareda.</span> <span class='ocrx_word' id='word_1_715' title='bbox 1601 5570 1781 5627; x_wconf 78' lang='lat' dir='ltr'>Labbe</span> <span class='ocrx_word' id='word_1_716' title='bbox 1798 5561 1914 5626; x_wconf 73' lang='lat' dir='ltr'>Mar</span> 
     </span>
    </p>
   </div>
   <div class='ocr_carea' id='block_1_112' title="bbox 2048 5561 2183 5635">
    <p class='ocr_par' dir='ltr' id='par_1_112' title="bbox 2048 5573 2183 5629">
     <span class='ocr_line' id='line_1_112' title="bbox 2048 5573 2183 5629; baseline -0.015 -2"><span class='ocrx_word' id='word_1_717' title='bbox 2048 5573 2183 5629; x_wconf 76' lang='lat' dir='ltr'>ida.</span> 
     </span>
    </p>
   </div>
   <div class='ocr_carea' id='block_1_113' title="bbox 581 5688 1007 5755">
    <p class='ocr_par' dir='ltr' id='par_1_113' title="bbox 581 5688 1007 5755">
     <span class='ocr_line' id='line_1_113' title="bbox 581 5688 1007 5755; baseline 0.014 -6"><span class='ocrx_word' id='word_1_718' title='bbox 581 5688 853 5753; x_wconf 71' lang='grc' dir='ltr'>ΡΑτιιοι..</span> <span class='ocrx_word' id='word_1_719' title='bbox 898 5692 1007 5755; x_wconf 91' lang='lat' dir='ltr'>IlI.</span> 
     </span>
    </p>
   </div>
   <div class='ocr_carea' id='block_1_114' title="bbox 3282 5699 3363 5763">
    <p class='ocr_par' dir='ltr' id='par_1_114' title="bbox 3282 5699 3363 5763">
     <span class='ocr_line' id='line_1_114' title="bbox 3282 5699 3363 5763; baseline 0 0"><span class='ocrx_word' id='word_1_720' title='bbox 3282 5699 3363 5763; x_wconf 74' lang='lat'><strong>22</strong></span> 
     </span>
    </p>
   </div>
  </div>
