4102 6172
513 280 636 340 683

586 410 839 474 Artaxat,
865 406 1021 461 unde
1042 402 1294 458 Cbaldrei
1321 406 1377 457 et
1399 400 1586 470 Ludii,
1610 399 1766 454 unde
1790 397 2159 453 LazonoszEt
2193 412 2246 473 Α

586 506 779 564 Aram,
806 496 961 550 unde
982 493 1156 549 Ethes
1178 510 1190 546 :
1216 492 1436 564 priores
1459 489 1565 544 hos
1584 488 1797 544 excidit
1827 485 2155 542 Abraham:

2037 260 2402 325 ANONYMI
3732 267 3817 331 ea;

2886 386 3137 447 SECTIO
3188 385 3307 445 VII.

2342 499 2744 555 Necessarium
2772 501 2966 553 autem
2990 495 3187 568 putavi
3210 499 3267 551 et
3287 493 3686 559 inhabitationes
3707 503 3821 561 Gen-

511 593 567 644 et
588 586 888 643 ﬂliiAram
918 583 1139 649 Oscevi,
1182 582 1252 637 de
1288 597 1399 651 quo
1433 579 1616 635 Lidii:
1661 583 1717 634 et
1754 578 1910 642 Gart,
1944 576 2015 630 de
2045 591 2160 646 quo

2298 589 2422 645 ium
2446 594 2502 644 et
2522 586 3061 660 cognominationes
3084 583 3383 640 declarari.

511 675 843 749 Gaspheni;
877 678 934 729 et
963 676 1177 743 Mosoc,
1212 670 1365 726 unde
1396 668 1652 740 Mossyni
1680 683 1693 721 :
1728 668 1797 721 Et

2341 678 2622 750 Incipiam
2649 682 2845 733 autem
2878 676 2949 731 ab
2983 674 3250 731 Oriente:
3287 674 3569 733 Persarum
3602 683 3652 733 et
3676 679 3828 738 Medo-

582 767 819 822 Ανῖδκθῖ
848 763 1049 835 89mm
1070 760 1223 827 sala,
1261 765 1318 815 et
1359 758 1493 815 sala
1524 756 1728 830 εθηαίι
1765 755 1972 820 Ηθδθτι
2005 752 2161 841 υβάθ
2271 784 2400 821 rum
2434 766 2853 822 inhabitatores
2895 762 3092 820 Parthi
3150 768 3207 819 et
3254 763 3444 819 vicinis
3494 773 3667 838 gentes
3709 771 3829 841 pacis

513 855 764 913 Hebraei:
798 858 855 909 et
885 852 1071 908 Heber
1102 850 1218 906 nati
1253 853 1391 905 sunt
1420 848 1535 902 duo
1569 845 1694 916 ﬁlii,
1747 843 1913 900 Falec
1952 846 2009 896 et
2051 840 2159 896 De-
2230 888 2235 897 .
2269 873 2454 927 usque
2481 855 2703 928 Syriam
2736 855 2893 910 (δείδιε,⁸

509 948 638 1017 hoc,
662 943 817 998 unde
847 940 1083 997 ducitur
1115 954 1299 1009 genus
1330 934 1622 990 Abraham
1648 952 1663 1001 ς
1698 936 1754 987 et
1794 932 2052 995 Tactem,
2078 930 2160 1017 “et

507 1013 731 1089 Jectan.
754 1030 957 1087 Jectan
979 1030 1172 1083 autem
1196 1024 1398 1097 genuit
1421 1020 1704 1091 Elmodal,
1729 1020 1800 1075 de
1838 1035 1952 1090 quo
1993 1015 2119 1072 Indi
2144 1031 2158 1085 ;
2225 1013 2231 1019 “

508 1127 566 1178 et
587 1120 760 1188 Salef,
786 1121 856 1176 de
879 1134 992 1191 quo
1016 1115 1304 1171 Bactriani
1326 1131 1339 1180 ;
1359 1117 1415 1168 et
1439 1115 1731 1173 Asarmot,
1757 1110 1825 1163 de
1865 1124 1977 1177 quo
2017 1107 2158 1160 Ara-
2228 1114 2235 1131 ‘

508 1213 610 1268 bes
640 1210 862 1283 priores
888 1227 901 1277 ;
925 1211 981 1263 et
1023 1206 1242 1272 Duran,
1283 1204 1354 1257 de
1392 1218 1502 1274 quo
1542 1198 1778 1265 Ariani;
1812 1200 1869 1251 et
1898 1194 2156 1260 Declam,

509 1303 579 1357 de
604 1316 718 1371 quo
750 1296 987 1355 Cedrusi
1020 1314 1034 1364 ;
1065 1300 1119 1349 et
1151 1292 1348 1359 Gebal,
1383 1292 1451 1346 de
1484 1306 1596 1362 quo
1630 1285 1847 1359 Scythii
1893 1284 2155 1356 priores;

508 1394 566 1447 et
585 1385 866 1454 Abimeel,
900 1385 971 1440 de
1002 1400 1116 1456 quo
1143 1382 1377 1436 Hircani
1404 1398 1417 1449 ;
1449 1384 1507 1434 et
1537 1378 1734 1444 Sabat,
1768 1376 1924 1430 unde
1980 1372 2155 1428 Arabi

508 1478 721 1553 primi:
756 1481 812 1532 et
839 1474 982 1542 Uﬁr,
1016 1474 1087 1528 de
1116 1488 1231 1544 quo
1278 1467 1558 1538 Armenii,
1608 1471 1664 1523 et
1710 1464 1951 1529 OEvilat,
2002 1462 2158 1518 unde

506 1566 937 1641 Gymnosotitaa.
972 1563 1039 1618 Hi
1074 1578 1276 1617 omnes
1309 1556 1619 1614 Bactriani.

577 1661 792 1714 Umnes
824 1658 1020 1709 autem
1053 1653 1123 1706 de
1154 1650 1343 1705 tribus
1376 1648 1512 1702 ﬁliis
1542 1646 1661 1701 Noe
1693 1648 1832 1700 sunt
1863 1660 2033 1697 sxxu.

2336 946 2593 1000 Arabum
2626 943 3050 1000 inhabitatores
3094 943 3305 998 Arabes
3343 942 3717 1001 Eudaemones:
3754 947 3832 1003 hoc

2264 1033 2421 1089 enim
2451 1035 2687 1089 nomine
2716 1032 3105 1105 appellantur.

2337 1122 2737 1177 Chaldaeorum
2771 1121 3192 1176 inbabitatores
3224 1120 3669 1192 Mesopotameni.

2338 1210 2805 1267 Madianensium
2855 1210 3276 1266 inhabitatores
3336 1208 3745 1283 Cynedocolpits
3798 1218 3838 1269 et

2267 1299 2650 1373 Trigolodytte
2682 1304 2738 1355 et
2764 1299 3102 1372 Icthyol'agi.

2338 1388 2669 1444 Graecorum
2704 1393 2898 1445 autem
2932 1393 3136 1460 gentes
3166 1392 3223 1443 et
3280 1387 3553 1444 vocabula
3591 1405 3651 1446 v:
3690 1388 3843 1457 Jones,

2273 1479 2546 1544 Arcades,
2580 1478 2779 1545 Boeoti,
2812 1478 2977 1545 ιΈοιὶ,
3021 1478 3297 1533 Lacones.

2338 1572 2555 1622 Horum
2614 1567 3035 1623 inhabitatores
3093 1567 3333 1622 fuerunt
3408 1566 3634 1636 Pontici,
3690 1566 3843 1635 Bitini,

2268 1657 2467 1724 Troes,
2494 1656 2715 1722 Asiani,
2762 1656 2911 1723 Cari,
2944 1656 3120 1729 Legii,
3150 1654 3390 1728 Pamyli,
3423 1654 3656 1729 Cyrinei,
3697 1661 3743 1711 et
3780 1657 3847 1711 In-

578 1745 854 1802 Omnium
887 1747 1080 1798 autem
1112 1740 1368 1795 ﬁliorum
1408 1738 1541 1793 Sem
1599 1733 1881 1789 habitatio
1925 1736 2015 1786 est
2044 1732 2088 1766 ²¹
2122 1747 2155 1785 a
2188 1786 2230 1819 Β
2267 1746 2409 1801 gula,
2431 1746 2721 1818 plum,st
2745 1746 3123 1819 estcyclades
3143 1745 3850 1819 quidemdecemquemym

506 1834 699 1891 Baoris
731 1848 917 1903 usque
947 1826 1383 1895 Rhinocoruris,
1416 1842 1539 1895 quas
1571 1821 1776 1878 dividit
1825 1821 2051 1892 Syriam
2101 1823 2157 1874 et

514 1925 846 1996 Egyptum,
878 1924 935 1976 et
964 1919 1227 1974 Rubrum
1256 1931 1415 1970 mare
1446 1914 1517 1968 ab
1549 1929 1646 1969 ore
1689 1910 1987 1977 Arsinoes,
2038 1925 2163 1980 quas

512 2012 847 2157 ebiiriﬁi
876 2102 1073 2153 autem
1106 2111 1233 2167 quae
1267 2096 1407 2148 sunt
1458 2091 1619 2145 facta:
1663 2105 1732 2144 ex
1779 2088 1873 2142 bis
1914 2091 2160 2142 Gentes:

510 2190 732 2245 Hebraei
762 2188 860 2259 qui
890 2185 1098 2252 Judaei,
1148 2188 1355 2249 Persae,
1411 2179 1584 2249 Medi,
1634 2179 1857 2243 Pmncs,
1913 2174 2161 2245 Arriani,

509 2278 765 2334 Hircani.
803 2274 1045 2347 Assyrii,
1081 2273 1227 2338 Indi,
1282 2268 1557 2339 Macardi,
1620 2266 1840 2330 Parthi,
1890 2262 2165 2320 Germani

512 2367 791 2439 Helymei,
832 2363 1047 2427 Cersei,
1099 2360 1316 2416 Arabes
1375 2356 1575 2429 primi,
1622 2354 1905 2423 Cedrusii,
1959 2354 2161 2426 Scytm,

512 2457 667 2511 664
699 2453 915 2508 Arabes
949 2452 1123 2517 ultra,
1158 2449 1462 2521 Sapientes
1492 2447 1590 2517 qui
1613 2444 1890 2499 dicuntur
1910 2444 2163 2514 Gymna-

511 2546 715 2612 sofitaa,
748 2541 891 2597 nudi
925 2539 1238 2612 sapientes.

582 2630 873 2689 Habitatio
906 2634 1101 2685 autem
1132 2642 1333 2683 eorum
1368 2639 1553 2694 usque
1587 2620 1944 2677 Rinocorura
1975 2624 2031 2675 et
2072 2619 2164 2675 Ci-

512 2723 665 2779 licia.

584 2810 692 2878 Qui
725 2813 918 2866 autem
944 2822 1143 2864 eorum
1180 2806 1469 2859 noverunt
1496 2800 1745 2870 litteras,
1765 2800 1826 2854 hi
1854 2802 1995 2854 sunt
2021 2823 2035 2865 ;
2067 2797 2168 2853 Ju-

514 2901 643 2970 ἀεὶ,
679 2901 879 2965 Persas,
912 2895 1086 2961 Medi,
1118 2892 1389 2960 Chaldaei,
1425 2889 1573 2960 Indi,
1612 2888 1852 2960 Assyrii.

582 2991 686 3046 Est
715 2993 913 3045 autem
945 2982 1227 3040 habitatio
1260 2996 1485 3048 eorum,
1516 2979 1574 3033 id
1608 2983 1695 3033 est
1727 2976 1981 3032 filiorum
2009 2981 2165 3042 Sem,

2274 1834 2546 1907 pelagum
2571 1836 2889 1892 continent.
2910 1836 3038 1891 Haec
3062 1840 3200 1891 sunt
3222 1841 3419 1891 autem
3435 1835 3847 1891 nominaearum:

2347 1925 2633 1992 Andrum,
2666 1926 3019 1996 Tenmmteo,
3052 1925 3268 1992 Naxus,
3303 1924 3470 1991 Geos,
3528 1924 3742 1997 Gyarus,
3777 1922 3852 1978 De-

2273 2013 2380 2083 los,
2417 2014 2630 2086 Fynus,
2668 2014 2877 2083 Renea,
2910 2014 3150 2086 Cyrnos,
3183 2013 3511 2069 Marathon.
3542 2013 3676 2068 Sunt
3700 2016 3850 2066 autem

2275 2107 2331 2157 et
2346 2102 2469 2157 alia:
2494 2102 2701 2158 Insulas
2730 2104 2980 2173 majores
3001 2120 3102 2170 xu,
3155 2120 3283 2175 qua;
3321 2102 3493 2158 etiam
3524 2100 3751 2157 civitates
3773 2100 3850 2154 ha-

2276 2193 2415 2246 bent
2445 2191 2750 2264 plurimas,
2784 2209 2912 2262 quae
2942 2191 3221 2247 dicuntur
3250 2191 3555 2264 Sporadas,
3586 2190 3638 2244 in
3686 2188 3853 2260 quibus

2275 2280 2750 2336 inhabitaverunt
2771 2279 2971 2335 Graeci.
2999 2280 3127 2336 Haec
3150 2287 3290 2335 sunt
3329 2285 3525 2335 autem
3564 2279 3771 2333 nomina
3794 2294 3863 2332 ea-

2277 2386 2435 2424 rum:
2461 2369 2695 2435 Euboea,
2720 2371 2906 2435 Creta,
2932 2369 3149 2438 Sicilia,
3201 2369 3455 2442 Cyprus,
3488 2368 3643 2432 Coos,
3681 2366 3863 2430 Samus,

2278 2458 2538 2527 Rhodus,
2574 2459 2721 2516 665
2775 2458 2972 2525 Chius,
3020 2459 3311 2529 Thapsus,
3374 2459 3635 2522 Lemnus,
3671 2455 3860 2521 Lesbos,

2275 2548 2627 2604 Samotrace.
2664 2550 2764 2603 Est
2794 2552 2990 2603 autem
3022 2564 3055 2602 a
3089 2547 3300 2603 Bmotia
3357 2547 3596 2603 Euboea:
3634 2543 3779 2600 sicuti
3812 2541 3863 2596 ab

2274 2637 2418 2693 Jone
2435 2636 2676 2693 Jonides
2722 2636 2981 2692 civitates
3013 2653 3105 2691 xv:
3132 2637 3245 2703 has;
3277 2635 3661 2704 Cladiomena,
3696 2630 3863 2702 Mityle-

2278 2742 2369 2794 ne,
2396 2725 2610 2793 Focaaa,
2659 2724 2881 2793 Priene,
2906 2726 2952 2759 ⁸³
2976 2725 3132 2797 Eryt,
3184 2725 3422 2795 Samos,
3462 2725 3620 2780 Teos.
3662 2718 3866 2787 Cololon,

2276 2814 2433 2881 Cius,
2466 2813 2694 2880 Efesus,
2729 2813 3000 2885 Smyrna,
3031 2813 3377 2880 Perinthus,
3412 2810 3744 2886 Byzantium,
3771 2805 3865 2863 Cal-

2278 2903 2480 2969 cedon,
2514 2907 2735 2957 Pontus
2768 2908 2823 2957 et
2850 2902 3082 2957 Amisos
3113 2901 3315 2957 libera.

2349 2993 2767 3059 Romanorum,
2800 2992 2903 3061 qui
2935 2997 2991 3047 et
3022 2990 3397 3061 Citiensium,
3430 2994 3623 3063 gentes
3651 2993 3701 3044 et
3732 2986 3864 3043 inha-

513 3079 836 3151 inlongum
861 3074 1101 3147 quidem
1122 3073 1194 3127 ab
1212 3070 1377 3126 India
1408 3085 1596 3140 usque
1640 3067 2023 3122 Ηίοοοονυτθιε
2048 3065 2167 3121 lata
2281 3081 2588 3137 bitationes
2617 3081 2703 3135 bas
2735 3084 2904 3136 sunt:
2942 3080 3137 3146 Tusci,
3170 3079 3546 3147 Emilienses,
3601 3077 3870 3139 Pincentes,

516 3174 709 3225 autem
741 3184 774 3223 a
806 3164 1037 3221 Perside
1066 3166 1122 3217 et
1150 3159 1375 3215 Bactris
1404 3174 1591 3229 usque
1622 3156 1869 3212 Indiam.

587 3254 885 3313 Vocabula
914 3256 1107 3309 autem
1140 3249 1402 3323 gentium
1434 3248 1552 3302 haac
1582 3250 1747 3301 sunt:
1797 3244 2010 3311 Persis,
2055 3244 2163 3299 Ba-

515 3348 771 3414 ctrianae,
792 3342 1087 3406 Hircania,
1109 3337 1423 3412 Babylona,
1448 3333 1738 3403 Corbulia,
1762 3332 2015 3406 Assyria,
2052 3337 2167 3388 Me-

513 3433 860 3509 sopotamia,
894 3430 1107 3485 Arabia
1136 3432 1321 3496 vetus,
1373 3424 1671 3495 Alimales,
1722 3423 1905 3492 India,
1953 3421 2167 3478 Arabia

511 3526 836 3589 eudasmon,
895 3518 1255 3590 Coelessyria,
1304 3514 1717 3586 Commagena,
1787 3516 1843 3568 et
1910 3511 2162 3584 Fynicia,

512 3631 639 3687 quas
670 3617 759 3669 est
788 3609 1045 3666 ﬁliorum
1078 3608 1235 3662 Sem.

1143 3711 1398 3768 SECTIO
1437 3710 1533 3765 VI.

586 3809 797 3866 Gentes
819 3809 1012 3862 autem
1035 3819 1160 3874 quae
1184 3801 1415 3873 linguas
1439 3815 1576 3856 suas
1603 3798 1842 3868 habent,
1869 3796 1954 3852 has
1985 3798 2160 3852 sunt:

510 3896 734 3956 Hebraei
766 3894 946 3967 quiet
973 3890 1180 3956 Judaei,
1216 3889 1457 3961 Assyrii,
1492 3886 1772 3954 Chalilaai,
1806 3891 2014 3952 Persae,
2048 3885 2164 3940 Me-

510 3990 591 4056 di,
624 3987 867 4055 Arabes,
886 3982 1138 4047 Madian,
1162 3979 1520 4047 Adiobenici,
1547 3976 1766 4044 Toleni,
1808 3976 2164 4041 Alamoseni,

511 4076 805 4141 Saraceni,
860 4072 1033 4145 Magi,
1094 4070 1311 4141 Caspii,
1375 4066 1581 4122 Albani
1640 4066 1788 4137 Indi,
1841 4065 2162 4136 Aﬂthiopes,

509 4166 783 4241 IEgyptii,
811 4158 1275 4234 Libyes,Cbetei,
1320 4155 1608 4225 Cananazi,
1652 4155 1912 4221 Fcrezaai,
1966 4153 2163 4221 Euvei,

512 4248 1066 4328 Gergesei,Jebusei,
1078 4249 1174 4303 Idu
1186 4247 1315 4315 mei,
1335 4244 1654 4312 Samaritae,
1672 4242 1990 4310 thnices,
2014 4242 2160 4314 Syri,

511 4346 737 4414 Cilices,
777 4342 1159 4405 Tharsenses,
1200 4334 1594 4407 Cappadoces,
1642 4332 1923 4402 Armenii,
1976 4333 2018 4366 ιε
2067 4331 2163 4386 Hi-

512 4435 670 4502 beni,
705 4430 961 4497 Librani,
1005 4428 1203 4499 Scytaa,
1257 4423 1478 4489 Colchi,
1526 4422 1727 4489 Sanni,
1781 4420 2163 4492 Bosphorani,

2198 3156 2241 3223 C
2280 3170 2581 3241 Campani,
2612 3170 2981 3242 Apulienses,
3016 3168 3254 3225 Lucani.

2347 3261 2620 3315 Afrorum
2652 3263 2852 3331 gentes
2884 3264 2940 3314 et
2969 3257 3435 3314 inhabitationes
3462 3257 3545 3313 has
3576 3260 3734 3315 sunt:
3762 3253 3871 3311 Leb-

2276 3350 2431 3419 deni,
2464 3349 2633 3418 Cinti,
2668 3348 2955 3418 Numidae,
2991 3348 3383 3416 Nasamones,
3416 3348 3565 3404 Saci.

2346 3438 2557 3494 Insulae
2589 3442 2786 3494 autem
2836 3438 2921 3492 ha:
2979 3442 3137 3503 sunt,
3189 3454 3322 3506 qua:
3385 3437 3596 3492 habent
3630 3434 3873 3491 civitates:

2276 3528 2564 3594 Sardinia,
2597 3528 2851 3594 Corsica,
2884 3526 3062 3584 Girda
3094 3543 3220 3598 quas
3252 3532 3318 3582 et.
3347 3528 3621 3600 Benigga,
3659 3529 3877 3594 Cercynl.
3986 3510 3987 3583 ἶ

2274 3616 2499 3673 Galata.

2346 3705 2684 3761 Maurorum
2736 3709 2931 3761 autem
2976 3709 3177 3777 gentes
3232 3709 3288 3761 et
3345 3702 3779 3762 inhabitationes
3818 3698 3885 3753 he

2276 3800 2452 3851 sunt:
2486 3793 2801 3861 Musulani,
2833 3793 3150 3867 Tingitani,
3183 3794 3601 3851 Cesarienses.

2346 3884 2735 3956 Hispanorum
2769 3888 2962 3939 autem
2994 3887 3198 3954 gentes
3243 3888 3306 3939 et
3358 3881 3791 3939 inhabitationes
3819 3875 3884 3931 bs

2277 3973 2718 4046 suntzTyranni
2751 3977 2807 4026 et
2835 3973 3256 4042 Turrenorum,
3291 3973 3403 4044 qni
3454 3975 3513 4027 et
3558 3972 3885 4026 Tarraconen-

2274 4079 2388 4128 ses,
2426 4062 2704 4134 Lysitani,
2740 4060 2961 4131 Beticii,
2999 4062 3345 4134 Autryconi,
3379 4061 3696 4129 Vascones,
3725 4047 3889 4110 Calleci

2274 4151 2372 4223 qui
2405 4158 2461 4206 et
2492 4153 2749 4220 Astures,

2347 4242 2554 4296 Insulae
2586 4246 2780 4296 autem
2815 4258 2941 4312 quae
2972 4240 3271 4312 pertinent
3306 4242 3383 4297 ad
3434 4236 3774 4312 Hispaniam
3809 4229 3893 4285 Ter

2276 4347 2652 4386 raconensem
2676 4333 2793 4385 tres
2817 4334 2976 4395 sunt,
2996 4345 3119 4401 quas
3143 4329 3530 4401 appellantur
3542 4318 3891 4383 Valliaricas“.

2276 4421 2499 4474 Habent
2530 4424 2725 4473 autem
2768 4418 3030 4473 civitates
3072 4435 3109 4473 ν
3161 4418 3311 4475 has:
3366 4419 3590 4475 Ebuso.
3632 4415 3807 4471 Palme
3842 4407 3893 4469 ³⁵,

512 4522 735 4591 Asiani,
794 4516 1217 4583 Hisaurientes,
1280 4515 1583 4585 Lycaones,
1636 4511 1877 4583 Pysidaa,
1928 4509 2164 4579 Galatas,
2197 4530 2241 4594 Ι)
2275 4508 2577 4577 Pollentia,
2612 4525 2739 4579 quas
2771 4506 2985 4562 dicitur
3017 4508 3317 4579 Majorica,
3357 4509 3655 4568 Tommne.
3679 4502 3896 4571 Magone.

518 4612 877 4683 Paﬂagones,
908 4606 1185 4677 Phryges,
1221 4603 1415 4672 Achai,
1450 4599 1739 4669 Thessali,
1762 4598 2166 4661 Machedones,

2279 4616 2401 4668 quae
2434 4596 2760 4669 appellatur
2792 4596 3093 4652 Minorica.

2353 4688 2568 4741 Harum
2596 4685 3015 4741 inhabitatores
3041 4685 3279 4741 {uerunt
3300 4686 3567 4744 Cananei
3600 4681 3853 4754 fugientes
3875 4688 3899 4726 ι

2283 4776 2583 4830 tacieJesu
2622 4775 2722 4827 filii
2752 4774 2932 4830 Nave:
2969 4792 3104 4830 nam
3157 4781 3215 4831 et
3262 4776 3497 4831 Sidona
3538 4772 3640 4846 qui
3678 4763 3899 4826 condide-

2283 4870 2419 4920 runt
2449 4870 2506 4918 et
2544 4864 2657 4936 ipsi
2687 4864 2955 4919 Cananei.
2992 4864 3169 4919 Gadis
3201 4871 3405 4920 autem
3458 4861 3706 4920 Jebusaai
3746 4850 3900 4911 condi-

2282 4957 2492 5011 derunt
2521 4959 2577 5010 et
2607 4955 2722 5026 ipsi
2754 4955 3023 5010 similiter
3052 4956 3303 5028 profugi.

2353 5046 2652 5100 Gallorum
2684 5049 2877 5099 autem
2913 5042 3391 5099 Narbonensium
3427 5048 3634 5114 gentes
3661 5045 3715 5095 et
3762 5032 3900 5090 inha-

2283 5134 2625 5190 bitationes:
2654 5133 2959 5189 Amaxobii
2993 5132 3207 5201 Graece,
3237 5138 3551 5188 Sarmata.

2352 5224 2422 5279 Et
2451 5223 2560 5279 hoc
2581 5226 2777 5279 autem
2800 5222 3196 5279 necessarium
3235 5223 3347 5279 fuit
3385 5221 3681 5279 declarare
3708 5212 3818 5281 tibi,
3846 5220 3901 5263 ηε

514 4702 786 4765 Thraces,
816 4696 984 4768 Mysi,
1012 4694 1193 4759 Bessi,
1219 4693 1495 4758 Dardam,
1544 4692 1841 4755 Sarmatae,
1874 4688 2168 4754 Germani,

515 4787 801 4855 Pannoni,
832 4786 1070 4849 Peones,
1094 4782 1307 4847 Norici,
1344 4781 1639 4845 Dalmatas,
1676 4778 1921 4833 Romani
1970 4778 2065 4848 qui
2115 4782 2172 4833 et

512 4878 722 4945 Latini,
754 4876 1013 4949 Ligures,
1044 4871 1189 4927 Galli
1232 4869 1331 4939 qui
1372 4872 1429 4922 et
1469 4867 1660 4933 Celtae,
1694 4866 1989 4937 Aquitani,
2020 4865 2169 4921 Brit-

513 4967 943 5042 tani,Hispani,
985 4960 1165 5032 quiet
1188 4956 1446 5028 Tyrreni,
1496 4954 1703 5022 Mauri,
1744 4955 2078 5021 Bacenates,
2111 4969 2173 5019 et

511 5064 867 5119 lxlassennes,
902 5049 1116 5116 Getuli,
1148 5048 1273 5100 Al‘ri
1305 5045 1403 5115 qui
1452 5048 1508 5098 ct
1556 5044 1857 5113 Barbares,
1916 5044 2168 5114 Mazicei.

510 5150 890 5207 Garamantes
923 5139 1022 5211 qui
1054 5142 1109 5191 et
1138 5134 1537 5198 Marmaredaa,
1575 5149 1701 5203 qum
1735 5149 1921 5203 usque
1951 5132 2169 5189 zEthio-

510 5242 673 5316 piam
703 5231 1115 5295 extenduntur.

1949 5373 2149 5438 Varia
2180 5375 2501 5440 lectiones.

584 5542 629 5580 ²¹
665 5548 711 5595 Α
760 5532 976 5594 Bacris.
1021 5530 1186 5589 Labb.
1246 5531 1319 5588 ab
1376 5529 1563 5603 Acris.
1598 5528 1645 5567 ²¹
1699 5526 1930 5588 Hibeni.
1990 5527 2154 5587 Labb.
2212 5528 2434 5592 Hiberi.
2489 5526 2536 5565 ”
2580 5526 2738 5601 Eryt.
2801 5524 2973 5589 Labb.
3007 5524 3272 5603 Erythra.
3309 5526 3363 5564 ³⁴
3395 5509 3899 5589 Valliarice.wbo

507 5610 841 5701 Balearica.
872 5607 927 5659 ἰ
947 5604 1159 5666 Palma.
1191 5604 1360 5663 Labb.
1396 5602 1627 5663 Palene.
