4102 6172
231 291 348 352 685

1699 288 1795 348 CH
1806 285 2172 348 BONICON.

3526 289 3645 349 686

230 424 564 496 ignotarum
590 421 852 494 gentium
886 420 1189 490 vocabula,
1226 425 1282 476 et
1339 424 1566 492 gentes,
1617 424 1671 472 et
1704 419 1882 473 mani~
1912 420 1963 485 Α
2073 416 2193 471 Levi
2227 432 2515 471 annorum
2548 434 2619 471 xL
2642 417 2846 489 genuit
2875 417 3074 472 Caath.

230 510 379 566 festa
401 510 650 567 ﬂumina
675 511 993 584 ignorares.

843 628 1082 683 SECTIO
1114 628 1263 683 VIII.

302 732 586 806 Incipiam
616 751 754 806 ergo
787 735 974 791 dicere
1013 734 1083 790 de
1112 734 1386 808 gentibus
1417 734 1488 788 ab
1520 732 1773 789 Oriente.

302 822 645 879 Adiabenici
680 829 737 879 et
767 823 965 879 Taleni
1011 828 1210 879 contra
1256 823 1555 892 Arabiam,
1588 820 1879 892 Saraceni,

229 912 502 968 Saraceni
533 911 632 968 alii
662 912 936 969 Atalenos
961 917 1163 968 contra
1182 912 1481 980 Arabiam,
1503 910 1714 967 Albani
1745 928 1880 966 con-

231 1007 317 1056 tra
340 1000 516 1073 Pylas
546 1001 809 1072 Caspias,
843 1000 1172 1057 Madianita
1204 1001 1476 1072 majores,
1509 1015 1657 1072 quos
1699 1016 1883 1071 expu-

229 1091 434 1163 gnavit
484 1090 733 1163 Moyses,
774 1088 928 1146 inter
956 1090 1435 1162 Mesopotamiam
1468 1093 1525 1145 et
1556 1105 1715 1144 mare
1764 1087 1881 1143 Ru-

227 1179 403 1234 brum
430 1196 443 1233 :
482 1180 669 1235 Minor
718 1184 913 1235 autem
946 1180 1179 1235 Madian
1228 1183 1316 1235 est
1344 1183 1545 1235 contra
1575 1194 1734 1233 mare
1761 1178 1883 1233 Ru-

230 1269 602 1339 brumjuxta
631 1273 961 1341 Egyptum,
1009 1268 1107 1325 ubi
1174 1269 1437 1341 regnavit
1489 1267 1665 1323 Ravel
1720 1282 1885 1323 socer

230 1357 415 1428 Moysi
441 1357 543 1429 qui
574 1361 631 1413 et
660 1357 886 1413 Jothro.

299 1450 516 1502 Contra
545 1446 917 1518 Cappadoces
964 1464 997 1502 a
1036 1451 1197 1520 parte
1235 1446 1747 1514 dextra‘Armenii,
1780 1446 1884 1502 Hi-

230 1535 401 1603 berii,
434 1536 480 1570 ²⁶
538 1535 780 1606 Birrani,
813 1537 1018 1608 Scytac,
1075 1536 1291 1601 Colchi,
1332 1535 1708 1607 Bosphorani,
1742 1535 1882 1591 Sani

232 1624 336 1697 qui
365 1624 737 1697 appellantur
766 1626 1064 1694 Sannices,
1092 1643 1277 1697 usque
1297 1627 1543 1682 Pontum
1577 1625 1884 1681 extenden-

231 1719 319 1771 tes
357 1733 371 1783 ;
404 1715 505 1772 ubi
534 1720 623 1771 est
657 1718 962 1783 Accessus,
1012 1717 1291 1785 Absarus,
1352 1720 1408 1772 et
1460 1714 1879 1789 Sebastopolis,

232 1804 540 1860 Usillimen
571 1805 725 1876 quod
759 1809 850 1861 est
870 1810 1095 1877 portus,
1126 1810 1183 1862 et
1211 1804 1417 1861 Pasius
1448 1805 1883 1877 ﬂumen,usque
1914 1790 1961 1856 Β

227 1894 598 1965 Trapezunta
626 1896 1021 1951 extenduntur
1050 1894 1135 1950 has
1166 1899 1387 1968 gentes.

298 1986 526 2039 Montes
583 1988 778 2038 autem
832 1988 971 2038 sunt
1029 1984 1316 2039 nominati
1374 2000 1452 2037 xu
1500 2000 1512 2038 :
1564 1983 1881 2052 Caucasus,

231 2074 490 2140 Taurus,
517 2071 699 2139 Atlas,
734 2071 1146 2142 Parnaysus",
1172 2072 1425 2138 Citeron,
1456 2073 1712 2141 Helicon,
1747 2073 1885 2128 Par-

229 2160 493 2229 thenius,
522 2161 695 2233 Nysa,
744 2161 1133 2232 Lucabantus,
1170 2161 1401 2230 Penius,
1461 2161 1757 2234 Olympus,
1791 2162 1883 2217 Li-

230 2252 449 2306 banus.

308 2338 581 2395 Flumina
605 2344 799 2395 autem
835 2344 975 2396 sunt
1002 2356 1216 2412 magna
1235 2344 1291 2395 et
1312 2340 1615 2396 nominata
1643 2357 1766 2395 xu:
1792 2340 1884 2395 In-

230 2430 339 2484 dos
374 2429 477 2500 qui
509 2432 565 2483 et
594 2428 787 2495 Fison,
825 2428 1013 2486 Nilius
1044 2430 1144 2501 qui
1174 2433 1232 2484 et
1281 2429 1462 2495 Geon,
1509 2428 1721 2501 Tigris,
1773 2430 1885 2483 Eu-

228 2518 496 2591 phrates,
527 2517 824 2581 Jordanis,
856 2517 1095 2584 Celisos,
1125 2518 1359 2582 Tanais,
1386 2521 1604 2588 Menos,
1630 2518 1888 2573 Erimau-

226 2609 392 2674 thus,
424 2605 583 2678 Alys,
616 2613 863 2678 Asopus,
916 2607 1309 2673 Thermodon,
1370 2606 1670 2673 Erasinus,
1727 2607 1885 2678 Cius,

228 2696 652 2759 Borusthenes,
693 2695 928 2764 Alfene,
975 2697 1226 2763 Taurus,
1287 2696 1529 2763 Eurota,
1590 2696 1884 2762 Meander,

232 2785 508 2854 Hermus,
550 2785 724 2852 666,
757 2786 951 2840 Axius.
1013 2785 1319 2854 Pyramus,
1380 2787 1576 2856 Bajus,
1635 2786 1885 2856 Hebron,

230 2873 575 2945 Sangarius,
610 2872 922 2940 Achelous,
970 2878 1216 2942 Peneus,
1260 2875 1509 2943 Ebenus,
1552 2874 1887 2946 Sperchius,

234 2963 495 3035 Cayster,
526 2960 760 3029 Simois,
794 2963 1168 3033 Scamander,
1192 2964 1485 3035 Strymon,
1520 2963 1887 3034 Parthenius,

243 3053 404 3119 Ister,
436 3050 671 3107 lllarius
700 3051 799 3122 qui
828 3057 885 3107 et
906 3052 1233 3120 Danubius,
1254 3053 1516 3120 Rhenus,
1548 3051 1888 3119 Rhodanus,

2063 505 2239 561 Cuath
2273 523 2562 561 annorum
2596 522 2663 561 Lx
2692 506 2896 577 genuit
2928 510 3187 561 Amram.

2063 601 2300 651 Amram
2336 612 2622 651 annorum
2647 612 2754 650 Lxx
2784 597 2988 668 genuit
3016 598 3231 652 Aaron.
3350 597 3357 603 “
3664 652 3667 655 Α

2065 689 2129 739 In
2179 686 2533 758 octogesimo
2591 692 2786 741 autem
2865 692 2921 741 et
2976 687 3146 742 tertio
3207 703 3358 742 anno
3428 692 3643 755 Aaron,

1991 774 2209 847 egressi
2242 778 2381 830 sunt
2430 774 2532 829 ﬁlii
2574 773 2750 829 Israel
2798 774 2871 829 de
2918 775 3182 847 Egypto,
3244 775 3491 832 ducente
3546 792 3644 831 eos

1995 863 2210 936 Moyse,

2062 953 2237 1009 Fiunt
2266 954 2447 1027 igitur
2476 969 2679 1010 omnes
2711 954 2849 1009 anni
2879 969 3143 1009 ccccxxx.

2063 1042 2126 1098 In
2157 1044 2387 1099 deserto
2416 1060 2487 1098 xc
2516 1058 2702 1098 annos
2726 1042 2863 1097 facit
2895 1041 3142 1114 populus
3176 1042 3285 1097 sub
3318 1041 3531 1116 Moyse.

2060 1130 2235 1187 Jesus
2264 1132 2416 1187 Nave
2447 1132 2693 1187 transito
2722 1131 2974 1186 Jordane
3005 1130 3143 1186 facit
3172 1129 3233 1185 in
3258 1134 3419 1187 terra
3458 1148 3644 1187 annos

1990 1236 2163 1290 xxvu,
2193 1219 2417 1276 bellum
2440 1220 2563 1292 agit
2592 1220 2762 1275 annis
2787 1236 2885 1288 vu,
2929 1224 2987 1275 et
3028 1223 3342 1291 postquam
3389 1221 3648 1291 possedit

1992 1313 2207 1365 terram
2234 1310 2375 1364 vixit
2404 1309 2572 1365 annis
2602 1326 2693 1363 xx.

2066 1398 2241 1454 Fiunt
2279 1415 2435 1470 ergo,
2496 1415 2563 1454 ex
2600 1414 2715 1469 quo
2763 1397 3064 1453 Abraham
3120 1397 3279 1453 venit
3326 1396 3384 1453 in
3431 1402 3649 1455 terram

1992 1486 2311 1559 Chanaam,
2345 1503 2533 1558 usque
2561 1488 2632 1541 ad
2668 1490 2915 1542 mortem
2944 1485 3083 1542 Jesu
3114 1486 3286 1558 Nave,
3320 1487 3646 1560 generatio-

1992 1592 2096 1632 nes
2130 1593 2373 1632 numero
2406 1593 2501 1647 νη,
2536 1576 2673 1631 anni
2708 1593 2740 1630 ο
2770 1593 2782 1642 ;
2811 1592 2879 1631 ex
2910 1575 3097 1631 Adam
3158 1579 3355 1632 autem
3404 1592 3647 1648 genera-

1992 1666 2181 1722 tiones
2210 1682 2386 1733 xxvu,
2419 1665 2557 1720 anni
2592 1681 2655 1720 III
2694 1680 3065 1720 mcccnxxxw.
3314 1682 3319 1685 ·

2648 1807 2895 1863 SECTIO
2934 1806 2996 1862 X.

2063 1934 2201 1989 Post
2232 1937 2479 1989 mortem
2509 1948 2642 1988 vero
2676 1931 2813 1988 Jesu
2856 1948 3102 2004 peccans
3159 1931 3414 2004 populus
3458 1933 3648 1990 tradi-

1992 2028 2090 2079 tur
2126 2024 2480 2080 Cusarsaton
2540 2021 2662 2095 regi
2707 2021 3155 2092 Mesopotamiae,
3213 2022 3307 2076 cui
3337 2021 3514 2077 servit
3541 2038 3647 2079 an-

1996 2128 2102 2168 nos
2123 2127 2243 2178 vm,
2276 2116 2333 2166 et
2362 2127 2497 2165 cum
2532 2109 2849 2165 clamasset
2877 2110 2949 2165 ad
3008 2108 3346 2175 Dominum,
3380 2125 3647 2167 exsurre-

1993 2200 2076 2256 xit
2104 2198 2410 2255 Gothoniel
2441 2199 2619 2255 frater
2677 2198 2848 2255 Caleb
2881 2198 3085 2268 junior
3140 2199 3212 2254 de
3261 2199 3441 2254 Tribu
3472 2199 3650 2269 Juda,

1997 2289 2096 2361 qui
2128 2288 2493 2344 denuntiavit
2522 2287 2636 2359 ipsi
2695 2291 3072 2357 Cusarsaton,
3123 2295 3177 2343 et
3214 2287 3426 2344 occidit
3456 2287 3647 2356 illum,

1996 2383 2052 2434 et
2080 2378 2264 2450 gessit
2293 2378 2572 2432 ducatum
2607 2375 2804 2448 populi
2838 2376 3008 2431 annis
3036 2392 3189 2431 xxxi.

2067 2469 2137 2523 Et
2158 2468 2365 2523 iterum
2414 2467 2555 2520 dum
2587 2470 2867 2537 peccaret,
2900 2465 3153 2520 traditus
3193 2469 3279 2520 est
3313 2465 3494 2538 Eglon
3527 2467 3647 2539 regi

1997 2556 2185 2623 Moab,
2220 2560 2277 2611 et
2307 2556 2543 2610 servivit
2580 2554 2665 2609 illi
2698 2555 2867 2609 annis
2924 2570 3081 2609 xvm.
3114 2557 3398 2610 Converso
3451 2560 3648 2611 autem

1998 2645 2211 2717 populo
2243 2645 2495 2699 surrexit
2526 2644 2670 2711 Aod,
2729 2642 2817 2697 vir
2847 2643 2918 2698 de
2968 2643 3147 2698 Tribu
3197 2643 3432 2711 Eifrem,
3466 2649 3523 2698 et
3552 2660 3647 2701 oc-

1996 2734 2114 2788 ciso
2144 2731 2351 2804 Eglon,
2385 2732 2747 2803 principatus
2777 2735 2867 2785 est
2897 2731 3109 2802 populo
3140 2730 3310 2786 annis
3342 2748 3501 2786 Lxxx.

2068 2823 2217 2877 067
2261 2822 2484 2876 Mortuo
2535 2825 2731 2875 autem
2790 2820 2934 2889 Aod,
2991 2818 3343 2890 delinquens
3402 2819 3647 2891 populos

1997 2911 2249 2966 traditus
2280 2918 2364 2964 est
2391 2910 2421 2964 J
2430 2910 2564 2964 abin
2598 2908 2717 2979 regi
2750 2908 3231 2978 Chananseorum,
3276 2910 3370 2962 cui
3414 2907 3652 2965 servivit

1999 3000 2168 3055 annis
2192 3016 2284 3052 xx.
2317 2998 2434 3053 Sub
2466 3013 2531 3052 eo
2562 2995 2928 3068 prophetavit
2958 2996 3231 3066 Deborra,
3292 3013 3437 3053 uxor
3486 2996 3651 3069 Lapi-

2001 3088 2133 3158 dod,
2169 3088 2239 3142 de
2269 3087 2449 3142 Tribu
2482 3085 2729 3139 Eii‘rem:
2764 3089 2821 3140 et
2850 3101 2950 3156 per
2977 3086 3178 3157 [ipsum
3210 3085 3488 3140 ducatum
3526 3101 3653 3157 ges-

248 3142 420 3247 ,Betis’
456 3140 804 3209 Heridmus’
836 3141 1128 3198 Thember
1170 3143 1271 3215 qni
1330 3160 1486 3198 nunc
1535 3142 1749 3199 dicitur
1794 3140 1888 3196 Ti-
1922 3159 1964 3226 ί]
2001 3140 2620 3242 sit‘IiaracﬁAminoen,
2651 3175 2722 3230 de
2756 3140 2909 3230 tribu
2945 3140 3255 3247 Meptalim.
3288 3175 3394 3230 Hic
3436 3140 3655 3231 den’un-

246 3229 417 3286 beris.

312 3318 591 3384 Filiorum
617 3319 798 3392 igitur
824 3320 1003 3376 trium
1053 3319 1172 3376 Noe
1218 3319 1578 3392 tripartitum
1608 3319 1889 3376 saeculum

246 3406 583 3463 divisurum.

307 3499 375 3551 Et
400 3496 643 3568 quidem
672 3501 802 3553 Sem
833 3498 1260 3570 primogenitus
1301 3498 1521 3569 accepit
1557 3498 1886 3564 Orientem;

302 3585 485 3641 Cham
509 3589 705 3641 autem
720 3587 1472 3658 Mediterraneum;Japhet
1496 3587 1886 3643 Occidentem.

238 3674 301 3730 Et
329 3676 588 3732 ostensis
618 3675 916 3747 gentibus,
951 3692 1081 3746 quas
1112 3676 1182 3732 de
1213 3693 1325 3748 quo
1356 3679 1559 3732 creatas
1591 3677 1732 3743 sint,
1794 3690 1891 3729 ne-

236 3764 492 3819 cessario
534 3764 914 3820 decurremus
946 3766 1015 3820 ad
1050 3782 1254 3821 annos.

874 3879 1121 3934 SEC'I‘IO
1150 3879 1245 3934 IX.

300 3986 477 4043 Falec
499 4001 787 4041 annorum
808 4003 952 4041 cxxx
972 3986 1175 4058 genuit
1207 3987 1423 4059 Ragau.

301 4078 513 4145 Ragau
551 4091 840 4130 annorum
854 4090 1042 4129 cxxxu
1064 4076 1267 4147 genuit
1294 4075 1532 4130 Seruch.

299 4163 534 4221 Seruch
568 4179 852 4219 annorum
884 4180 1026 4218 cxxx
1056 4163 1258 4235 genuit
1284 4163 1531 4219 Nachor.

302 4253 549 4311 Nachor
577 4268 861 4307 annorum
878 4269 1043 4307 Lxx1x
1064 4252 1267 4325 genuit
1293 4252 1567 4309 Tharam.

304 4345 507 4398 Thara
537 4358 825 4396 annorum
860 4358 960 4395 Lxx
992 4342 1193 4414 genuit
1221 4341 1532 4398 Abraham.

314 4430 607 4485 Abraham
634 4435 824 4485 autem
858 4435 979 4484 erat
999 4446 1285 4485 annorum
1310 4448 1467 4495 Lxxv,
1487 4448 1600 4503 quo
1632 4435 1892 4503 tempore

1998 3266 2352 3322 tiavitJabin
2384 3264 2525 3336 regi,
2558 3269 2615 3319 et
2642 3263 2853 3319 occidit
2881 3280 3035 3333 eum,
3092 3269 3149 3320 et
3180 3264 3444 3337 regnavit
3491 3265 3653 3337 judi-

2000 3374 2139 3413 cans
2170 3372 2303 3412 cum
2342 3354 2592 3410 Deborra
2624 3352 2793 3408 annis
2824 3370 2915 3408 xL.

2070 3449 2211 3500 Post
2230 3444 2402 3513 cujus
2434 3445 2679 3497 mortem
2712 3441 2972 3512 peccavit
3001 3440 3275 3513 populus,
3309 3446 3367 3498 et
3396 3443 3649 3499 traditus

1998 3538 2088 3590 est
2120 3532 2442 3589 Madianeis
2474 3531 2646 3586 annis
2675 3546 2776 3600 vn,
2838 3544 3014 3601 super
3056 3546 3203 3601 quos
3253 3530 3505 3586 surrexit
3533 3531 3648 3587 Ge-

1997 3626 2142 3680 deon
2176 3624 2246 3677 de
2276 3622 2431 3676 tribu
2457 3620 2745 3687 Manasse,
2798 3620 2897 3690 qui
2955 3618 3016 3673 in
3067 3636 3163 3674 ccc
3205 3619 3367 3689 viris,
3400 3635 3506 3675 cxx
3536 3617 3647 3675 bo-

1998 3713 2176 3770 stium
2202 3711 2279 3767 M.
2304 3709 2574 3783 perdidit.
2609 3708 2713 3764 Hic
2744 3709 2891 3765 rexit
2921 3709 3202 3780 populum
3235 3709 3406 3765 annis
3426 3726 3517 3764 XL.

2068 3805 2256 3875 Hujus
2287 3802 2445 3858 filius
2470 3800 2783 3855 Abimelec.

2066 3894 2225 3949 Post.
2257 3891 2413 3947 hunc
2444 3889 2673 3962 praefuit
2702 3887 2916 3961 populo
2946 3887 3124 3944 Thole
3155 3889 3311 3944 filius
3342 3888 3499 3961 Fale,
3538 3887 3646 3945 ﬂlii

1996 3983 2225 4047 Caram,
2260 3981 2329 4035 de
2349 3979 2541 4035 tribus
2563 3978 2795 4050 Eﬂrem,
2819 3978 2990 4034 annis
3019 3994 3112 4033 xx.

2069 4074 2208 4128 Post
2238 4070 2414 4139 hunc,
2437 4066 2724 4139 judicavit
2752 4067 2875 4121 Jair
2905 4066 3199 4123 Galadites
3231 4064 3301 4120 de
3330 4065 3488 4122 tribu
3528 4065 3650 4122 Ma-

2000 4176 2191 4227 nasse,
2226 4162 2284 4214 et
2313 4157 2544 4230 praefuit
2574 4155 2745 4211 annis
2773 4172 2909 4211 χχιι.

2070 4254 2208 4306 Post
2236 4249 2413 4314 hunc,
2448 4262 2694 4319 peccans
2725 4245 2977 4316 populus
3008 4242 3264 4300 traditus
3296 4247 3387 4300 est
3412 4245 3651 4301 Amma-

2000 4340 2139 4396 nitis
2172 4338 2343 4394 annis
2372 4352 2533 4405 xvm,
2566 4340 2625 4390 et
2680 4350 2816 4390 cum
2848 4334 3160 4388 clamasset
3208 4332 3280 4388 ad
3314 4331 3650 4404 Dominum,

2000 4429 2253 4485 surrexit
2280 4426 2400 4481 illis
2432 4424 2700 4496 princeps
2756 4422 2923 4493 Jepte
2981 4419 3305 4488 Galaadita,
3366 4422 3440 4478 de
3491 4422 3651 4479 tribu

226 4519 425 4578 edixit
456 4516 538 4572 illi
577 4518 746 4584 Deus,
781 4522 844 4572 ut
878 4518 1057 4572 exiret
1089 4518 1159 4572 de
1188 4523 1343 4573 terra
1372 4536 1498 4585 sua,
1531 4524 1588 4574 et
1618 4520 1689 4575 de
1718 4521 1892 4575 domo
1923 4530 1969 4594 D
1999 4519 2141 4588 Gad,
2174 4518 2245 4572 de
2276 4514 2505 4571 civitate
2550 4511 2855 4580 Masefath,
2904 4515 2961 4567 et
3015 4509 3198 4582 gessit
3227 4510 3506 4569 ducatum
3547 4527 3651 4569 an-

229 4608 428 4683 patris
453 4606 566 4671 sui,
597 4610 654 4662 et
682 4606 902 4661 veniret
928 4606 987 4661 iu
1019 4610 1234 4661 terram
1256 4607 1571 4663 Chanaam.

313 4696 697 4767 Fiuntigitur
749 4713 779 4750 a
817 4695 1098 4751 divisione
1147 4712 1452 4767 usquequo
1508 4695 1664 4752 venit
1716 4697 1895 4753 Abra-

238 4780 486 4842 ham‘in
538 4792 751 4840 terram
802 4785 1094 4839 Chanaam
1152 4786 1558 4857 generationes
1611 4787 1893 4858 quinque,

240 4876 383 4929 anni
408 4890 574 4928 ncxvi
607 4890 620 4929 :
655 4874 725 4929 ab
756 4874 939 4928 Adam
998 4879 1190 4929 autem
1223 4874 1626 4947 generationes
1663 4893 1756 4947 xx,
1802 4892 1900 4931 an-

232 4964 336 5021 nis
370 4979 439 5017 ιιι
470 4978 865 5018 MCCCLXXXVII.

2005 4625 2212 4754 mihist
2241 4695 2419 4760 hunc,
2446 4690 2733 4764 judicavit
2762 4690 2900 4747 Elon
2933 4689 3104 4747 annis
3133 4708 3188 4748 x.

2037 4858 2043 4864 ν
2077 4788 2213 4843 Post
2236 4786 2414 4849 hunc,
2439 4780 2725 4853 judicavit
2757 4781 2986 4837 Hebron
3014 4780 3172 4836 ﬁlius
3223 4778 3451 4839 Allelou
3485 4778 3658 4839 Fara-

2006 4876 2275 4939 thonoin,
2306 4874 2377 4928 de
2408 4870 2561 4927 tribu
2596 4868 2830 4938 Effrem,
2863 4869 3032 4927 annis
3060 4887 3181 4926 vm.

2079 4968 2215 5019 Post
2244 4962 2421 5031 hunc,
2455 4974 2703 5032 peccans
2726 4957 2976 5031 populus
3004 4959 3258 5015 traditur
3286 4955 3535 5014 Allofilis
3556 4971 3661 5030 per

314 5056 704 5107 Conversatus
733 5056 821 5106 est
847 5054 1039 5105 autem
1074 5068 1205 5105 cum
1258 5053 1549 5109 Chanaam
1592 5054 1761 5110 annis
1791 5072 1900 5110 xxv
2010 5072 2195 5111 annos
2218 5070 2305 5107 χι.

237 5147 303 5197 et
323 5140 536 5213 genuit
565 5145 743 5194 Isaac.

318 5232 490 5285 Isaac
518 5244 803 5284 annorum
838 5246 905 5284 Lx
937 5228 1142 5300 genuit
1174 5229 1373 5286 Jacob.

310 5317 506 5377 Jacob
536 5333 803 5373 amorum
837 5334 999 5372 uxvx
1030 5318 1230 5391 genuit
1257 5318 1411 5375 Levi.

2083 5144 2216 5200 Post
2239 5141 2382 5206 haec,
2416 5136 2709 5194 conversis
2760 5137 2896 5193 filiis
2955 5134 3136 5192 Israel
3193 5133 3443 5192 surrexit
3494 5137 3660 5190 8am-

2013 5252 2140 5302 son,
2173 5230 2330 5287 {ilius
2362 5229 2589 5294 Mauoe,
2651 5227 2720 5281 de
2766 5228 2956 5281 tribus
3005 5225 3148 5281 Dan.
3186 5224 3289 5280 Hic
3347 5218 3664 5281 debellavit

2011 5321 2293 5387 Alloﬁlos,
2318 5322 2374 5373 et
2391 5315 2572 5390 gessit
2592 5314 2983 5387 principatum
3015 5314 3186 5371 annis
3211 5329 3305 5370 xx.

1682 5476 1890 5541 Varia
1918 5477 2240 5542 lectiones.

318 5606 368 5644 ³⁸
415 5604 667 5661 Birrani.
698 5604 896 5662 Labbe.
930 5604 1182 5664 Gircani.
1220 5606 1261 5642 ²τ
1300 5612 1648 5683 Parnaysus,
1681 5610 1932 5669 Citeron.
1966 5611 2161 5669 Labbe.
2199 5609 2541 5677 Parnassus,
2576 5601 2886 5676 Cithaeron.
