4102 6172
3707 43 3728 54 ν
3743 47 3748 54 ~
3775 42 4007 90 ιγ’-φή

514 360 629 422 687
2041 347 2172 408 ΑΝ(

2288 349 2309 408 ἶ
2315 346 2400 408 Ml
3738 349 3830 414 688

583 489 720 543 Post
740 485 917 552 hunc,
947 482 1070 538 Heli
1103 482 1376 538 sacerdos
1398 478 1685 553 judicavit
1711 495 1898 535 annos
1929 496 2018 534 xx.
2192 480 2248 545 Α
2349 481 2487 534 Post
2517 477 2692 542 hunc,
2727 480 2933 550 regnat
2964 472 3253 544 Gotholia,
3289 476 3466 530 mater
3491 472 3730 550 Ochosias,
3757 498 3832 538 an-

587 576 742 642 Post,
773 571 1009 630 Samuel
1043 571 1321 644 prepheta
1368 569 1534 626 unxit
1580 569 1713 625 Saul
1763 568 1821 623 in
1855 584 2070 640 regem,
2102 570 2161 623 et
2273 569 2366 623 nis
2399 585 2520 624 vm.
2563 570 2695 632 Quae
2749 583 3071 639 exsurgens
3139 562 3352 621 occidit
3407 569 3558 622 natos
3595 567 3682 623 ﬁlii
3733 573 3830 631 sui:

538 682 640 736 pse
661 661 947 734 judicavit
976 659 1258 732 p0pulum
1296 659 1465 716 annis
1495 677 1626 714 xxx.
2272 663 2397 713 erat
2417 657 2572 712 enim
2605 659 2676 712 de
2706 673 2916 728 genere
2939 655 3134 712 Achab
3174 655 3326 726 regis
3356 654 3555 711 Israel:
3599 674 3738 715 soror
3761 679 3838 718 au-

593 757 731 809 Post
788 756 1044 822 tempus,
1088 767 1221 804 cum
1285 755 1552 822 regnaret
1590 747 1789 820 David,
1838 747 2034 803 eduxit
2069 764 2165 802 ar-
2274 751 2393 802 tem
2426 746 2704 812 Ochoziaa,
2760 746 2998 802 nomine
3026 744 3317 814 Zosabaae,
3350 761 3477 800 cum
3505 751 3642 802 esset
3663 747 3835 812 Joiade

517 858 648 900 cam
679 840 750 896 de
780 841 953 896 domo
1002 839 1356 905 Aminadab,
1417 843 1474 893 et
1530 838 1764 893 divertit
1821 835 2028 891 vitulos
2062 854 2076 903 ;
2109 839 2166 890 et
2275 836 2594 892 sacerdotis
2624 851 2786 905 uxor,
2822 836 3010 890 furata
3040 839 3131 890 est
3189 833 3346 904 Joas,
3391 832 3565 889 ﬁlium
3613 837 3839 910 Ochozias,

522 948 654 988 cum
687 932 1071 985 reverteretur
1090 928 1370 1000 opposuit
1400 943 1608 983 manus
1630 925 1785 980 ﬁlius
1814 925 2164 993 Aminadab,
2275 925 2368 980 cui
2397 924 2604 980 Joiada
2631 925 2898 979 sacerdos
2929 922 3610 995 imposuitregimonium.
3639 925 3841 999 Prophe-

524 1019 760 1077 nomine
779 1023 890 1074 Oza
921 1023 977 1073 et
1015 1033 1331 1090 percussus
1375 1020 1482 1084 est,
1532 1019 1589 1070 et
1619 1015 1819 1070 timuit
1879 1013 2077 1082 David,
2111 1016 2168 1068 et
2276 1018 2360 1070 tat
2391 1019 2584 1069 autem
2617 1014 2727 1069 sub
2755 1013 3023 1069 Gotbolia
3051 1011 3298 1068 Eliseus.

549 1108 756 1165 nduxit
780 1106 943 1162 illam
974 1106 1032 1161 in
1066 1107 1304 1161 domum
1337 1105 1667 1160 Abeddarat
1695 1102 1920 1169 Getbei,
1951 1106 2009 1158 et
2036 1101 2171 1159 fecit
2349 1107 2489 1161 Post
2515 1103 2686 1173 hanc,
2729 1106 2934 1174 regnat
2986 1102 3126 1158 Joas
3154 1101 3316 1156 ﬁlius
3344 1100 3589 1158 Ochozia
3617 1105 3759 1160 annis
3780 1123 3847 1162 ιι..

551 1199 608 1252 bi
635 1212 864 1252 menses
893 1200 1031 1266 tres,
2277 1193 2382 1247 Hic
2412 1191 2700 1248 interfecit
2729 1191 3068 1247 Zachariam
3107 1189 3298 1246 ﬁlium
3325 1189 3532 1246 Joiadzs
3575 1194 3852 1252 sacerdotis.

2351 1281 2487 1337 Post
2514 1282 2674 1348 Joas,
2709 1284 2912 1352 regnat
2940 1279 3099 1335 ﬁlius
3129 1280 3257 1350 ejus
3286 1280 3546 1337 Amasias
3594 1281 3742 1338 annis
3763 1301 3854 1341 vm.

2351 1370 2484 1425 Post
2513 1371 2838 1435 Amasiam,
2872 1369 3134 1441 regnavit
3163 1368 3320 1424 ﬁlius
3351 1369 3476 1440 ejus
3530 1369 3682 1427 Ozias
3728 1373 3860 1429 annis

2281 1476 2376 1515 LII.
2413 1460 2516 1514 Hic
2549 1459 2844 1531 leprorsus
2866 1459 2977 1514 fuit
2999 1475 3305 1530 usquequo
3327 1465 3655 1516 moreretur.
3680 1461 3863 1517 Judica-

2285 1549 2384 1604 bat
2415 1552 2609 1604 autem
2651 1549 2760 1604 sub
2792 1564 2857 1604 eo
2889 1547 3158 1603 Joatham
3190 1547 3350 1603 ﬁlius
3417 1549 3559 1618 ejus.
3603 1550 3864 1622 Propheta-

2281 1638 2425 1694 bant
2454 1638 2563 1693 sub
2595 1636 2750 1704 Ozia,
2785 1643 2962 1692 Amos
2992 1640 3050 1692 et
3087 1635 3285 1692 Esaias
3317 1635 3475 1692 ﬁlius
3518 1637 3656 1707 ejus,
3687 1643 3736 1693 et
3759 1641 3864 1694 0m

2282 1727 2440 1782 ﬁlius
2471 1726 2697 1798 Beheri,
2730 1730 2786 1782 et
2821 1727 3003 1782 Jonas
3032 1725 3190 1782 ﬁlius
3211 1724 3447 1780 Amathi
3478 1741 3544 1781 ex
3571 1726 3738 1782 Gofer.

2205 1849 2251 1914 B
2354 1816 2485 1872 Post
2499 1816 2717 1886 Oziam,
2752 1819 2959 1888 regnat
2991 1813 3146 1871 ﬁlius
3161 1815 3291 1885 ejus
3328 1814 3583 1870 Joathan
3613 1815 3763 1871 annis
3785 1832 3869 1872 XVI.

2282 1905 2402 1960 Sub
2432 1905 2541 1961 hoc
2563 1904 2856 1976 prophetas
2882 1903 3282 1973 Esaias,Osee,
3315 1903 3574 1960 Micheas
3600 1905 3871 1971 Morathita,

2283 1999 2340 2050 et
2367 1993 2492 2050 Joel
2521 1993 2680 2049 ﬁlius
2712 1993 2931 2050 Batuel.

601 1285 883 1359 Regnavit
910 1288 1105 1340 autem
1136 1282 1274 1339 Saul
1315 1283 1487 1338 annis
1535 1299 1662 1337 xxx.
1697 1282 1831 1337 Erat
1861 1285 2054 1359 autem
2087 1280 2170 1336 illi

529 1377 646 1430 dux
672 1353 886 1440 Abner,
918 1372 1074 1429 ﬁlius
1095 1373 1226 1428 Ner.
1280 1376 1410 1444 Ipse
1461 1376 1656 1426 autem
1709 1369 1946 1426 Samuel
1987 1353 2173 1425 “unxit

526 1464 706 1522 David
738 1463 794 1518 in
818 1478 1035 1534 regem.

599 1553 773 1608 Fiunt
801 1551 983 1624 igitur
1011 1551 1084 1606 ab
1113 1551 1251 1606 Jesu
1303 1566 1607 1621 usquequo
1658 1563 1977 1604 conversus
2021 1547 2173 1619 cepit

522 1642 702 1698 David
735 1656 979 1713 regnum
1011 1639 1070 1694 in
1100 1639 1258 1694 tribu
1288 1641 1320 1692 J
1328 1639 1464 1705 uda,
1503 1637 1906 1709 generationes
1934 1642 2012 1702 ix,
2063 1653 2173 1691 an-

522 1732 581 1787 ni
606 1729 1016 1797 ccccnxxx;ab
1041 1729 1230 1784 Adam
1264 1733 1462 1783 autem
1521 1726 1925 1798 generationes
1975 1742 2168 1794 xxxxv,

521 1837 592 1877 an
603 1861 616 1875 ο
652 1837 706 1875 ιν
741 1835 1040 1875 Μοαοιχιν.

1159 1949 1411 2007 SECTIO
1431 1951 1528 2006 XI.

593 2087 878 2159 Deinceps
907 2089 1111 2157 regnat
1142 2083 1320 2140 David
1352 2083 1523 2138 annis
1579 2100 1650 2137 XL
1697 2082 2002 2138 mensibus
2051 2098 2168 2138 sex.

596 2183 656 2233 In
689 2179 878 2232 Ebron
913 2185 1104 2232 autem
1133 2174 1394 2245 regnavit
1426 2174 1596 2229 annis
1617 2190 1693 2227 vn
1715 2172 2016 2228 mensibus
2050 2189 2170 2238 sex,

520 2272 577 2324 et
619 2268 680 2321 in
717 2263 1045 2322 Jerusalem
1085 2263 1256 2319 annis
1310 2269 1507 2317 xxxiii.
1565 2263 1684 2317 Sub
1739 2261 1846 2316 hoc
1900 2262 2172 2317 sacerdos

519 2355 819 2422 Abialbar,
854 2351 1010 2407 ﬁlius
1057 2351 1374 2421 Abimelec,
1419 2367 1485 2406 ex
1545 2365 1754 2423 genere
1802 2348 1946 2419 Heli,
1999 2355 2056 2406 et
2103 2365 2170 2406 ex

521 2441 639 2498 alia
669 2440 859 2514 patria
887 2439 1133 2496 Saddoc.

589 2529 1021 2601 Prophetabant
1052 2531 1244 2583 autem
1279 2527 1644 2600 temporibus
1675 2528 1873 2597 David,
1931 2530 2053 2584 Gad
2111 2532 2168 2584 et

518 2618 776 2674 Nathan.
810 2618 945 2674 Erat
975 2621 1167 2672 autem
1228 2617 1338 2688 ipsi
1393 2616 1568 2672 David
1623 2617 1742 2672 dux
1781 2618 1952 2688 Joad,
2014 2617 2170 2674 ﬁlius

514 2707 742 2776 Sarviaa,
771 2707 985 2762 sororis
1014 2706 1061 2740 ³⁸
1082 2704 1287 2762 David.
1316 2706 1418 2760 Hic
1450 2705 1843 2762 dinumeravit
1868 2706 2167 2780 populum;

516 2805 573 2852 et
602 2799 726 2851 erat
747 2811 1049 2865 numerus,
1091 2811 1240 2866 quos
1291 2793 1619 2850 numeravit
1674 2795 1930 2851 ﬁliorum
1991 2795 2167 2852 Israel

513 2883 730 2942 millies
761 2883 980 2940 centies
1013 2882 1236 2938 milleni
1268 2901 1281 2939 :
1318 2883 1422 2937 ﬁlii
1473 2887 1668 2939 autem
1711 2883 1864 2940 Juda
1895 2885 2171 2956 quadrin-

517 2973 742 3046 genties
774 2972 992 3045 septies
1021 2971 1266 3027 milleni.
1330 2971 1462 3028 Levi
1507 2977 1703 3028 autem
1757 2978 1815 3028 et
1868 2974 2172 3045 Benjamin

521 3081 635 3119 non
669 3060 1078 3118 dinumeravit.
1110 3061 1402 3116 Numerus
1428 3065 1624 3117 autem
1681 3077 1882 3118 eorum
1932 3064 2030 3135 qui
2082 3081 2172 3120 ce-
2285 3061 2388 3117 Hic
2419 3061 2572 3118 idola
2603 3068 2661 3118 et
2689 3062 2965 3120 altarium
2998 3064 3274 3120 Samaria
3323 3064 3656 3137 dissipavit.
3686 3062 3790 3119 Sub
3815 3061 3893 3115 hoc

523 3152 794 3208 ciderunt
820 3166 888 3206 ex
937 3149 1134 3221 Israel,
1166 3166 1270 3204 ιχχ
1300 3149 1499 3206 millia.
2224 3217 2258 3227 _
2287 3151 2510 3206 Pascha
2535 3150 2891 3208 celebratum
2921 3156 3012 3209 est
3043 3169 3196 3208 anno
3245 3169 3395 3209 xvm
3429 3153 3594 3227 regni
3625 3152 3760 3224 ejus.
3785 3149 3897 3205 Nam

597 3239 749 3296 668
774 3243 914 3296 Post
967 3217 1144 3295 David
1193 3243 1386 3294 autem
1445 3243 1650 3311 regnat
1704 3238 1978 3295 Salomon
2023 3241 2177 3298 ﬁlius
2217 3217 2258 3284 G
2288 3256 2358 3296 ex
2387 3257 2502 3312 quo
2533 3245 2798 3296 mortuus
2831 3247 2921 3297 est
2946 3241 3088 3297 Jesu
3129 3242 3300 3313 Nave,
3363 3217 3627 3299 nonvest
3649 3217 3896 3297 servatum

2292 3327 2513 3384 Pascha
2544 3328 2696 3385 sicut
2723 3333 2882 3385 tunc.
2913 3330 3032 3386 Sub
3057 3330 3163 3386 hoc
3192 3329 3421 3387 Celcias
3481 3331 3742 3388 sacerdos
3776 3330 3900 3400 pater

2286 3417 2553 3473 Jeremiae
2577 3417 2868 3490 prophetae
2902 3419 3120 3474 invenit
3148 3419 3208 3474 in
3240 3420 3509 3476 sacrario
3540 3419 3744 3475 librum
3773 3413 3898 3486 Legis

2289 3504 2347 3560 in
2370 3523 2507 3561 xvm
2540 3523 2693 3561 anno
2725 3507 2886 3578 regni
2935 3507 3125 3564 Josiaa.
3176 3509 3556 3581 Prophetant
3606 3512 3786 3564 autem
3817 3501 3899 3559 sub

2288 3611 2354 3650 eo
2383 3595 2723 3666 Oliba_uxor
2752 3597 2902 3652 669
2936 3597 3134 3654 Sellim
3195 3614 3230 3652 a
3283 3603 3458 3654 veste
3517 3594 3829 3660 sacerdotis,
3860 3593 3900 3644 et

2286 3684 2551 3740 Sofonias
2609 3689 2666 3740 et
2711 3685 3010 3754 Jeremias,
3069 3687 3180 3742 sub
3255 3703 3381 3758 quo
3448 3681 3903 3759 pseudopropheta

2285 3774 2560 3829 Ananiae.

2357 3863 2494 3917 Post
2546 3861 2787 3932 Josiam,
2845 3868 3048 3936 regnat
3095 3863 3375 3922 Sofonias
3445 3865 3618 3922 annis
3674 3861 3902 3936 quinque,

2286 3951 2592 4008 mensibus
2621 3952 2913 4008 undecim.

2355 4040 2492 4096 Post
2514 4041 2827 4108 Sofoniam,
2852 4046 3058 4114 regnat
3085 4043 3344 4100 Joachas
3376 4044 3543 4100 ﬁlius
3572 4044 3698 4115 ejus
3719 4050 3903 4096 menses

2353 2086 2490 2139 Post
2514 2083 2812 2153 Joatbam,
2843 2087 3048 2156 regnat
3079 2081 3237 2138 ﬁlius
3267 2082 3402 2154 ejus
3431 2081 3619 2138 thas
3638 2082 3786 2138 annis
3809 2099 3875 2150 xv,

2282 2176 2338 2229 et
2375 2173 2484 2228 sub
2515 2171 2626 2227 hoc
2643 2171 2935 2245 prophetae
2974 2172 3200 2240 Esaias,
3231 2176 3380 2228 Osee
3435 2176 3494 2228 et
3548 2171 3789 2239 Micheas,
3815 2188 3881 2227 ss-

2281 2262 2484 2318 cerdos
2515 2264 2711 2316 autem
2745 2260 2931 2316 Urias.
2965 2259 3087 2316 Sub
3117 2260 3227 2316 hoc
3256 2259 3662 2317 Salmanassar
3694 2277 3778 2316 rex
3801 2263 3880 2314 As-

2281 2350 2569 2422 syriorum
2601 2366 2700 2405 eos
2732 2349 2832 2421 qui
2863 2354 3027 2406 erant
3075 2350 3136 2405 in
3177 2350 3450 2407 Samaria
3504 2349 3884 2422 transmigravit

2275 2437 2336 2493 in
2363 2437 2612 2494 Mediam
2635 2441 2692 2494 et
2723 2437 3120 2511 Babyloniam.

2349 2527 2486 2583 Post
2511 2526 2722 2598 Achas,
2751 2527 3014 2600 regnavit
3059 2527 3216 2584 ﬁlius
3246 2528 3380 2598 ejus
3438 2527 3702 2585 Ezechias
3749 2527 3882 2584 annis

2278 2633 2408 2671 xxv.
2441 2616 2561 2672 Sub
2595 2617 2700 2673 hoc
2749 2617 3042 2688 prophetae
3086 2618 3310 2689 Esaias,
3348 2618 3628 2685 Micheas,
3681 2621 3732 2673 et
3757 2616 3883 2672 Osee.

2351 2704 2488 2761 Post
2515 2705 2838 2772 Ezechiam,
2865 2705 3022 2761 lilius
3053 2707 3182 2777 ejus
3211 2710 3489 2764 Manasse
3513 2724 3644 2763 ann.
3677 2723 3757 2762 Lv.

2352 2794 2490 2850 Post
2516 2797 2802 2863 Manasse,
2829 2800 3034 2868 regnat
3048 2795 3208 2852 ﬁlius
3230 2797 3368 2867 ejus
3393 2802 3577 2852 Amos
3605 2795 3761 2852 annis
3779 2795 3887 2849 duo-

2280 2883 2414 2939 bus.

2355 2972 2492 3028 Post
2521 2974 2698 3029 Amos
2729 2977 2936 3046 regnat
2964 2973 3120 3030 ﬁlius
3169 2975 3297 3046 ejus
3331 2976 3536 3032 Josias
3581 2974 3740 3032 annis
3777 2988 3881 3028 xxxx

528 3333 657 3401 ejus
677 3329 849 3384 annis
877 3345 967 3398 XL,
1001 3332 1058 3384 et
1085 3328 1196 3383 sub
1228 3327 1354 3398 ipso
1404 3327 1596 3382 adhuc
1653 3327 1882 3383 Nathan
1933 3330 2180 3401 prophe-

526 3423 614 3474 tat
639 3435 651 3474 :
685 3422 742 3474 et
771 3417 986 3473 Achias
1017 3432 1086 3472 ex
1115 3416 1308 3487 Selon,
1340 3421 1398 3472 et
1427 3417 1584 3472 inter
1607 3432 1704 3472 eos
1728 3418 1998 3474 sacerdos
2031 3418 2177 3474 Sad-

527 3509 653 3564 doc.
813 3509 818 3514 ’

591 3597 731 3652 Post
790 3594 1186 3662 Salomonem,
1245 3598 1450 3667 regnat
1507 3595 1766 3652 Roboam
1836 3595 1992 3652 ﬁlius
2051 3596 2180 3668 ejus

515 3701 702 3741 annos
731 3701 823 3739 xxv
859 3701 871 3739 :
907 3685 1018 3739 sub
1049 3683 1157 3740 hoc
1185 3683 1446 3739 divisum
1479 3690 1568 3739 est
1599 3701 1845 3757 regnum
1882 3689 1939 3741 et
1970 3701 2175 3758 regna-

537 3775 621 3830 vit
665 3772 726 3830 in
771 3773 1037 3830 Samaria
1089 3773 1397 3830 Jeroboam
1455 3790 1658 3830 servus
1713 3773 2062 3842 Salomonis,
2108 3775 2180 3832 de

531 3864 664 3919 ribu
697 3863 846 3918 Eﬁ‘re
864 3879 943 3934 m,
994 3861 1306 3934 prophetat
1354 3866 1571 3928 autem,
1614 3866 1672 3918 et
1728 3864 1837 3918 sub
1867 3863 2175 3920 Jeroboam

527 3952 745 4009 Acbias
775 3950 1077 4019 Selonites,
1109 3954 1166 4007 et
1194 3951 1429 4006 Sameas
1453 3950 1611 4007 ﬁlius
1640 3951 1880 4007 OElami.

578 4041 716 4098 Post
747 4040 1031 4112 Roboam,
1064 4043 1270 4113 regnat
1299 4040 1479 4094 Abias
1504 4039 1662 4096 ﬁlius
1691 4041 1820 4111 ejus
1841 4040 2172 4118 annis'xvn.

581 4133 722 4186 Post
753 4128 988 4201 Abiam,
1021 4133 1224 4200 regnat
1255 4129 1410 4184 Asab
1459 4128 1616 4184 ﬁlius
1666 4131 1795 4198 ejus
1844 4130 2013 4185 annis
2058 4147 2170 4186 xu.
2285 4134 2557 4201 quatuor.
2592 4130 2757 4186 Hunc
2779 4130 2979 4205 ligavit
3008 4132 3237 4188 Nechao
3260 4149 3368 4189 rex
3399 4134 3659 4206 Egypti,
3682 4134 3734 4187 et
3759 4127 3903 4185 addu-

511 4219 706 4276 Hicin
737 4222 1003 4290 tempore
1023 4218 1346 4274 senectutis
1387 4218 1564 4289 pedes
1604 4217 1812 4274 doluit.
1847 4217 2167 4290 Propheta-
2280 4219 2364 4274 xit
2393 4219 2451 4273 in
2475 4219 2806 4293 Egyptum,
2867 4221 3133 4277 ordinato
3167 4221 3227 4276 in
3278 4221 3415 4279 loco
3475 4225 3607 4293 ejus
3645 4215 3900 4276 Eliachim.

508 4309 611 4367 bat
640 4327 714 4365 au
729 4313 848 4364 tem
883 4307 993 4364 sub
1022 4323 1088 4363 eo
1111 4306 1370 4362 Azarias.
2280 4309 2376 4379 qui
2409 4309 2855 4380 cognominatus
2905 4314 2994 4366 est
3032 4309 3327 4379 Joacbim,
3385 4317 3604 4384 regnat
3659 4307 3812 4366 annis
3845 4318 3901 4357 xl.

587 4399 720 4456 Post
748 4397 932 4465 Asab,
981 4399 1188 4469 regnat
1244 4395 1404 4451 ﬁlius
1469 4397 1600 4468 ejus
1657 4395 1948 4468 Josaphat
2001 4396 2171 4454 annis
2279 4397 2394 4452 Sub
2413 4397 2517 4453 hoc
2543 4397 2850 4470 prophetat
2869 4400 3175 4465 Jeremias,
3207 4404 3265 4456 et
3291 4401 3466 4473 Buzi,
3502 4405 3563 4457 et
3583 4399 3743 4456 Urias
3782 4392 3899 4449 ﬁlius

509 4503 637 4543 xxv.
674 4484 793 4542 Sub
823 4485 932 4542 hoc
972 4485 1260 4558 propheta
1308 4484 1526 4552 Helias,
1579 4488 1637 4540 et
1693 4485 1949 4541 Micheas
2010 4486 2169 4542 ﬁlius
2276 4486 2512 4541 Samace
2569 4503 2637 4542 ex
2691 4487 3120 4543 Cariathiarim.
3172 4488 3344 4546 Hunc
3404 4487 3905 4545 Nabuchodonosor

506 4573 766 4631 Jemblas
791 4577 850 4630 et
876 4573 1090 4629 Abdias
1121 4573 1282 4628 ﬁlius
1309 4574 1563 4629 Ananiae.
1613 4573 1732 4629 Sub
1789 4573 2012 4628 Michea
2063 4591 2165 4629 au-
2197 4588 2244 4653 Ι)
2275 4574 2478 4646 ligavit
2507 4575 2729 4630 catenis
2753 4575 2915 4631 aereis
2945 4576 3211 4633 Joacbim
3245 4594 3456 4651 regem
3489 4579 3662 4649 Iuda,
3706 4568 3902 4631 etduxit

504 4665 624 4719 tem
655 4665 779 4719 erat
807 4661 1314 4734 pseudopropheta
1361 4661 1627 4718 Sedecias
1676 4662 1834 4718 ﬁlius
1865 4662 2153 4718 Cananaai.
2274 4665 2333 4720 in
2368 4664 2700 4737 Babylonia.

576 4751 713 4808 Post
737 4749 1036 4822 Josaphat,
1093 4756 1297 4823 regnat
1353 4751 1508 4806 ﬁlius
1556 4753 1682 4822 ejus
1735 4751 1934 4806 Joram
1985 4752 2157 4808 annis
2335 4753 3021 4826 PostJoachim.»regnat
3046 4744 3904 4827 ﬁliusejusJoachimannistri-

501 4856 593 4910 xx,
625 4844 682 4895 et
721 4839 830 4896 sub
878 4837 1006 4909 ipso
1064 4841 1372 4911 prophetat
1431 4839 1646 4904 Helias,
1696 4845 1754 4895 et
1812 4850 1940 4911 post
1999 4841 2156 4897 hunc
2262 4843 2372 4897 bus
2406 4859 2419 4910 ;
2453 4847 2510 4898 et
2541 4843 2697 4898 hunc
2727 4843 2889 4898 ducit
2918 4845 2987 4899 ad
3013 4860 3148 4900 eum
3178 4846 3600 4918 compeditum
3629 4837 3902 4903 Nabucho-

499 4928 806 5002 prophetat
832 4927 1098 4984 Heliseus
1127 4928 1237 4982 sub
1289 4927 1408 4983 ﬁlio
1464 4927 1663 4982 Joram
1722 4929 1988 5001 Ochozia,
2044 4930 2153 4986 sub
2262 4932 2516 4987 donosor
2545 4949 2644 4987 rex
2673 4932 3005 5005 Babylonis,
3037 4940 3094 4989 et
3119 4934 3265 4990 alios
3296 4952 3447 4991 cum
3472 4952 3562 4992 eo.

503 5037 617 5092 quo
644 5018 895 5092 populus
918 5018 976 5071 in
1018 5015 1282 5071 Samaria
1314 5015 1465 5071 ﬁlios
1498 5031 1657 5082 suos,
1690 5021 1744 5071 et
1803 5023 2028 5074 stercus
2060 5036 2151 5075 co-
2333 5024 2440 5076 Per
2467 5020 2662 5092 ipsum
2694 5021 3072 5077 constituitur
3101 5022 3158 5077 in
3190 5021 3316 5078 loco
3372 5024 3512 5095 ejus
3573 5021 3744 5077 frater
3784 5013 3894 5071 Joa-

499 5108 832 5165 luznbinum
864 5105 1278 5172 manducabat,
1322 5107 1598 5175 regnante
1642 5105 1701 5161 in
1762 5105 2026 5163 Samaria
2054 5108 2152 5163 Jo-
2257 5109 2434 5177 chim,
2468 5112 2851 5181 cujusnomen
2887 5111 3203 5181 Sedecias,
3237 5114 3422 5184 quiet
3457 5109 3786 5175 Jechonias,
3814 5097 3899 5172 qui

499 5215 652 5254 rain.
2259 5199 2523 5270 regnavit
2546 5201 2718 5256 annis
2749 5218 2834 5256 χι.

568 5288 704 5342 Post
732 5284 931 5340 Joram
962 5282 1228 5356 regnavit
1273 5283 1431 5339 ﬁlius
1490 5283 1614 5354 ejus
1645 5283 1925 5340 Ochozias
1985 5304 2136 5343 anno
2329 5294 2391 5344 In
2425 5305 2576 5344 anno
2607 5289 2953 5345 duodecimo
2983 5291 3438 5364 transmigravit
3481 5291 3649 5346 illum
3683 5279 3895 5353 Babylo-

495 5388 612 5432 uno
647 5391 661 5430 :
711 5375 768 5430 et
796 5371 906 5430 sub
938 5370 1046 5428 hoc
1075 5370 1386 5446 prophetat
1416 5371 1625 5430 Gothol
1654 5377 1712 5431 et
1741 5373 2038 5432 Lobdone.
2259 5377 2441 5450 niam,
2474 5377 2699 5434 effossis
2730 5376 2934 5447 oculis,
2976 5383 3033 5435 et
3080 5378 3370 5452 populum
3431 5373 3760 5436 transduxit
3788 5379 3898 5426 cum

1929 5546 2132 5612 Variis
2159 5549 2460 5614 lectiones
2475 5594 2490 5617 .

562 5679 610 5724 ³⁸
638 5677 886 5742 Sororis.
919 5677 1094 5739 Labbe
1121 5677 1433 5754 legendum,
1459 5677 1696 5740 sororii.
