3920 6166
66 5644 117 5655 ,ί
172 5638 295 5727 με.)

365 362 476 427 691
1631 363 1998 425 ANONYMI
2044 364 2519 426 CHRONICON.
3585 379 3678 439 693

364 496 493 567 oob,
525 494 765 568 Joseph,
798 494 892 550 cui
925 494 1276 567 desponsata
1310 494 1422 550 fuit
1448 494 1620 569 Virgo
1652 495 1852 565 Maria,
1887 512 2011 567 quae
2041 498 2098 565 Α
2126 494 2271 552 hens
2299 496 2459 567 abiit,
2488 502 2769 570 regnante
2809 497 2998 553 Achaz
3041 514 3213 571 super
3253 499 3383 557 duas
3421 504 3597 563 Tribus
3635 511 3680 566 in

363 585 568 661 genuit
594 587 777 643 Iesum
805 583 1083 643 Christum.
1110 601 1179 641 ex
1207 584 1424 657 Spiritu
1457 590 1678 643 sancto.
2117 582 2470 642 Jerusalem.

951 698 1251 760 SECTION
1291 699 1408 757 XV.

847 789 1249 861 Prophetarum
1275 791 1523 846 nomina.

426 900 632 956 Adam.
664 901 804 969 Noe,
837 897 1153 966 Abraham,
1186 900 1366 970 Isaac,
1394 898 1592 966 Jacob,
1626 901 1869 972 Moyses,
1896 900 2002 956 Aa-

357 1005 487 1058 ron,
518 989 691 1045 Jesus
731 986 905 1053 Nave,
935 986 1154 1043 Heldad
1208 992 1265 1043 et
1304 988 1515 1055 Modat,
1558 987 1767 1058 Natan,
1800 987 2001 1058 David,

356 1078 653 1146 Salomon,
688 1077 983 1143 Elmodac,
1016 1075 1225 1131 Achias
1275 1076 1542 1145 Silonita,
1574 1078 1813 1133 Sameas
1844 1077 2002 1134 ﬁlius

353 1166 539 1233 Elam,
572 1166 850 1230 Ananias,
882 1164 1094 1231 Helias,
1127 1165 1383 1221 Micheas
1414 1165 1571 1221 ﬁlius
1604 1166 1860 1236 Emblac,
1891 1168 2001 1221 Ab-

352 1256 473 1327 diu,
507 1255 796 1323 Heliseus,
829 1255 1113 1324 Abladan,
1167 1256 1364 1323 Amos,
1396 1255 1619 1320 Esaias,
1669 1255 1812 1311 Osee
1842 1255 1999 1312 ﬁlius

350 1345 538 1416 Beeri,
567 1346 801 1411 Joanas,
852 1343 1127 1410 Micheas,
1173 1343 1394 1411 Raban,
1426 1344 1549 1399 Joel
1582 1343 1741 1399 ﬁlius
1773 1343 1994 1411 Batuel,

351 1432 636 1489 Jeremias
667 1432 821 1488 ﬁlius
870 1432 1076 1488 Helciaa
1107 1432 1444 1498 sacerdotis,
1478 1432 1823 1503 Sophonias,
1858 1438 1993 1501 Buz,

355 1521 635 1591 Ezechiel,
670 1522 854 1591 Urias,
888 1522 1143 1588 Sameas,
1200 1522 1509 1589 Ambacuc,
1542 1525 1751 1586 Naum,
1773 1521 1994 1589 Daniel,

352 1608 686 1675 Malaohias,
737 1610 1000 1681 Aggasus,
1051 1607 1381 1677 Zacharias,
1414 1612 1471 1664 et
1500 1608 1608 1664 sub
1642 1608 1870 1665 Christo
1904 1609 1992 1666 Si-

346 1713 517 1752 meon
549 1702 605 1753 et
632 1697 887 1752 Joannes
921 1697 1201 1769 Baptista.

415 1787 558 1842 Item
591 1786 864 1843 Mulieres
895 1786 1303 1858 Prophetxssts,
1329 1787 1521 1855 Sarra,
1555 1786 1832 1854 Rebecca,
1869 1786 1989 1842 Ma-

348 1875 434 1931 ria
462 1892 626 1931 soror
653 1874 855 1947 Moysi,
896 1875 1179 1941 Debbora,
1213 1874 1359 1931 Olba
1388 1880 1445 1930 et
1477 1875 1586 1930 sub
1617 1872 1846 1931 Christo
1879 1877 1988 1930 An-
2020 1871 2068 1936 B

346 1981 444 2034 na,
478 1963 790 2032 Elisabeth,
824 1965 1001 2020 Maria
1033 1980 1160 2034 quae
1193 1963 1395 2036 genuit
1429 1964 1731 2021 Christum.

954 2082 1200 2139 SECTIO
1241 2081 1385 2138 XVI.

918 2174 1159 2230 Nomina
1207 2186 1423 2240 regum.

418 2280 555 2335 Baul
588 2280 659 2334 de
690 2279 871 2334 Tribu
905 2278 1228 2350 Benjamin.

420 2369 737 2439 Postquam
773 2372 967 2422 autem
998 2365 1346 2423 translatum
1379 2372 1469 2423 est
1499 2383 1746 2439 regnum
1786 2373 1844 2425 et
1873 2370 1995 2425 Tri-

351 2458 493 2515 bum
532 2458 707 2529 Juda,
758 2456 959 2525 David,
1010 2456 1307 2525 Salomon,
1342 2456 1621 2528 Roboam,
1654 2458 1813 2525 Abia,
1861 2462 1993 2522 Asa,

348 2547 653 2619 Josaphat,
678 2546 899 2614 Joram,
940 2545 1239 2611 Ochosias,
1293 2545 1585 2613 Joatham,
1615 2547 1825 2615 Achaz,
1859 2548 1994 2604 Eze-

350 2636 533 2707 chias,
567 2636 888 2705 Manasses,
912 2637 1110 2700 Amos,
1130 2635 1351 2706 Josias,
1374 2635 1665 2704 Joachim,
1691 2636 1993 2707 Eliachim,

347 2725 614 2783 Sedecias
645 2728 703 2780 et
730 2724 1042 2781 Jechonias
1068 2741 1080 2778 ι
1109 2725 1217 2779 sub
1250 2724 1359 2781 hoc
1389 2726 1828 2798 transmigratio
1846 2727 1998 2784 facta

352 2819 442 2871 est
472 2815 581 2871 sub
607 2813 1163 2870 Nabuchodonosor.

424 2904 676 2959 Nomina
706 2919 932 2975 regum,
968 2903 1065 2974 qui
1101 2907 1486 2974 regnaverunt
1516 2903 1573 2958 in
1605 2905 1868 2962 Samaria
1896 2923 1996 2962 su-

354 3009 459 3066 per
487 2994 687 3048 decem
731 2992 943 3048 Tribus
986 3009 1053 3047 ex
1102 3008 1218 3063 quo
1265 3008 1511 3063 regnum
1560 2994 1808 3050 divisum
1860 3000 1994 3054 est:

2711 729 2953 786 SECTIO
2992 730 3162 786 XVII.

2630 822 2867 876 Nomina
2907 818 3250 875 Sacerdotem

2182 946 2373 998 Aaron
2430 943 2632 1015 genuit
2678 944 2931 1013 Eleazar,
2988 943 3205 1011 Finees,
3253 944 3443 1002 Achias
3487 950 3684 1017 Razua,

2113 1030 2341 1099 Moriat,
2395 1033 2657 1095 Arnaria,
2708 1034 2961 1101 Amitob,
3008 1033 3201 1103 Settis,
3243 1033 3502 1102 Achivae;
3544 1036 3687 1109 hujus

2111 1119 2265 1176 ﬁlius
2298 1120 2489 1177 Helias
2524 1122 2845 1194 Propheta;
2878 1124 2933 1177 et
2962 1122 3381 1191 Salon,Joram,
3410 1126 3565 1181 Amos
3581 1125 3691 1182 Joa-

2109 1210 2194 1265 dse
2245 1209 2423 1280 ﬁlius,
2476 1212 2768 1279 Sedecias,
2812 1212 3067 1280 Sedecia,
3119 1211 3300 1279 Jebel,
3346 1210 3488 1281 Uria,
3514 1214 3691 1287 Tieem,

2107 1298 2281 1354 Salon
2338 1301 2437 1372 qui
2468 1299 2669 1372 genuit
2701 1300 2972 1371 Celoiam,
3019 1302 3190 1372 cujus
3240 1301 3390 1357 ﬁlius
3425 1301 3693 1361 Hieremias

2105 1388 2389 1459 propheta
2416 1394 2472 1444 et
2503 1389 2737 1444 Azarias
2788 1388 2944 1444 ﬁlius
2974 1392 3191 1458 Azazae,
3236 1389 3427 1456 Sareu,
3457 1391 3689 1448 Josedech

2105 1477 2204 1549 qui
2236 1477 2438 1549 genuit
2465 1478 2665 1533 Jesum
2703 1479 2803 1549 qui
2836 1478 2945 1533 fuit
2974 1479 3266 1545 sacerdos,
3294 1495 3423 1534 cum
3449 1478 3695 1535 instaura-

2103 1570 2265 1621 retur
2292 1566 2577 1639 templum
2604 1574 2736 1639 post
2764 1568 3180 1640 captivitatem,
3203 1566 3693 1639 Celicias,Joachim,

2102 1654 2332 1711 Cadus.

2174 1745 2314 1799 Item
2350 1744 2463 1799 alia
2497 1745 2704 1817 patria,
2738 1762 2807 1800 ex
2836 1762 2957 1818 qua
2984 1745 3093 1801 fuit
3122 1745 3381 1801 Ezechiel
3415 1745 3695 1817 propheta:

2099 1832 2265 1903 Jode,
2301 1834 2536 1900 Fatuea,
2576 1834 2869 1901 Amorius,
2919 1835 3145 1900 Zadiar,
3192 1832 3481 1900 Samuhel,
3513 1834 3699 1904 Evexia,

2107 1919 2444 1991 Melechius,
2497 1922 2696 1989 Salon,
2727 1922 3054 1988 Comorius,
3093 1922 3406 1991 Barracim,
3440 1922 3699 1990 Soiionias,

2105 2010 2353 2076 Maxses,
2384 2010 2627 2075 Celsius.
2660 2012 2823 2078 Buzi,
2855 2011 3140 2068 Ezechiel.

2177 2104 2321 2155 Item
2353 2099 2469 2155 alia
2517 2099 2718 2171 patria,
2756 2101 2911 2156 unde
2964 2100 3085 2156 Heli
3115 2101 3416 2166 Sacerdos,
3445 2101 3599 2171 cujus
3622 2098 3703 2154 ﬁlii

2105 2188 2273 2244 Fines
2295 2194 2352 2244 et
2372 2189 2498 2244 Oﬁn
2525 2190 2832 2261 rapiebant
2852 2190 3336 2245 immolationem.
3364 2188 3615 2260 Princeps
3632 2204 3705 2259 ps-

2105 2278 2233 2333 trize
2266 2278 2336 2334 de
2382 2278 2519 2334 ﬁliis
2560 2279 2741 2351 Gaad,
2790 2278 3187 2349 Achimelech,
3222 2277 3547 2349 Habiathar,
3576 2276 3706 2344 Urin,

2105 2371 2358 2435 Natnan,
2396 2367 2538 2423 Beli.

2178 2456 2319 2512 Item
2371 2457 2555 2529 patria
2605 2456 2946 2527 Leviticum,
2994 2459 3149 2514 unde
3200 2457 3313 2514 fuit
3359 2455 3580 2512 Samuel
3614 2470 3717 2527 pro-

2105 2545 2282 2618 pheta
2314 2562 2327 2601 :
2361 2546 2545 2602 Chore
2575 2545 2675 2618 qui
2710 2547 2926 2602 restitit
2956 2547 3101 2603 Mosi
3154 2564 3167 2602 :
3202 2547 3360 2603 ﬁlius
3408 2546 3573 2617 hujus
3612 2544 3715 2600 Hel-

2106 2649 2274 2706 cana,
2306 2635 2505 2691 Sufem
2536 2640 2593 2691 et
2617 2636 2781 2702 Abia,
2815 2637 3075 2705 Zeraam,
3107 2636 3464 2707 Chelchanu,
3492 2631 3716 2690 Sumuel-

2108 2724 2251 2779 Huic
2284 2725 2520 2781 fuerunt
2549 2725 2664 2780 duo
2700 2724 2802 2779 ﬁlii
2836 2742 3147 2781 munerum
3169 2720 3714 2798 acceptatores;Johel

2106 2817 2161 2868 et
2193 2812 2394 2868 Habia.

2178 2902 2416 2958 Initium
2449 2903 2646 2975 patrias
2681 2902 3201 2971 Levitarum,unde
3232 2908 3373 2959 sunt
3399 2901 3715 2966 Sacerdotes,

2108 2991 2362 3047 ministri
2394 2996 2451 3047 et
2501 2992 2727 3048 Levites.
2780 2994 3049 3049 Ambram
3100 2993 3267 3049 ﬁlius
3316 2992 3558 3064 Capaad,
3590 2988 3720 3044 ﬁlius

424 3083 735 3140 Jeroboam
769 3082 926 3137 ﬁlius
955 3081 1183 3137 Nabath
1216 3082 1386 3138 annis
1415 3099 1551 3139 xxxx.
2109 3081 2262 3147 Levi,
2308 3081 2466 3137 ﬁlius
2494 3081 2695 3137 Jacob.
2747 3082 2871 3137 Levi
2904 3083 3109 3154 genuit
3156 3083 3380 3139 Gerson
3423 3085 3478 3136 et
3504 3078 3720 3141 Cahaad,

421 3171 647 3227 Nabath
681 3171 811 3241 ejus
841 3170 1012 3226 annis
1041 3170 1292 3226 duobus.
2108 3173 2164 3225 et
2195 3169 2425 3238 Morari,
2474 3170 2601 3225 Filii
2642 3174 2837 3226 autem
2886 3170 3127 3237 Gerson,
3171 3171 3363 3226 Lemei
3392 3174 3448 3225 et
3493 3165 3721 3224 Emeher.

422 3261 575 3317 Saba
603 3260 763 3316 ﬁlius
796 3258 979 3315 Acbiaa
1019 3258 1189 3315 annis
1217 3277 1368 3316 xxxv.
1402 3260 1505 3316 Hic
1554 3262 1866 3319 vindicavit
1896 3265 1995 3321 do-
2028 3242 2072 3310 θ
2111 3257 2179 3313 Hi
2209 3257 2311 3313 filii
2343 3259 2546 3314 Levita
2577 3264 2635 3314 et
2683 3258 2785 3314 lilii
2829 3258 3080 3327 Cahaad,
3110 3259 3423 3329 Ambram,
3454 3258 3620 3313 E888!
3644 3253 3725 3308 08·

346 3366 507 3407 mum
546 3350 877 3407 Jeroboam.
2104 3347 2253 3411 fron,
2284 3346 2468 3411 Odiel,
2501 3347 2779 3403 Ambram
2821 3348 3024 3419 genuit
3063 3351 3304 3420 Moysen
3336 3351 3393 3403 et
3442 3350 3640 3413 Aaron,
3682 3346 3726 3395 et

413 3440 559 3495 Hela
590 3438 748 3493 ﬁlius
780 3439 923 3494 Base
954 3438 1123 3494 annis
1154 3438 1407 3494 duobus.
2103 3435 2368 3491 Mariam.
2419 3442 2606 3491 Aaron
2653 3437 2858 3508 genuit
2905 3452 2975 3492 ex
3022 3438 3332 3493 Helisabet
3361 3451 3553 3492 sorore
3575 3432 3726 3488 Naes-

414 3528 649 3585 Zambri
681 3528 852 3583 annis
878 3544 979 3583 xxx.
2103 3541 2230 3593 son,
2266 3524 2488 3589 Nadab,
2547 3530 2605 3581 et
2661 3525 2866 3591 Abiud,
2926 3531 2985 3581 et
3044 3525 3307 3592 Eleazar,
3368 3529 3424 3580 et
3480 3522 3724 3579 Ithamar.

414 3616 615 3672 Achab
648 3614 805 3671 ﬁlius
832 3616 958 3687 ejus
989 3616 1160 3672 annis
1189 3634 1329 3673 xxn.
2100 3614 2308 3668 Mortui
2333 3619 2469 3669 sunt
2495 3619 2691 3669 autem
2716 3615 2918 3670 Nadab
2940 3619 2998 3670 et
3018 3616 3212 3670 Abiud
3238 3617 3546 3672 offerentes
3565 3611 3728 3682 ignem

416 3707 718 3774 Ochosias,
745 3708 903 3764 ﬁlius
932 3709 1150 3775 Achab,
1180 3714 1237 3765 et
1255 3710 1455 3765 Joram
1488 3710 1647 3767 ﬁlius
1678 3712 1989 3786 Jechonim,
2102 3703 2382 3757 alienum.
2411 3703 2544 3758 Post
2566 3710 2775 3771 Aaron,
2802 3704 3037 3759 Eleazar
3066 3705 3340 3777 suscepit
3370 3699 3727 3762 acerdotium;

346 3796 517 3852 annis
546 3814 644 3852 xxx.
674 3797 790 3851 Sub
826 3796 935 3852 hoc
966 3796 1116 3853 ﬁlios
1147 3814 1288 3854 suos
1317 3804 1373 3854 et
1421 3805 1647 3856 stercus
1700 3801 1992 3858 columbi-
2101 3795 2231 3861 I303t
2274 3790 2633 3861 Eleazarum,
2675 3794 2898 3849 Fineeﬁ-
2951 3794 3215 3849 Ithamar
3264 3797 3469 3848 autem
3519 3794 3574 3847 Et
3598 3787 3731 3843 ﬁlius

345 3903 487 3941 num
521 3885 579 3940 hi
611 3885 710 3958 qui
738 3891 904 3941 erant
935 3886 990 3941 in
1027 3887 1311 3956 Samaria,
1342 3890 1866 3947 manducaverunt,
2099 3881 2227 3950 ejus
2261 3896 2274 3937 :
2310 3881 2470 3937 Isaar
2517 3886 2712 3936 autem
2763 3880 2941 3938 frater
2970 3883 3256 3939 Ambram
3290 3886 3349 3937 et
3391 3882 3518 3953 ipse
3548 3876 3728 3934 Levita.

412 3975 583 4044 Jehu,
646 3975 806 4031 ﬁlius
845 3976 1068 4041 Namsi,
1126 3977 1297 4032 annis
1343 3994 1534 4032 xxvm,
1579 3979 1680 4034 Hic
1733 3981 1790 4035 in
1822 3981 1988 4038 ίηίιίο
2099 3968 2287 4040 Hujus
2319 3969 2421 4025 ﬁlii
2453 3971 2634 4026 Chore
2679 3976 2734 4025 et
2758 3972 2971 4027 Nabith
3005 3977 3061 4028 et
3089 3972 3323 4028 Gazer:
3358 3976 3417 4027 et
3447 3969 3549 4025 ﬁlii
3575 3966 3733 4023 Chore

342 4063 475 4136 pius
520 4065 631 4120 fuit
671 4082 683 4121 :
732 4064 868 4121 fecit
915 4064 1233 4122 vindictam
1268 4083 1445 4137 snper
1487 4068 1727 4124 domum
1766 4071 1985 4139 Achab,
2096 4058 2196 4114 Air
2224 4064 2281 4114 et
2311 4059 2565 4115 Helcana
2595 4064 2652 4114 et
2682 4060 2959 4132 Abiasap.
3014 4061 3115 4116 Hic
3164 4061 3359 4116 Chore
3410 4057 3617 4114 restitit
3642 4054 3728 4108 ad-

342 4152 550 4210 occisis
583 4157 776 4210 Joram
807 4157 863 4209 et
890 4153 1140 4221 Jezabel,
1173 4158 1229 4209 et
1262 4155 1511 4211 Ochosia
1542 4174 1675 4229 rege
1701 4158 1733 4214 J
1742 4160 1876 4216 uda.

2124 4163 2269 4203 'esus
2302 4147 2535 4219 Moysen
2588 4153 2646 4203 et
2694 4150 2904 4215 Aaron,
2937 4154 2995 4204 et
3041 4148 3201 4205 Chao
3236 4149 3555 4221 absorptus
3583 4147 3664 4200 est
3687 4141 3735 4195 in

410 4243 661 4298 Joachaz
691 4241 861 4298 annis
891 4259 1023 4297 xvn.
2094 4236 2359 4291 Viriseel.
2394 4237 2617 4292 Cebron
2650 4239 2829 4293 frater
2878 4243 3144 4306 Amram,
3190 4239 3443 4295 Aercius
3491 4236 3593 4292 ﬁlii
3629 4234 3735 4302 ejus

2096 4325 2363 4396 Misahel,
2396 4326 2757 4398 Elisaphath,
2808 4332 2864 4382 et
2904 4328 3058 4383 Setis
3109 4332 3168 4384 et
3225 4328 3381 4384 Dile.
3433 4326 3503 4382 Hi
3554 4320 3737 4380 Levita

2094 4415 2288 4469 traditi
2322 4420 2482 4471 sunt.
2514 4416 2731 4472 Omnes
2772 4422 2967 4472 autem
2999 4420 3191 4473 Aaron
3246 4423 3309 4473 et
3354 4416 3461 4472 ﬁlii
3505 4416 3625 4485 ejus
3651 4414 3738 4465 Ar-

2090 4524 2168 4562 cxe
2224 4508 2605 4576 Testamenti,
2653 4514 2717 4564 ut
2773 4510 3178 4567 ministrarent
3237 4511 3315 4582 ei,
3380 4514 3438 4566 et
3493 4504 3740 4563 tollerent

2013 4611 2059 4675 Ι)
2091 4615 2219 4655 eam
2251 4614 2263 4653 :
2297 4604 2356 4654 et
2405 4600 2555 4655 facta
2600 4605 2690 4656 est
2735 4600 2819 4657 eis
2870 4618 3006 4673 pars
3062 4601 3301 4657 decima
3351 4595 3737 4657 sacerdotibus

2091 4688 2339 4758 initiata,
2390 4695 2447 4745 et
2497 4690 2906 4761 primogenita,
2952 4695 3010 4746 et
3050 4707 3178 4763 qua:
3234 4692 3282 4726 ³ο
3347 4691 3408 4745 in
3458 4682 3735 4744 sacriﬁciis

2090 4778 2428 4845 constituta,
2490 4784 2547 4833 et
2596 4779 3009 4851 primogenito,
3070 4784 3129 4834 et
3187 4780 3495 4835 destinata
3550 4770 3739 4831 Levitis

2090 4872 2244 4926 073
2304 4871 2458 4926 dicat
2503 4876 2592 4926 est
2644 4872 2753 4940 lex,
2804 4876 2870 4927 ut
2917 4889 3295 4945 quaecunque
3358 4868 3679 4943 acciperent
3712 4877 3740 4916 a

2089 4961 2300 5033 populo
2333 4979 2399 5017 cx
2429 4961 2692 5029 decimis,
2719 4963 2977 5018 decimas
3009 4963 3219 5018 darent
3258 4958 3741 5023 sacerdotibus,ut

2088 5050 2519 5107 existimaretur
2560 5052 2643 5106 eis
2690 5056 2975 5124 tanquam
3026 5052 3275 5107 oblatio.
3336 5049 3507 5107 Initio
3557 5058 3738 5102 eorum

2086 5141 2313 5196 tradita:
2358 5149 2498 5197 sunt
2530 5141 2646 5197 illis
2691 5142 2864 5198 etiam
2912 5143 3176 5198 civitates
3214 5141 3603 5215 Refugiorum
3633 5149 3741 5198 sex,

2085 5233 2141 5285 et
2171 5229 2380 5286 harum
2414 5235 2580 5304 prata
2612 5232 2942 5287 sementina
2973 5231 3029 5286 in
3061 5231 3318 5287 circuitu
3352 5230 3639 5301 cujusque
3666 5220 3737 5277 ci-

2083 5321 2282 5377 vitatis
2313 5321 2493 5377 cubiti
2524 5322 2639 5377 duo
2672 5321 2880 5391 millia,
2915 5327 2967 5377 et
3000 5321 3123 5377 aliis
3154 5322 3436 5378 civitates
3466 5333 3577 5377 xui
3605 5332 3620 5388 ;
3658 5328 3739 5371 ss.-

2084 5410 2419 5466 cerdotibus
2451 5411 2689 5483 quidem
2722 5411 2922 5467 decem
2949 5412 3168 5481 decem,
3207 5410 3408 5468 levitis
3439 5424 3572 5468 vero
3600 5418 3712 5462 xxxx.

410 4333 565 4389 672
595 4336 733 4387 Joaz
764 4331 921 4387 ﬁlius
954 4333 1081 4403 ejus
1114 4333 1286 4388 annis
1316 4351 1427 4390 xvx.
1464 4333 1564 4390 Hic
1592 4337 1910 4393 Amasiam.

338 4437 532 4493 regem
565 4420 797 4491 occidit,
829 4425 885 4477 et
908 4420 1194 4478 destruxit
1223 4423 1295 4479 de
1326 4440 1494 4479 muro
1524 4424 1849 4483 Jerusalem
1882 4446 1982 4485 cu-

334 4509 457 4565 bita
485 4526 638 4565 cccc.

405 4598 740 4669 Jeroboam,
775 4599 931 4655 ﬁlius
960 4600 1119 4667 Joas,
1155 4603 1326 4658 annis
1354 4620 1445 4659 xv.

409 4687 669 4756 Azarias,
702 4687 859 4744 ﬁlius
883 4690 1216 4756 Jeroboam,
1248 4692 1551 4749 mensibus
1592 4695 1800 4751 tribus.

410 4775 622 4839 Selcm,
655 4774 813 4832 ﬁlius
844 4777 990 4832 Abia
1021 4794 1221 4832 mense
1251 4795 1388 4835 uno.

410 4864 739 4931 Unornane,
776 4863 931 4920 ﬁlius
961 4865 1128 4932 Gadi,
1160 4868 1330 4921 annis
1360 4869 1578 4925 decem.

409 4953 669 5009 Falacias
704 4953 919 5009 Manaaa
954 4955 1123 5009 annis
1156 4956 1406 5012 duobus.

404 5044 605 5111 Facea,
640 5042 797 5099 ﬁlius
829 5042 1122 5109 Romeliac,
1173 5043 1345 5102 annis
1394 5046 1615 5105 decem.
1666 5050 1769 5106 Hic
1818 5051 1979 5109 obse-

330 5133 416 5188 dit
442 5132 790 5199 Jerusalem,
838 5138 1113 5203 regnanto
1144 5134 1351 5203 Achaz,
1384 5152 1498 5191 non
1532 5140 1793 5209 possedit
1825 5156 1975 5198 eam.

402 5221 568 5286 Osee,
616 5221 774 5277 ﬁlius
822 5220 976 5289 Dale,
1031 5222 1200 5277 annis
1250 5228 1396 5279 octo.
1447 5226 1567 5281 Sub
1624 5227 1731 5283 hoc
1776 5230 1976 5287 decem

328 5309 541 5365 Tribus
572 5314 999 5381 transmigratio
1027 5316 1166 5366 sunt
1196 5312 1252 5367 in
1307 5314 1540 5385 regione
1587 5316 1884 5373 Medorum
1944 5337 1978 5375 a

330 5397 751 5465 Salmanassar,
803 5400 902 5471 qui
953 5404 1009 5457 et
1056 5401 1251 5473 ipsum
1296 5406 1439 5461 Osee
1485 5404 1822 5479 colligatum
1870 5406 1972 5463 ha-

1754 5550 1958 5612 Variee
1990 5552 2328 5614 Lectiones.

408 5672 457 5709 ³ο
483 5672 555 5732 Et
584 5688 780 5744 qua...
812 5676 1217 5749 primogenita.
1252 5682 1384 5737 Haec
1410 5678 1603 5736 desunt
1629 5681 1775 5753 apud
1804 5683 1969 5741 Labb.
