4102 6172
488 353 607 416 699

1844 363 1922 423 IN
1970 363 2035 423 S.
2081 363 2536 429 CORNELIUM
3715 375 3805 439 700

559 487 808 544 Favente
864 489 1022 545 Decii
1082 491 1363 561 absentia,
1423 495 1515 549 die
1592 496 1859 552 mercurii
1928 502 2136 568 quarta
2163 502 2215 568 Α
2252 500 2425 554 mitas
2457 500 2629 556 {ideil
2666 501 2819 572 quod
2848 517 2953 557 nos
2988 500 3238 572 simplici
3268 501 3428 556 corde
3455 504 3505 556 et
3544 506 3807 576 perspicere

484 575 644 633 Junii
674 578 800 645 251,
835 582 1132 635 communi
1167 583 1407 639 Romani
1438 584 1577 639 cleri
1607 603 1896 642 consensu
1924 587 2137 645 Corne-

485 665 604 722 lius
636 666 853 723 electus
881 673 988 735 est,
1022 671 1091 725 de
1122 673 1292 742 cujus
1324 675 1686 731 ordinatione
1738 676 1855 732 hac
1901 679 2135 749 Cypria-

485 773 601 814 nus
630 759 699 813 ad
734 760 1148 833 Antonianum,
1180 780 1245 819 ex
1276 765 1578 821 Novatiaui
1617 768 1879 840 epistolis
1917 768 2136 842 aliqua-

489 850 662 903 tenus
689 849 759 902 de
790 850 991 904 eadem
1024 853 1260 908 anxium
1283 871 1348 909 ac
1387 856 1733 912 titubantem
1756 859 1833 929 (3)
1860 877 1871 913 ε
1896 882 1923 909 ‹‹
1956 859 2137 915 Venio

481 935 608 1006 jam
635 953 806 1000 nunc,
834 938 1009 993 frater
1051 941 1414 1010 charissima,
1444 946 1513 999 ad
1550 963 1857 1017 personam
1888 947 2137 1003 Cornelii

488 1024 719 1098 collega
753 1028 956 1097 nostri,
992 1034 1054 1083 ut
1084 1029 1410 1086 Cornelium
1447 1034 1749 1090 nobiscum
1790 1036 1983 1091 verius
2033 1054 2136 1092 no-

486 1115 663 1183 veris,
696 1132 810 1170 non
843 1116 913 1170 de
946 1118 1337 1189 malignorum
1357 1127 1414 1175 et
1436 1123 1865 1179 detrahentium
1892 1126 2134 1181 menda-

486 1202 599 1269 cio,
626 1204 723 1258 sed
754 1204 824 1259 de
844 1204 1074 1260 Domini
1098 1207 1194 1262 Dei
1226 1210 1471 1279 judicio,
1497 1211 1595 1283 qui
1619 1214 1959 1285 episcopum
1982 1216 2134 1285 fecit,

486 1296 544 1348 et
598 1293 1058 1365 cmpiscoporum
1118 1300 1474 1367 testimonio,
1544 1318 1794 1373 quorum
1855 1320 2135 1359 numerus

484 1382 791 1437 universus
822 1399 923 1453 per
952 1387 1138 1440 totum
1172 1389 1458 1442 mundum
1516 1392 1782 1446 concordi
1840 1392 2135 1447 unanimi-

485 1473 605 1526 tate
638 1472 952 1527 consensit.
986 1474 1129 1528 Nam
1162 1476 1315 1546 quod
1348 1478 1675 1534 Cornelium
1718 1481 2134 1537 charissimum

488 1564 757 1615 nostrum
793 1564 906 1617 Deo
965 1567 1021 1617 et
1076 1564 1323 1636 Christo,
1375 1572 1431 1622 et
1480 1569 1745 1625 Ecclesiae
1791 1572 1937 1640 ejus,
1994 1572 2135 1627 item

486 1650 1003 1707 consacerdotibus
1060 1654 1286 1709 cunctis
1366 1657 1644 1713 laudabili
1728 1660 2137 1730 praedicatione

485 1739 879 1810 commendat,
918 1757 1027 1795 non
1061 1741 1171 1797 iste
1203 1744 1272 1798 ad
1303 1745 1701 1818 episcopatum
1720 1749 1915 1803 subito
1938 1766 2136 1820 perve-

2248 588 2503 660 penitus,
2536 593 2592 645 et
2621 588 2862 645 laudare
2911 590 3215 657 debemus,
3261 589 3472 645 sedisse
3516 590 3806 665 intrepidum

2248 678 2532 733 Romaein
2585 679 2931 735 sacerdotali
2979 678 3271 744 cathedra,
3323 695 3386 734 eo
3431 682 3676 750 tempore,
3709 700 3808 738 cum

2246 771 2527 840 tyrannus
2573 769 2823 823 infestus
2880 768 2982 824 Dei
3042 768 3432 823 sacerdotibus
3485 768 3641 824 fanda
3681 776 3814 843 atque

2248 857 2496 913 nefanda
2535 859 3009 924 comminaretur,
3061 874 3192 912 cum
3243 855 3421 912 multo
3465 858 3740 928 patientius
3776 867 3816 915 et

2248 945 2613 1002 tolerabilius
2672 947 2920 1014 audiret,
2984 946 3161 1002 levari
3194 945 3462 1000 adversus
3503 961 3560 1000 se
3598 947 3815 1002 amulum

2248 1036 2591 1107 principem,
2619 1053 2796 1108 quam
2824 1036 3101 1091 constitui
3120 1039 3310 1090 Roma
3334 1034 3431 1089 Dei
3451 1036 3818 1091 sacerdotemzu

2247 1141 2422 1196 quem
2457 1125 2584 1181 ideo
2616 1132 2751 1181 ante
2774 1126 3118 1197 martyrium
3135 1130 3442 1196 martyrem
3462 1121 3724 1179 voluntate
3741 1141 3821 1180 sua

2247 1214 2428 1270 fuisse
2460 1214 2754 1286 pradicet.

2321 1305 2390 1359 II.
2423 1302 2756 1359 Cornelium
2790 1303 3024 1359 natione
3066 1302 3416 1367 Romanum,
3462 1317 3525 1356 ex
3574 1304 3711 1371 patre
3740 1300 3822 1355 Cs-

2248 1392 2402 1448 stino
2434 1398 2641 1447 natum
2678 1409 2807 1447 esse
2864 1391 3069 1447 scribit
3125 1391 3461 1446 Anastasius
3511 1388 3823 1444 Bibliotheca-

2247 1482 2370 1537 rius
2402 1482 2510 1548 vel,
2547 1482 2819 1553 quisquis
2849 1481 2931 1535 illi
2968 1481 3221 1553 praivit;
3256 1480 3345 1535 cui
3392 1480 3557 1535 etiam
3603 1480 3828 1534 nonnulla

2245 1575 2522 1629 Actorum
2571 1571 2931 1646 apographa,
2974 1576 3031 1627 et
3078 1572 3232 1644 quod
3276 1571 3587 1626 Romanam
3632 1569 3828 1641 patriam

2247 1662 2422 1718 etiam
2481 1661 2790 1734 Catalogus
2835 1666 3229 1717 Romanorum
3284 1659 3634 1724 Pontiﬁcum,
3663 1673 3828 1713 ssere-

2247 1752 2504 1807 nissima
2539 1752 2771 1823 Regina
2828 1751 3040 1806 Suecia
3099 1748 3451 1805 bibliotheca
3504 1752 3627 1803 ante
3671 1750 3828 1801 tom.I

485 1827 593 1899 nit,
625 1828 723 1883 sed
760 1845 860 1900 per
890 1832 1089 1885 omnia
1126 1832 1521 1890 ecclesiastica
1559 1837 1749 1892 officia
1809 1844 2133 1909 promotus,
2168 1877 2214 1941 Β
2248 1839 2449 1911 aprilis
2482 1842 2553 1897 ab
2586 1840 2951 1895 Henschenio
3011 1838 3223 1907 editus,
3283 1837 3655 1893 consentiunt.
3708 1835 3829 1889 Forte

490 1922 537 1941 ,ι
574 1916 626 1941 ε-
697 1916 900 1941 ,ηυξ-ε-
964 1921 1234 1941 ,ᾸΔ,ξῨξᾲι
1317 1924 1379 1941 ,ιγ
1443 1925 1475 1941 -ι
1613 1926 1653 1941 ἢ
1764 1927 1773 1936 .
2247 1929 2259 1941 .
2309 1928 2340 1941 ο.
2457 1930 2477 1941 η
2584 1930 2617 1941 ο.
2784 1928 2794 1941 ι
2840 1929 2851 1941 1
2976 1928 2987 1939 ο
3126 1927 3180 1941 ns
3273 1927 3282 1938 ι
3340 1932 3348 1941 .
3472 1926 3509 1941 n
3690 1940 3725 1941 ,,
3771 1925 3790 1941 ι·

486 1916 631 1972 etin
693 1916 903 1973 divinis
961 1921 1573 1980 administrationibus
1612 1926 1923 1981 Dominum
1985 1944 2136 1999 sape

488 2006 862 2078 promeritus,
887 2010 956 2063 ad
983 2012 1290 2067 sacerdotii
1315 2013 1567 2069 sublime
1590 2016 1887 2087 fastigium
1911 2017 2137 2073 cunctis

487 2095 785 2167 religionis
806 2098 1088 2168 gradibus
1119 2101 1397 2156 ascendit.
1432 2104 1583 2158 Tum
1607 2105 1815 2161 deinde
1836 2107 2135 2179 episcopa-

487 2188 615 2240 tum
641 2185 889 2257 necipse
913 2188 1225 2257 postulavit
1256 2206 1358 2244 nec
1410 2191 1610 2259 voluit,
1658 2210 1763 2249 nec
1811 2199 1875 2249 ut
1922 2196 2133 2262 caeteri,

493 2291 641 2346 quos
674 2276 1015 2355 arrogantia
1047 2282 1104 2331 et
1133 2280 1423 2350 superbia
1453 2286 1650 2338 tumor
1678 2283 1867 2349 inflat,
1890 2283 2135 2351 invasit;

489 2366 592 2420 sed
622 2364 875 2436 quietus,
909 2372 965 2422 et
996 2368 1318 2437 modestus,
1351 2376 1407 2427 et
1437 2372 1638 2444 quales
1670 2391 1798 2429 esse
1828 2390 2135 2430 consueve-

490 2458 651 2522 runt,
684 2455 784 2526 qui
818 2457 888 2510 ad
924 2456 1080 2513 hunc
1108 2458 1297 2515 locum
1325 2461 1609 2520 divinitus
1665 2464 1981 2535 eliguntur,
2034 2480 2137 2536 pro

488 2543 711 2616 pudore
734 2544 1032 2616 virginalis
1048 2550 1416 2605 conscientia
1438 2568 1579 2621 sua,
1605 2558 1661 2608 et
1682 2570 1781 2626 pro
1805 2554 2138 2609 humilitate

488 2630 762 2704 ingenita
796 2635 908 2689 sibi
940 2640 996 2690 et
1024 2638 1325 2693 custodita
1353 2642 1732 2713 verecundia,
1768 2660 1882 2698 non
1916 2648 1979 2698 ut
2009 2643 2137 2715 qui-

491 2721 629 2778 dam
660 2722 776 2777 vim
808 2723 961 2792 fecit,
996 2731 1061 2779 ut
1115 2727 1424 2801 episcopus
1474 2731 1654 2798 fieret,
1708 2734 1807 2787 sed
1849 2733 1973 2805 ipse
2021 2734 2137 2787 vim

495 2828 709 2885 passus
741 2817 848 2879 est,
884 2818 947 2867 ut
992 2815 1392 2888 episcopatum
1438 2825 1674 2876 coactus
1718 2821 2021 2893 exciperet.
2071 2823 2141 2877 Et

496 2900 685 2957 factus
705 2905 794 2957 est
813 2902 1123 2976 episcopus
1155 2924 1187 2961 a
1208 2907 1481 2978 plurimis
1503 2910 1739 2981 collegis
1765 2913 2002 2980 nostris,
2040 2912 2140 2983 qui

495 2988 717 3045 tuncin
741 2989 881 3046 urbe
904 2992 1087 3048 Roma
1108 2995 1367 3063 aderant,
1403 2999 1501 3068 qui
1535 3000 1606 3054 ad
1640 3016 1747 3055 nos
1785 2999 2008 3056 litteras
2039 3000 2141 3056 ho-

495 3078 788 3145 noriﬁcus,
822 3084 878 3135 et
908 3080 1252 3155 laudabiles,
1287 3090 1343 3140 et
1373 3087 1705 3143 testimonio
1728 3106 1845 3144 sua
1869 3089 2141 3160 pradica-

490 3166 668 3223 tionis
701 3167 957 3225 illustres
979 3171 1049 3226 de
1070 3172 1196 3243 ejus
1220 3175 1585 3232 ordinatione
1606 3178 1912 3233 miserunt.
1935 3180 2145 3235 Factus

2244 1928 2423 2002 igitur
2453 1930 2624 1984 fuerit
2654 1946 2684 1983 e
2714 1928 3092 1984 celeberrima
3124 1927 3223 1982 illa
3270 1927 3421 1982 inter
3472 1926 3733 1980 Romanas
3771 1925 3829 1977 fa-

2246 2018 2442 2074 milias
2475 2023 2647 2090 gente
2702 2017 2965 2073 Cornelia
3019 2017 3384 2089 progenitus,
3442 2020 3503 2069 ut
3550 2011 3831 2069 Franciscus

2245 2108 2602 2163 Blanchinus
2624 2108 2965 2178 censuit(ex
3013 2107 3256 2161 Cornelii
3288 2105 3535 2161 arbitror
3568 2100 3832 2167 vocabulo),

2245 2198 2305 2252 in
2337 2198 2501 2253 Notis
2531 2195 2826 2252 historicis
2858 2196 2928 2250 ad
2962 2194 3267 2250 laudatum
3303 2191 3782 2249 bibliothecarium.

2320 2286 2489 2341 Illum
2522 2301 2623 2356 per
2652 2301 2855 2340 omnes
2888 2283 3319 2339 ecclesiasticos
3350 2281 3576 2337 ordines
3606 2276 3837 2349 insignia-

2248 2391 2360 2449 que
2392 2375 2449 2428 in
2486 2374 2797 2429 Ecclesiam
2840 2375 3049 2429 merita
3096 2373 3168 2428 ad
3210 2371 3472 2443 supremi
3523 2367 3841 2441 pontiﬁcatus

2246 2465 2469 2535 apicem
2504 2464 2859 2531 ascendisse,
2892 2461 3317 2534 irrefragabilis
3347 2460 3509 2515 testis
3554 2461 3635 2513 est
3671 2460 3717 2511 S.
3764 2456 3843 2525 Cy-

2248 2555 2493 2627 prianus
2525 2554 2580 2608 in
2615 2553 2832 2625 sapius
2854 2554 2979 2623 jam
3022 2551 3265 2607 laudata
3298 2547 3547 2620 Epistola
3600 2546 3663 2600 ad
3711 2547 3846 2598 Anto-

2249 2644 2515 2699 nianum.
2544 2644 2617 2696 At
2645 2642 2909 2712 ejusdem
2944 2645 3110 2712 gesta
3139 2656 3172 2695 a
3204 2638 3441 2694 nemine
3488 2633 3743 2691 recensita
3786 2647 3847 2684 re-

2250 2734 2529 2806 perimus.
2564 2734 2829 2786 Attamen
2855 2747 2986 2785 cum
3009 2747 3039 2785 e
3062 2730 3326 2785 Romano
3350 2726 3497 2781 clero
3527 2722 3699 2791 fuerit,
3728 2718 3846 2774 haud

2250 2820 2426 2876 dubie
2459 2821 2528 2875 ad
2560 2820 2755 2892 ipsum
2788 2823 3012 2892 spectat
3042 2835 3178 2889 pars
3216 2822 3274 2873 et
3338 2818 3453 2872 fors
3503 2831 3609 2869 non
3654 2810 3848 2866 minima

2252 2927 2474 2976 eorum,
2510 2926 2635 2980 qua
2668 2907 2860 2963 clerus
2892 2906 3008 2975 ille,
3042 2907 3101 2963 S.
3135 2906 3291 2962 Petri
3327 2904 3599 2961 cathedra
3647 2917 3735 2973 per
3774 2898 3849 2953 Fa-

2252 2998 2409 3056 biani
2442 2998 2783 3071 martyrium
2814 3002 3075 3085 vacante,
3107 2996 3166 3051 in
3199 2995 3550 3050 calamitosa
3576 2991 3668 3046 illa
3708 2986 3853 3085 Eccle-

2253 3088 2351 3145 sia
2374 3092 2718 3159 tempestate
2735 3076 3264 3159 egregieprastitit.
3293 3085 3543 3140 Exstant
3559 3078 3712 3135 varia
3741 3076 3854 3131 inter

2254 3178 2627 3251 Cyprianicas
2666 3174 2925 3247 epistola
2976 3191 3043 3230 ex
3096 3174 3308 3246 quibus
3376 3170 3724 3245 perspicuum
3772 3168 3853 3226 est.

492 3261 583 3313 est
612 3260 805 3313 autem
853 3258 1152 3317 Cornelius
1201 3264 1509 3337 episcopus
1553 3268 1624 3322 de
1674 3267 1766 3322 Dei
1815 3272 1871 3323 et
1927 3268 2142 3323 Christi
2174 3246 2217 3313 Ο
2257 3246 2474 3338 quanto
2503 3264 2625 3320 zelo
2655 3246 2858 3321 Clarus
2889 3263 2985 3319 ille
3017 3280 3132 3319 non
3180 3264 3363 3318 modo
3408 3262 3709 3317 Romanam
3752 3254 3856 3310 dics.

501 3346 630 3418 ejus
652 3346 897 3419 judicio,
930 3350 1002 3406 de
1035 3349 1375 3408 clericorum
1410 3371 1555 3426 pene
1586 3357 1850 3412 omnium
1886 3357 2147 3413 testimo-

505 3434 624 3501 nio,
648 3436 719 3491 de
750 3435 959 3509 plebis,
994 3455 1119 3509 qua
1156 3445 1293 3495 tunc
1326 3442 1531 3511 adfuit,
1565 3445 1864 3515 suffragio,
1900 3450 1953 3499 et
1975 3444 2045 3500 de
2067 3461 2153 3500 sa-

501 3524 805 3583 cerdotum
837 3528 1236 3599 antiquorum,
1271 3534 1327 3585 et
1358 3531 1643 3588 bonorum
1674 3533 1929 3589 virorum
1977 3533 2149 3589 colle-

500 3613 631 3685 gio;
661 3630 795 3670 cum
830 3633 1000 3671 nemo
1032 3623 1164 3673 ante
1195 3636 1256 3674 se
1290 3622 1473 3675 factus
1504 3628 1679 3692 esset,
1729 3640 1863 3678 cum
1917 3623 2152 3678 Fabiani

496 3702 683 3770 locus,
722 3704 775 3758 id
810 3710 919 3771 est,
958 3705 1121 3762 locus
1158 3708 1304 3763 Petri
1344 3716 1401 3764 et
1447 3712 1664 3783 gradus
1724 3712 2009 3767 cathedra
2060 3729 2152 3767 sa-

498 3794 812 3848 cerdotalis
836 3800 1085 3851 vacaret.
1112 3819 1139 3846 »
1168 3800 1295 3853 Hac
1317 3800 1636 3871 Cyprianus
1669 3801 1739 3855 de
1762 3800 2009 3856 Cornelii
2039 3800 2151 3855 ele-

499 3882 710 3953 ctione,
745 3884 839 3939 cui
870 3902 989 3939 una
1012 3902 1143 3942 cum
1178 3887 1657 3945 Romanoclerico
1679 3890 1934 3962 episcopi
1959 3892 2158 3947 sexde-

501 3971 616 4028 cim
646 3991 715 4029 ex
748 3974 1127 4031 vicinioribus
1156 3978 1470 4048 provinciis
1499 3978 1744 4050 collecti,
1776 3997 1842 4035 ac
1873 3982 2009 4047 duo,
2054 3981 2152 4053 qui

500 4077 569 4117 ex
597 4061 789 4118 Africa
820 4062 875 4117 in
905 4062 1114 4119 Urbem
1148 4071 1444 4131 venerant,
1484 4068 1789 4139 Pompeius
1820 4068 2043 4125 scilicet
2100 4074 2157 4125 et

505 4150 859 4222 Stephanus,
906 4158 1349 4209 consenserunt.
1412 4155 1571 4211 Unde
1619 4156 1945 4229 Cyprianus
2000 4158 2155 4213 idem

503 4240 575 4297 de
605 4240 1012 4312 episcoporum
1047 4259 1313 4309 numero,
1337 4244 1436 4316 qui
1455 4246 1705 4301 Cornelii
1728 4248 2156 4303 ordinationem

503 4331 909 4402 probaverant,
962 4333 1032 4387 ad
1064 4333 1499 4389 Antonianum:
1555 4358 1582 4384 ‹‹
1614 4335 1737 4390 Nisi
1783 4336 1887 4391 tibi
1936 4337 2157 4409 episco-

503 4436 615 4492 pus
646 4421 895 4489 videtur,
932 4421 1031 4493 qui
1064 4422 1337 4495 episcopo
1370 4424 1427 4479 in
1462 4423 1715 4481 Ecclesia
1754 4442 1788 4481 a
1824 4427 1977 4481 679
2027 4443 2157 4482 sex-

2258 3354 2438 3419 cesin,
2472 3354 2569 3410 sed
2602 3358 2659 3409 et
2696 3352 3255 3424 Carthoginiensem,
3281 3351 3555 3423 aliasque
3572 3344 3852 3411 curarit(5).

2330 3442 2663 3500 Cornelium
2711 3447 2994 3514 tanquam
3049 3442 3189 3500 vitio
3252 3444 3521 3497 creatum
3578 3435 3859 3509 episcopum

2260 3539 2589 3589 Romanum
2621 3530 3020 3587 calumniatus
3068 3534 3157 3585 est
3210 3529 3572 3585 Novatiauus
3617 3524 3859 3616 Romanus

2262 3626 2583 3696 presbyter,
2616 3621 2936 3691 instigante
2966 3620 3205 3689 Novato,
3240 3618 3583 3690 presbytero
3616 3610 3859 3696 Carthagi-

2262 3695 2474 3781 niensi,
2506 3712 2681 3782 idque
2712 3714 2830 3763 tam
2863 3709 3024 3763 vafre
3055 3712 3113 3763 et
3144 3706 3465 3777 malitiose,
3498 3708 3561 3760 ut
3607 3695 3863 3758 nonnullos

2262 3820 2331 3859 ex
2360 3799 2791 3858 confessoribus
2830 3797 3087 3852 traheret
3130 3797 3187 3850 in
3239 3801 3440 3868 partes
3491 3808 3648 3861 suas,
3694 3804 3750 3843 ac
3790 3797 3864 3857 per

2260 3897 2379 3948 tres
2410 3889 2714 3962 episcopos
2735 3904 2850 3959 qua
2876 3887 3099 3952 fraude,
3125 3902 3239 3957 qua
3261 3884 3312 3940 vi
3338 3876 3863 3971 compulsos_epi_sco-

2263 3998 2374 4054 pus
2407 3980 2705 4035 Romanus
2737 3977 2886 4032 clam
2918 3975 3242 4043 ordinatus,
3278 3976 3541 4044 primum
3570 3972 3625 4025 in
3664 3964 3865 4061 Ecclesia

2264 4051 2527 4125 Romana
2557 4066 2816 4122 schisma
2846 4064 3141 4120 excitaret.
3170 4064 3311 4119 Eam
3350 4063 3425 4119 ob
3458 4077 3580 4117 rem
3620 4051 3867 4114 Cornelius

2265 4158 2566 4230 sexaginta
2594 4156 3003 4228 episcoporum
3036 4151 3281 4208 concilio
3316 4152 3571 4209 Romam
3621 4160 3755 4203 anno
3792 4138 3862 4193 25'

2265 4250 2599 4313 convocato,
2640 4242 3044 4308 Novatianum,
3104 4244 3353 4315 ejusque
3416 4241 3716 4298 sectatores
3772 4244 3872 4286 ans-

2263 4336 2521 4391 themate
2543 4335 2861 4400 damnavit,
2887 4336 2943 4388 et
2964 4349 3068 4387 con
3084 4332 3360 4401 fessores,
3386 4330 3487 4403 qui
3510 4326 3649 4399 lapsi
3674 4320 3869 4381 fuerant,

2267 4427 2337 4483 ad
2386 4423 2914 4481 reconciliationem
2961 4427 3018 4477 et
3067 4420 3478 4493 pauitantiam
3538 4406 3875 4473 admittendos

504 4508 1087 4582 decimcoepiscopis
1128 4512 1299 4579 facto,
1353 4513 1581 4570 adulter
1627 4519 1800 4587 atque
1849 4519 2159 4572 extraneus
2267 4531 2395 4571 esse
2427 4513 2699 4570 decrevit.
2732 4512 2850 4568 Hoc
2881 4511 2940 4566 in
2972 4509 3219 4566 concilio
3254 4508 3560 4582 lapsorum
3592 4516 3750 4597 causa
3788 4495 3874 4597 ,ἀθξ

507 4596 631 4653 fieri
663 4615 697 4653 a
726 4579 1120 4656 desertoribus
1153 4602 1379 4670 nititur,
1403 4625 1431 4654 ››
1465 4604 1523 4659 id
1546 4610 1634 4661 est
1655 4579 2011 4661 al‘lovotiani
2036 4606 2159 4660 fau-
2192 4622 2237 4687 υ
2269 4604 2512 4660 cretorio
2536 4601 2761 4673 judicio
2795 4601 2960 4656 finita
2998 4604 3108 4670 est,
3139 4579 3554 4670 statutumque
3584 4596 3647 4651 ut
3670 4584 3801 4687 lapsi
3823 4579 3873 4636 ad

504 4686 733 4743 toribus
764 4689 861 4759 (4).

580 4776 841 4849 Egregiis
870 4794 1005 4833 eum
1066 4782 1289 4836 meritis
1335 4782 1764 4855 virtutibusque
1814 4788 2156 4839 exornatum

507 4866 714 4933 fuisse,
747 4866 833 4923 vel
874 4867 1007 4923 inde
1037 4870 1357 4941 Cyprianus
1390 4872 1602 4943 arguit,
1636 4873 1811 4943 quod,
1848 4872 2020 4928 Decio
2060 4890 2157 4928 su-

506 4957 772 5029 perstite,
805 4956 1127 5013 Romanam
1152 4958 1470 5015 Ecclesium
1493 4961 1935 5032 gubernandum
1966 4979 2161 5018 susce-

509 5047 678 5120 perit.
719 5069 745 5101 α
777 5048 1003 5103 Etenim
1036 5052 1170 5120 post
1202 5048 1607 5120 episcopatum
1640 5067 1753 5105 non
1777 5052 2157 5114 exambitum,

508 5152 625 5192 non
652 5142 965 5201 extortum,
999 5138 1097 5191 sed
1132 5138 1203 5191 de
1230 5136 1352 5199 Dei,
1382 5138 1479 5208 qui
1514 5140 1845 5194 sacerdotes
1878 5140 2036 5205 facit,
2066 5157 2162 5195 vo-

506 5224 735 5282 luntate
766 5232 1126 5297 susceptum,
1159 5229 1376 5297 quanta
1405 5226 1464 5282 in
1483 5229 1609 5299 ipso
1636 5234 1909 5300 suscepto
1934 5229 2159 5300 episco-

509 5320 647 5388 patu
682 5333 787 5372 suo
822 5317 1007 5370 virtus
1032 5316 1045 5371 l
1080 5320 1369 5387 quantum
1396 5318 1573 5372 robur
1602 5318 1781 5375 animi
1809 5319 1821 5373 l
1847 5318 2039 5389 qualis
2064 5319 2160 5373 fir-

584 5495 662 5636 ἓξὲξ
693 5495 960 5577 Cyprian.
995 5496 1173 5568 Epist.
1211 5513 1306 5563 ιιι,
1340 5512 1471 5569 pag.
1510 5499 1611 5553 165
1641 5501 1697 5552 et
1728 5512 1889 5569 seqq.

609 5568 639 5622 4
694 5566 957 5636 Cyprian.
997 5567 1099 5625 loc.
1140 5569 1232 5623 cit.

609 5496 640 5550 3
693 5496 960 5567 Cyprian.
995 5496 1173 5568 Epist.
1211 5513 1232 5550 ῑ

609 5496 662 5711 4ξ
694 5566 957 5651 Cyprian.
997 5567 1099 5651 loc.
1140 5569 1232 5653 cit.

609 5639 637 5693 5
696 5640 829 5695 Vide
886 5640 1159 5711 Cypriani
1216 5642 1232 5697 l

582 5639 637 5708 (5

505 5723 607 5770 ιιι.

696 5640 829 5695 Vide
886 5640 1159 5713 Cypriani
1216 5640 1531 5714 Epistolas,
1587 5657 1754 5698 num.
1814 5657 1943 5710 xxx,
2003 5656 2159 5709 xxxx,

2269 4692 2745 4750 communionem
2776 4691 2931 4747 680
2963 4706 3076 4745 non
3110 4688 3589 4750 admitterentur,
3627 4678 3729 4738 nisi
3779 4686 3874 4746 pef-

2270 4788 2397 4839 acta
2442 4780 2783 4855 poenitentia
2838 4780 3118 4835 diuturna
3170 4782 3230 4833 et
3282 4776 3548 4850 integra:
3580 4772 3674 4866 ita
3719 4768 3876 4866 tamet!

2270 4878 2335 4928 ut
2366 4871 2510 4945 ipsis
2539 4871 2597 4925 iu
2631 4886 2905 4941 supremo
2938 4868 3066 4923 vita
3099 4866 3445 4923 discrimine
3505 4856 3875 4919 subveniretur.

2271 4978 2460 5034 neque
2490 4959 2777 5017 absolutio
2808 4963 2863 5014 et
2894 4956 3230 5013 communio
3265 4958 3603 5028 negaretur.
3712 5038 3715 5039 ν
3766 5029 3797 5039 Η

2344 5030 2632 5106 Eumdem
2679 5048 3013 5120 pontificem
3064 5062 3095 5101 e
3144 5043 3511 5102 catacumbis
3546 5030 3877 5097 transtulisse

2272 5155 2514 5209 corpora
2553 5141 2887 5191 sanctorum
2945 5134 3098 5190 Petri
3155 5138 3213 5188 et
3259 5132 3424 5187 Pauli
3479 5129 3671 5185 narrat
3716 5120 3877 5175 auctor

2271 5228 2403 5283 libri
2438 5224 2924 5296 Pontificalis(6):
2978 5223 3297 5294 subditque
3342 5222 3414 5277 ad
3465 5224 3765 5276 extremum
3808 5219 3880 5259 ex-

2272 5316 2499 5374 sulasse
2527 5314 2961 5381 Centumcellis,
2992 5317 3050 5369 et
3080 5311 3402 5385 plumbatis
3434 5326 3499 5367 os
3561 5307 3682 5376 ejus
3720 5298 3880 5355 contu-

2343 5494 2419 5567 (6)
2474 5494 2615 5567 Haec
2662 5491 2967 5567 trapslatio
3015 5490 3273 5567 _incert_a
3354 5490 3444 5544 est
3523 5467 3873 5567 Barouig‘hgd

2271 5544 2417 5639 ιιιῖί
2442 5544 2622 5639 iiiis
2653 5544 2925 5639 ἑῖιῖέὲῖὀ
2943 5544 3032 5618 id
3076 5544 3313 5639 6mg.--
3332 5556 3613 5639 assumi.
3639 5555 3691 5608 εί
3733 5544 3873 5639 *3")?

2272 5610 2713 5768 Eiih'ogxéhiitii
2740 5610 3716 5694 ἆᾶἚιαὲιῷἶιῖἅὶὶδῖίόῡιὲἐάἴέαω,
3751 5624 3790 5673 ι.
3812 5610 3871 5679 ιι.

2274 5724 2412 5783 pas.
2553 5751 2567 5768 -

2397 5753 2412 5782 ν
2439 5751 2567 5768 υννο
