4102 6172
215 329 331 391 701

1624 331 2237 396 PROLEGOMENA.

3514 332 3631 392 702

216 478 343 525 sum
375 461 728 533 Deciijussu
770 464 864 534 (7).
915 464 1037 520 Sub
1085 463 1330 520 Cornelii
1379 464 1716 536 pontificatu
1752 481 1863 520 non
1898 470 1951 533 Α
1981 481 2106 536 qua:
2140 465 2210 521 de
2239 463 2356 520 illis
2405 465 2463 520 in
2515 465 2657 520 urbe
2708 465 2963 520 Romana
3011 463 3122 518 sub
3152 462 3322 518 Decio
3370 464 3633 535 martyrii

215 550 404 608 solum
460 551 881 623 persecutionis
924 552 1196 624 procella,
1248 570 1374 625 quas
1417 554 1574 609 Decii
1621 553 1865 608 interitu

214 640 502 698 exstincta
526 639 852 708 videbatur,
876 658 908 697 a
935 641 1099 698 Gallo
1131 647 1189 698 et
1210 642 1524 699 Volusiano
1557 643 1748 698 denuo
1779 659 1869 698 ex-

213 729 404 795 citata,
483 729 802 785 Ecclesiam
860 730 1214 804 exagitavit;
1272 734 1373 788 sed
1423 732 1597 788 etiam
1654 731 1870 804 duplex

212 818 508 874 sebisma:
545 819 804 890 primum
827 836 861 875 a
882 820 1099 876 Novato
1129 820 1567 893 Carthaginensi
1597 824 1655 876 et
1684 821 1866 876 Nova-

210 909 366 962 tiano
424 912 686 962 Romano
736 909 1111 980 presbyteris,
1171 913 1492 965 Romanam
1547 910 1866 981 praesertim

211 994 550 1061 Ecclesiam,
579 995 827 1052 alterum
861 997 934 1052 ab
979 998 1180 1054 eodem
1211 999 1446 1070 quidem
1485 999 1694 1054 Novato
1727 998 1867 1053 olim

211 1087 526 1154 incentore,
561 1087 662 1142 sed
717 1088 863 1142 duce
909 1087 1290 1157 Felicissimo,
1325 1094 1382 1144 et
1414 1089 1749 1144 Novatianis
1775 1105 1864 1144 er-

210 1175 440 1230 roribus
471 1174 644 1247 plane
682 1177 1039 1247 oppositum,
1091 1177 1402 1233 Ecclesiam
1456 1178 1554 1233 Dei
1587 1179 1643 1232 in
1676 1177 1867 1233 Africa

207 1264 588 1342 perturbavit.
624 1264 696 1320 Ut
725 1265 879 1320 enim
923 1266 1224 1324 Novatiani
1271 1266 1597 1323 detestabili
1649 1267 1867 1322 severi-

205 1359 318 1409 tate
351 1369 590 1409 omnem
622 1369 786 1426 spem
817 1355 998 1410 venia:
1041 1355 1222 1428 lapsis
1270 1357 1507 1428 penitus
1538 1357 1865 1428 negandam

206 1443 653 1508 contendebant,
685 1443 766 1498 ita
795 1442 902 1511 illi,
937 1444 1260 1500 damnabili
1305 1445 1522 1518 pariter
1551 1445 1863 1501 conniven-

204 1531 298 1598 tia,
335 1548 371 1586 a
395 1530 589 1602 primo
621 1531 819 1586 statim
854 1532 1278 1604 persecutionis
1301 1533 1414 1601 die,
1444 1549 1577 1589 cum
1612 1533 1866 1589 recentia

203 1619 665 1690 delinquentium
701 1620 959 1677 facinora
1000 1623 1304 1690 ferverent,
1339 1627 1396 1678 et
1426 1622 1732 1678 sacrificiis
1766 1638 1862 1679 ne-

202 1710 393 1766 fandis
417 1728 531 1767 non
561 1717 792 1768 tantum
817 1712 1030 1770 diaboli
1057 1715 1284 1780 altaria,
1310 1715 1410 1770 sed
1436 1714 1627 1770 adhuc
1650 1731 1863 1769 manus

1977 558 2118 609 Acta
2151 555 2414 624 ejusdem
2441 554 2719 619 referunt,
2751 553 2895 608 nihil
2929 553 3167 608 omnino
3193 554 3460 624 probant,
3495 569 3628 608 cum

1978 642 2051 699 ab
2095 643 2339 698 eruditis
2388 641 2538 698 inter
2580 641 2781 715 spuria
2829 641 3184 712 rejiciantur.
3231 641 3630 699 Vetustissimi

1977 731 2223 803 catalogi
2253 731 2597 787 Pontificum
2631 736 2832 786 auctor
2852 735 3078 786 tantum
3103 731 3262 800 dicit,
3295 729 3463 786 illum
3495 747 3630 787 eum

1985 841 2012 874 α
2069 822 2255 893 gloria
2310 821 2721 876 dormitionem
2778 842 2804 868 η
2853 820 3264 876 Centumcellis
3314 822 3627 893 accepisse.

1980 909 2140 965 Unde
2171 911 2434 965 nonnulli
2483 910 2914 976 existimarunt,
2967 926 3099 964 eum
3142 908 3391 964 naturali
3436 911 3630 981 potius

1977 1017 2154 1072 quam
2185 999 2440 1055 violenta
2488 1005 2673 1054 morte
2722 999 3063 1054 defunctum
3113 1015 3263 1066 esse,
3310 1015 3412 1072 per
3439 998 3629 1056 exsilii

1973 1093 2192 1155 tamen,
2227 1105 2292 1144 ac
2325 1089 2469 1143 forte
2490 1090 2660 1144 etiam
2690 1088 2938 1143 carceris
2969 1104 3262 1142 aerumnas
3289 1087 3628 1158 accelerate,

1975 1178 2221 1250 ideoque
2253 1179 2324 1234 ab
2354 1177 2596 1234 ecclesia
2641 1183 2704 1232 ut
2751 1182 3065 1249 martyrem
3119 1176 3322 1232 merito
3351 1176 3483 1232 coli.
3515 1175 3630 1233 Ve-

1975 1273 2308 1324 rumtamen
2341 1285 2454 1323 non
2487 1268 2701 1322 desunt
2731 1265 3064 1322 testimonia
3093 1264 3312 1338 gravia,
3344 1281 3471 1338 quae
3505 1281 3630 1323 am-

1975 1356 2211 1431 biguam
2247 1356 2408 1412 illam
2442 1356 2725 1430 phrasim,
2767 1375 2788 1404 ι
2822 1372 2954 1411 cum
3003 1353 3188 1428 gloria
3218 1353 3630 1411 dormitionem

1976 1447 2214 1518 accepit,
2250 1469 2277 1496 ››
2314 1447 2384 1502 de
2429 1445 2706 1518 martyrio
2753 1462 2854 1518 per
2901 1460 3244 1516 supremum
3273 1441 3630 1516 supplicium

1974 1539 2380 1591 consummato
2440 1533 2838 1606 accipiendam
2897 1532 3166 1588 suadent.
3216 1531 3514 1604 Imprimis
3569 1531 3627 1587 S.

1973 1623 2296 1697 Cyprianus
2328 1625 2386 1679 in
2417 1621 2679 1696 Epistola
2709 1640 2841 1678 LVIII
2871 1623 2944 1678 ad
2975 1623 3034 1679 S.
3081 1621 3349 1687 Lucium,
3377 1619 3628 1676 Cornelii

1973 1731 2390 1784 successorem,
2423 1713 2591 1769 illum
2639 1713 2858 1768 beatum
2901 1715 3204 1784 martyrem
3248 1710 3461 1766 diserte
3525 1727 3626 1780 ap-

202 1799 338 1873 ipsae
368 1799 673 1904 lapsorum
718 1807 890 1902 atque
927 1821 1027 1860 ora
1081 1804 1394 1872 fumarent,
1429 1802 1861 1860 communicare
1893 1837 1940 1904 B
1973 1804 2168 1879 pellat.
2200 1804 2358 1860 Idem
2390 1803 2528 1860 facit
2572 1801 2830 1875 Epistola
2876 1817 2986 1857 Lvu
3033 1801 3105 1856 ad
3150 1799 3208 1856 S.
3261 1799 3626 1872 Stephanum

203 1904 339 1945 cum
368 1889 572 1960 lapsis,
604 1894 660 1946 et
691 1892 1044 1964 poenitentiae
1075 1894 1311 1965 agendae
1355 1893 1714 1949 intercedere
1745 1908 1860 1948 non

207 1978 580 2048 destiterunt,
618 1985 764 2037 teste
796 1981 1100 2054 Cypriano,
1153 1983 1402 2055 epistola
1451 2000 1517 2038 Lv
1547 1983 1619 2038 ad
1651 1982 1861 2038 Corne-

207 2065 374 2123 lium.
411 2067 824 2136 Felicissimus,
865 2087 999 2126 cum
1049 2087 1110 2127 se
1141 2073 1214 2127 ab
1255 2073 1544 2128 Africanis
1573 2072 1863 2144 episcopis

207 2155 261 2210 in
295 2156 544 2212 concilio
589 2163 958 2232 congregatis
1002 2161 1348 2216 damnatum
1401 2161 1638 2226 videret,
1675 2161 1862 2230 utjus

207 2246 641 2301 communionis
689 2263 804 2318 quo
847 2249 1158 2316 exciderat,
1205 2250 1264 2304 in
1317 2249 1571 2305 Ecclesia
1601 2250 1863 2305 Romana

207 2335 610 2405 snﬂ‘uraretur,
666 2337 910 2392 Romam
965 2339 1274 2410 navigavit,
1324 2344 1382 2394 et
1428 2339 1629 2394 fucum
1675 2340 1861 2394 facere

205 2429 407 2479 sancto
438 2424 703 2480 Cornelio
735 2425 999 2484 Pontiﬁci
1046 2428 1294 2482 Maximo
1339 2432 1584 2483 conatus
1613 2432 1720 2482 est.
1749 2427 1859 2482 Sed

205 2512 347 2568 nihil
378 2513 656 2579 obtinuit,
702 2514 815 2570 nisi
851 2533 968 2570 suae
1016 2516 1411 2572 damnationis
1461 2517 1860 2572 conﬁrmatio-

206 2617 358 2664 nem,
422 2608 486 2655 ut
545 2619 613 2657 ex
671 2620 847 2676 supra
905 2603 1142 2660 laudata
1195 2609 1424 2661 constat
1478 2605 1536 2662 S.
1588 2603 1860 2678 Cypriani

205 2689 472 2761 epislola.

277 2778 373 2834 ΙΙΙ.
409 2779 541 2850 Ipso
575 2783 996 2852 persecutionis
1041 2786 1272 2838 exordio
1313 2783 1446 2838 anni
1491 2786 1617 2850 252,
1651 2787 1858 2838 Corne-

204 2865 318 2921 lius
353 2867 652 2924 Romanus
697 2871 956 2926 Pontifex
1003 2871 1425 2926 Centumcellas
1474 2871 1680 2942 (Civita
1716 2871 1859 2926 Vec-

209 2955 360 3024 ehia)
390 2974 424 3011 a
451 2956 616 3014 Gallo
637 2957 985 3031 imperatore
1011 2960 1303 3034 relegatus
1325 2966 1433 3031 est,
1467 2962 1637 3032 cujus
1667 2960 1724 3014 in
1749 2959 1862 3015 ﬁde

211 3046 598 3101 constantiam
622 3047 945 3121 Cyprianus
967 3049 1231 3122 epistolis
1253 3050 1376 3106 suis
1399 3067 1574 3122 quam
1611 3048 1862 3105 maxime

216 3135 581 3191 commendat
611 3138 724 3208 (8);
773 3161 799 3188 ‹‹
834 3138 1243 3211 Cognovimus,
1279 3140 1452 3196 frater
1494 3139 1860 3205 cbarissime,

215 3221 314 3290 ait,
343 3223 472 3278 ﬁdei
507 3241 574 3279 ac
616 3199 852 3282 virtutis
898 3199 1104 3284 vestra:
1131 3199 1470 3284 testimonia
1497 3226 1772 3301 gloriosa,
1805 3199 1864 3282 et
1893 3199 1936 3267 Ο

217 3311 594 3370 confessionis
625 3322 827 3371 vestrae
851 3317 1131 3373 honorem
1154 3317 1238 3373 sic
1261 3317 1619 3374 exsultanter
1648 3316 1864 3389 accepi-

215 3413 365 3466 mus,
399 3407 461 3456 ut
491 3402 550 3458 in
585 3405 810 3461 meritis
840 3423 905 3462 ac
948 3406 1225 3462 laudibus
1255 3406 1463 3462 vestris
1494 3423 1600 3462 nos
1630 3422 1863 3478 quoque

216 3488 522 3562 participes
544 3497 600 3548 et
625 3495 816 3550 socios
836 3499 1245 3566 computemus
1267 3513 1279 3563 ;
1305 3517 1333 3546 »
1359 3500 1414 3550 et
1427 3499 1558 3567 post
1581 3494 1858 3568 plurima;

225 3595 252 3625 α
279 3575 470 3635 Virtus
504 3581 619 3637 illic
647 3584 914 3656 EpiscOpi
936 3584 1316 3656 praecedentis
1337 3585 1567 3656 publice
1597 3601 1862 3655 compro-

219 3665 345 3722 bata
373 3677 482 3735 est,
527 3674 805 3730 adunutio
854 3673 1156 3746 sequentis
1206 3675 1587 3731 fraternitatis
1629 3679 1864 3731 ostensa

219 3760 318 3821 εει.
353 3764 500 3819 Dum
535 3765 684 3837 apud
739 3779 841 3819 vos
887 3780 1042 3818 unus
1089 3762 1326 3820 animus
1356 3768 1412 3818 et
1458 3780 1578 3818 una
1613 3780 1722 3819 vox
1754 3768 1860 3833 est,

217 3857 464 3916 Ecclesia
493 3853 689 3911 omnis
721 3856 983 3908 Romana
1013 3854 1280 3908 confessa
1333 3857 1441 3908 est.
1475 3852 1718 3920 Claruit,
1749 3854 1862 3909 fra-

217 3953 324 4006 tres
353 3943 714 4008 charissimi,
760 3942 927 4006 ﬁdes,
960 3957 1132 4013 quam
1163 3942 1234 3997 de
1279 3942 1443 3997 vobis
1476 3943 1682 3997 beatus
1710 3945 1863 4014 Apo-

212 4037 396 4094 stolus
417 4031 772 4107 praedicavit.
802 4054 822 4083 ι
854 4031 981 4085 Hac
1003 4030 1234 4102 aliaque
1264 4029 1519 4102 plurima
1543 4030 1866 4103 Cyprianus

212 4127 280 4182 ad
321 4122 678 4189 Cornelium,
726 4120 827 4192 qui
876 4119 1064 4175 exsilii
1114 4120 1392 4176 aerumnis
1448 4119 1865 4193 laboribusque

214 4216 538 4278 confectus,
569 4209 740 4284 paulo
764 4213 898 4282 post
919 4209 1013 4264 die
1034 4209 1261 4264 decima
1285 4215 1497 4281 quarta
1517 4216 1736 4282 septem
1749 4210 1865 4266 bris

214 4309 436 4375 martyr
480 4301 698 4357 ibidem
748 4297 1056 4354 occubuit:
1110 4319 1136 4346 «
1173 4299 1303 4353 Post
1350 4298 1478 4365 hoc,
1514 4298 1596 4353 ait
1626 4299 1864 4355 Pontiﬁ-

214 4391 343 4446 cale
389 4388 641 4457 Damasi,
679 4410 700 4437 ι
761 4386 1189 4442 Centumcellas
1243 4386 1542 4459 expulsus,
1601 4387 1682 4442 ibi
1732 4403 1865 4443 cum

211 4481 396 4554 gloria
422 4479 832 4537 dormitionem
865 4479 1105 4549 accepit.
1155 4501 1176 4530 ι
1223 4477 1385 4533 Diem
1441 4477 1637 4534 obitus
1663 4478 1865 4534 Hiero-

1971 1894 2190 1966 pariter
2236 1893 2491 1966 Papam:
2526 1914 2555 1943 «
2606 1891 2936 1948 Servandus
2979 1893 3088 1954 est,
3137 1887 3432 1960 inquiens,
3465 1892 3626 1942 ante-

1972 1999 2272 2039 cessorum
2305 1987 2661 2049 nostrorum,
2696 1981 2998 2035 beatorum
3021 1984 3344 2050 martyrum
3375 1973 3626 2032 Cornelii

1971 2077 2027 2128 et
2055 2071 2214 2128 Lucii
2249 2073 2432 2128 honor
2458 2070 2818 2143 gloriosus...
2854 2067 2941 2123 Illi
2991 2068 3172 2132 enim,
3221 2065 3374 2138 pleni
3406 2065 3624 2137 Spiritu

1970 2161 2069 2216 Dei
2099 2165 2159 2217 et
2187 2161 2244 2216 in
2278 2161 2530 2232 glorioso
2562 2158 2838 2230 martyrio
2860 2156 3184 2222 constituti,
3211 2154 3461 2209 dandam
3496 2169 3625 2208 esse

1970 2249 2152 2322 lapsis
2208 2266 2407 2321 pacem
2465 2251 2840 2304 censuerunt.
2893 2248 3183 2301 Consonat
3224 2243 3514 2300 Eusebius
3561 2242 3622 2297 in

1973 2339 2235 2395 Chronico
2265 2339 2500 2394 dic-ens:
2533 2360 2561 2388 «
2594 2337 2866 2392 Romanis
2899 2334 3164 2390 Ecclesiae
3193 2333 3622 2405 episcopatum,

1970 2434 2099 2500 post
2131 2428 2368 2484 Fabiani
2398 2427 2713 2500 gloriosam
2763 2430 3032 2489 mortem,
3080 2441 3152 2478 xx
3199 2421 3458 2494 suscepit
3485 2421 3621 2476 Cor-

1970 2516 2160 2572 nelius
2191 2517 2362 2572 annis
2391 2517 2622 2571 duobus
2651 2533 2665 2579 ;
2699 2515 2798 2586 qui
2829 2518 2886 2569 et
2914 2513 3038 2584 ipse
3075 2511 3350 2584 martyrio
3381 2526 3621 2567 corona-

1969 2609 2066 2662 tus
2097 2611 2269 2661 est.»
2317 2605 2374 2660 S.
2427 2605 2712 2660 Pacianus
2760 2603 2819 2658 in
2853 2601 3110 2674 Epistola
3139 2619 3179 2656 ιι
3230 2601 3298 2656 ad
3349 2601 3624 2672 Sympro-

1969 2695 2234 2764 nianum,
2267 2695 2324 2750 S.
2358 2693 2686 2748 Cornelium
2721 2692 2978 2746 occisum
3006 2691 3206 2754 fuisse,
3230 2706 3346 2745 non
3378 2690 3626 2746 obscure

1970 2786 2250 2839 insinuat.
2284 2785 2490 2838 Adhuc
2519 2783 2736 2838 clarius
2765 2781 3024 2852 loquitur
3053 2781 3109 2836 S.
3150 2781 3533 2851 Hieronymus
3562 2778 3623 2833 in

1969 2873 2100 2928 Vita
2129 2879 2183 2928 8.
2221 2872 2378 2928 Pauli
2427 2871 2711 2937 Eremitze,
2745 2876 2886 2925 tom.
2921 2869 2992 2924 IV
3039 2869 3210 2941 Opp.,
3243 2868 3380 2923 edit.
3417 2866 3625 2936 Paris.,

1970 2966 2117 3036 part.
2148 2963 2204 3032 2,
2238 2960 2347 3016 col.
2373 2961 2478 3029 69;
2515 2982 2542 3010 «
2573 2958 2869 3014 Cornelius
2901 2958 3117 3024 Romae,
3147 2956 3467 3028 Cyprianus
3487 2954 3622 3010 Car-

1969 3050 2208 3123 thagine
2241 3049 2390 3106 felici
2423 3065 2626 3105 cruore
2659 3050 3000 3120 martyrium
3031 3046 3412 3118 pertulerunt.
3450 3067 3477 3094 »
3499 3044 3626 3100 Non

1973 3142 2220 3197 obscure
2248 3139 2420 3196 etiam
2466 3139 2722 3208 loquitur
2770 3137 3016 3208 Prosper
3062 3136 3119 3190 in
3163 3135 3443 3191 Chronico
3474 3133 3626 3190 inte-

1973 3247 2076 3303 gro
2108 3230 2343 3284 dicens:
2380 3251 2408 3277 «
2441 3229 2712 3283 Romanas
2747 3226 3011 3282 Ecclesiae
3042 3224 3467 3296 episcopatum,
3499 3226 3631 3293 post

1974 3317 2208 3373 Fabiani
2242 3315 2555 3389 gloriosam
2609 3319 2878 3385 mortem,
2911 3330 2983 3368 xx
3030 3310 3278 3382 suscipit
3325 3307 3629 3364 Cornelius

1973 3407 2144 3464 annis
2176 3407 2427 3476 duobus,
2461 3403 2561 3477 qui
2593 3409 2726 3476 post
2764 3403 3066 3459 biennium
3115 3401 3318 3457 eodem
3350 3397 3628 3471 martyrio

1973 3501 2302 3552 coronatur.
2336 3515 2362 3548 ι

2044 3585 2108 3640 ν.
2144 3585 2556 3656 Episcopatum
2581 3581 2842 3637 tenuisse
2859 3581 3074 3635 dicitur
3102 3577 3403 3634 Cornelius
3425 3577 3498 3632 ab
3520 3577 3628 3631 Eu-

1973 3675 2133 3731 sebio
2166 3674 2401 3746 quidem
2426 3672 2539 3743 (18)
2560 3694 2588 3720 ‹‹
2615 3671 2786 3726 annis
2817 3670 3046 3725 circiter
3066 3669 3276 3734 tribus,
3313 3689 3338 3716 ››
3365 3666 3424 3722 in
3451 3666 3628 3722 Chro-

1972 3763 2102 3820 nico
2133 3768 2350 3833 autem,
2382 3762 2474 3817 cui
2521 3761 2905 3833 Hieronymus
2952 3757 3206 3815 concinit
3252 3757 3367 3829 (11)
3401 3781 3420 3805 ι
3458 3755 3628 3813 annis

1974 3854 2204 3910 duobus
2229 3871 2241 3920 ;
2264 3874 2291 3902 »
2319 3853 2376 3907 in
2400 3851 2548 3906 libro
2572 3847 2914 3915 Pontificali,
2939 3871 2966 3899 ι‹
2991 3848 3162 3904 annis
3183 3846 3396 3916 tribus,
3421 3846 3628 3902 diebus

1974 3945 2213 4009 decem;
2249 3964 2277 3991 ››
2308 3941 2366 3996 in
2398 3938 2713 4012 exemplari
2743 3938 3096 4006 Corbeiensi,
3130 3941 3195 3992 ut
3229 3936 3287 3990 in
3320 3935 3630 3990 Bucheria-

1974 4049 2049 4087 no
2078 4031 2340 4103 catalogo
2365 4053 2390 4079 ‹‹
2421 4030 2592 4085 annis
2615 4029 2842 4084 duobus
2875 4027 3180 4082 mensibus
3211 4024 3399 4079 tribus
3421 4023 3626 4078 diebus

1974 4122 2214 4189 decem;
2250 4142 2276 4169 »
2309 4120 2368 4174 in
2403 4118 2758 4187 Fossatensi,
2794 4133 2949 4171 nunc
2989 4113 3342 4180 Colbertino,
3377 4128 3480 4168 nec
3512 4127 3626 4166 non

1976 4211 2129 4282 apud
2165 4209 2508 4266 Bollandum
2541 4225 2609 4263 ex
2638 4207 2842 4262 Codice
2874 4205 3012 4260 olim
3044 4204 3358 4259 Succorum
3391 4200 3628 4274 regina,

1976 4317 2132 4355 nunc
2160 4299 2461 4368 Vaticano,
2497 4319 2518 4346 ι
2556 4313 2708 4352 anno
2736 4311 2876 4365 uno,
2900 4293 3202 4349 mensibus
3225 4291 3475 4357 duobus,
3509 4289 3630 4344 die-

1977 4389 2088 4444 bus
2117 4387 2329 4457 tribus,
2366 4410 2394 4438 ››
2422 4385 2828 4459 pontiﬁcatum
2869 4382 3126 4455 gessisse
3167 4379 3398 4435 dicitur.
3435 4383 3500 4434 At
3531 4395 3628 4434 ne-

1975 4478 2263 4533 minatum
2293 4476 2722 4532 Bucberianum
2769 4472 3123 4544 catalogum,
3157 4469 3213 4524 in
3265 4485 3381 4540 quo
3412 4469 3628 4525 Corne-

214 4586 423 4642 nymus
471 4570 656 4639 docet,
717 4568 860 4622 dum
926 4566 1073 4622 681
1131 4565 1203 4622 de
1262 4566 1548 4639 Cypriane
1615 4567 1698 4622 ait
1749 4568 1862 4640 (9):
1898 4569 1945 4633 D
1975 4567 2122 4624 lium
2157 4566 2382 4623 sedisse
2425 4563 2674 4637 legimus
2706 4586 2733 4612 ‹‹
2786 4579 2973 4618 annos
3004 4561 3173 4628 duos,
3227 4574 3456 4615 menses
3487 4562 3628 4628 tres,

218 4681 244 4708 «ι
275 4665 488 4717 Passus
548 4665 636 4715 est
683 4658 792 4714 sub
841 4655 1147 4713 Valeriano
1201 4661 1258 4711 et
1305 4655 1564 4712 Gallieno
1596 4673 1867 4727 persecu-

214 4747 368 4806 tione
418 4755 646 4817 octava,
675 4748 877 4803 eodem
908 4745 1020 4812 die,
1054 4761 1168 4817 quo
1190 4748 1381 4800 Remis
1413 4744 1734 4812 Cornelius,
1766 4746 1867 4801 sed

216 4851 322 4893 non
355 4839 563 4895 eodem
595 4853 786 4892 anno:
823 4857 850 4884 n
886 4851 1094 4906 nempe
1136 4835 1359 4890 decimo
1394 4849 1592 4890 octavo
1621 4835 1738 4891 kal.
1770 4851 1864 4891 oc-

217 4927 414 4995 tobris,
448 4943 564 4998 qua
593 4925 683 4982 die
727 4924 1077 4997 Cyprianum
1120 4927 1347 4979 constat
1391 4923 1670 4996 martyrio
1701 4939 1868 4978 coro-

219 5018 414 5072 natum
449 5017 652 5083 fuisse,
686 5019 740 5070 et
773 5012 1076 5084 utriusque
1100 5011 1382 5066 memoria
1411 5011 1758 5068 celebratur.

284 5105 374 5160 ιν.
407 5105 531 5169 Quo
566 5109 758 5159 autem
793 5101 1000 5158 mortis
1023 5117 1231 5173 genere
1253 5105 1353 5155 aut
1385 5100 1672 5172 supplicio
1703 5118 1868 5158 sanc-

219 5193 308 5248 tus
334 5193 593 5249 Pontifex
625 5192 854 5257 obierit,
885 5189 1057 5262 plane
1087 5189 1514 5261 incompertum
1547 5194 1672 5246 est:
1730 5207 1866 5248 nam

289 5389 362 5463 (7)
393 5389 611 5463 Bratid
655 5405 842 5463 genus
890 5389 1334 5463 tormentorum
1365 5387 1534 5463 quasi
1567 5387 1864 5463 ﬂagellum

231 5471 291 5532 ex
343 5457 754 5531 funiculisfin
817 5457 1075 5532 quarum
1121 5459 1562 5532 summitatibus
1620 5457 1866 5532 glandes

233 5527 498 5598 plumbeae
528 5527 697 5590 erant
724 5527 1017 5604 impastae.
1057 5531 1244 5604 Baron
1276 5530 1346 5586 ad
1373 5527 1725 5602 Martyrolog.
1755 5536 1862 5587 Ro-

235 5613 368 5676 men.
423 5605 518 5662 die
568 5605 604 5676 6
637 5601 829 5676 juniif
847 5601 1148 5660 Gallonius
1176 5602 1243 5659 de
1293 5604 1593 5674 Martyrum
1641 5604 1864 5660 Crucia-

235 5673 384 5746 tibus,
416 5693 551 5751 pag.
583 5673 708 5732 264.

1977 4658 2102 4713 dies
2133 4657 2352 4722 decem,
2406 4671 2439 4709 a
2488 4652 2832 4708 consulibus
2887 4650 3052 4706 Decio
3106 4649 3194 4720 IV,
3244 4653 3302 4703 et
3350 4647 3518 4704 Decio
3559 4648 3628 4717 Il,

1978 4761 2165 4818 usque
2183 4743 2345 4800 Gallo
2368 4749 2424 4798 et
2440 4741 2777 4807 Volusiano,
2800 4762 2828 4792 η
2851 4739 3198 4796 mendosum
3221 4738 3374 4795 882
3392 4754 3520 4794 esse
3536 4736 3634 4794 ob-

1977 4839 2189 4890 servat.
2220 4833 2510 4888 Antonius
2543 4831 2776 4904 Pagius,
2801 4847 2934 4886 cum
2965 4830 3023 4884 in
3057 4829 3229 4884 annis
3258 4827 3634 4900 pontificatus

1977 4922 2249 4988 Cornelii,
2284 4927 2408 4977 tum
2443 4923 2500 4977 in
2533 4921 2838 4976 Deciorum
2884 4917 3285 4973 consulatibus
3316 4915 3630 4987 designan-

1978 5013 2089 5069 dis.
2123 5011 2329 5066 Nullus
2360 5010 2514 5065 enim
2557 5015 2645 5066 est
2677 5017 2774 5064 aut
2824 5007 2972 5063 Decii
3006 5005 3187 5079 patris
3238 5008 3502 5074 quartus,
3531 5005 3632 5057 aut

1977 5101 2132 5158 Decii
2167 5100 2266 5155 filii
2301 5100 2594 5156 secundus
2625 5096 2984 5154 consulatus.
3013 5094 3243 5149 Gallum
3291 5097 3485 5148 autem
3518 5091 3629 5146 Vo-

1976 5190 2271 5246 lusianum
2309 5188 2473 5245 Decio
2503 5191 2765 5262 Augusto
2796 5185 3052 5242 secundo
3085 5199 3186 5238 seu
3213 5181 3404 5252 tertio,
3436 5186 3493 5238 et
3520 5181 3629 5238 De-

2069 5389 2124 5460 8)
2155 5385 2426 5460 Cyprian.
2460 5384 2640 5460 Epis_t.
2675 5400 2780 5460 va.

2069 5389 2124 5460 8)
2155 5389 2426 5459 Cyprian.
2460 5389 2640 5456 Epist.
2675 5400 2780 5439 va.

2047 5389 2124 5532 l9)
2183 5445 2517 5530 llieronym.
2571 5455 2636 5510 de
2709 5454 2912 5524 Script.
2972 5452 3170 5508 Eccler.
3234 5452 3293 5505 in
3351 5449 3600 5524 Catalog.

1975 5531 2398 5684 οαῗέῼῗέμεθδ.
2434 5599 2500 5655 Η.
2537 5597 2612 5684 E._
2632 5597 2736 5684 lib:
2764 5613 2881 5684 vu',‘
2895 5612 3022 5684 cap.
3053 5595 3107 5650 2.

2047 5666 2157 5746 (tl)
2193 5673 2547 5744 llicronym.,
2579 5666 2644 5726 de
2675 5667 2785 5728 Vir.
2818 5666 3046 5738 illum,
3078 5684 3206 5740 cap.
3236 5667 3326 5724 66.
