4102 6172
430 267 550 332 ’103

432 405 521 461 cio
551 403 774 459 Cmsare
801 402 1059 475 primum
1111 400 1454 458 consulibus
1501 403 1856 460 successisse
1894 420 1962 458 ex
1992 404 2074 460 fa-
2107 407 2162 473 Α

347 519 350 524 -
431 493 540 550 stis
572 497 793 548 certum
817 496 905 547 est
929 509 939 547 :
968 492 1227 564 adeoque
1259 491 1316 547 in
1339 491 1600 566 catalogo
1635 509 1769 549 mox
1793 493 1944 549 dicto
1967 511 2083 549 non

433 600 613 638 annos
670 585 829 653 duos,
890 582 990 638 sed
1061 599 1271 638 annum
1333 600 1509 638 unum
1584 581 1846 639 Cornelio
1905 582 2086 640 fuisse

434 671 866 728 ascribendum.
893 671 1174 737 Quocirca
1198 689 1331 727 cum
1355 672 1438 729 sic
1459 673 1868 745 corrigendum
1890 671 2086 728 lauda-

437 766 536 818 tus
567 762 776 833 Pagius
807 765 1022 827 censet,
1054 766 1117 816 ut
1171 781 1193 808 ε
1222 779 1442 816 annum
1497 779 1679 817 unum
1724 763 1894 818 Decio
1927 763 1999 817 IlI
2031 767 2089 818 et

434 850 624 921 Decio,
660 851 708 904 II
761 850 884 905 loco
928 850 1238 905 verborum
1287 867 1458 906 annos
1488 851 1621 907 duo:
1690 853 1855 907 Decio
1906 851 1998 920 IV,
2031 856 2088 907 et

432 939 605 996 Decio
637 938 684 994 ll
715 938 1174 994 substituantur.
1209 939 1371 994 Unde
1401 940 1671 1011 sequitur
1702 945 1764 996 ut
1793 941 1840 996 si
1874 940 2085 996 Corne-
2134 932 2138 936 ἢ

433 1029 549 1085 lius
577 1045 785 1084 annum
810 1045 1002 1090 unum,
1039 1029 1537 1098 quemadmodum
1587 1028 1688 1084 illo
1730 1028 1788 1083 in
1821 1029 2084 1102 catalogo

431 1117 729 1183 scribitur,
760 1121 816 1172 et
846 1138 872 1165 «
910 1133 1140 1172 menses
1173 1121 1310 1184 tres,
1337 1139 1365 1166 »
1399 1134 1463 1173 ac
1499 1140 1526 1168 «
1549 1119 1672 1174 dies
1705 1117 1902 1174 decem
1935 1141 1962 1167 »
1995 1134 2086 1174 se-

433 1207 538 1274 dit,
563 1221 696 1262 cum
718 1205 1012 1271 eumdem,
1038 1228 1065 1256 «
1093 1205 1254 1261 Gallo
1278 1209 1334 1262 et
1353 1206 1666 1262 Volusiano
1688 1208 2030 1263 consulibus
2053 1224 2081 1259 ι

431 1295 564 1368 (hoc
592 1298 681 1350 est
713 1311 865 1350 anno
893 1294 1103 1350 Christi
1134 1296 1281 1366 252),
1314 1296 1408 1352 die
1457 1296 1520 1352 14
1551 1297 1898 1368 septembris
1931 1313 2087 1354 mar-

432 1383 582 1459 tyrio
621 1388 964 1440 coronatum
1013 1399 1141 1440 esse
1188 1400 1323 1441 vera
1369 1385 1730 1442 monimenta
1781 1386 1955 1441 fidem
1999 1389 2086 1442 fa-

435 1474 614 1540 ciant,
646 1490 799 1530 anno
848 1473 1064 1530 Christi
1102 1475 1408 1546 251,junii
1457 1475 1488 1529 4
1537 1475 1630 1532 die
1680 1476 2084 1548 pontiﬁcatum

434 1563 650 1620 inierit.

506 1652 730 1709 Placuit
777 1653 953 1709 etiam
1029 1653 1151 1709 1]ωο
1209 1655 1404 1728 opinio
1483 1657 1710 1712 erudito
1769 1656 2085 1713 Tillemon-

434 1744 518 1799 tio
550 1744 658 1848 (12)
709 1742 810 1814 qui
862 1748 918 1797 et
965 1747 1242 1814 praeterea
1288 1745 1619 1801 Cornelium
1671 1746 1915 1802 minime
1955 1751 2088 1802 ante
2122 1785 2170 1848 Β

438 1831 770 1905 paschalem
805 1832 940 1886 anni
968 1832 1065 1888 251
1105 1832 1259 1888 diem
1291 1835 1626 1890 ordinatum
1666 1852 1794 1892 esse
1824 1835 2094 1908 pluribus

438 1921 802 1994 argumentis
837 1920 1077 1993 colligit.
1114 1921 1412 1979 Probabile
1444 1929 1552 1990 est,
1587 1941 1702 1980 non
1731 1925 1915 1981 multo
1941 1930 2097 1998 post-

438 2027 614 2082 quam
651 2010 856 2067 Decius
885 2027 952 2066 ex
984 2011 1134 2068 Urbe
1164 2014 1233 2068 ad
1285 2013 1710 2082 expeditionem
1744 2019 1946 2072 contra
1984 2015 2095 2072 Go-

440 2101 573 2156 thos
597 2100 985 2170 discessisset,
1009 2103 1163 2172 quod
1188 2102 1341 2158 circa
1357 2119 1554 2158 verum
1581 2108 1812 2176 tempus
1836 2107 1972 2160 anni
1993 2106 2093 2160 251

441 2189 707 2261 contigit,
741 2187 958 2243 clerum
993 2189 1392 2262 populumque
1414 2195 1768 2259 Romanum,
1801 2192 1911 2248 bac
1943 2209 2101 2248 occa-

444 2278 606 2334 sione
636 2275 849 2343 oblata,
885 2278 1244 2346 convenisse,
1279 2283 1335 2334 et
1365 2280 1424 2335 in
1473 2280 1722 2336 Cornelii
1753 2281 2098 2338 electionem

440 2366 833 2432 consensisse,
883 2371 947 2420 Et
1004 2367 1126 2423 haec
1187 2369 1424 2440 quidem
1477 2370 1748 2442 Cypriani
1808 2371 1878 2425 de
1927 2370 2098 2426 Decio

441 2457 614 2512 verba
642 2455 754 2528 (13)
781 2472 792 2510 :
834 2479 853 2505 ι
882 2457 1041 2520 Quod
1076 2457 1439 2514 tolerabilius
1461 2459 1687 2515 audiret
1705 2459 1880 2515 levari
1903 2461 2101 2515 adver-

443 2562 546 2602 sus
577 2561 638 2600 se
668 2543 943 2600 aemulum
997 2545 1339 2618 principem,
1373 2565 1548 2617 quam
1597 2548 1872 2604 constitui
1903 2549 2099 2604 Romae

441 2634 543 2690 Dei
576 2633 958 2701 sacerdotem,
989 2655 1016 2687 ιι
1053 2635 1136 2691 sic
1186 2636 1553 2709 interpretari
1607 2636 1762 2705 licet,
1810 2643 1874 2692 ut
1902 2642 2098 2710 tyran-

444 2740 558 2780 nus
589 2722 686 2778 ille
717 2724 922 2778 nuntio
952 2725 1175 2781 eodem.
1204 2730 1260 2782 et
1281 2726 1589 2798 imperium
1614 2745 1647 2782 a
1675 2727 1831 2782 Julio
1862 2726 2102 2783 Valente

445 2816 820 2884 usurpatum,
878 2817 935 2868 et
999 2814 1332 2870 Cornelium
1405 2814 1464 2870 in
1531 2816 1873 2888 episcopum
1933 2816 2102 2872 Urbis

445 2906 780 2975 cooptatum
832 2901 1122 2958 didicerit.
1172 2904 1348 2960 Porro
1393 2903 1584 2960 Julius
1633 2922 1893 2977 purpura
1949 2905 2103 2961 circa

447 3008 708 3049 mensem
741 2991 956 3048 Maium
989 2992 1122 3048 anni
1168 2994 1264 3049 251
1319 2999 1570 3066 arrepta,
1604 3011 1710 3052 nec
1759 2993 1941 3050 multo
1972 2998 2105 3066 post

445 3080 673 3138 occisus
703 3086 812 3137 est.
851 3083 1092 3138 Demum
1115 3083 1400 3139 Eusebius
1432 3089 1489 3140 et
1510 3101 1642 3141 cum
1674 3084 1783 3141 hac
1812 3083 2101 3141 sententia

447 3176 504 3228 et
532 3188 731 3228 secum
763 3172 1059 3228 conciliari
1107 3173 1190 3228 sic
1220 3177 1433 3246 potest,
1465 3178 1548 3243 ut,
1599 3191 1733 3230 cum
1767 3173 2100 3230 Cornelium
2132 3148 2176 3216 CI

451 3284 478 3312 «
511 3260 682 3317 annis
713 3259 940 3317 circiter
968 3260 1156 3317 tribus
1188 3288 1213 3313 n
1249 3262 1652 3336 episcopatum
1677 3264 1936 3320 tenuisse
1970 3263 2112 3319 scri-

447 3351 552 3423 bit,
586 3355 819 3424 tempus
850 3368 883 3406 a
916 3351 1157 3407 Fabiani
1191 3352 1350 3408 obitu
1384 3354 1454 3409 ad
1478 3353 1728 3409 Cornelii
1759 3357 2005 3410 mortem
2029 3353 2112 3409 in-

451 3441 756 3513 terjectum
789 3441 1049 3496 indicare
1077 3441 1356 3509 voluerit;
1391 3443 1486 3498 ubi
1519 3448 1714 3498 autem
1747 3461 1880 3499 eum
1905 3467 1932 3493 «
1966 3444 2109 3498 duo-

454 3531 567 3586 bus
597 3530 768 3586 annis
797 3549 824 3580 ιι
863 3531 1087 3586 sedisse
1118 3532 1304 3592 docet.
1340 3549 1521 3586 unum
1555 3532 1906 3604 completum
1941 3537 1997 3588 et
2026 3532 2109 3588 al-

455 3625 644 3675 terum
677 3621 1014 3676 inchoatum
1062 3638 1162 3692 pro
1210 3621 1441 3676 duobus
1489 3621 1862 3693 computarit.
1917 3645 1938 3671 ι
1989 3622 2112 3676 Huc

453 3725 644 3781 usque
675 3709 1049 3766 Constantius
1073 3714 1270 3766 noster
1301 3712 1431 3781 (14).
1457 3710 1689 3766 Videsis
1718 3711 1894 3766 etiam
1918 3710 2116 3766 claris-

454 3797 592 3854 simi
624 3799 775 3854 inter
795 3798 1184 3855 Bollandistas
1222 3799 1582 3856 Constantini
1631 3801 1919 3872 Suyskeni
1951 3817 2110 3856 com-

456 3889 810 3944 mentarium
840 3889 1184 3945 historicum
1215 3889 1284 3944 de
1315 3889 1372 3945 S.
1407 3889 1667 3946 Cornelio
1698 3893 1855 3962 Papa
1881 3895 1938 3944 et
1959 3889 2110 3945 Mar-

456 3983 603 4051 tyre,
634 3981 662 4047 §
693 3995 754 4045 n,
787 3995 850 4033 III
882 3983 940 4033 et
981 3995 1056 4044 IV,
1088 3983 1146 4033 et
1195 3979 1517 4050 praesertim
1557 3981 1586 4048 §
1626 3997 1726 4047 xu,
1760 3995 1890 4051 pag.
1927 3980 2028 4034 177
2058 3981 2115 4035 et

459 4083 624 4140 seqq.
654 4073 795 4122 tom.
830 4067 906 4122 IV
936 4066 1317 4140 Septembris.

1029 4209 1432 4266 ARTICULUS
1473 4211 1544 4265 Il.

807 4318 858 4357 8.
899 4315 1162 4356 CORNELII
1204 4316 1258 4356 P.
1300 4317 1367 4356 ET
1405 4316 1464 4356 Π.
1508 4315 1764 4357 SCRIPTA.

531 4426 574 4483 Ι.
610 4425 920 4499 Complura
941 4424 1355 4482 sollicitudinis
1378 4425 1709 4498 apostolicae
1738 4429 2122 4482 monumenta

1791 269 1870 330 IN
1917 269 1982 332 S.
2027 270 2480 336 CORNELIUM

3689 279 3788 340 704

2191 403 2452 476 ἐπιστολὴ
2499 411 2739 475 συνῆπτο
2775 409 2873 460 τοῦ
2922 401 3228 480 Κορνηλίου
3274 403 3395 478 περὶ
3438 408 3538 458 τῶν
3567 404 3688 461 κατὰ
3709 409 3788 476 τήν

2194 491 2415 550 σύνοδον
2476 495 2774 572 ἀρεσάντων
2833 495 2923 550 καὶ
2982 492 3144 550 πάλιν
3197 493 3351 569 ἑτέρα
3395 491 3510 568 περὶ
3553 499 3650 549 τῶν
3683 499 3794 552 κατᾶ

2195 583 2469 640 Ναουάτον
2500 585 2853 661 πραχθέντων
2909 587 3023 641 Hoc
3067 589 3176 652 est,
3217 585 3522 656 interprete
3561 584 3792 646 Valesio:

2203 696 2228 728 ιι
2259 675 2502 730 Exstant
2531 675 2722 730 adhuc
2753 673 3012 746 epistolis
3036 673 3282 730 Cornelii
3305 677 3675 730 Romanorum
3701 677 3796 748 epi-

2195 765 2354 836 scopi
2385 766 2457 820 ad
2489 765 2733 820 Fabium
2777 763 3184 819 Antiochensis
3233 762 3491 818 Ecclesia
3533 764 3795 834 praesulem

2198 853 2415 908 missae.
2449 885 2515 894 —
2547 853 2648 909 His
2677 853 2956 924 adjuncta
2988 856 3112 908 erat
3158 851 3272 907 alia
3309 851 3564 920 ejusdem
3592 853 3799 908 Cornelii

2197 941 2464 1015 epistola,
2496 943 2567 997 de
2597 943 2692 998 his
2722 959 2849 1014 quae
2875 941 2934 996 in
2977 941 3194 1014 synodo
3236 941 3467 995 decreta
3494 940 3732 996 fuerant:
3758 947 3803 996 et

2199 1048 2404 1087 rursus
2435 1031 2548 1086 alia
2568 1031 2638 1086 de
2661 1030 3017 1086 facinoribus
3039 1029 3262 1085 Novati.
3288 1052 3309 1082 ι
3350 1049 3379 1078 ››
3411 1028 3492 1083 Ad
3521 1044 3680 1098 quem
3698 1031 3803 1100 qui-

2199 1121 2331 1176 dem
2363 1119 2558 1176 locum
2592 1120 2862 1176 observat
2882 1118 3150 1175 eruditus
3170 1115 3488 1174 Cotelerius
3517 1118 3638 1189 (17),
3657 1117 3804 1173 Euse-

2199 1210 2362 1266 bium
2392 1209 2588 1265 verbis
2632 1207 2773 1276 illis,
2823 1203 3104 1261 ἐπιστολαί
3135 1203 3463 1281 Κορνηλίου,
3512 1221 3675 1262 uuam
3701 1211 3804 1262 tan-

2196 1300 2498 1355 tummodo
2519 1297 2922 1354 Cornelianam
2944 1295 3249 1369 epistolam
3269 1295 3624 1368 signiﬁcasse
3647 1313 3660 1351 :
3681 1295 3806 1367 quod

2197 1405 2340 1444 sane
2362 1387 2657 1460 perspexit
2675 1390 2732 1443 et
2753 1386 3160 1458 Hieronymus.
3184 1385 3337 1440 Dum
3359 1384 3513 1440 enim
3536 1383 3804 1440 Eusebium

2197 1480 2546 1543 assectatus,
2565 1475 2715 1532 inter
2735 1475 3051 1548 scriptores
3073 1473 3497 1531 ecclesiasticos
3519 1472 3808 1530 Cornelium

2197 1570 2477 1633 recenset,
2510 1565 2633 1622 hinc
2663 1563 2838 1621 habet
2867 1565 3018 1635 (18):
3053 1562 3429 1630 «Cornelius,
3460 1563 3712 1619 Romanis
3737 1578 3810 1617 ur-

2195 1657 2290 1712 bis
2336 1655 2668 1728 episcOpus,
2718 1684 2785 1694 —
2835 1652 3073 1726 scripsit
3121 1651 3430 1724 epistolam
3486 1653 3554 1708 ad
3609 1651 3810 1706 Fabium

2197 1745 2566 1801 Antiochena
2590 1742 2856 1800 Ecclesiae
2873 1743 3239 1816 episcopum.
3260 1764 3288 1792 ››
3307 1747 3447 1798 Rem
3467 1740 3750 1796 conficitV.
3765 1739 3810 1794 C.

2205 1834 2427 1906 aliquot
2456 1832 2745 1904 ejusmodi
2786 1831 3151 1888 locutionum
3181 1829 3465 1903 exemplis
3510 1830 3566 1884 in
3597 1829 3814 1884 medium

2205 1923 2496 1980 adductis.
2528 1922 2818 1996 Epistulas,
2852 1920 3063 1992 inquit,
3105 1924 3163 1975 et
3193 1921 3268 1976 de
3298 1937 3416 1974 una
3451 1917 3682 1990 epistola
3704 1916 3816 1984 dici,

2206 2013 2580 2068 observatum
2603 2010 2787 2066 doctis
2807 2008 3249 2080 Scripturarum
3273 2005 3676 2079 interpretibus
3693 2005 3752 2060 ad
3767 2003 3818 2059 li-

2207 2102 2344 2157 bros
2377 2100 2893 2156 Macchabaeorum.
2947 2098 3040 2154 Sic
3088 2103 3335 2154 sanctus
3381 2092 3817 2169 Polycarpus,al-

2208 2189 2455 2262 loquens
2486 2187 2909 2260 Philippenses,
2943 2187 3026 2242 ait
3053 2201 3122 2241 ex
3152 2192 3350 2241 vetere
3377 2184 3816 2256 interprete(19):

2211 2304 2239 2332 ‹‹
2271 2285 2469 2352 Neque
2498 2295 2625 2352 ego,
2658 2294 2846 2350 neque
2876 2275 3092 2332 similis
3123 2275 3280 2331 alius
3314 2276 3450 2340 mei,
3472 2273 3665 2346 poterit
3685 2270 3818 2341 sequi

2210 2370 2555 2443 sapientiam
2608 2368 2759 2424 beati
2808 2371 2866 2422 et
2914 2365 3152 2438 gloriosi
3202 2364 3391 2434 Pauli,
3423 2395 3490 2406 —
3527 2362 3698 2435 quiet
3737 2360 3818 2415 ab-

2211 2477 2346 2516 sens
2377 2458 2612 2530 scripsit
2654 2455 2820 2512 vobis
2868 2454 3196 2528 Epistolas:
3225 2477 3254 2505 »
3309 2453 3368 2514 ὃς
3415 2451 3502 2506 καὶ
3550 2450 3685 2505 ἀπὼν
3715 2448 3816 2519 ὑμῖν

2211 2544 2438 2622 ἔγραψεν
2473 2542 2783 2605 ἐπιστολάς.
2834 2547 3130 2609 Attamen,
3161 2560 3233 2599 ex
3279 2543 3480 2599 eodem
3527 2541 3817 2611 interprete,

2211 2642 2451 2694 sanctus
2485 2635 2578 2690 ille
2614 2633 2989 2707 Smyrnensis
3032 2632 3286 2688 antistes
3318 2630 3489 2703 paulo
3531 2635 3651 2702 post
3679 2626 3820 2682 unius

2209 2731 2442 2782 tantum
2477 2724 2728 2780 Paulinae
2761 2722 3243 2795 Philippensibus
3278 2720 3563 2792 inscriptae
3593 2713 3819 2788 Epistola

2211 2815 2553 2873 meminisse
2601 2813 2978 2884 comperitur.
3040 2813 3147 2880 Qui
3189 2813 3343 2875 estis,
3401 2807 3588 2880 inquit
3637 2805 3734 2875 (20)
3775 2802 3820 2856 in

2211 2901 2496 2977 principio
2529 2899 2787 2973 epistolae
2808 2900 2957 2970 ejus.
2991 2898 3163 2954 Aliud
3198 2901 3410 2969 praesto
3432 2900 3519 2951 est
3538 2890 3823 2964 exemplum

2211 3009 2281 3049 ex
2307 2992 2434 3065 ipso
2466 2989 2735 3059 Eusebio,
2767 2990 2938 3059 cujus
2965 2987 3087 3044 haec
3114 2988 3297 3043 verba
3337 2986 3486 3059 (2t):
3521 2977 3821 3053 Μνημονεύει

2209 3081 2357 3156 γὲτοι
2412 3078 2501 3134 καὶ
2560 3077 2718 3139 αὐτὸς
2760 3078 2788 3132 ὁ
2837 3073 3185 3151 Ἀλέξανδρος
3245 3073 3297 3129 ἐν
3356 3071 3513 3133 ἰδίαις
3557 3065 3824 3125 ἐπιστολαῖς

2211 3174 2333 3231 ταῖς
2382 3169 2518 3245 πρὸς
2567 3165 2921 3228 Ἀντινοείτας
2971 3165 3046 3227 εἰς
3102 3160 3178 3219 ἔτι
3232 3168 3324 3218 νῦν
3371 3162 3496 3238 παρ’
3532 3163 3657 3232 ἡμῖν
3685 3161 3825 3245 σωζοξ

2221 3243 2434 3332 μέναις-
2465 3264 2565 3327 τῆς
2624 3255 2925 3332 Ναρκίσσου
2984 3253 3075 3308 σὺν
3151 3251 3304 3324 αὐτῷ
3353 3247 3630 3324 προεδρίας
3660 3291 3673 3317 ,
3719 3243 3827 3298 κατὰ

2217 3351 2384 3402 ταῦτα
2432 3345 2574 3419 λὲξιν
2622 3345 2700 3400 ἔτι
2750 3343 2897 3400 τελεῖ
2941 3341 3161 3421 γράφων
3213 3349 3316 3412 τῆς
3359 3339 3523 3409 αὐτῆς
3553 3333 3824 3400 ἐπιστολῆς.

2289 3442 2422 3504 Quae
2447 3438 2683 3510 quidem
2702 3441 2941 3492 sanctus
2957 3435 3348 3506 Hieronymus
3370 3430 3568 3504 paucis
3587 3423 3828 3497 complec-

2218 3534 2348 3584 tens
2379 3529 2462 3584 sic
2493 3527 2683 3582 reddit
2727 3527 2881 3595 (22):
2916 3548 2943 3574 «
2989 3523 3092 3578 Hic
3117 3521 3491 3592 (Alexander)
3532 3520 3588 3574 in
3622 3517 3722 3572 {ine
3747 3529 3824 3568 cu-

2211 3618 2453 3689 jusdam
2485 3614 2764 3688 epistolae,
2798 3630 2974 3685 quam
3003 3611 3208 3667 scribit
3238 3613 3312 3667 ad
3342 3608 3658 3665 Antinoitas
3683 3616 3828 3674 super

2220 3725 2360 3781 pace
2388 3705 2675 3772 Ecclesiae,
2701 3709 2809 3760 etc.
2849 3725 2876 3753 ››
2908 3701 3222 3771 Nimirum,
3247 3705 3316 3757 ut
3337 3699 3439 3756 viri
3460 3695 3657 3754 eruditi
3685 3691 3827 3748 verba

2221 3812 2500 3868 usurpem
2534 3795 2669 3867 (23),
2702 3790 2990 3863 frequenti
3022 3790 3176 3862 apud
3199 3806 3377 3848 onne
3396 3803 3576 3862 genus
3603 3786 3826 3868 auctores

2221 3903 2333 3942 usu
2364 3865 2550 3951 venit,
2574 3883 2727 3954 quod
2763 3882 2834 3936 de
2886 3879 3173 3952 singulari
3225 3877 3491 3950 epistola,
3531 3871 3754 3943 dialogo,
3775 3865 3830 3920 li-

2222 3976 2438 4046 broque
2471 3975 2794 4046 loquentes,
2819 3971 3173 4042 quandoque
3199 3967 3413 4040 plurali
3436 3977 3666 4022 numero
3693 3963 3829 4014 utau-

2206 4069 2338 4122 stur.

2294 4154 2389 4210 III.
2423 4153 2502 4208 Ad
2533 4152 2656 4207 haec
2683 4150 2744 4206 in
2776 4148 2950 4206 allato
2975 4151 3133 4204 textu
3170 4145 3501 4203 Eusebiano
3544 4155 3668 4198 cum
3695 4134 3829 4192 docto

2224 4244 2354 4315 ejus
2410 4242 2723 4314 interprete
2770 4237 3196 4294 observandum
3247 4233 3515 4300 occurrit,
3533 4225 3829 4286 historicum

2226 4331 2640 4390 Caesariensem
2684 4333 2804 4386 tres
2853 4328 3133 4384 duntaxat
3179 4324 3430 4382 Cornelii
3473 4315 3726 4394 epistolas
3759 4324 3826 4366 re-

2228 4437 2465 4479 censere
2489 4437 2502 4475 :
2527 4419 2778 4493 primam
2801 4418 2872 4474 ad
2898 4415 3166 4486 Fabium,
3186 4412 3625 4471 Antiochensem
3651 4402 3831 4493 episto-

459 4515 675 4573 litteris
727 4490 1104 4589 consignasse
1156 4490 1708 4574 sanctus-Pontifex
1758 4516 2117 4588 perhibetur,
2150 4526 2200 4591 D
2230 4528 2394 4585 pum,
2425 4511 2496 4566 de
2527 4490 2797 4566 Homana
2844 4506 3089 4580 synodo,
3137 4505 3331 4576 deque
3381 4501 3553 4592 Italizs
3593 4502 3646 4554 et
3669 4490 3834 4592 Africa

464 4620 719 4678 quorum
747 4587 946 4661 tamen
981 4621 1114 4677 pars
1162 4606 1422 4662 maxima
1471 4606 1692 4662 interiit
1723 4587 1856 4677 (15).
1911 4610 1988 4660 De
2027 4604 2122 4660 his
2150 4587 2187 4591 —
2232 4601 2640 4674 episcoporum
2673 4611 3001 4654 consensu:
3045 4593 3366 4651 secundam
3397 4592 3467 4647 de
3511 4587 3832 4678 decretissy-

465 4695 550 4750 ita
579 4693 864 4749 Eusebius
893 4694 1042 4766 (16):
1072 4691 1276 4756 Ἦλθον
1319 4690 1367 4748 δ’
1413 4691 1504 4748 οὖν
1537 4693 1612 4756 εἷς
1657 4695 1804 4766 ἡμᾶς
1838 4691 2123 4748 ἐπιστολαὶ

467 4779 779 4858 Κορνηλίου
825 4781 1111 4854 Ῥωμαίων
1161 4784 1314 4840 683
1365 4781 1661 4838 ἐπισκόπου
1707 4782 1843 4858 πρὸς
1890 4783 1981 4837 τὸν
2023 4789 2125 4852 τῆς

469 4869 798 4947 ’Δντιοχέων
839 4869 1166 4941 Ἐκκλησίας
1217 4866 1443 4928 Φάϐιον.
1477 4904 1544 4914 -
1572 4869 1800 4933 Ταύταις
1845 4867 1991 4942 ἄλλη
2041 4892 2124 4934 τις

543 5055 656 5127 (12)
687 5053 1014 5127 Tillemont.
1059 5053 1312 5109 Mdmoir.
1364 5067 1461 5107 sur
1505 5052 1560 5107 S.
1612 5049 1903 5120 Corneille,
1950 5056 1994 5108 t.
2029 5053 2126 5122 IIl,

474 5125 582 5183 art.
619 5129 708 5191 13,
741 5142 873 5198 pag.
901 5125 1026 5198 351.

547 5198 660 5270 (13)
689 5195 956 5270 Cyprian,
987 5195 1027 5251 l.
1061 5212 1110 5270 ο.
1144 5211 1202 5270 n.
1237 5195 1323 5270 19Σ

482 5267 661 5398 12(311:)
693 5267 996 5325 Constant.
1054 5269 1226 5340 Epist.
1299 5267 1585 5322 Romanor.
1657 5268 1935 5338 Ponti/ia,
1993 5283 2127 5340 pag.

552 5383 663 5483 (J15)
700 5415 824 5466 llaec
854 5415 911 5467 et
941 5427 1067 5483 quae
1098 5413 1427 5482 sequuntur
1456 5425 1524 5464 ex
1572 5409 1835 5466 Galland.
1868 5411 2128 5483 Biblioth.

480 5482 805 5545 καιναί.
846 5482 972 5540 PP."
1006 5489 1048 5540 t.
1105 5483 1199 5550 Ill,
1250 5483 1462 5554 Prolog,
1510 5483 1686 5554 p.35,
1736 5499 1864 5555 cap.
1895 5499 1994 5553 vu,
2027 5482 2134 5538 de-

480 5562 818 5613 sumuntur.

479 5573 818 5618 sumuntur.

551 5630 670 5708 (16)
692 5629 904 5690 Euseb.
939 5629 1009 5688 II.
1042 5629 1104 5688 E.
1136 5626 1238 5686 lib.
1261 5643 1352 5701 vi,
1385 5641 1513 5699 cap.
1545 5624 1634 5683 48.

2235 4667 2373 4747 nodi
2399 4707 2410 4745 :
2436 4667 2677 4745 tertiam
2699 4689 2771 4742 de
2797 4684 3158 4742 facinoribus
3181 4679 3484 4740 Novatiani
3507 4677 3575 4735 ad
3603 4667 3832 4730 eumdem

2235 4779 2480 4836 Fabium
2509 4776 2888 4833 Antiochense
2927 4774 3092 4830 urbis
3121 4772 3463 4845 episcopum
3487 4785 3501 4835 ;
3548 4781 3612 4821 ex
3638 4774 3739 4833 qua
3760 4754 3832 4845 lu-

2235 4867 2708 4926 culentissimum
2738 4867 3071 4936 excerptum
3103 4861 3274 4918 nobis
3303 4855 3582 4916 Eusebius
3608 4845 3830 4908 servavit.

2335 5051 2420 5121 17)
2449 5047 2691 5121 Coteler.
2719 5045 2790 5100 ad
2822 5043 3242 5121 οορεβηζξρίξι.
3273 5041 3332 5097 S.
3366 5031 3667 5121 Polycarpi.

2335 5051 2420 5121 17)
2449 5051 2691 5106 Coteler.
2719 5051 2790 5100 ad
2822 5060 2950 5117 cap.
2982 5051 3037 5111 3,
3069 5051 3242 5114 Epist.
3273 5051 3332 5097 ὃ.
3366 5051 3537 5110 Palyc:

2309 5051 2421 5198 ξιξ)
2455 5120 2786 5198 Hieronymi.
2817 5117 2882 5198 de
2913 5116 3008 5198 _Vir
3035 5115 3267 5198 ςιςηξιττ,
3292 5129 3418 5183 cap.

2310 5178 2421 5265 (19)
2455 5178 2749 5265 Polycafp.
2781 5189 2957 5265 epist.
2984 5187 3053 5243 ad
3083 5178 3505 5257 Philippa—cap.
3534 5178 3584 5232 3.

2331 5260 2422 5319 20)
2451 5264 2534 5319 Id.
2556 5260 2710 5318 ibid;
2739 5260 2867 5319 can.
2903 5260 2988 5315 11.

2333 5326 2425 5401 21)
2460 5335 2664 5391 Euseb.
2700 5334 2764 5389 H.
2798 5326 2860 5388 E.
2892 5331 2993 5388 lib.
3027 5347 3104 5401 v1,
3136 5345 3261 5401 cap.
3294 5326 3379 5381 11.

2335 5375 2425 5476 Ξέέ
2459 5375 3008 5480 ἦῖἕῖἕιίγξίξιίίνέἱς
3034 5375 3396 5480 asia}.
3425 5395 3586 5480 βελλ

2243 5455 2426 5610 ΜΞ)ἒῆ
2458 5455 2696 5537 signa"
2713 5455 2898 5536 sani.
2919 5455 3007 5534 'a'a
3038 5455 3449 5545 ’ἑῙΡοινοᾶν-ρί
3489 5455 3693 5537 ερίειοι.
3721 5459 3831 5525 pag.
