4102 6172
208 312 318 373 ’105
1606 305 1896 369 PROLEC

2013 302 2222 368 lENA.
3494 318 3616 379 706

206 447 271 499 At
304 443 690 516 Hieronymus
724 445 976 515 quatuor
1014 448 1321 500 enumerat
1350 444 1463 517 (24)
1498 460 1511 498 :
1550 463 1580 493 ‹‹
1637 448 1845 497 Corne-
1876 443 1933 508 Α
1962 458 2102 496 num
2134 440 2428 513 leguntur,
2463 440 2731 499 videlicet
2770 442 2838 499 46
2870 449 2923 501 et
2981 444 3070 517 48,
3120 450 3338 504 caeteras
3393 450 3613 521 pariter

209 531 337 599 lius,
374 532 581 604 inquit,
634 532 905 589 Romanas
966 534 1130 589 urbis
1180 534 1510 607 episcopus,
1567 532 1637 587 ad
1684 548 1857 603 quem
1974 529 2290 602 perierunt.

213 627 335 678 octo
365 621 634 694 Cypriani
668 626 898 678 exstant
953 623 1215 695 epistolae
1275 624 1512 696 scripsit
1555 622 1861 694 epistolam
2041 621 2158 675 Sub
2189 621 2704 692 ejusdemnomine
2726 624 3469 701 circumferunturinsuper
3491 631 3620 686 duae

214 714 281 768 ad
314 711 557 766 Fabium
592 712 963 767 Antiochense
994 713 1263 769 Ecclesia
1296 715 1634 785 episcopum
1668 712 1738 767 de
1767 727 1860 781 sy-
1972 710 2318 779 Decretales,
2354 713 2425 767 ab
2456 712 2675 768 Isidoro
2708 714 3020 772 Mercatore
3043 719 3355 789 productas,
3380 724 3437 774 et
3463 720 3619 792 apud

215 801 361 857 nodo
387 801 665 868 Romana,
701 801 920 873 Italica,
942 802 1206 858 Africana
1239 820 1252 870 ;
1286 807 1342 858 et
1370 802 1540 857 aliam
1574 802 1645 856 de
1675 801 1861 856 Nova-
1973 799 2265 855 Labbeum
2303 802 2411 871 (22)
2444 809 2499 856 et
2530 802 2820 859 Mansium
2853 804 2965 875 (29)
3024 805 3238 863 relatae.
3286 809 3505 864 Harum
3538 810 3618 865 al-

1970 892 2094 943 tera
2126 890 2197 944 ad
2213 890 2363 945 685
2394 891 2724 946 universam
2740 893 3053 950 Ecclesiam
3088 896 3622 971 dirigitur,agitque

1972 977 2043 1033 de
2073 977 2457 1034 translatione
2482 980 2578 1034 SS.
2613 980 2765 1035 Petri
2798 988 2852 1037 et
2900 983 3083 1051 Pauli,
3132 990 3416 1057 tanquam
3457 989 3528 1043 ab
3558 1005 3624 1043 eo

1971 1066 2144 1132 facta,
2186 1083 2251 1122 ac
2283 1067 2352 1121 de
2384 1067 2724 1138 Novatiano,
2777 1070 3342 1143 aliisqueghaereticis
3374 1094 3388 1145 ;
3423 1078 3624 1148 altera,

1974 1155 2122 1211 Rufo
2152 1155 2239 1212 vel
2277 1157 2514 1213 Rustico
2545 1160 2814 1231 episcopo
2846 1160 3124 1217 Orientali
3155 1163 3458 1238 inscripta,
3486 1172 3633 1239 trac,

1972 1248 2057 1300 tat
2088 1245 2157 1300 de
2179 1251 2564 1314 sacramento,
2622 1248 2741 1304 sive
2798 1250 3175 1322 jurejurando
3224 1256 3629 1328 episGOporum

1973 1340 2029 1390 et
2059 1351 2259 1390 eorum
2296 1334 2511 1391 causis.
2547 1336 2800 1409 Utraque
2831 1339 2902 1393 ab
2933 1341 3199 1413 eruditis,
3262 1347 3319 1398 et
3375 1346 3447 1401 ab
3499 1348 3628 1418 ipso

1974 1423 2151 1479 etiam
2186 1424 2417 1479 Labbeo
2448 1424 2606 1480 velut
2635 1426 2836 1498 spuria
2859 1429 3139 1500 rejicitur,
3172 1449 3457 1506 suamque
3480 1436 3633 1508 ipsa-

214 1519 456 1574 Fabium
486 1517 935 1573 Antiochensem
969 1518 1327 1574 mentionem
1386 1518 1605 1590 injecit,
1665 1516 1864 1574 statim
1976 1517 2094 1568 met
2126 1512 2439 1569 falsitatem
2496 1531 2596 1586 per
2661 1517 2943 1588 ascriptos
3002 1520 3343 1578 consulatus
3403 1526 3631 1596 prohat.

213 1609 413 1664 subdit
441 1624 454 1662 :
490 1629 518 1657 ‹‹
552 1606 693 1662 Alia:
725 1616 998 1679 praeterea
1020 1607 1201 1663 latino
1234 1625 1499 1664 sermone
1524 1607 1865 1678 conscriptis
1976 1602 2136 1657 Prior
2164 1602 2321 1657 enim
2358 1624 2385 1653 «
2416 1604 2553 1659 data
2583 1606 2833 1676 septimo
2873 1607 3035 1675 (alibi
3076 1612 3294 1683 octavo)
3326 1612 3461 1668 idus
3492 1631 3630 1686 sep-

214 1702 447 1756 exstant
473 1696 728 1770 epistolae
769 1696 1042 1770 Cypriani
1098 1702 1154 1753 et
1209 1698 1458 1753 aliorum
1510 1697 1863 1763 antistitum,
1973 1691 2239 1757 tembris,
2277 1691 2441 1747 Decio
2473 1697 2530 1747 et
2559 1693 2830 1762 Maximo,
2855 1696 2995 1751 viris
3028 1697 3392 1769 clarissimis,
3418 1718 3634 1758 consu-

212 1788 309 1861 qui
342 1804 477 1844 cum
506 1787 709 1859 ipsoin
739 1786 1275 1860 Africacongregati
1307 1791 1474 1842 erant
1505 1806 1516 1842 :
1551 1805 1618 1843 ex
1648 1786 1866 1858 quibus
1898 1817 1946 1882 B
1978 1780 2134 1837 libus
2169 1798 2182 1849 ;
2209 1802 2236 1829 »
2268 1781 2555 1853 posterior
2579 1804 2607 1833 ‹‹
2639 1784 2949 1841 undecimo
2982 1786 3453 1861 kalendasjunii,
3487 1813 3511 1843 η
3537 1791 3636 1850 iis-

214 1876 530 1949 colligitur,
563 1875 707 1947 ipsis
732 1875 907 1931 etiam
940 1876 1250 1948 placuisse,
1275 1881 1339 1932 ut
1370 1875 1866 1933 subvenireturiis
1899 1869 1944 1882 ”
1976 1870 2107 1925 dem
2140 1869 2483 1925 consulibus
2515 1870 2745 1944 signata
2767 1878 2855 1929 est
2880 1892 2893 1943 ;
2918 1892 3168 1947 quorum
3196 1878 3469 1935 ultimum
3486 1898 3632 1937 non-

216 1965 320 2038 qui
348 1966 407 2020 in
439 1964 819 2021 tentationem
850 1964 1204 2034 inciderunt,
1238 1969 1418 2037 utque
1460 1968 1661 2021 auctor
1708 1964 1866 2019 nefa-
1977 1958 2091 2014 nisi
2123 1976 2274 2015 anno
2301 1960 2407 2015 253
2440 1978 2454 2028 ;
2488 1960 2545 2015 id
2582 1967 2670 2017 est
2695 1964 2949 2020 secundo
2980 1971 3113 2037 post
3144 1969 3292 2023 Decii
3324 1967 3629 2026 interitum

216 2056 315 2111 riae
346 2054 642 2126 opinionis
674 2052 849 2109 simul
881 2071 1014 2109 cum
1055 2054 1147 2121 iis,
1194 2054 1293 2126 qui
1353 2054 1423 2109 ad
1458 2058 1652 2127 partes
1682 2053 1870 2126 ipsius
1980 2064 2153 2114 anno,
2186 2054 2242 2104 et
2264 2048 2487 2120 aliquot
2515 2056 2646 2122 post
2676 2052 2732 2107 S.
2794 2053 3042 2109 Cornelii
3088 2058 3431 2130 martyrium
3468 2076 3631 2115 men-

216 2144 605 2211 desciverant,
639 2143 712 2199 ab
741 2142 1007 2198 Ecclesia:
1047 2142 1341 2198 catholicae
1399 2143 1689 2199 consortio
1750 2157 1869 2196 me-
1980 2137 2147 2193 sibus
2177 2139 2547 2194 consulatum
2579 2139 2781 2198 iniisse
2812 2158 2842 2197 e
2873 2144 3037 2199 fastis
3095 2151 3342 2202 constat.
3393 2148 3452 2203 Si
3502 2148 3635 2220 quis

218 2236 331 2291 rito
360 2234 751 2289 abdicaretur.
784 2254 812 2282 »
849 2232 1074 2299 Quibus
1097 2232 1291 2287 relatis
1314 2233 1634 2288 secundam
1652 2247 1875 2286 memo-
1981 2226 2119 2283 velit
2149 2244 2250 2300 per
2280 2250 2309 2278 (ι
2339 2227 2656 2284 Maximum
2701 2254 2722 2279 ι
2788 2231 2866 2286 ibi
2902 2233 3195 2305 designari
3229 2258 3254 2285 ‹‹
3302 2236 3568 2304 Gratum,
3608 2260 3628 2287 ι

219 2328 314 2380 rat
343 2322 593 2379 Cornelii
626 2321 935 2394 epistolam
969 2321 1040 2376 de
1064 2321 1178 2387 his,
1214 2338 1337 2394 quae
1367 2320 1427 2376 in
1487 2321 1729 2394 synodo,
1761 2321 1875 2375 Ro-
1986 2316 2077 2372 cui
2108 2315 2165 2370 id
2197 2332 2405 2372 nomen
2439 2317 2615 2372 etiam
2634 2318 2813 2375 fuisse
2844 2319 3077 2392 legitur,
3111 2323 3258 2379 nihil
3290 2330 3487 2381 tamen
3511 2326 3635 2380 effi-

222 2430 406 2470 mana
436 2411 679 2476 scilicet,
702 2412 935 2466 decreta
956 2410 1214 2465 fuerunt.
1238 2410 1423 2475 Quam
1455 2427 1591 2482 ergo
1623 2409 1879 2465 secundo
1988 2406 2121 2476 ciet,
2154 2422 2287 2461 cum
2311 2405 2489 2477 hujus
2522 2406 2862 2463 consulatus
2895 2411 2964 2464 ad
3000 2428 3219 2467 annum
3250 2413 3356 2467 250
3395 2418 3635 2486 spectet,

220 2504 350 2559 loco
371 2502 578 2557 laudat
606 2499 916 2572 epistolam
947 2498 1006 2555 S.
1037 2499 1445 2572 Hieronymus,
1494 2516 1611 2555 non
1665 2500 1883 2555 Corne-
1992 2511 2107 2567 quo
2138 2492 2439 2550 Cornelius
2474 2496 2736 2551 nondum
2782 2498 3036 2569 pontifex
3065 2501 3370 2557 ordinatus
3428 2502 3636 2560 fuerat.

220 2592 325 2663 lio,
359 2592 464 2648 sed
487 2589 769 2663 Cypriane
792 2588 1159 2645 ascribenda.
1201 2590 1398 2662 Neque
1428 2590 1603 2645 etiam
1636 2589 1884 2644 Ruﬁnus
1994 2584 2166 2640 Plura
2197 2583 2519 2640 manifestae
2551 2586 2973 2657 suppositionis
3005 2588 3222 2645 indicia
3251 2592 3491 2648 adducit
3520 2591 3638 2647 Na-

226 2681 465 2738 Eusebii
498 2680 671 2736 verba
714 2680 893 2751 probe
924 2679 1217 2751 accepisse
1264 2680 1656 2750 comperitur:
1695 2678 1884 2750 siqui-
1995 2673 2130 2729 talis
2158 2673 2479 2729 Alexander
2507 2675 2640 2746 (30),
2673 2675 2825 2732 inter
2871 2693 2999 2749 quae
3037 2679 3295 2749 primum
3327 2681 3639 2753 Scriptum

227 2772 364 2827 dem
395 2787 523 2843 quae
554 2769 912 2826 Cesariensis
945 2768 1256 2841 episcopus
1288 2771 1360 2824 de
1389 2769 1646 2825 secunda
1671 2770 1887 2824 Corne-
1997 2778 2175 2817 sacra:
2197 2761 2522 2816 secundum
2565 2763 2893 2819 versionem
2942 2765 3252 2837 Vulgatam
3312 2767 3508 2824 citatio
3544 2788 3557 2839 ;
3591 2773 3651 2825 et

226 2860 295 2916 lii
326 2859 576 2932 epistola
603 2857 805 2924 tradit,
847 2858 1274 2930 interpretatur
1318 2857 1568 2929 ipsemet
1598 2858 1669 2913 de
1700 2857 1892 2930 prima
2000 2850 2300 2907 sententia:
2332 2866 2398 2905 ex
2428 2850 2587 2906 Actis
2619 2851 2848 2906 concilii
2879 2854 3375 2928 Carthaginensis,
3427 2875 3493 2913 ex
3525 2858 3646 2929 epi-

237 2949 415 3005 Fahio
449 2946 819 3003 Antiochensi
841 2947 1111 3019 episcopo
1134 2946 1433 3019 inscripta.
2000 2940 2150 2998 stola
2178 2940 2246 2995 de
2274 2938 2407 2995 Vita
2426 2939 2792 3010 clericorum,
2825 2959 2889 2996 ac
2929 2942 3221 2998 Oceanum
3275 2946 3386 3000 sub
3418 2948 3654 3002 nomine

213 891 387 959 tiano,
422 895 481 946 et
510 891 580 946 de
610 890 704 945 his
762 891 861 963 qui
893 891 1041 963 lapsi
1073 896 1214 948 sunt
1246 911 1258 960 ;
1292 892 1446 949 084
1503 891 1733 947 tertiam
1792 890 1863 946 de

212 982 386 1054 gestis
418 982 622 1053 synodi
658 999 672 1049 ;
707 986 979 1053 quartam
1012 984 1083 1039 ad
1113 984 1384 1040 eumdem
1419 983 1662 1039 Fabium
1697 981 1864 1038 valde

210 1070 512 1144 prolixam,
545 1075 604 1127 et
658 1071 989 1128 Novatiano's
1028 1073 1315 1129 haereseos
1344 1089 1553 1129 causas
1610 1077 1668 1128 et
1723 1088 1863 1127 ana-

209 1160 405 1215 thema
434 1159 850 1216 continentem.
888 1183 915 1211 »
948 1164 1163 1219 Verum
1200 1161 1356 1217 aliud
1416 1161 1606 1234 egisse
1634 1161 1865 1216 videtur

211 1252 407 1305 doctor
440 1249 750 1317 maximus,
784 1250 925 1305 dum
951 1250 1139 1305 locum
1162 1250 1556 1306 Eusebianum
1588 1247 1862 1321 inspexit,

212 1344 274 1395 ut
303 1344 441 1411 post
495 1338 796 1394 Valesium
844 1340 1092 1395 advertit
1138 1339 1457 1397 Cotelerius
1487 1340 1621 1410 (25).
1682 1339 1864 1394 Euse-

212 1430 343 1485 hius
365 1428 548 1494 enim,
584 1432 897 1500 postquam
936 1428 1136 1501 primae
1187 1428 1430 1485 Cornelii
1481 1427 1735 1500 epistolae
1794 1428 1863 1483 ad

317 3037 411 3093 IV.
450 3040 659 3092 Verum
710 3034 857 3090 illud
903 3035 1098 3107 potius
1141 3040 1343 3092 nostra
1388 3037 1650 3103 interest,
1704 3034 1896 3107 inquit
2002 3031 2059 3087 S.
2094 3029 2449 3101 Hieronymi,
2483 3046 2551 3084 ex
2572 3030 2815 3086 concilio
2846 3032 3106 3088 Romano
3159 3050 3211 3103 v,
3245 3034 3356 3089 sub
3386 3035 3654 3109 Symma-

251 3126 629 3183 doctissimus
660 3123 1001 3180 Gallandius
1023 3126 1155 3197 (26),
1190 3142 1323 3181 cum
1374 3125 1542 3180 docto
1567 3125 1895 3180 Eusebiano
1932 3184 1967 3197 Α
2007 3120 2136 3189 cho,
2168 3136 2237 3174 ex
2259 3124 2459 3175 sancto
2492 3120 2819 3185 Ambrosio,
2880 3120 3138 3192 Epistola
3184 3123 3273 3191 20,
3336 3128 3393 3180 et
3421 3123 3657 3181 aliunde

253 3217 566 3288 interprete
598 3215 911 3279 advertere,
936 3230 1003 3269 ex
1049 3212 1311 3285 epistolis
1368 3213 1612 3269 Cornelii
1646 3214 1894 3287 primam

2013 3213 2342 3282 corrogata.

259 3322 321 3360 ac
346 3305 579 3361 tertiam
610 3304 791 3359 fuisse
821 3320 854 3358 a
892 3308 1097 3359 sancto
1127 3302 1225 3358 illo
1257 3303 1528 3375 pontifice
1558 3320 1744 3376 graeco
1778 3319 1900 3359 ser-
2080 3300 2456 3357 Constantius
2475 3304 2670 3357 noster
2700 3300 2756 3355 in
2771 3302 3046 3374 Epistolis
3060 3321 3428 3360 summorum
3453 3305 3652 3361 Ponti-

260 3410 427 3450 mone
457 3393 831 3466 perscriptas.
864 3411 886 3441 ι
924 3392 1069 3447 Cum
1128 3392 1305 3460 enim,
1369 3393 1557 3463 inquit
1611 3392 1900 3462 Valesius,
2010 3391 2211 3457 ficum,
2243 3390 2352 3446 col.
2384 3391 2475 3457 26,
2516 3400 2789 3462 praeterea
2840 3393 3109 3448 observat
3186 3394 3482 3450 decretum
3542 3411 3658 3467 quo

260 3482 538 3539 Eusebius
570 3498 637 3537 ex
668 3482 840 3536 tertia
876 3480 1124 3552 epistola
1175 3481 1429 3553 plurima
1458 3483 1709 3538 adducat
1738 3482 1901 3538 testi-
2011 3480 2295 3537 statuitur
2317 3484 2381 3535 ut
2403 3481 2810 3550 juramentum
2834 3498 2866 3536 a
2887 3482 3112 3552 jejunis
3145 3488 3472 3553 praestetur,
3504 3488 3561 3541 et
3593 3500 3664 3539 ne

261 3572 465 3637 monia,
491 3587 789 3642 nusquam
819 3570 961 3625 dicit
981 3586 1049 3626 ea
1078 3586 1145 3625 ex
1169 3570 1348 3626 latino
1376 3588 1645 3627 sermone
1666 3572 1725 3627 in
1757 3588 1901 3645 grano

264 3677 387 3715 cum
415 3661 598 3715 fuisse
626 3659 1111 3730 translatazquod
1129 3664 1325 3715 tamen
1363 3665 1640 3732 perpetuo
1671 3678 1904 3716 monere

264 3749 567 3817 consuevit,
601 3748 830 3821 quoties
860 3748 1025 3804 latini
1056 3749 1357 3820 scriptoris
1386 3749 1790 3805 testimonium
1824 3749 1902 3805 ci-

262 3842 379 3894 tat:
411 3837 657 3909 exempli
693 3838 900 3910 gratia,
956 3854 1091 3893 cum
1138 3836 1297 3893 locos
1329 3839 1547 3909 profert
1586 3855 1654 3894 ex
1683 3837 1909 3894 Tertul-

260 3925 818 4000 lianiApologetico;
852 3931 953 3982 aut
981 3943 1112 3982 cum
1171 3927 1448 3998 epistolas
1506 3928 1905 3983 Romanorum

264 4016 611 4089 principum.
648 4037 675 4065 »
708 4016 926 4071 Deinde
966 4015 1252 4071 Eusebius
1302 4016 1426 4087 ipse
1473 4016 1603 4073 heic
1650 4017 1793 4073 satis
1826 4018 1909 4072 in-

264 4106 406 4172 nuit,
436 4106 689 4178 primam
740 4104 906 4161 illam
928 4104 1178 4161 Cornelii
1220 4105 1288 4160 ad
1326 4105 1565 4160 Fabium
1596 4106 1905 4177 epistolam

258 4194 536 4267 scriptam
571 4195 752 4250 fuisse
772 4210 958 4266 gnsco
988 4210 1276 4250 sermone.
1301 4198 1613 4265 Postquam
1648 4196 1803 4251 enim
1836 4196 1908 4252 de

256 4282 362 4338 illa
388 4282 1059 4352 commemoravit,addit
1081 4284 1455 4353 conjunctam
1473 4284 1522 4338 ei
1538 4284 1719 4340 fuisse
1732 4284 1907 4340 aliam

259 4370 440 4427 latino
470 4388 738 4427 sermone
769 4372 1047 4443 scriptam
1073 4371 1381 4443 epistolam
1415 4374 1720 4445 Cypriani:
1754 4375 1907 4446 quod

262 4459 491 4531 quidem
523 4478 638 4516 non
673 4462 932 4526 adderet,
958 4461 1068 4515 nisi
1092 4460 1339 4516 Cornelii
1371 4461 1616 4533 epistola
1633 4464 1909 4535 superius

2013 3568 2177 3641 pueri
2200 3574 2334 3624 ante
2365 3586 2584 3625 annum
2617 3570 2802 3624 astatis
2848 3572 2911 3624 14
2943 3572 3146 3641 jurare
3176 3577 3479 3645 cogantur,
3510 3574 3662 3643 quod

2012 3662 2202 3715 exstat
2234 3659 2291 3713 in
2326 3658 2738 3730 eompilatione
2757 3659 3039 3728 Gratiani,
3064 3663 3155 3731 22,
3188 3667 3390 3733 quast.
3413 3663 3536 3733 5,c.
3572 3664 3661 3719 16.

2014 3749 2086 3804 ab
2119 3749 2288 3803 Ivone
2317 3752 2375 3802 et
2406 3748 2756 3816 Burchardo,
2792 3754 2992 3805 sancto
3023 3752 3287 3822 pontiﬁci
3336 3756 3536 3809 nostro
3563 3769 3664 3825 pa-

2015 3837 2154 3892 riter
2184 3854 2487 3909 perperam
2502 3837 2845 3909 ascriptum.

2086 3926 2495 3982 Commentitia
2513 3927 2690 3983 etiam
2724 3933 2877 3985 certe
2898 3928 3111 3986 estista
3144 3930 3391 4002 epistola
3420 3930 3569 3985 acris
3600 3946 3667 3987 ac

2016 4015 2352 4083 vehemens,
2385 4032 2510 4087 quae
2554 4021 2685 4088 post
2730 4017 3099 4089 Cyprianicas
3154 4019 3215 4073 in
3265 4019 3518 4074 editione
3550 4019 3666 4075 Ve-

2017 4110 2172 4171 neta,
2204 4122 2317 4174 qua
2347 4104 2590 4173 utimur,
2624 4105 2730 4160 col.
2764 4108 2832 4161 30
2858 4112 2888 4172 ξ,
2918 4107 3069 4163 inter
3108 4107 3316 4164 dubias
3366 4108 3666 4174 recitatur,

2015 4194 2173 4250 velut
2204 4211 2237 4249 a
2268 4194 2612 4250 Cornelioad
2631 4195 3067 4267 Cyprianumde
3097 4213 3210 4252 non
3237 4197 3667 4269 rebaptizandis

2018 4282 2303 4339 haereticis
2338 4284 2491 4338 data.
2526 4285 2764 4340 Constat
2794 4286 2950 4340 enim
2999 4285 3151 4341 hanc
3210 4286 3665 4342 controversiam

2019 4373 2128 4427 sub
2160 4372 2419 4427 Cornelio
2452 4372 2732 4443 agitatam
2766 4391 2877 4429 non
2915 4374 3113 4440 fuisse,
3174 4376 3274 4430 sed
3307 4375 3666 4449 Cyprianum

2018 4460 2173 4515 inter
2203 4477 2268 4515 ac
2309 4460 2691 4531 Stephanum,
2729 4462 2886 4517 illius
2920 4468 3050 4533 post
3090 4464 3332 4520 Lucium
3366 4481 3668 4521 successo-

264 4555 578 4607 memorata
604 4550 833 4606 diverso
866 4566 1133 4606 sermone
1154 4550 1370 4621 scripta
1394 4550 1620 4607 fuisset.
1652 4552 1783 4608 Haec
1809 4552 1906 4609 ille
1942 4568 1987 4632 D
2020 4552 2427 4620 rem,primum
2447 4553 2629 4604 ortam
2648 4550 2855 4617 fuisse;
2875 4557 3101 4607 constat
3121 4570 3354 4625 quoque
3375 4569 3669 4609 summam

262 4640 403 4695 satis
431 4640 693 4712 apposite
718 4658 730 4707 ;
755 4656 884 4711 quae
907 4639 1147 4712 quidem
1182 4640 1473 4696 sententia
1493 4641 1910 4697 eruditissimis
2022 4653 2253 4709 semper
2270 4638 2715 4694 consensionem
2731 4638 3059 4696 Cornelium
3075 4642 3228 4699 inter
3243 4649 3299 4699 et
3318 4643 3669 4715 Cyprianum

260 4726 397 4783 viris
426 4728 702 4798 probatur
729 4727 864 4797 (27).

334 4819 397 4870 V.
423 4818 630 4872 Praeter
662 4817 835 4871 hasce
866 4815 1142 4888 epistolas
1180 4832 1366 4888 greco
1399 4832 1668 4872 sermone
1718 4832 1913 4873 exara-

264 4909 373 4975 tas,
405 4906 641 4977 scripsit
669 4906 843 4961 etiam
871 4908 929 4959 8.
964 4903 1263 4961 Cornelius
1317 4904 1541 4977 aliquot
1583 4905 1807 4962 litteras
1839 4907 1911 4962 ad

270 4994 720 5068 S.Cyprianum,
756 4994 909 5050 inter
965 4996 1133 5065 cujus
1190 4994 1466 5066 epistolas
1528 4996 1655 5050 duae
1712 4995 1914 5052 etiam-

353 5228 442 5301 24)
474 5228 805 5301 Hieronym.
838 5226 904 5283 de
926 5228 1036 5301 Vir.
1070 5226 1278 5293 illustr,
1309 5242 1435 5299 cap.
1468 5227 1558 5282 65.

353 5300 445 5371 25)
468 5299 711 5355 Cotelerl
744 5299 852 5355 loc.
885 5300 981 5354 cit.

333 5368 449 5443 (26)
479 5371 744 5426 Galland.
804 5368 1431 5443 Biblioth.iMaxim.HSS
1455 5372 1569 5425 PP.
1605 5373 1749 5427 tom.
1808 5370 1909 5438 III,

275 5441 687 5511 in‘Pr’OIegom"
719 5459 847 5513 cap.
878 5443 933 5512 6,
968 5460 1024 5496 n.
1057 5442 1110 5511 4,
1130 5457 1262 5513 pag.
1288 5441 1378 5495 25.

354 5459 687 5511 Frangam"
719 5459 787 5498 ca
833 5484 847 5497 .
878 5459 933 5512 ο,
968 5460 1024 5496 n.
1057 5459 1110 5511 4,
1130 5459 1262 5513 pag.
1288 5459 1378 5495 zz).

354 5516 448 5585 27)
482 5513 743 5571 Bolland.
774 5459 887 5570 fet.
946 5513 1044 5569 S5.
1095 5512 1443 5586 Septembr._
1465 5515 1614 5586 tom.
1651 5513 1744 5585 IV,
1776 5530 1911 5586 pag.

354 5530 448 5585 τι)
482 5530 743 5571 bonane.
774 5530 887 5597 act,
946 5530 1044 5569 eo.
1095 5530 1444 5597 neptemorq
1473 5530 1614 5569 tom.
1651 5530 1744 5585 ιν,
1776 5530 1851 5586 pa
1899 5556 1911 5569 .

272 5530 385 5645 18b.
421 5588 719 5643 Coustant.
779 5586 1220 5659 Eputol._Rom_.
1276 5584 1531 5659 [fonti/io.
1565 5602 1736 5659 _pag.
1790 5530 1916 5659 14%,

271 5659 412 5721 tom.
443 5659 485 5730 l,
521 5662 641 5717 not.
670 5664 741 5732 Δ,
768 5655 1000 5733 θῐαριιᾶ
1025 5655 1214 5714 Mansi
1269 5655 1487 5715 Collect.
1547 5655 1757 5717 ϐᾱηεῖι.
1788 5657 1916 5716 Am-

2022 4726 2571 4797 intercessisse(31).

2090 4814 2184 4869 Vl.
2223 4815 2736 4871 Eminentissimus
2766 4818 3053 4875 Robertus
3084 4819 3494 4892 Bellarminus,
3526 4820 3675 4875 libro

2024 4904 2093 4959 de
2111 4902 2510 4975 Scriptoribus
2540 4904 2951 4963 ecclesiasticis
2984 4910 3040 4963 in
3064 4916 3117 4964 S.
3152 4909 3415 4965 Cornelio
3433 4909 3673 4963 alterius

2023 4992 2321 5064 perbrevis
2353 4994 2610 5066 epistolas
2642 4997 2713 5051 ad
2766 4998 3094 5069 Lupicinum
3127 4999 3512 5054 Viennensem
3547 4996 3673 5069 epi-

2018 5225 2185 5297 pliss.
2219 5228 2363 5279 tom.
2392 5223 2434 5289 Ι,
2478 5224 2586 5281 col.
2619 5226 2745 5296 817,
2779 5230 2897 5282 not.
2938 5228 2987 5282 1.

2096 5297 2208 5368 (28)
2244 5297 2442 5366 Labh.,
2475 5302 2617 5352 tom.
2648 5298 2669 5353 Ι
2699 5300 2995 5355 ϐοηεὶιίον.
3024 5297 3131 5353 col.
3155 5297 3262 5351 668
3294 5300 3348 5351 et
3380 5312 3546 5368 seqq.

2024 5368 2210 5495 81529)
2241 5369 2675 5435 Mansi,tom.1
2735 5370 2869 5426 Coll.
2906 5370 3080 5443 Ampl.
3154 5373 3311 5427 Cone.
3373 5368 3480 5424 col.
3542 5368 3674 5423 811-

2098 5511 2209 5633 (3ἓ)
2241 5509 2771 5633 Ιὲἓὲιιεῖἒιθκαηάτ.
2803 5513 2940 5571 Hist.
2974 5513 3172 5571 Eccles.
3205 5513 3499 5579 saeculom,
3536 5531 3590 5584 p.
3627 5513 3683 5581 4,

2027 5588 2135 5643 art.
2159 5584 2214 5651 3,
2289 5598 2322 5638 a
2368 5623 2381 5637 .
2415 5584 2505 5637 72.

2098 5653 2209 5730 (31)
2238 5597 2384 5710 Virgo
2423 5653 2646 5712 Maran.
2677 5655 2780 5714 Vit.
2830 5654 2885 5716 S.
2946 5657 3214 5732 Cypriani
3267 5654 3298 5731 ἓ
3342 5654 3433 5725 35,
3466 5672 3523 5731 p.
3556 5655 3681 5734 115,
