4102 6172
379 313 502 381 ’107

1741 284 1820 350 IN
1865 288 1927 348 S.
1977 285 2434 350 CORNELIUM

3668 251 3794 358 τόδ

385 461 625 520 scopum
655 438 942 498 meminit.
978 435 1174 490 Exstat
1220 447 1285 520 ea
1335 427 1629 520 tomollln
1655 422 2020 520 Bibliotheca
2053 426 2105 488 Α
2138 423 2330 520 specie
2360 424 2460 520 ait,
2491 445 2516 472 «
2547 423 2914 520 Christianos
2975 427 3190 520 ubique
3248 430 3556 486 tormentis
3613 431 3790 520 variis

384 511 618 593 Patrum
646 527 917 586 editiOuis
939 519 1286 580 Parisiensis
1317 517 1453 573 anni
1498 514 1654 582 1589,
1687 513 1840 586 apud
1878 511 2026 567 Lab-

386 626 558 680 beum
590 627 746 676 tomo
781 613 1229 677 lConcilicrum,
1265 609 1372 664 col.
1404 607 1529 671 829,
1589 609 1645 659 et
1679 602 1962 658 Joannem
1995 617 2030 656 a

388 716 567 770 Bosco
601 713 658 765 in
684 705 1148 778 Antiquitatibus
1171 698 1531 755 bibliothecae
1551 689 2030 759 Floriacensis,ex

386 821 501 875 qua
531 801 786 873 primum
820 801 1046 852 erutam
1067 791 1350 846 Baronius
1371 784 1682 856 descripsit
1703 783 1771 837 ad
1806 797 2026 875 annum

374 870 484 948 325
606 890 694 959 47,
726 892 780 942 et
821 882 1200 941 Constantius
1242 882 1441 933 noster
1486 875 1544 929 in
1605 871 1926 945 appendice
1954 870 2026 926 ad

375 989 517 1037 tom.
552 985 571 1033 l
609 976 836 1050 Epistol.
872 975 1061 1037 Roma:
1117 969 1316 1042 pontif.
1378 980 1509 1037 pag.
1567 963 1658 1032 25,
1693 965 2026 1032 suspectam

376 1071 790 1228 hagztnquam
839 1169 972 1208 vero
1007 1149 1265 1204 Labbeus
1325 1145 1394 1199 de
1439 1142 1549 1196 hac
1580 1138 1825 1212 epistola
1881 1136 2027 1228 nihil

378 1253 558 1312 notet,
589 1225 697 1301 nisi
723 1243 878 1315 quod
913 1257 1040 1296 eam
1075 1235 1356 1292 Baronius
1387 1249 1418 1288 e
1447 1229 1792 1286 Floriacensi
1826 1225 2031 1282 Biblio-

377 1338 547 1392 theca
573 1335 730 1389 986
763 1330 1069 1401 acceperit,
1111 1331 1365 1381 mentem
1408 1328 1605 1376 tamen
1661 1333 1830 1373 suam
1883 1316 2028 1372 satis

380 1425 738 1487 manifestat,
774 1422 915 1475 dum
949 1418 1019 1473 ad
1054 1417 1201 1470 duas
1224 1417 1376 1468 certe
1407 1409 1714 1482 genuinas,
1749 1422 1895 1478 quas
1917 1404 2026 1460 ibi-

379 1517 510 1570 dem
536 1513 755 1577 subdit,
791 1510 874 1565 sic
923 1511 1085 1562 notat
1117 1521 1129 1559 :
1167 1526 1192 1553 ‹‹
1233 1504 1357 1557 Haec
1413 1505 1470 1554 et
1500 1513 1752 1569 sequens
1783 1493 2030 1567 epistola

376 1620 510 1659 cum
546 1602 616 1656 iis
648 1615 795 1669 quas
829 1595 1019 1652 clerus
1035 1588 1604 1660 Romanusscripsit,
1638 1583 2026 1655 docent,quid

381 1694 594 1749 distent
617 1708 730 1745 acra
765 1687 1004 1759 lupinis,
1037 1690 1094 1740 et
1123 1683 1423 1739 subaeratae
1461 1693 1682 1732 merces
1716 1675 1907 1731 aureis
1935 1691 2026 1729 ve-

2137 512 2385 576 affici,et
2409 513 2534 584 jam
2569 512 2763 586 plures
2792 516 3065 588 martyrio
3089 525 3396 574 coronatos
3430 518 3697 575 fuisse‘h
3727 518 3790 575 Si

2137 602 2479 672 secundum,
2513 619 2617 657 cur
2645 605 2715 658 de
2745 621 2854 659 sua
2883 608 3248 663 confessione
3282 612 3382 663 aut
3436 606 3640 663 exsilio
3672 625 3790 663 non

2139 690 2428 761 meminit,
2463 709 2595 747 cum
2629 709 2695 747 ex
2726 693 2897 750 dictis
2920 701 3144 752 constet
3175 696 3338 752 illum
3385 697 3536 752 inter
3566 697 3792 769 primos

2139 780 2471 834 confessum
2515 781 3123 856 comprehensumque
3155 802 3284 841 esse
3313 785 3341 840 ?
3389 787 3625 854 Caetera,
3657 803 3789 857 qua

2137 869 2195 922 in
2210 868 2410 925 eadem
2425 869 2672 942 epistola
2693 871 2933 944 insuper
2954 873 3256 930 nonnullis
3279 875 3610 947 displicent,
3631 876 3791 948 apud

2135 955 2579 1014 Tillemontium
2637 977 2703 1016 ac
2734 961 3143 1018 Constantium
3178 964 3361 1019 videri
3393 970 3795 1036 possuntzno-

2138 1045 2241 1102 lim
2275 1053 2616 1105 tamencum
2638 1052 2944 1122 posteriori
2975 1055 3790 1126 asserere,vocem«Missas,-

2138 1153 2265 1208 qua:
2296 1137 2355 1192 in
2388 1154 2455 1194 ea
2483 1139 2757 1208 occurrit,
2789 1140 3037 1198 Cornelii
3062 1159 3179 1198 aavo
3209 1149 3368 1199 certo
3415 1144 3797 1200 recentiorem

2136 1241 2284 1282 0686.

2206 1315 2326 1371 VII.
2362 1321 2642 1372 Prmterea
2673 1322 2838 1374 notat
2881 1319 3313 1393 Tillemontius,
3372 1325 3694 1378 tractatum
3725 1323 3804 1377 de

2140 1404 2456 1478 Disciplina
2485 1411 2542 1462 et
2571 1407 2728 1462 Bono
2759 1408 3073 1480 pudicitiae,
3107 1409 3207 1482 qui
3238 1410 3391 1466 inter
3419 1410 3671 1466 dubias.
3692 1409 3800 1483 Cy-

2135 1494 2498 1566 priani681
2533 1495 2827 1568 Opuscula
2883 1504 3240 1566 recensetur,
3299 1501 3541 1556 Erasmo
3597 1500 3798 1556 visum

2140 1583 2338 1653 fuisse,
2371 1585 2429 1639 S.
2463 1584 2724 1640 Cornelio
2756 1601 2927 1656 posse
2958 1587 3193 1644 ascribi.
3227 1588 3336 1644 Sed
3371 1605 3504 1645 eum
3533 1605 3647 1644 non
3671 1588 3798 1644 alia

2138 1673 2283 1728 ratio
2307 1673 2651 1739 adducatur,
2685 1691 2864 1745 quam
2897 1677 3051 1747 quod
3090 1676 3140 1731 is
3185 1677 3258 1732 ab
3289 1677 3588 1750 episcopo,
3621 1677 3726 1749 qui
3760 1695 3800 1734 ι

379 1789 569 1838 terum
604 1779 859 1850 scriptis.
898 1799 925 1825 »
979 1774 1259 1830 Eamdem
1312 1766 1724 1824 Tillemontius
1779 1765 1918 1837 {32),
1970 1767 2027 1819 et
2059 1801 2107 1866 B
2140 1778 2315 1834 grege
2346 1779 2452 1818 suo
2483 1763 2704 1833 aberat,
2739 1764 3106 1837 conscriptus
3139 1766 3238 1833 sit,
3295 1783 3409 1821 non
3467 1767 3637 1823 video
3694 1783 3802 1824 cur

380 1872 539 1927 citati
597 1867 818 1925 Natalis
848 1863 1170 1920 Alexander
1226 1876 1291 1915 ac
1343 1855 1736 1923 Constantius,
1785 1853 2023 1925 aliique,

376 1962 532 2015 inter
552 1955 954 2030 supposititias
985 1951 1255 2008 similiter
1301 1950 1635 2018 reponunt:
1669 1949 1725 1999 et
1781 1949 1933 2000 certe
1959 1959 2028 1998 ea

375 2066 591 2118 magna
622 2064 734 2118 pra:
769 2062 830 2100 se
864 2045 971 2099 fert
1001 2037 1422 2112 suppositionis
1453 2035 1688 2090 indicia.
1735 2031 2029 2104 Imprimis

380 2163 398 2188 α
439 2134 860 2206 Archiepiscopi
890 2155 916 2181 »
948 2129 1158 2186 titulus
1189 2133 1352 2182 aetate
1387 2123 1632 2181 Cornelii
1666 2123 1722 2177 in
1767 2139 1876 2176 usu
1913 2138 2027 2177 non

377 2234 501 2283 erat
535 2252 548 2292 ;
581 2231 636 2280 et
656 2226 704 2279 si
739 2223 970 2287 fuisset,
1002 2224 1243 2274 sanctus
1275 2214 1559 2278 Pontifex,
1607 2211 1868 2282 seipsum
1905 2220 2029 2264 tan-

380 2321 440 2371 tu
453 2315 685 2369 mmodo
699 2313 1034 2383 episcOpum
1051 2303 1623 2374 dicens,Lupicinum
1638 2300 2030 2355 Viennensem

383 2421 448 2460 eo
481 2404 716 2458 nomine
751 2417 864 2456 non
895 2395 1324 2467 compellasset.
1362 2391 1648 2446 Baronius
1678 2388 1915 2460 quidem
1971 2389 2030 2442 in

392 2491 714 2547 Annalibus
741 2490 810 2543 ad
835 2502 1056 2542 annum
1089 2485 1213 2549 255,
1248 2498 1412 2536 num.
1447 2481 1534 2545 47,
1587 2478 1688 2533 ubi
1743 2494 1868 2532 eam
1931 2492 2032 2548 pro

387 2581 639 2652 genuina
672 2579 865 2642 refert,
898 2571 1330 2645 Archiepiscopi
1372 2567 1608 2623 titulum
1642 2566 1897 2632 omittit;
1931 2565 2034 2620 sed

387 2679 442 2727 et
470 2671 529 2724 in
562 2669 797 2723 laudata
828 2663 1185 2719 Bibliotheca
1210 2662 1466 2723 Patrum,
1499 2674 1566 2712 ac
1588 2655 1797 2712 Labbei
1819 2653 2034 2711 Collec-

385 2763 544 2817 tione
583 2751 1077 2819 conciliorum,in
1138 2751 1294 2805 hunc
1353 2747 1594 2802 modum
1652 2744 2035 2800 inscribitur:

385 2846 769 2914 «Cornelius,
803 2843 1114 2916 episcopus
1165 2839 1488 2900 Romanus,
1549 2834 1707 2889 fratri
1759 2833 2039 2905 Lupicino

387 2936 704 2994 Viennensi
736 2933 1008 3005 episcopo
1039 2931 1308 2986 salutem.
1345 2930 1462 2980 »At
1485 2928 1868 2997 praeterquam
1886 2922 2039 2994 quod

385 3027 678 3086 incertum
709 3023 784 3079 sit
811 3021 967 3095 apud
991 3036 1138 3092 quos
1168 3015 2040 3084 Floriacensiautographocon-

393 3119 640 3174 formius
671 3115 898 3185 legatur
929 3130 942 3179 ;
978 3126 1082 3164 nec
1115 3108 1235 3163 haec
1259 3103 1561 3175 inscriptio
1616 3102 1860 3158 Cornelii
1895 3104 2035 3157 scri-

2141 1853 2196 1908 S.
2232 1851 2538 1921 Cornellio,
2583 1853 2991 1911 Centumcellis
3043 1856 3353 1925 exsulanti,
3388 1857 3583 1930 potius
3616 1873 3799 1930 quam

2135 1941 2373 1997 cuilibet
2403 1941 2566 1998 alteri
2601 1944 2873 2016 episcopo
2905 1962 2937 2000 a
2968 1945 3092 2002 suis
3121 1947 3348 2003 absenti
3379 1946 3800 2004 attribuendus

2137 2031 2232 2086 sit.
2267 2035 2380 2086 Nec
2411 2031 2609 2088 minus
2628 2033 2908 2089 divinavit
2924 2035 3079 2091 idem
3106 2037 3411 2104 Erasmus,
3445 2036 3588 2092 dum
3621 2035 3803 2093 Tille-

2139 2121 2358 2175 montio
2419 2121 2608 2176 denuo
2648 2127 2795 2178 teste
2851 2123 2963 2195 (3i)
3021 2124 3284 2193 credidit,
3341 2141 3670 2180 sermonem
3726 2125 3804 2181 ad

2139 2213 2521 2268 Novatianum
2558 2214 2918 2285 haereticum,
2951 2215 3238 2287 Cypriano
3261 2233 3295 2271 a
3315 2216 3800 2272 nonnullissimi-

2139 2301 2274 2357 liter
2304 2303 2690 2375 adscriptum,
2727 2303 2977 2360 Cornelii
3025 2305 3201 2361 etiam
3235 2323 3382 2378 opus
3439 2322 3588 2362 esse.
3641 2307 3806 2373 Quin

2141 2390 2260 2446 imo
2292 2408 2404 2446 non
2437 2391 2824 2463 improbabile
2852 2397 3033 2459 est,ut
3062 2395 3330 2449 observat
3362 2393 3800 2464 Tillemontius,

2143 2495 2274 2534 eum
2310 2485 2440 2550 post
2485 2479 2631 2533 Galli
2693 2481 3175 2551 persecutionem,
3221 2482 3281 2537 in
3337 2484 3508 2553 cujus
3562 2483 3805 2539 exordio

2145 2578 2380 2624 sanctus
2411 2568 2676 2623 Pontifex
2707 2568 2998 2640 relegatus
3028 2575 3085 2625 et
3142 2575 3456 2627 coronatus
3511 2578 3621 2638 est,
3655 2571 3804 2627 scri-

2147 2663 2310 2729 ptum
2363 2659 2563 2723 fuisse,
2624 2657 2680 2711 in
2725 2674 2907 2728 eoque
2938 2659 3008 2713 de
3039 2658 3304 2728 ejusdem
3337 2660 3706 2715 confessione
3735 2677 3805 2717 ac

2149 2747 2424 2818 martyrio
2457 2747 2567 2802 sub
2591 2746 2725 2802 boni
2760 2747 3012 2819 pastoris
3041 2751 3179 2820 typo
3211 2749 3566 2804 memorari..

2710 2889 3118 2946 ARTICULUS
3152 2891 3246 2944 III.

2222 2996 2489 3035 ΒΥΝΟΡδΙΒ
2550 2995 2832 3034 EPISTOLE
2890 2995 3150 3034 CORNELII
3178 2996 3251 3034 AD
3297 2995 3506 3034 FABIUM
3535 2996 3737 3034 ANTIO-

2846 3066 3103 3105 CHENUM.

909 3165 1178 3269 congruit
1211 3212 1222 3250 :
1257 3195 1351 3249 hic
1391 3165 1545 3247 enim
1590 3190 1868 3262 epistolas
1899 3209 2038 3247 suas
2069 3165 2111 3232 (ἶ
2222 3196 2499 3266 Magnum
2551 3193 2903 3248 frementum
2985 3192 3151 3249 affert
3224 3192 3513 3248 Eusebius
3553 3192 3692 3263 (35),
3743 3209 3816 3248 ex

395 3295 466 3350 ad
493 3292 844 3366 Cyprianum
877 3287 1044 3342 datas
1069 3301 1194 3356 quas
1222 3283 1517 3353 etiamque
1539 3283 1786 3345 exstant,
1819 3281 2038 3335 omisso

400 3381 707 3451 utriusque
739 3377 1111 3449 episcopatus
1139 3371 1329 3434 titulo,
1363 3370 1454 3424 his
1485 3369 1673 3424 verbis
1705 3369 2034 3423 exorditur:

395 3494 423 3522 ‹‹
448 3469 750 3527 Cornelius
781 3464 1064 3538 Cypriano
1095 3461 1256 3517 fratri
1292 3460 1534 3514 salutem
1565 3477 1577 3526 ;
1609 3478 1634 3508 η
1660 3458 1812 3529 quod
1848 3463 1904 3512 et
1936 3457 2038 3529 Cy-

393 3561 638 3633 prianus
669 3558 728 3611 in
761 3556 886 3610 suis
917 3553 989 3608 ad
1015 3549 1345 3607 Cornelium
1382 3547 1594 3620 pariter
1616 3547 1911 3602 factitavit.

466 3647 754 3713 Secundo,
779 3642 1026 3698 dubium
1059 3644 1145 3696 est
1177 3655 1248 3694 an
1280 3638 1340 3693 S.
1361 3636 1700 3708 Lupicinus,
1727 3635 2041 3706 superstite

396 3735 679 3801 Cornelio,
703 3729 971 3788 Ecclesia
1000 3726 1316 3783 Viennensi
1341 3715 1466 3796 jam
1500 3723 1848 3796 praesederit.
1881 3728 2042 3779 Certe

395 3828 452 3881 id
491 3827 550 3880 in
581 3821 808 3879 Baronii
852 3817 1140 3875 sententia
1177 3814 1501 3887 rogandum
1533 3818 1619 3868 est
1653 3829 1665 3867 :
1699 3812 1749 3867 is
1779 3811 1936 3867 enim
1968 3812 2041 3868 ad

397 3931 617 3971 annum
647 3914 772 3982 262,
806 3925 969 3965 num.
998 3907 1088 3976 58,
1121 3907 1176 3960 S.
1235 3903 1610 3967 Florentium,
1646 3901 1910 3972 Lupicini
1944 3903 2042 3958 de-

395 4018 707 4071 cessorem,
742 3999 850 4055 sub
881 3995 1192 4051 Valeriano
1227 4007 1466 4064 passum
1500 3990 1701 4045 scribit
1731 4008 1744 4058 ;
1777 3991 1847 4045 ad
1885 3990 2041 4061 quod

396 4090 909 4148 Eminentissimus
942 4081 1240 4139 Annalists
1261 4098 1373 4136 non
1397 4080 1810 4145 advertit,dum
1832 4097 2046 4135 memo-

398 4188 580 4239 ratam
611 4176 916 4251 epistolam
949 4172 1208 4236 admisit,
1269 4168 1354 4225 vel
1411 4173 1630 4232 contra,
1684 4168 1824 4223 dum
1885 4168 2043 4224 illius

395 4269 741 4342 martyrium
772 4272 890 4321 tam
919 4279 1047 4318 sero
1071 4259 1390 4316 collocavit.
1428 4259 1717 4312 Laudatus
1733 4257 1990 4312 Joannes
2012 4273 2047 4312 α

400 4360 576 4413 Bosco
612 4358 680 4412 de
712 4356 914 4411 eodem
947 4352 1006 4406 S.
1070 4348 1360 4403 Florentio
1401 4346 1485 4400 sic
1538 4346 1619 4400 ait
1653 4362 1665 4400 :
1706 4369 1726 4394 ιι
1762 4345 2045 4416 Tempora

397 4444 695 4509 Gordiani,
730 4438 1001 4510 Philippi,
1035 4435 1209 4501 Decii,
1242 4432 1385 4487 Galii
1426 4438 1483 4487 et
1543 4431 1839 4488 Volusiani
1872 4435 2043 4489 decu-

399 4534 598 4589 currit.
644 4553 672 4581 »
736 4533 810 4586 De
862 4526 1143 4599 Lupicino
1201 4528 1395 4578 autem
1453 4538 1464 4576 :

401 4627 462 4676 B.
500 4620 816 4691 Lupicinus
873 4622 1114 4688 martyr,
1163 4613 1260 4685 qui
1315 4611 1647 4667 cathedram
1699 4612 1864 4679 rexit,
1907 4613 2049 4671 dum

401 4710 746 4766 Valerianus
778 4711 834 4761 et
865 4703 1164 4761 Gallienus
1221 4703 1281 4757 in
1342 4701 1620 4756 humanis
1677 4701 1985 4773 degebant.
2019 4727 2048 4754 »

401 4801 613 4856 Eadem
648 4797 823 4854 habet
850 4795 1105 4850 Joannes
1127 4792 1324 4847 Chenu
1359 4791 1416 4844 in
1451 4791 1890 4862 Episcopatibus
1922 4791 2051 4848 Gal-

403 4892 513 4946 liae.
561 4887 708 4952 Quin
759 4886 876 4939 imo
924 4880 1296 4937 Tillemontio
1355 4879 1466 4947 (33)
1524 4877 1689 4932 valde
1756 4880 2054 4950 probabile

403 4979 592 5034 visum
627 4979 735 5043 est,
784 4972 1129 5044 Lupicinum
1185 4985 1300 5023 non
1349 4967 1460 5020 nisi
1513 4971 1644 5038 post
1698 4984 1916 5023 annum
1949 4971 2054 5024 374

408 5068 565 5124 illam
592 5066 790 5120 sedem
821 5061 1170 5117 obtinuisse.
1190 5057 1385 5112 Tertio
1419 5055 1502 5110 vel
1526 5055 1653 5127 ipsa
1684 5056 1927 5127 epistola
1957 5058 2056 5114 illa

405 5157 622 5226 scripta
653 5158 743 5208 est
774 5156 904 5224 post
928 5149 1350 5212 Decium,aute,
1383 5144 1468 5200 vel
1504 5149 1632 5215 post
1661 5145 1989 5203 inchoatam
2023 5165 2058 5204 a

407 5245 570 5302 Gallo
618 5239 1104 5316 persecutionem.
1157 5237 1216 5293 Si
1275 5233 1558 5308 primum,
1616 5250 1732 5306 qua
1796 5235 2057 5293 veritatis

476 5425 587 5492 (32)
642 5423 976 5479 Tillemont.
1037 5419 1489 5488 Mdmoz‘res,1wte
1541 5433 1632 5488 xv,
1700 5433 1798 5474 sur
1850 5417 1906 5473 S.
1960 5419 2062 5477 Cor

413 5496 602 5585 milia,
635 5501 789 5585 Lorne
823 5496 920 5563 Ill,
945 5509 1079 5567 pag.
1116 5493 1240 5549 352.

623 5568 962 5698 'i‘kiliiemont.
993 5636 1272 5696 Memoim
1287 5651 1386 5697 cur
1403 5633 1459 5692 S.
1498 5631 1790 5703 Comeille,
1820 5635 1963 5693 tom.
1987 5635 2062 5694 III

2149 3283 2394 3357 epistola
2423 3282 2593 3338 tertia
2619 3280 2864 3337 Cornelii
2899 3283 2971 3337 ad
3005 3281 3275 3349 Fabium,
3305 3281 3366 3336 in
3426 3297 3546 3353 qua
3594 3283 3814 3336 Corne-

2150 3373 2264 3428 lius
2296 3370 2573 3428 describit
2593 3369 2840 3425 artificia
2861 3370 3078 3441 quibus
3101 3387 3245 3426 usus
3275 3375 3401 3427 erat
3426 3371 3814 3441 Novatianus,

2151 3466 2214 3516 ut
2243 3461 2554 3532 episcopus
2603 3458 2996 3527 ordinaretur,
3057 3460 3283 3515 abusus
3340 3458 3717 3530 simplicitate
3750 3462 3810 3514 et

2149 3549 2427 3604 facilitate
2457 3547 2636 3602 trium
2659 3547 3087 3619 episcoporum,
3121 3564 3371 3620 quorum
3395 3565 3548 3605 unus
3571 3547 3810 3620 culpam

2151 3637 2408 3711 agnovit,
2439 3653 2505 3692 ac
2535 3635 2695 3691 illius
2725 3652 2861 3691 eum
2918 3637 3209 3708 paenituit.
3271 3641 3482 3693 Postea
3536 3637 3811 3692 observat

2149 3728 2310 3783 hisce
2338 3725 2703 3798 temporibus
2725 3725 2850 3795 jam
2884 3741 3012 3782 esse
3060 3725 3120 3780 in
3164 3725 3421 3782 Ecclesia
3451 3726 3714 3781 Romana
3746 3725 3816 3780 46

2151 3815 2541 3889 presbyteros,
2592 3818 2814 3885 septem
2846 3814 3142 3881 diaconos,
3175 3815 3536 3886 totidemque
3567 3814 3810 3870 subdia-

2151 3922 2349 3974 conos,
2383 3903 2996 3976 quadragintaetduos
3027 3902 3346 3976 acolythos,
3380 3903 3818 3976 quinquaginta

2153 3997 2301 4050 duos
2333 3998 2457 4049 tum
2483 3992 2776 4057 ostiarics,
2803 3997 2927 4047 tum
2955 3993 3295 4058 exorcistas,
3321 4009 3454 4048 cum
3472 3991 3813 4060 lectoribus,

2151 4085 2358 4138 viduas
2390 4099 2522 4137 cum
2551 4080 2951 4149 thlibomenis,
2983 4082 3020 4136 i.
3054 4097 3104 4136 e.
3148 4081 3664 4153 indigentibus,uti
3689 4097 3809 4137 non

2155 4171 2304 4228 male
2327 4170 2635 4228 substituit
2692 4170 2960 4236 Ruﬁnus,
2994 4170 3125 4242 plus
3186 4169 3347 4226 mille
3404 4169 3816 4242 quingentas:

2155 4261 2369 4333 quibus
2403 4259 2695 4314 universis
2727 4258 2955 4314 Domini
2989 4258 3176 4330 gratia
3233 4264 3290 4315 et
3335 4259 3673 4330 benignitas
3706 4257 3819 4314 ali-

2156 4354 2355 4406 menta
2377 4349 2732 4420 suppeditat.
2769 4348 2850 4402 Ex
2899 4347 3006 4402 hoc
3045 4347 3168 4403 loco
3200 4347 3394 4421 colligi
3429 4352 3642 4420 potest,
3675 4351 3823 4418 quot

2155 4438 2431 4495 basilicas
2443 4443 2582 4493 tunc
2598 4437 2793 4492 Romae
2809 4437 3121 4492 habuerint
3136 4436 3472 4492 Christiani.
3489 4440 3635 4492 Cum
3657 4437 3819 4493 enim

1521 4543 1548 4572 «
1598 4521 1709 4594 Ipsi
1771 4525 2055 4582 successit
2084 4537 2131 4601 D
2164 4526 2378 4599 singuli
2413 4525 2734 4598 presbyteri
2793 4542 2932 4580 suas
2986 4529 3251 4597 regerent
3300 4525 3599 4592 basilicas,
3643 4524 3693 4580 si
3753 4525 3824 4580 46

2161 4617 2376 4673 fuerint
2397 4613 2738 4688 presbyteri,
2762 4615 3002 4670 totidem
3024 4614 3295 4670 basilicas
3313 4614 3823 4670 fuissedicendum

2161 4711 2268 4762 est.
2302 4707 2363 4760 In
2396 4703 2554 4759 hunc
2585 4702 2778 4759 locum
2811 4703 3157 4776 gravissime
3197 4710 3399 4774 peccat
3459 4701 3825 4767 Blondellus,

2161 4811 2295 4850 cum
2325 4809 2458 4848 eum
2493 4792 2572 4847 ita
2602 4791 2963 4865 perstringit,
2983 4796 3045 4846 ut
3077 4791 3300 4848 nullam
3325 4793 3826 4848 subdiaconorum

2163 4885 2335 4939 faciat
2363 4881 2742 4949 mentionem,
2777 4882 3101 4953 exindeque
3159 4881 3366 4937 confici
3426 4885 3589 4953 putet
3628 4878 3828 4935 nullos

2162 4979 2288 5030 tum
2323 4973 2517 5028 Romae
2550 4970 2942 5027 subdiaconos
2979 4971 3160 5026 fuisse
3213 4971 3526 5025 institutos.
3565 4969 3674 5025 Sed
3705 4967 3829 5024 lec-

2165 5063 2344 5118 tionis
2376 5060 2536 5116 illius
2568 5059 2882 5115 falsitatem
2916 5064 3042 5114 tum
3076 5059 3306 5115 Graecus
3336 5058 3570 5114 Eusebii
3605 5061 3829 5125 textus,

2165 5157 2293 5208 tum
2318 5147 2732 5206 LatinaRufini
2754 5149 3156 5220 interpretatio
3187 5144 3838 5204 demonstrant.Tradit

2167 5245 2224 5298 et
2252 5241 2517 5314 Optanus
2549 5237 2682 5311 (36),
2716 5237 3108 5310 quadraginta
3147 5241 3203 5295 et
3258 5237 3515 5310 amplius
3543 5233 3840 5292 basilicas

2169 5425 2276 5480 art.
2309 5437 2450 5489 χιιι,
2482 5417 2772 5492 ραεᾏ208.

2264 5495 2354 5563 35)
2385 5487 2588 5563 Euseb
2604 5491 2670 5563 H.
2694 5491 2766 5545 Ε.
2801 5487 2904 5545 lib.
2933 5504 3010 5563 v1,
3034 5505 3160 5563 cap.
3194 5489 3284 5547 43.

2264 5496 2333 5550 35
2385 5496 2576 5548 Euseb
2604 5496 2670 5546 H.
2801 5496 2904 5545 lib.
2933 5504 3010 5556 v1,
3034 5505 3160 5563 cap.
3194 5496 3284 5547 43.

2239 5496 2354 5638 €36;
2384 5562 2577 5638 Optat.
2611 5562 2715 5620 lib.
2742 5576 2782 5618 ιι
2816 5565 2895 5620 De
2919 5562 3210 5620 schismate
3251 5561 3686 5619 Donatistarum.
