4102 6172
320 240 442 301 709

1861 234 2201 295 NOTlTIA.

3613 240 3736 302 ’710

322 375 519 430 Rome
570 369 883 438 exstitisse,
935 368 1171 441 quando
1219 364 1360 424 illuc
1415 367 1609 424 Victor
1664 367 1972 424 Gabiensis
2003 370 2055 434 Α
2088 366 2383 440 lius,quod
2410 373 2638 426 tantum
2660 373 2865 441 rogatu
2889 366 3143 442 episcopi
3165 373 3366 427 contra
3388 372 3733 428 mandatum

321 461 584 536 proxime
605 464 735 532 post
755 464 1018 516 exortum
1041 458 1479 515 Donatistarum
1509 457 1767 514 schisma
1792 459 1862 513 ab
1879 457 1973 513 his

319 547 715 607 schismaticis
745 547 967 602 missus
996 549 1104 602 est.
1137 571 1156 595 ι
1187 545 1256 601 Hi
1288 543 1977 618 quippe,inquirit0pta-

317 646 437 705 tus,
470 637 566 694 ubi
597 637 748 692 inter
777 637 844 692 40
875 634 1028 692 688
1072 640 1130 690 et
1174 635 1328 707 quod
1379 632 1631 690 excurrit
1679 633 1973 702 basilicas,

316 726 509 785 locum
535 725 635 780 ubi
661 723 1020 798 colligerent,
1047 739 1162 778 non
1185 721 1503 778 habebant.
1523 743 1551 772 ››
1577 723 1756 788 Quem
1780 719 1975 777 locum

321 818 463 873 dum
490 813 854 879 Blondellus,
888 811 1131 886 Apolog.
1166 828 1299 884 pag.
1330 811 1460 878 223,
1483 811 1555 866 de
1576 809 1765 883 ipsius
1781 809 1977 882 Optati

322 911 488 962 aetate
517 905 952 976 interpretatur,
1003 903 1074 958 ab
1130 918 1195 958 eo
1245 900 1397 957 male
1447 900 1807 957 intellectum
1848 915 1977 957 esse

321 995 589 1052 Valesius
619 998 773 1049 recte
802 995 963 1048 notat
992 991 1122 1063 (37).

324 1084 498 1142 Addit
549 1081 855 1140 Cornelius
897 1079 1285 1137 Novatianum
1344 1097 1460 1136 non
1517 1095 1688 1152 posse
1741 1093 1977 1152 sperare

322 1192 385 1232 se
414 1175 486 1230 ad
544 1173 946 1246 episcopatum
993 1174 1326 1239 venturum,
1378 1169 1670 1241 siquidem
1717 1169 1776 1224 in
1827 1168 1975 1224 lecto

320 1263 650 1336 baptizatus
695 1277 809 1317 non
866 1264 1161 1332 receperat
1209 1259 1642 1332 impositionem
1688 1274 1972 1315 manuum

320 1351 603 1426 episcopi,
626 1351 736 1406 hoc
762 1353 870 1416 est,
886 1353 1323 1406 sacramentum
1345 1347 1836 1404 Conﬂrmationis.
1859 1348 1970 1404 Sed

320 1458 510 1514 neque
557 1445 867 1514 postquam
923 1437 1204 1494 liberatus
1259 1441 1412 1493 esta
1462 1437 1686 1507 morbo,
1747 1436 1973 1510 reliqua

319 1530 602 1605 percepit,
635 1546 763 1601 qua;
793 1528 1117 1585 secundum
1150 1526 1412 1600 regulam
1443 1526 1709 1583 Ecclesiae
1733 1550 1753 1577 σι
1789 1527 1972 1600 perci-

2083 457 2372 527 Ecclesiae,
2402 476 2530 530 quae
2560 459 2644 515 sic
2701 459 3021 532 baptizatos
3067 460 3323 516 ordinari
3364 460 3728 532 prohibebat,

2085 547 2385 620 presbyter
2439 548 2793 605 Novatianus
2835 549 3140 605 ordinatus
3191 550 3359 606 fuerit
3405 550 3537 622 (39).
3593 550 3729 606 Dein

2084 637 2393 708 exprobrat
2422 636 2632 709 eidem,
2665 638 2818 708 quod
2853 639 3238 694 sacerdotium
3267 656 3441 695 suum
3479 641 3736 712 abnega-

2087 723 2232 779 verit
2261 725 2683 796 persecutionis
2712 729 2992 798 tempore,
3026 732 3308 800 cogatque
3331 745 3489 799 suos,
3523 745 3735 802 corpus

2085 816 2142 868 et
2168 813 2515 886 sanguinem
2559 813 2773 870 Christi
2823 815 2908 871 eis
2956 816 3291 888 praebendo,
3328 818 3548 888 jurare,
3600 835 3733 874 cum

2085 903 2437 974 respondere
2493 903 2770 958 deberent
2829 905 3020 971 Amen,
3105 905 3190 960 uti
3274 922 3401 962 mos
3469 907 3738 962 Ecclesiae

2085 996 2210 1047 erat
2238 992 2371 1063 (40),
2415 1007 2478 1047 se
2524 1009 2830 1064 nunquam
2875 994 2943 1048 ad
2995 993 3327 1050 Cornelium
3375 1011 3730 1051 reversuros.

2085 1080 2342 1151 Denique
2364 1080 2606 1136 Fabium
2640 1085 2856 1147 monet,
2894 1081 3184 1138 Romanos
3215 1083 3575 1140 confessores
3600 1101 3732 1156 par-

2083 1171 2171 1223 tes
2201 1166 2502 1223 Novatiani
2532 1167 2884 1237 deseruisse,
2909 1168 3242 1242 multosque
3259 1171 3732 1245 episcopos,quo-

2082 1273 2214 1313 rum
2246 1257 2316 1312 ad
2350 1272 2484 1312 eum
2518 1255 2755 1312 nomina
2803 1257 3004 1325 mittit,
3054 1258 3114 1314 in
3161 1259 3404 1316 concilio
3453 1262 3725 1318 eumdem

2079 1347 2418 1403 damnasse.

2149 1434 2397 1492 Cornelii
2429 1435 2847 1506 stilus,judice
2896 1436 3236 1492 doctissimo
3291 1437 3542 1510 Dupinio
3589 1440 3725 1512 (41),

2080 1529 2368 1599 quantum
2414 1525 2485 1580 de
2542 1542 2608 1581 eo
2659 1525 2912 1596 judicari
2970 1529 3158 1596 potest
3215 1543 3282 1582 ex
3324 1529 3548 1600 paucis,
3601 1545 3726 1600 quas

316 1621 535 1695 pienda
555 1622 714 1686 sunt,
739 1635 928 1690 neque
948 1618 1019 1673 ab
1043 1616 1312 1690 episcopo
1334 1615 1713 1689 consignatus
1739 1621 1847 1689 est,
1871 1618 1968 1670 τοῦ
2077 1616 2327 1686 exstant,
2358 1614 2486 1685 ejus
2516 1613 2800 1686 epistolis,
2832 1631 2947 1670 non
2977 1619 3067 1670 est
3094 1616 3262 1671 valde
3301 1617 3592 1686 sublimis,
3640 1622 3730 1673 ta-

316 1729 376 1763 τε
416 1713 811 1786 σφραγισθῆναι
844 1705 947 1759 ὑπὸ
975 1708 1071 1759 τοῦ
1100 1703 1416 1762 ἐπισκόπου.
1476 1705 1594 1762 Hoc
1640 1711 1834 1762 autem
1887 1705 1968 1762 si-

319 1797 572 1872 gnaculo
605 1796 848 1852 minime
877 1800 1170 1868 percepto,
1204 1795 1494 1867 quomodo
1522 1795 1807 1868 Spiritum
1836 1812 1970 1852 san-

325 1894 490 1944 ctum
519 1885 708 1961 potuit
736 1885 995 1958 accipere
1026 1885 1181 1956 (38)?
1212 1908 1240 1937 ››
1284 1885 1488 1941 Postea
1531 1885 1736 1942 scribit
1769 1889 1977 1942 Corne-

417 2030 510 2100 37)
540 2026 731 2085 Vales.
765 2027 824 2082 in
852 2026 1011 2083 hunc
1039 2025 1272 2100 Eusebii
1303 2027 1516 2100 locum.

420 2098 511 2173 38)
546 2102 626 2173 En
686 2106 1120 2173 sacramentum
1164 2098 1678 2173 Conﬁrinationisl
1729 2099 1978 2173 Rufinus

323 2169 525 2230 Graeca
559 2171 806 2228 Cornelii
839 2173 1013 2226 verba
1045 2171 1127 2226 ita
1162 2170 1362 2226 Latine
1391 2169 1702 2242 expressit:
1726 2172 1832 2226 Nec
1852 2171 1979 2226 reli-

323 2263 432 2325 qua
453 2246 769 2325 i1_i_eo,_quae
800 2245 1129 2325 baptismum
1182 2243 1434 2325 subsequi
1477 2243 1671 2325 soleat,
1720 2243 1976 2325 solemni-

323 2313 408 2374 ier
438 2313 744 2388 adimpleta
799 2313 947 2386 sum,
1005 2331 1104 2370 nec
1158 2313 1444 2383 signaculo
1485 2313 1799 2369 chrismatis
1843 2329 1977 2370 con-

323 2395 632 2443 summatus
659 2391 757 2442 est.

318 2403 632 2444 summat-us
659 2403 757 2442 σει.

393 2461 507 2531 (39)
536 2459 680 2514 Vide
711 2458 926 2514 Canon.
958 2474 1040 2513 xu
1093 2457 1309 2530 Synodi
1362 2456 1681 2514 Neocmsar.
1733 2461 1791 2512 et
1831 2456 1976 2513 Lao-

320 2532 542 2588 dicenis
571 2531 794 2587 Canon.
823 2545 997 2585 xcvu.

393 2604 508 2674 (40)
557 2603 752 2658 Sancti
810 2605 1011 2657 Patres
1068 2599 1428 2674 Ambrosius,
1481 2599 1871 2674 Hieronymus
1921 2603 1979 2655 et

321 2671 694 2747 Augustinus
709 2675 884 2747 hujus
905 2672 1348 2747 consuetudinis
1364 2673 1719 2747 mentionem
1735 2671 1974 2747 faciunt.

324 2742 717 2818 Hieronymus
734 2742 974 2818 quidem
993 2746 1120 2800 adv.
1141 2745 1352 2818 erroris
1380 2744 1552 2818 Joan.
1596 2742 1974 2818 H_ierosoly_m.

325 2819 402 2874 ad
426 2814 909 2873 Pammachium:
945 2817 1060 2884 Qua
1092 2817 1441 2883 conscientia,
1490 2815 1698 2885 inquit,
1748 2814 1825 2869 ad
1873 2815 1979 2869 Eu-

322 2891 651 2946 charistiam
680 2888 950 2956 accedam,
989 2896 1038 2944 et
1086 2887 1411 2959 respondebo
1431 2904 1450 2942 :
1498 2884 1686 2956 Amen,
1745 2901 1868 2940 cum
1915 2884 1981 2940 de

2080 1719 2211 1758 men
2247 1701 2338 1771 iis,
2371 1719 2494 1774 quae
2533 1702 2675 1758 dicit
2705 1703 2848 1758 satis
2878 1703 3152 1775 ponderis
3183 1705 3370 1772 affert,
3390 1723 3480 1762 res
3503 1707 3615 1762 sibi
3636 1723 3730 1763 ac-

2080 1792 2434 1861 commodat,
2467 1791 2796 1848 adversario
2825 1809 2935 1850 suo
2965 1791 3125 1849 nullo
3157 1787 3330 1851 modo
3361 1795 3564 1868 parcit.

2085 2026 2358 2100 charitate
2388 2026 2652 2100 dubitem
2675 2027 3080 2100 porrigentis?
3127 2027 3250 2083 Huc
3298 2031 3520 2100 spectat
3588 2028 3734 2084 illud

2088 2098 2398 2170 Augustini
2422 2098 2608 2171 Serm.
2629 2098 2756 2171 272,
2793 2114 2918 2153 nov.
2947 2099 3084 2171 edit.
3112 2116 3125 2155 :
3158 2098 3554 2171 Audis—corpus
3577 2101 3735 2155 Chri-

2085 2171 2178 2239 sti,
2197 2169 2630 2254 etlcespondeas:
2669 2170 2854 2251 limen.
2889 2169 3079 2226 Etlib.
3112 2188 3208 2238 xxi,
3233 2169 3734 2254 castrapli‘austum,

2088 2257 2212 2313 cap.
2251 2242 2316 2296 10
2337 2285 2349 2296 .
2384 2242 2561 2296 Habei
2588 2243 2737 2294 enim
2764 2257 3023 2312 magnam
3052 2257 3229 2297 vocem
3261 2243 3464 2298 Christi
3513 2245 3739 2311 sanguis

2086 2316 2146 2367 in
2175 2315 2622 2386 terris,_cum___eo
2668 2321 2884 2386 accepto
2930 2314 2998 2368 ab
3048 2315 3301 2369 omnibus
3342 2317 3736 2386 respondetur:

2087 2385 2277 2439 Amen.
2310 2383 2478 2457 Ritus
2508 2383 2605 2438 ille
2636 2385 2788 2457 apud
2821 2386 3194 2457 Ambrosium
3225 2387 3325 2441 lib.
3359 2403 3411 2441 IV
3432 2383 3511 2442 de
3555 2389 3738 2457 Sacr.,

2087 2472 2212 2528 cap.
2235 2457 2291 2523 5,
2323 2454 2646 2528 explicatur
2675 2454 2769 2511 his
2800 2456 3027 2528 verbis:
3061 2461 3204 2528 Ergo
3250 2473 3361 2513 non
3411 2459 3578 2514 otiose
3617 2454 3756 2513 cum.

2085 2527 2312 2609 accipis,
2335 2530 2395 2581 tu
2415 2527 2554 2582 dicis
2575 2543 2587 2580 :
2610 2527 2801 2609 itineri,
2822 2527 2945 2609 jam
2984 2529 3042 2582 in
3071 2527 3272 2609 spiritu
3293 2530 3552 2609 cgnfifens
3589 2529 3742 2609 quod

2087 2598 2334 2672 accipias
2363 2602 2743 2672 verum._Cum
2762 2598 2872 2672 his
2903 2598 3196 2656 consensit
3219 2605 3276 2657 et
3305 2598 3552 2672 Cyrillus
3603 2598 3739 2656 Hie-

2093 2670 2370 2743 rosolym.
2405 2669 2681 2743 Cateches.
2716 2670 2931 2743 ultima.

2159 2741 2511 2868 (dljzézppin.
2545 2742 2894 2809 Bibliothec.,
2927 2747 3071 2797 tom.
3107 2747 3152 2811 Ι,
3183 2743 3320 2799 edit.
3359 2747 3478 2799 Lat.
3538 2743 3738 2799 Colon.

2159 2829 2224 2868 ιε.
2257 2821 2269 2835 ⁵
2370 2856 2383 2868 .

2094 2829 2224 2886 pag.
2257 2821 2383 2869 280.

3319 3037 3747 3065 π

1807 3183 2270 3269 ΝΟΤΙΤΙΑ

658 3363 1208 3426 EPISTOLARUM
1257 3364 1413 3424 NON
1461 3361 1973 3423 EXSTANTIUM
2021 3361 2207 3432 QUIE
2247 3364 2350 3422 AD
2397 3362 2463 3438 S,
2509 3362 2967 3424 CORNELIUM
3014 3363 3432 3436 ATTINEN’I‘,

1313 3522 1714 3588 AUCTORE
1752 3522 1834 3587 D.
1885 3519 2427 3587 COUSTANTIO
2471 3523 2540 3586 0.
2592 3523 2654 3586 S.
2703 3524 2780 3586 B.

1164 3785 1189 3839 Ι

421 3902 473 3957 1.
487 3897 734 3956 Cornelii
757 3901 828 3955 ad
852 3899 1206 3972 Cyprianum
1223 3897 1436 3955 aliosve
1453 3897 1656 3954 Africa:
1697 3897 2002 3970 episcopos

342 3989 577 4056 litterae,
611 3989 825 4061 quibus
858 4006 918 4044 se
948 3989 1288 4061 episcopum
1337 3992 1530 4043 Romae
1579 3987 1799 4043 factum
1850 4002 2004 4040 nun-

342 4079 552 4133 tiabat.
595 4081 690 4131 Hae
721 4077 1066 4133 modestiam
1095 4081 1152 4133 et
1199 4074 1632 4148 simplicitatem
1683 4075 2002 4147 quamdam

344 4167 673 4238 spirabant,
707 4183 884 4237 quam
908 4165 1149 4222 minime
1170 4183 1286 4238 pris
1308 4181 1370 4221 se
1407 4165 1685 4235 ferebant,
1728 4181 1854 4237 qua:
1887 4180 2002 4220 non

347 4254 539 4311 multo
565 4259 695 4326 post
729 4255 788 4309 in
825 4254 1074 4309 Africam
1107 4259 1389 4310 venerunt
1416 4253 1720 4309 Novatiani
1760 4254 2000 4326 scripta,

346 4342 639 4400 conviciis
667 4347 724 4398 et
745 4342 1058 4399 calumniis
1089 4343 1278 4414 plena.
1300 4343 1660 4414 Quapropter
1678 4343 2004 4414 Cyprianus

340 4432 467 4488 has
497 4430 742 4487 Cornelii
773 4430 1001 4487 litteras
1035 4431 1186 4503 plebi
1219 4431 1331 4504 legi
1359 4430 1635 4502 praecepit
1680 4435 1737 4486 et
1786 4431 2008 4501 respuit

340 4519 576 4592 scripta
618 4520 940 4576 Novatiani.
993 4519 1122 4592 Ipso
1173 4525 1366 4575 autem
1407 4520 1690 4591 Cypriano
1747 4525 2003 4589 auctore,

343 4633 378 4661 ‹‹
418 4609 626 4664 divinas
684 4609 1014 4665 traditionis
1060 4613 1117 4665 et
1162 4609 1564 4665 ecclesiasticis
1612 4608 2005 4663 institutionis

343 4698 640 4756 sanctitas
663 4699 880 4770 pariter
899 4715 964 4753 ac
982 4697 1195 4754 veritas
1224 4698 1538 4770 exigebat»
1581 4700 1645 4751 ut
1695 4696 1894 4751 statim
1927 4698 2009 4752 at-

341 4803 472 4861 que
504 4787 801 4842 Romanus
831 4787 1141 4859 episcopus
1169 4784 1632 4858 Carthaginiensi
1691 4785 2009 4841 ordinatio-

343 4893 492 4935 nem
518 4892 684 4931 suam
709 4875 920 4932 litteris
951 4876 1296 4941 nuntiasset,
1330 4877 1454 4947 ipse
1487 4879 1724 4929 mutuas
1745 4875 1816 4929 ad
1839 4873 2008 4929 illum

343 4968 583 5024 litteras
611 4965 908 5038 dirigeret,
943 4982 1009 5022 ac
1067 4966 1274 5021 notitia
1323 4963 1710 5021 ordinationis
1761 4965 1888 5034 ejus
1939 4964 2009 5019 ad

343 5054 624 5128 singulos
670 5055 978 5128 provinciae
1025 5073 1144 5112 suae
1197 5054 1449 5128 collegas
1496 5053 1738 5124 perlata,
1800 5054 1871 5109 ab
1919 5053 2013 5110 his

343 5147 568 5204 fratres
599 5161 732 5200 cum
761 5145 976 5202 litteris
1007 5147 1078 5202 ad
1112 5145 1450 5218 episcOpum
1491 5160 1693 5199 recens
1750 5147 2013 5199 creatum
2045 5155 2092 5220 1)

345 5233 743 5293 destinandos
770 5251 900 5292 esse
927 5236 1257 5293 mandaret.
1289 5234 1394 5293 Cui
1411 5231 1602 5290 officio
1625 5249 1739 5289 non
1764 5231 2020 5289 defuisse

347 5338 426 5381 se
456 5322 776 5395 Cyprianus
807 5323 1174 5382 testiﬁcatur.

1161 5459 1214 5517 II

430 5567 488 5623 2.
519 5565 790 5643 Cypriani
839 5569 910 5625 ad
955 5565 1287 5627 Cornelium
1337 5581 1551 5642 papam
1589 5565 1858 5640 epistola,
1911 5581 2015 5640 per

2035 3784 2078 3851 C
2117 3781 2461 3838 Caldonium
2475 3787 2532 3838 et
2545 3783 2925 3838 Fortunatam
2948 3781 3250 3854 episcopos
3266 3782 3762 3856 transmissa,qua

2111 3873 2448 3945 rogabatur,
2481 3877 2546 3926 ut
2577 3889 2721 3944 quas
2748 3871 2873 3943 ipse
2902 3871 3224 3944 Cyprianus
3255 3889 3389 3928 cum
3416 3873 3488 3928 ad
3536 3872 3759 3928 clerum

2111 3965 2237 4016 tum
2265 3961 2335 4016 ad
2351 3960 2579 4032 plebem
2602 3977 2771 4016 suam
2795 3960 3309 4032 Carthaginensem
3329 3961 3399 4017 de
3413 3959 3760 4017 Felicissimi

2112 4055 2168 4106 et
2197 4051 2458 4122 quinque
2508 4051 2977 4122 presbyterorum
3011 4049 3259 4106 factione
3293 4050 3628 4122 scripserat,
3654 4049 3763 4104 hoc

2112 4143 2201 4194 est
2231 4137 2368 4194 edit.
2403 4137 2617 4193 Pamel.
2651 4154 2883 4192 xxxvun
2916 4141 2972 4192 et
3000 4155 3088 4204 ιι,
3124 4141 3313 4193 Romae
3363 4137 3636 4193 ﬁdelibus
3682 4135 3765 4192 le-

2113 4226 2576 4300 geret.Quocirca
2605 4227 2942 4282 earumdem
2972 4225 3302 4282 litterarum
3332 4227 3598 4298 exempla
3627 4230 3766 4281 tunc

2115 4333 2218 4388 per
2247 4316 2549 4388 praedictos
2597 4315 2900 4386 episcopos
2949 4314 3240 4382 mittebat,
3289 4332 3416 4386 quae
3461 4320 3518 4371 et
3562 4320 3766 4388 postea

2115 4406 2306 4461 denuo
2338 4421 2440 4476 per
2470 4403 2735 4460 Mettium
2766 4408 2822 4457 et
2851 4401 3248 4473 Nicephorum
3281 4402 3468 4459 misit.

2905 4543 2978 4598 IlI

2187 4673 2239 4726 3.
2274 4668 2570 4742 Synodicze
2601 4666 3008 4739 episcoporum
3057 4669 3263 4724 Africa:
3314 4671 3384 4726 ad
3438 4669 3774 4726 Cornelium

2117 4759 2342 4826 litteris,
2375 4757 2636 4829 ipsorum
2670 4773 2847 4811 manu
2881 4757 3247 4829 subscriptis,
3281 4777 3346 4815 ao
3380 4776 3481 4831 per
3512 4758 3776 4814 Mettium

2123 4847 2588 4922 hypodiaconum
2621 4848 2679 4899 et
2701 4843 3094 4915 Nicephorum
3135 4848 3467 4918 acolytbum
3521 4845 3779 4917 perlatae,

2121 4941 2180 4994 in
2213 4938 2428 5009 quibus
2451 4935 2521 4990 de
2552 4933 2897 4988 Felicissimi
2931 4939 2986 4989 et
3015 4936 3276 5007 quinque
3309 4937 3779 5008 presbyterorum

2121 5027 2232 5100 ipsi
2255 5023 2670 5082 cohaerentium
2694 5039 2872 5078 causa
2885 5024 3024 5094 quid
3050 5027 3395 5094 sensissent,
3421 5025 3631 5094 quidve
3647 5039 3780 5094 pro-

2129 5117 2520 5185 nuntiassent,
2552 5112 2897 5179 edocebant,
2926 5112 3060 5167 illos
3100 5130 3329 5184 nempe,
3391 5117 3455 5167 ut
3493 5128 3672 5182 supra
3719 5110 3779 5165 in

2130 5204 2389 5279 Epistola
2417 5186 2528 5274 xu:
2553 5219 2708 5258 anno
2740 5202 3004 5273 sequenti
3038 5203 3279 5274 scripta,
3314 5219 3373 5257 n.
3404 5202 3456 5267 9,
3495 5216 3782 5257 memora-

2123 5300 2241 5366 tur,
2275 5291 2568 5351 sententia
2595 5306 2705 5346 sua
2733 5289 3033 5345 abstentos
3065 5306 3214 5347 esse.
3275 5289 3624 5360 Conscriptas
3673 5288 3783 5343 for-

2123 5385 2279 5443 sitan
2313 5383 2550 5438 fuerunt
2571 5394 2640 5436 ex
2660 5393 2726 5434 eo
2749 5398 2778 5428 «
2803 5376 3194 5448 plurimorum
3216 5379 3624 5453 episcOporum
3649 5393 3756 5432 con

2123 5473 2278 5545 cillo,
2309 5493 2338 5524 »
2363 5469 2520 5543 quod
2551 5465 2878 5540 Cyprianus
2914 5466 3100 5538 Epist.
3134 5485 3155 5523 ι
3210 5469 3280 5525 ad
3329 5468 3692 5544 Stephanum
3742 5466 3789 5520 Ιο

2122 5580 2180 5624 n.
2212 5564 2269 5634 2,
2301 5557 2527 5629 recolit,
2557 5557 2620 5615 in
2652 5568 2770 5628 quo
2801 5576 2826 5606 ι
2875 5554 3231 5617 Novatianus
3282 5556 3479 5620 hostis
3526 5552 3798 5614 Ecclesia
