4102 6172
510 287 622 348 Ἧι

1873 265 1950 325 ΙΝ
1998 262 2136 324 S.(

2248 260 2565 323 tNELlUM
3403 210 3442 228 “’
3465 223 3472 228 ’
3745 279 3835 345 7,,

501 416 805 488 judicatus
834 416 941 474 est,
970 433 997 459 »
1045 425 1108 463 ac
1165 403 1379 462 nemini
1427 418 1559 459 cum
1611 415 1677 456 eo
1726 395 2156 453 communicare
2186 397 2240 462 Α
2271 393 2497 488 concilii
2538 393 2831 449 decretum
2885 391 3130 448 diversis
3179 393 3479 466 provinciis
3521 405 3700 460 notum
3743 408 3838 468 ﬁeri

507 506 682 562 licere
704 501 1144 577 pronuntiatum
1174 495 1301 552 fuit.

1298 663 1374 722 IV

511 805 612 863 Ubi
664 806 714 858 et
769 800 834 855 de
887 793 1217 870 plenitentiq
1303 785 2001 870 majorumnclericorun‘t,
2052 796 2155 870 Jan

577 851 750 957 ίνϋξίιςς
771 851 976 943 primis
1005 866 1220 922 saeculis
1247 851 1478 935 publica:
1507 856 1735 927 subiecti
1762 857 1995 926 fuerint,
2041 851 2154 906 dis-

575 956 797 1003 seritur.

582 1083 632 1137 4.
669 1080 747 1135 Ad
792 1074 962 1133 initia
1020 1071 1394 1145 pontiﬁcatiis
1450 1061 1698 1120 Cornelii
1756 1061 1968 1116 referre
2021 1057 2156 1112 licet

506 1175 634 1228 tum
667 1171 829 1241 gesta
859 1165 1132 1220 Romanae
1164 1156 1368 1231 synodi
1398 1155 1458 1209 in
1487 1153 1786 1224 lapsorum
1821 1151 2150 1215 causa,tum

505 1235 698 1317 varias
752 1251 1006 1311 Cornelii
1059 1246 1358 1322 epistolas,
1417 1260 1564 1315 quas
1628 1240 2017 1311 Hieronymus
2085 1235 2156 1290 de

509 1347 719 1418 Script.
758 1342 904 1399 Eccl.
964 1356 1088 1411 cap.
1137 1338 1228 1408 76,
1269 1339 1328 1391 et
1374 1330 1683 1400 Eusebius,
1734 1328 1834 1384 lib.
1882 1344 1932 1382 Vl
1983 1324 2154 1393 Hist.,

502 1449 555 1496 c.
581 1413 667 1503 43',
691 1431 1171 1490 commemorant.
1197 1429 1261 1479 Et
1282 1423 1666 1493 Hieronymus
1689 1417 1925 1489 quidem
1958 1415 2028 1471 de
2063 1413 2155 1470 his

502 1525 590 1585 it).
611 1523 900 1595 loquitur:
926 1543 954 1570 «
979 1514 1300 1579 Cornelius,
1331 1512 1600 1567 Romanae
1628 1506 1789 1562 urbis
1820 1505 2151 1576 episcopus,

497 1617 570 1672 ad
603 1593 778 1688 quem
813 1618 938 1665 octo
970 1603 1239 1679 Cypriani
1292 1603 1524 1657 exstant
1572 1594 1828 1669 epistolae
1883 1593 2150 1665 (totidem

491 1682 816 1762 etiamnum
849 1697 1180 1766 habemus),
1205 1690 1444 1762 scripsit
1465 1685 1768 1759 epistolam
1791 1685 1858 1738 ad
1886 1682 2148 1746 Fabium,

489 1792 864 1850 Antiocheme
925 1783 1191 1842 Ecclesia:
1240 1779 1602 1852 episcopum,
1650 1775 1721 1830 de
1771 1772 1992 1846 synodo
2037 1775 2144 1826 Ro-

494 1900 692 1950 mana,
727 1877 947 1947 Italica,
980 1874 1288 1938 Africana;
1320 1873 1378 1924 et
1407 1866 1582 1923 aliam
1618 1865 1689 1918 de
1727 1861 2046 1918 Novatiano

493 2064 762 2134 quartam
805 2057 877 2112 ad
924 2053 1195 2109 eumdem
1245 2047 1489 2103 Fabium
1537 2041 1704 2098 valde
1753 2040 2061 2112 prolixam,
2092 2046 2149 2096 et

486 2130 818 2206 Novatianze
851 2146 1136 2199 haereseos
1167 2153 1374 2193 causas
1397 2139 1454 2190 et
1485 2132 1798 2189 anathema
1845 2130 2146 2185 continen-

485 2243 627 2294 tem.
652 2259 681 2288 »
708 2241 747 2290 E
777 2238 1028 2306 quatuor
1056 2228 1174 2283 illis
1205 2223 1467 2298 epistolis
1499 2219 1644 2276 nihil
1679 2219 1750 2274 ad
1794 2235 1897 2274 nos
1946 2233 2143 2290 perve-

489 2327 594 2394 nit,
626 2324 737 2381 nisi
761 2327 1064 2395 postrema:
1084 2314 1340 2388 insignia
1364 2311 1629 2385 quaedam
1651 2309 1994 2381 fragmenta,
2016 2323 2141 2378 quae

492 2414 742 2470 Eusebio
775 2412 1075 2466 debemus.
1110 2405 1226 2460 Iste
1275 2407 1470 2458 autem
1522 2397 1770 2469 scriptor
1812 2397 1884 2450 de
1932 2395 2141 2451 iisdem

491 2504 672 2577 gestis
703 2519 768 2558 ac
800 2497 1010 2555 litteris
1043 2496 1163 2550 haec
1193 2493 1402 2548 habet:
1440 2510 1467 2539 «
1499 2489 1642 2544 Cum
1675 2487 1869 2542 Romae
1902 2501 2140 2557 congre-

490 2571 624 2666 gata
653 2596 807 2648 esset
837 2586 1118 2662 synodus,
1152 2582 1210 2637 in
1243 2598 1360 2652 qua
1390 2575 1692 2648 sexaginta
1722 2575 1960 2646 quidem
2017 2571 2138 2645 epi-

489 2681 674 2753 scopi,
709 2661 1024 2751 presbyteri
1058 2688 1189 2729 vero
1220 2687 1286 2726 ac
1317 2665 1546 2724 diaconi
1581 2663 1764 2719 multo
1787 2661 1983 2735 plures
2004 2679 2139 2717 con-

485 2749 807 2836 venerunt;
842 2779 1094 2836 cumque
1121 2761 1178 2816 in
1215 2755 1528 2832 provinciis
1558 2753 1664 2826 (uti
1697 2749 1997 2824 probabile
2027 2754 2136 2818 est,

489 2858 686 2930 Italiae)
711 2855 1002 2912 antistites
1034 2867 1297 2907 seorsum
1321 2844 1774 2907 consultassent,
1798 2839 2138 2912 hujusmodi

488 2928 786 3004 decretum
821 2942 1045 2999 cunctis
1078 2937 1509 3012 promulgatum
1544 2937 1633 2987 est
1672 2931 1847 3001 (hand
1900 2928 2075 2984 dubie
2106 2946 2140 2984 a

488 3035 767 3102 Cornelio)
795 3033 1079 3088 Novatum
1113 3029 1238 3100 (leg.
1261 3022 1667 3086 Novatianum,
1689 3019 1925 3091 quidem
1948 3023 2005 3073 et
2038 3035 2136 3072 eos

2265 487 2324 541 et
2355 483 2426 540 ab
2458 483 2543 540 eis
2573 486 2766 540 ratum
2799 481 2998 538 haberi
3032 481 3278 539 curavit.

2334 591 2389 646 6.
2422 590 2692 658 Adidem
2725 589 3038 646 concilium
3073 590 3842 662 pertinerevideturdecretum

2266 681 2337 737 de
2359 696 2473 752 quo
2490 679 2833 753 Cyprianus,
2858 679 3037 750 Epist.
3061 680 3343 747 xxvm,ita
3363 679 3632 754 loquitur;
3661 710 3679 736 ι
3703 690 3846 749 Cum.

2266 785 2379 841 que
2400 769 2516 824 alia
2537 767 2719 826 multa
2735 769 2854 823 sint
2878 772 2936 824 et
2955 769 3153 840 gravia
3173 767 3401 837 delicta,
3439 771 3637 842 quibus
3678 780 3845 835 Basili.

2265 859 2368 915 des
2399 863 2457 914 et
2495 856 2778 914 Martialis
2835 857 3116 930 implicati
3165 862 3454 927 tenentur,
3496 860 3694 920 frustra
3731 869 3849 928 tales

2262 947 2661 1020 episcopatum
2694 947 2807 1002 sibi
2841 961 3124 1018 usurpare
3171 951 3488 1016 conantur;
3535 967 3656 1008 cum
3703 958 3854 1014 mani-

2264 1038 2478 1092 festum
2511 1035 2586 1092 sit
2623 1035 2909 1106 ejusmodi
2964 1034 3233 1091 homines
3277 1050 3382 1091 nec
3429 1036 3675 1096 Ecclesia
3717 1060 3852 1114 posse

2265 1141 2533 1198 praeesse,
2558 1141 2664 1180 nec
2685 1123 2801 1180 Deo
2822 1123 3109 1180 sacriﬁcia
3145 1123 3352 1180 offerre
3389 1125 3614 1184 debere:
3649 1133 3855 1190 maxime

2264 1231 2398 1270 cum
2423 1216 2546 1286 jam
2572 1213 2795 1285 pridem
2823 1212 3124 1269 nobiscum
3147 1217 3359 1269 etcum
3382 1214 3642 1274 omnibus
3659 1222 3854 1279 omnino

2265 1304 2556 1378 episcopis
2589 1303 2645 1358 in
2691 1307 2812 1359 toto
2860 1302 3008 1357 69‘!
3071 1303 3291 1358 mundo
3345 1304 3668 1362 constitutis
3717 1310 3857 1367 etiam

2263 1393 2587 1461 Cornelius,
2641 1391 2862 1464 collega
2917 1396 3135 1460 noster,
3193 1392 3468 1448 sacerdos
3528 1395 3777 1466 paciﬁcus
3815 1403 3860 1455 et

2255 1485 2458 1554 justus
2488 1486 2547 1538 et
2573 1482 2851 1553 martyrio
2882 1496 3114 1552 quoque
3143 1480 3480 1553 dignatione
3518 1483 3730 1540 Domini
3776 1486 3860 1543 ho-

2263 1577 2524 1638 noratus,
2553 1570 2888 1642 decreverit,
2922 1570 3212 1640 ejusmodi
3237 1569 3508 1627 homines
3533 1572 3599 1628 ad
3622 1574 3862 1646 paeniten-

2260 1661 2405 1718 tiam
2436 1661 2670 1734 quidem
2706 1676 2874 1732 posse
2905 1659 3154 1730 admitii,
3187 1659 3259 1715 ab
3289 1659 3649 1718 ordinatione
3700 1668 3862 1720 autem

2178 1773 2226 1838 B
2259 1749 2396 1807 cleri
2429 1753 2604 1822 atque
2636 1748 2980 1805 sacerdotali
3004 1748 3224 1805 honore
3252 1749 3574 1819 prohiberi.
3601 1774 3621 1801 ι
3664 1751 3771 1816 Quo
3814 1753 3861 1809 in

2093 1866 2152 1916 ει
2180 1836 2214 1838 ﬁ
2258 1840 2488 1895 decreto
2519 1855 2652 1894 cum
2685 1838 2926 1911 planum
2960 1837 3037 1894 sit
3073 1838 3409 1894 sacerdotes
3454 1836 3642 1910 lapsos
3687 1840 3750 1896 de
3787 1857 3862 1896 sa-

2257 1926 2532 1984 cerdotali
2581 1927 2863 2000 dignitate
2911 1930 3086 2000 atque
3133 1925 3440 1982 functione
3482 1927 3665 1999 dejici,
3710 1928 3864 2001 iisque

2257 2017 2481 2074 aditum
2541 2017 2613 2072 ad
2672 2016 3070 2088 paenitentiam
3130 2015 3416 2088 permitti,
3475 2033 3602 2089 quae
3658 2018 3722 2074 ab
3771 2017 3864 2073 illis

2255 2106 2594 2250 placuitentia
2625 2105 2907 2177 exigenda.
2934 2109 3109 2178 esset,
3142 2121 3257 2161 non
3289 2105 3440 2162 satis
3470 2105 3756 2179 perspicue
3791 2107 3869 2162 de-

2253 2213 2284 2253 c
2310 2200 2525 2252 aratur.

2320 2307 2372 2360 7.
2408 2301 2634 2360 Eruditi
2667 2301 2900 2367 Morini,
2927 2301 3029 2357 lib.
3066 2319 3124 2360 1v
3153 2301 3224 2358 de
3254 2301 3498 2368 ΡαξῐιίῐἼ
3546 2319 3595 2358 c.
3643 2303 3720 2370 12,
3758 2319 3868 2358 sen-

2251 2394 2434 2451 tentia
2457 2399 2568 2460 est,
2587 2393 2679 2447 cui
2715 2395 2771 2448 et
2794 2390 3028 2463 plurimi
3050 2391 3462 2458 subscribunt,
3506 2392 3741 2462 majores
3773 2389 3869 2447 cle-

2252 2485 2404 2540 ricos
2425 2485 2614 2539 tribus
2636 2481 2844 2555 primis
2863 2480 3133 2536 Ecclesiae
3160 2480 3398 2536 saeculis
3415 2497 3530 2536 non
3553 2497 3712 2536 secus
3725 2485 3871 2552 atque

2249 2574 2451 2642 laicos,
2507 2569 2858 2644 pcenitentize
2917 2569 3162 2642 publicas
3219 2569 3407 2625 fuisse
3457 2570 3742 2625 obnoxios.
3788 2568 3870 2624 Ille

2248 2679 2382 2719 vero
2405 2661 2562 2717 istud
2587 2659 2838 2716 maxime
2863 2658 2920 2714 in
2944 2657 3191 2732 gratiam
3215 2658 3518 2731 Opinionis
3532 2676 3646 2714 suae
3665 2657 3871 2729 profert,

2250 2752 2402 2824 quod
2441 2749 2783 2823 Cyprianus,
2834 2747 3017 2820 Epist.
3069 2764 3160 2802 ιιι
3190 2748 3338 2803 edit.
3378 2747 3616 2815 Pamel.,
3648 2764 3738 2802 seu
3769 2761 3873 2801 ulv

2248 2841 2392 2898 edit.
2432 2845 2637 2906 Oxon.,
2669 2839 2741 2894 ad
2774 2837 2982 2893 Fidum
3013 2837 3258 2893 scribit:
3302 2860 3331 2887 α
3367 2837 3638 2908 Legimus
3680 2835 3875 2891 litteras

2247 2935 2306 2984 tu
2317 2947 2400 2997 as,
2419 2931 2592 2984 frater
2604 2925 3194 2998 charissime,quibus
3213 2925 3568 2998 signiﬁcasti
3593 2926 3659 2981 de
3673 2925 3872 2979 Victore

2247 3020 2539 3089 quondam
2557 3015 3072 3088 presbytero,quod
3096 3015 3145 3070 ei
3161 3019 3491 3088 antequam
3516 3012 3876 3086 pmnitentiam

488 3125 586 3198 qui
619 3141 752 3180 cum
788 3124 911 3194 ipso
943 3135 1071 3175 sese
1107 3114 1455 3172 insolentius
1505 3109 1852 3173 extulerant,
1890 3113 1959 3205 et
2000 3105 2134 3205 qui-
2166 3140 2209 3205 ρ
2250 3109 2481 3181 plenam
2513 3107 2752 3180 egisset,
2784 3112 2839 3161 et
2869 3104 3114 3160 Domino
3147 3103 3289 3173 Deo,
3326 3105 3388 3159 in
3424 3121 3599 3176 quem
3644 3103 3876 3173 delique-

487 3231 717 3285 cunque
777 3207 1278 3266 inhumanissima:
1334 3209 1391 3258 et
1447 3218 1482 3255 a
1536 3201 1789 3254 fraterna
1855 3195 2144 3251 cbaritate'
2171 3192 2208 3205 ’³
2247 3201 2356 3265 rat,
2387 3195 2789 3261 satisfecisset,
2821 3198 3038 3250 temere
3067 3193 3406 3266 Therapius
3449 3192 3671 3264 collega
3713 3193 3881 3246 noster

487 3303 686 3359 alienae
744 3302 872 3371 ejus
930 3295 1188 3370 opinioni
1248 3290 1576 3348 consentire
1623 3289 2134 3360 prazsumpserant,

485 3390 704 3447 alienos
754 3392 825 3444 ab
864 3387 1117 3442 Ecclesia
1163 3381 1463 3438 habendos
1512 3394 1674 3442 esse;
1727 3377 1932 3429 fratres
1979 3389 2132 3438 vero,

487 3481 585 3553 qui
619 3497 754 3535 casu
785 3495 849 3532 ac
881 3476 1200 3532 tentatione
1230 3470 1377 3542 lapsi
1412 3470 1638 3522 fuerant
1672 3462 2016 3535 pmuitentize
2048 3477 2134 3516 re-

488 3570 697 3626 mediis
720 3567 1008 3622 curandos
1034 3569 1091 3618 et
1113 3561 1498 3618 confovendos
1519 3557 1915 3610 essc.Exstant
1945 3550 2136 3605 adhuc

486 3657 744 3730 epistola:
776 3653 1018 3710 Cornelii
1055 3653 1447 3708 Romanorum
1479 3643 1731 3716 episcopi
1767 3641 1836 3694 ad
1890 3639 2133 3694 Fabium

487 3745 898 3802 Antiochensis
920 3741 1186 3797 Ecclesiae
1211 3735 1514 3811 prmsulem
1539 3732 1753 3798 missae,
1776 3729 1834 3783 in
1851 3729 2065 3800 quibus
2079 3732 2136 3783 et

483 3837 756 3892 Romana
782 3831 987 3905 synodi
1018 3835 1206 3902 gesta,
1251 3831 1307 3882 et
1364 3822 1626 3879 omnium
1685 3835 1787 3890 per
1821 3816 2045 3872 Italiam
2077 3821 2136 3870 et

480 3925 733 3980 Africam
766 3923 1030 3992 aliasque
1065 3919 1322 3973 locorum
1357 3913 1588 3966 illorum
1625 3905 1950 3980 provincias
2001 3921 2132 3960 sen-

481 4014 671 4071 tentias
703 4011 1094 4067 declarantur.
1128 4005 1227 4064 His
1260 4003 1536 4072 adjuncta
1565 4003 1688 4053 erat
1717 3995 1830 4051 alia
1869 3995 2130 4065 ejusdem

483 4100 730 4158 Cornelii
765 4097 1031 4172 epistola,
1063 4096 1134 4151 de
1166 4093 1257 4149 bis
1287 4108 1414 4164 quae
1455 4089 1513 4144 in
1563 4086 1778 4160 synodo
1827 4083 2133 4157 (Romana)

485 4193 716 4248 decreta
747 4190 1000 4244 inerant.

551 4283 604 4336 5.
638 4278 878 4344 Quando
911 4281 1105 4332 autem
1138 4271 1402 4328 habitum
1433 4267 1608 4323 fuerit
1637 4281 1768 4320 mox
1800 4263 2021 4318 dictum
2062 4261 2135 4318 de

476 4369 776 4441 lapsorum
807 4383 986 4422 causa
1015 4361 1353 4429 concilium,
1406 4357 1667 4428 adeoque
1709 4357 1765 4409 et
1815 4368 1930 4425 quo
1980 4355 2131 4406 tem-

478 4440 616 4530 pore
643 4475 676 4514 a
705 4455 969 4512 Cornelio
1012 4452 1351 4523 conscriptae
1384 4447 1504 4504 sint
1553 4461 1621 4501 ea
1669 4443 1739 4498 de
1789 4457 1966 4498 causa
2008 4440 2129 4513 epi-

2246 3286 2562 3341 immaturo
2590 3288 2851 3356 tempore
2880 3287 2936 3339 et
2966 3299 3341 3355 praepropera
3391 3282 3755 3338 festinatione
3795 3295 3880 3351 pa-

2245 3390 2371 3431 cem
2401 3375 2643 3429 dederit.
2677 3373 2811 3437 Quae
2852 3387 2945 3428 res
2995 3388 3111 3428 non
3161 3373 3316 3428 satis
3367 3371 3574 3437 movit,
3618 3382 3881 3427 secessum

2243 3481 2371 3519 esse
2401 3481 2434 3518 a
2463 3463 2676 3518 decreti
2712 3461 2896 3516 nostri
2926 3461 3300 3528 auctoritate,
3337 3464 3405 3515 ut
3427 3465 3565 3515 ante
3584 3458 3881 3530 legitimum

2242 3558 2300 3609 et
2329 3551 2565 3624 plenum
2596 3558 2830 3622 tempus
2851 3548 3298 3616 satisfactionis,
3336 3555 3399 3605 et
3448 3549 3578 3604 sine
3627 3547 3798 3621 petitu
3839 3547 3885 3599 et

2243 3639 2598 3696 conscientia
2626 3638 2834 3710 plebis,
2868 3636 3032 3692 nulla
3051 3636 3412 3693 inﬁrmitate
3441 3641 3688 3710 urgente
3717 3651 3776 3690 ac
3802 3648 3884 3688 ne.

2243 3730 2514 3785 cessitate
2543 3731 2805 3799 cogente,
2848 3743 2957 3798 pax
3013 3726 3061 3780 ei
3121 3727 3580 3783 concederetur.
3607 3747 3634 3774 »
3682 3726 3796 3791 Quo
3834 3720 3883 3776 in

2245 3818 2368 3874 loco
2412 3819 2730 3883 decretum,
2790 3833 2818 3870 ο
2883 3831 2998 3886 quo
3051 3831 3364 3870 recessum
3419 3831 3555 3871 esse
3602 3812 3892 3886 Cyprianus

2243 3907 2426 3976 docet,
2459 3905 2601 3960 illud
2633 3904 2829 3976 ipsum
2861 3901 3184 3975 intelligere
3212 3901 3388 3969 licet,
3422 3903 3584 3976 quod
3615 3902 3762 3957 idem
3807 3912 3890 3952 an-

2239 3997 2408 4051 tistes
2440 3995 2497 4049 in
2530 3992 2785 4064 Epistola
2806 4008 2997 4056 vam,
3029 4007 3162 4046 mox
3191 3992 3386 4057 dicta,
3424 4007 3632 4049 secum
3681 3995 3736 4045 et
3779 4000 3893 4043 cum

2242 4083 2516 4140 omnibus
2546 4081 2784 4138 omnino
2815 4080 3108 4153 episcopis
3137 4081 3195 4135 in
3230 4086 3364 4137 toto
3428 4081 3657 4136 mundo
3705 4074 3897 4132 consti-

2241 4173 2385 4230 tutis
2419 4191 2452 4228 a
2475 4170 2738 4228 Cornelio
2769 4171 2992 4226 editum
3029 4175 3349 4226 memorat.
3405 4170 3580 4226 Unde
3639 4165 3898 4239 sequitur,

2242 4266 2306 4318 ut
2336 4261 2596 4332 ejusdem
2646 4259 2860 4317 decreti
2919 4259 3271 4315 auctoritate
3327 4259 3698 4332 presbyteris
3745 4251 3899 4325 lapsis

2242 4358 2464 4409 certum
2494 4351 2897 4423 praescriptum
2931 4349 3008 4405 sit
3037 4349 3482 4407 satisfactionis
3531 4367 3599 4406 ac
3646 4346 3902 4421 poeniten-

2241 4439 2334 4495 tiae
2367 4443 2621 4510 tempus,
2652 4437 2737 4494 eis
2781 4436 3024 4492 minime
3080 4437 3556 4508 remittendum,
3599 4436 3714 4492 nisi
3763 4427 3899 4488 aliud

482 4510 665 4611 stolae,
698 4510 886 4602 ex.
917 4510 1055 4600 cleri
1090 4510 1340 4598 Romani
1400 4537 1471 4592 ad
1519 4532 1894 4606 Cyprianum,
1947 4510 2129 4601 Epist.
2163 4510 2208 4575 Ῑ)
2247 4551 2269 4579 ι
2303 4531 2488 4602 petitu
2520 4529 2781 4602 plebis,»
2817 4528 2905 4584 vel
2936 4551 2964 4579 «
2993 4527 3354 4587 inﬁrmitate
3411 4533 3669 4604 urgente
3723 4541 3783 4583 ac
3827 4535 3904 4577 n0-

481 4637 635 4702 xxx’r,
692 4634 1020 4704 colligitur:
1086 4633 1286 4686 «Ante
1343 4623 1821 4683 constitutionem
1873 4618 2130 4691 episcopi

483 4724 628 4781 nihil
663 4723 1060 4779 innovandum
1091 4718 1446 4793 putavimus,
1472 4714 1571 4770 sed
1604 4711 1903 4783 lapsorum
1927 4724 2129 4763 curam

480 4813 853 4870 mediocriter
881 4810 1320 4882 temperandam
1354 4821 1481 4861 esse
1511 4801 1803 4858 credimus
1831 4816 1844 4867 ;
1879 4803 1945 4853 ut
1978 4799 2128 4853 inte-

476 4905 588 4960 rim
620 4903 762 4957 dum
794 4901 1106 4974 episcopus
1132 4894 1257 4951 dari
1292 4911 1326 4948 a
1353 4893 1469 4948 Deo
1501 4889 1670 4944 nobis
1699 4887 2044 4957 sustinetur,
2069 4885 2128 4940 in

475 5007 765 5064 suspenso
791 5005 1014 5058 eorum,
1037 4986 1134 5056 qui
1161 4999 1354 5038 moras
1378 4975 2131 5051 possuntsustinere,causa

474 5085 758 5138 teneatur.
786 5102 813 5130 »
835 5078 1014 5134 Nemo
1036 5074 1191 5129 enim
1220 5087 1336 5126 non
1363 5069 1531 5134 videt,
1557 5065 1692 5120 dato
1735 5081 1769 5120 a
1791 5069 1902 5120 Deo
1937 5064 2129 5120 Rome

480 5169 750 5242 pontiﬁce
781 5164 1065 5231 Cornelio,
1101 5159 1325 5217 nullam
1357 5153 1718 5228 superfuisse
1748 5169 1987 5209 causam
2027 5169 2132 5208 cur

479 5277 545 5316 ea
578 5276 668 5314 res
701 5255 922 5312 diutius
972 5254 1028 5308 in
1089 5264 1376 5322 suspenso
1432 5248 1779 5301 teneretur:
1822 5243 1942 5299 imo
1995 5259 2128 5298 cum

473 5348 831 5404 Novatianus
861 5342 1042 5416 lapsis
1065 5341 1296 5396 veniam
1329 5339 1586 5409 negaret,
1622 5331 1872 5388 maxime
1930 5346 2126 5388 neces-

475 5438 699 5494 sarium
727 5434 927 5499 fuisse,
961 5436 1026 5488 ut
1054 5431 1248 5496 citius,
1283 5428 1481 5484 habito
1513 5422 1780 5490 concilio,
1838 5421 2125 5476 ﬁniretur.

481 5526 762 5591 Quocirca
793 5524 943 5579 inter
970 5522 1160 5595 prima
1179 5516 1431 5577 Cornelii
1462 5513 1693 5586 negotia
1718 5515 2130 5582 computamus

478 5631 614 5677 cum
643 5615 757 5675 hoc
785 5611 1117 5682 concilium,
1147 5614 1276 5668 tum
1322 5608 1556 5667 litteras
1604 5601 1823 5677 quibus
1863 5599 2130 5674 ejusdem

2239 4621 2507 4676 cessitate
2536 4623 2776 4692 cogente
2802 4641 2830 4668 »
2861 4618 3234 4676 suaderetur.
3275 4619 3397 4676 Sed
3439 4616 3783 4693 poenitentia
3799 4610 3902 4676 illa,

2241 4726 2366 4780 qua
2385 4709 2458 4764 ab
2487 4707 2606 4764 illis
2627 4730 2656 4759 «
2689 4707 2863 4780 plena
2895 4728 2924 4757 η
2953 4705 3330 4779 exigebatur,
3364 4726 3444 4765 an
3478 4706 3721 4782 publica
3769 4701 3905 4758 esset

2239 4816 2441 4867 necne,
2473 4797 2651 4855 etiam
2683 4796 2779 4854 hic
2810 4796 3036 4854 siletur.
3069 4796 3282 4868 Neque
3316 4797 3381 4854 id
3408 4797 3637 4854 clarius
3667 4788 3908 4852 enuntiat

2239 4889 2563 4963 Cyprianus
2593 4888 2653 4944 in
2710 4885 2969 4960 Epistola
3025 4903 3172 4957 inv,
3234 4905 3352 4945 seu
3415 4905 3548 4958 uv,
3604 4900 3776 4960 quam
3835 4876 3908 4935 sic

2238 4979 2573 5035 exorditur:
2601 4999 2630 5028 α
2664 4975 2931 5033 Graviter
2958 4981 3018 5032 et
3047 4974 3327 5033 dolenter
3359 4984 3570 5035 motus
3617 4991 3767 5043 sum,
3807 4969 3908 5024 τη·

2238 5073 2356 5125 tres
2385 5066 2744 5134 charissimi,
2777 5065 2932 5138 quod
2965 5067 3357 5139 cognoverim
3414 5063 3906 5124 Fortunatianum,

2237 5158 2533 5230 quondam
2564 5156 2719 5228 apud
2741 5171 2842 5212 vos
2861 5155 3231 5228 episcopum,
3259 5161 3410 5229 post
3432 5171 3674 5230 gravem
3694 5153 3903 5224 lapsum

2239 5248 2421 5303 ruinas
2452 5262 2593 5314 sum,
2626 5261 2730 5318 pro
2759 5243 2984 5316 integro
3007 5261 3163 5300 nunc
3187 5259 3379 5317 agere
3402 5244 3580 5317 velle,
3600 5247 3658 5301 et
3696 5239 3906 5316 episco-

2239 5341 2441 5408 patum
2472 5335 2585 5392 sibi
2613 5334 2911 5390 vindicare
2961 5333 3231 5404 ccepisse.
3323 5374 3340 5390 .
3427 5375 3443 5390 .
3528 5377 3544 5392 .
3625 5377 3640 5392 .
3716 5375 3730 5388 .
3805 5371 3817 5384 .
3891 5363 3904 5377 .

2239 5440 2375 5481 cum
2396 5425 2603 5480 debeat
2623 5422 2980 5489 satisfacere,
3002 5425 3061 5476 et
3085 5423 3152 5477 ad
3172 5420 3517 5480 Dominum
3543 5418 3897 5483 exorandum,

2237 5514 2446 5571 diebus
2479 5530 2542 5570 ac
2573 5509 3156 5584 noctibus,lacrymis
3191 5515 3254 5568 et
3288 5513 3670 5569 orationibus
3696 5513 3751 5564 et
3778 5518 3894 5576 pre-

2240 5604 2408 5662 cibus
2441 5602 2820 5668 incumbere;
2858 5601 3034 5657 audet
3090 5599 3205 5656 sibi
3263 5603 3472 5659 adhuc
3533 5595 3894 5658 sacerdotium
