4102 6172
350 173 470 271 713

350 431 622 486 accedere
652 432 724 486 ad
756 430 937 486 altare
973 431 1067 485 Dei
1101 431 1187 485 fas
1220 430 1314 484 sit.
1348 451 1377 478 »

421 540 474 593 8.
491 537 702 593 Verum
717 536 964 593 Cornelii
984 543 1158 609 atque
1172 535 1578 608 episcoporum
1598 535 1776 592 totius
1795 536 2002 592 mundi

352 648 482 704 quas
513 646 679 685 mens
711 630 905 694 fuerit,
938 645 1005 683 ex
1045 645 1110 684 ea
1150 628 1278 700 ipsa
1327 629 1592 700 Cypriani
1625 629 1905 700 Epistola,
1941 630 2000 684 in

351 737 465 791 qua
490 721 785 774 decretum
826 717 1061 772 illorum
1108 717 1400 787 laudatur,
1459 716 1730 788 colligere
1785 719 2003 773 certius

349 813 528 879 atque
555 806 923 878 interpretari
957 805 1109 861 licet.
1152 806 1216 860 In
1262 822 1329 861 ea
1359 806 1576 878 quippe
1625 812 2002 878 repraesenta-

346 902 447 952 tur
476 895 780 964 Basilides,
810 900 872 950 nt
898 894 998 966 qui
1028 895 1258 950 decreto
1316 893 1397 949 illi
1433 911 1633 965 parere
1682 912 1748 950 ac
1779 912 2002 951 morem

347 1002 548 1058 gerere
579 986 705 1055 jam
737 983 1211 1054 coepissetzadeo
1265 988 1330 1037 ut
1379 1005 1408 1033 ‹‹
1440 983 1840 1055 episcopatum
1900 1001 2003 1056 pro

347 1073 716 1130 conscientiae
765 1089 883 1128 sua
942 1070 1180 1127 vulnere
1217 1073 1534 1142 deponens,
1586 1073 1656 1126 ad
1717 1073 2002 1144 agendam

349 1162 752 1236 paenitentiam
810 1177 1123 1216 conversus
1163 1161 1258 1226 sit,
1309 1160 1494 1216 Deum
1551 1161 1890 1232 deprecans,
1948 1165 2005 1218 et

349 1254 499 1308 satis
529 1251 831 1324 gratulans
864 1251 912 1304 si
947 1250 1057 1305 sibi
1091 1248 1178 1304 vel
1213 1249 1358 1305 laico
1404 1250 1836 1306 communicare
1865 1267 2004 1306 con-

349 1346 623 1417 tingeret.
661 1366 690 1392 »
721 1343 778 1398 Si
811 1342 968 1398 enim
999 1342 1057 1396 in
1093 1341 1182 1398 his
1212 1342 1402 1396 verbis
1460 1341 1674 1412 quibus
1723 1341 2004 1398 Basilides

349 1457 378 1484 α
415 1434 488 1488 ad
519 1433 806 1504 agendam
848 1430 1247 1502 pamitentiam
1299 1446 1615 1485 conversus
1651 1452 1676 1479 ››
1710 1436 2004 1498 narratur,

353 1536 733 1594 nequaquam
784 1519 1020 1591 publica
1080 1519 1414 1590 paenitentia
1445 1519 1598 1574 892
1631 1519 2008 1582 intelligenda

349 1613 448 1678 sit,
495 1609 657 1665 nulla
713 1609 915 1664 subest
972 1609 1118 1663 ratio
1169 1625 1272 1663 cur
1329 1608 1648 1675 decretum,
1685 1625 1798 1678 quo
1835 1631 1862 1657 «
1897 1608 2004 1663 hu-

343 1699 615 1770 jusmodi
648 1699 914 1753 homines
947 1698 1017 1752 ad
1068 1697 1352 1767 agendam
1401 1697 1802 1767 paenitentiam
1837 1713 2005 1768 posse
2035 1720 2082 1784 B

349 1788 588 1845 admitti
619 1809 648 1836 »
671 1787 972 1842 Cornelius
1005 1803 1139 1840 cum
1162 1785 1382 1840 caateris
1434 1786 1614 1840 totius
1649 1786 1849 1841 mundi
1885 1786 2006 1858 epi-

355 1878 552 1949 scopis
582 1875 908 1941 constituit,
940 1876 1010 1930 de
1041 1875 1275 1946 publica
1301 1875 1643 1946 pcenitentia
1666 1875 2004 1946 interprete-

352 1983 509 2021 mur.
539 1966 714 2036 Atqui
747 1964 1030 2019 Basilides
1061 1965 1270 2018 adeam
1287 1963 1686 2035 pcenitentiam
1717 1965 2003 2036 agendam

344 2061 439 2111 est
468 2071 942 2120 conversus,cum
977 2070 1088 2124 qua
1109 2053 1479 2124 episcopatus
1509 2053 2004 2125 recipiendispem

349 2161 470 2200 non
503 2144 738 2215 adjecit,
762 2143 878 2198 imo
909 2147 966 2197 et
1014 2141 1152 2196 illud
1181 2159 1213 2196 a
1263 2141 1560 2212 Stephano
1590 2159 1690 2214 per
1721 2142 2006 2214 obreptio-

348 2249 483 2287 nem
518 2231 849 2303 impetravit
882 2250 894 2298 ;
924 2248 1057 2286 cum
1108 2247 1176 2285 ea
1223 2230 1282 2284 in
1335 2230 1594 2286 Ecclesia
1631 2229 1722 2286 lex
1774 2247 2006 2303 semper

341 2322 684 2386 obtinuerit,
717 2328 780 2376 ut
811 2322 881 2376 iis
911 2320 1011 2392 qui
1056 2321 1350 2390 publicam
1409 2319 1670 2391 egissent
1717 2319 2000 2391 pceniten‘

343 2412 512 2474 tiam,
549 2415 649 2465 aut
677 2411 745 2466 ad
772 2409 991 2465 clerum
1025 2409 1304 2473 adeundi,
1337 2413 1438 2463 aut
1468 2409 1527 2462 in
1553 2425 1688 2464 eum
1722 2409 2001 2464 redeundi

336 2516 482 2571 spes
515 2499 676 2554 nulla
708 2499 1356 2569 relinqueretur.Neque
1390 2498 1565 2570 igitur
1598 2498 2002 2568 publicaillius

343 2588 688 2661 pmnitentia
732 2589 858 2641 fuit.
894 2587 1053 2652 Quod
1088 2593 1282 2642 autem
1315 2587 1574 2641 beneficii
1610 2586 1733 2641 loco
1765 2588 2002 2643 duxisse

341 2677 582 2744 dicitur,
612 2700 632 2726 α
662 2676 710 2731 si
738 2676 849 2732 sibi
903 2674 989 2732 vel
1053 2675 1199 2730 laico
1232 2675 1666 2731 communicare
1697 2678 2001 2747 continge-

342 2771 456 2834 ret,
492 2792 515 2820 ι
570 2765 824 2821 illustrat
874 2765 1024 2820 idem
1081 2765 1426 2836 Cyprianus,
1475 2765 1644 2836 epist.
1678 2769 1767 2831 72,
1801 2765 1898 2820 ubi
1931 2766 2001 2820 de

341 2858 423 2912 iis
471 2857 571 2928 qui
629 2857 908 2912 adversus
947 2853 1260 2909 Ecclesium
1307 2853 1676 2922 rebellarant,
1726 2855 1796 2908 ad
1867 2856 2000 2910 Ste-

341 2945 608 3017 phanum
641 2961 851 3016 papam
883 2944 964 2998 ita
985 2943 1224 2998 scribit:
1261 2943 1588 2998 «Addimus
1621 2941 1791 3014 plane
1812 2949 1867 2998 et
1897 2945 1998 2999 ad-

333 3035 675 3107 jungimus,
698 3037 872 3088 frater
903 3032 1272 3098 charissime,
1303 3047 1591 3087 consensu
1653 3037 1712 3087 et
1755 3033 1999 3088 auctori-

340 3129 464 3179 tate
495 3123 814 3187 communi,
843 3123 1020 3177 etiam
1051 3121 1099 3177 si
1123 3121 1222 3192 qui
1253 3121 1572 3193 presbyteri
1608 3126 1708 3175 aut
1741 3122 1990 3192 diaconi,

339 3212 445 3284 qui
477 3211 564 3268 vel
597 3213 654 3266 in
685 3211 941 3266 Ecclesia
972 3211 1133 3282 prius
1165 3210 1414 3265 ordinati
1458 3211 1695 3276 fuerint,
1747 3216 1805 3265 et
1837 3217 1992 3282 post-

340 3303 587 3356 modum
622 3300 818 3371 perfidi
851 3305 909 3354 et
940 3298 1183 3354 rebelles
1206 3299 1728 3354 exstiterint....eos
1761 3316 1994 3371 quoque

336 3391 452 3446 bac
481 3390 812 3445 conditione
847 3388 1069 3458 suscipi
1099 3403 1232 3442 eum
1291 3392 1680 3451 revertuntur,
1742 3394 1804 3442 ut
1834 3405 1992 3443 com-

338 3481 818 3545 municentlaici,
851 3485 907 3534 et
957 3478 1100 3534 satis
1135 3479 1388 3533 habeant
1419 3479 1574 3550 quod
1609 3479 1994 3534 admittantur

337 3571 414 3626 ad
449 3585 669 3642 pacem,
696 3569 794 3641 qui
827 3567 1026 3623 hostes
1059 3567 1215 3636 pacis
1229 3567 1576 3622 exstiterint.
1606 3589 1632 3615 ››
1661 3568 1790 3622 Ideo
1816 3567 1994 3638 igitur

337 3660 429 3714 illi
462 3660 746 3714 indultam
768 3657 878 3712 sibi
896 3657 1758 3722 redeuntibuscommunionem
1785 3655 1990 3710 laicam

337 3747 607 3805 beneficii
640 3746 762 3802 loco
794 3747 1002 3801 ducere
1033 3745 1374 3810 debuerant,
1402 3744 1537 3814 quia
1559 3744 1615 3799 in
1649 3745 1794 3816 ipsis
1824 3749 1994 3800 antea

336 3842 566 3894 certum
599 3835 949 3908 paenitentiae
980 3839 1211 3905 tempus
1260 3834 1651 3906 praescribere,
1699 3839 1757 3888 et
1801 3834 1992 3905 quoad

340 3927 486 3982 illud
522 3925 870 3997 exegissent,
901 3923 1369 3979 communionem
1412 3922 1572 3977 illam
1633 3921 1865 3978 differre
1921 3922 1990 3978 li-

338 4015 602 4082 cuisset;
637 4032 747 4069 non
772 4013 910 4084 quia
940 4011 1236 4078 diaconos,
1258 4011 1623 4083 presbyteros
1653 4012 1992 4082 autepisco-

339 4121 452 4176 pos
486 4103 819 4173 hujusmodi
847 4100 1210 4156 solemnibus
1235 4099 1845 4171 publicaapmnitentiee
1869 4100 1993 4154 riti-

334 4197 457 4250 bus
488 4193 788 4262 subjacere
847 4207 987 4246 usus
1037 4189 1285 4244 volebat.
1348 4189 1652 4244 Enimvero
1693 4189 1742 4244 si
1799 4205 1866 4244 ex
1900 4190 1992 4258 iis,

330 4283 452 4355 qui
483 4282 540 4334 in
574 4281 719 4334 libro
749 4298 789 4334 ιι
822 4279 1079 4350 Gregorii
1113 4279 1326 4348 Magni.
1365 4279 1487 4332 Ind.
1530 4295 1582 4348 ν,
1616 4279 1787 4344 epist.
1825 4283 1875 4342 6,
1925 4279 1995 4333 de

333 4369 658 4437 Demetrio,
682 4370 979 4440 quondam
1038 4367 1414 4438 Neapolitano
1445 4368 1738 4440 episcopo,
1771 4368 1996 4439 gravis-

1885 208 2192 272 ΝΟΤΙἸῚΑ
2219 256 2229 268 .

351 342 508 414 quod
539 341 799 414 prodidit
828 339 1141 406 vindicare,
1181 341 1349 412 quasi
1410 347 1541 412 post
1591 358 1722 396 aras
1779 340 1994 396 diaboli
2026 345 2076 410 Α
2113 345 2249 397 orbe
2300 343 2748 400 constitutorum
2801 367 2827 392 »

3647 217 3766 276 7M

2889 345 3070 402 fuisse
3116 345 3437 418 Cyprianus
3491 351 3766 404 testatur.

2112 431 2417 486 Decretum
2449 433 2603 487 enim
2638 439 2797 488 tanto
2829 438 3067 506 tamque
3090 436 3764 506 generaliconsensuﬂr-

2117 527 2360 587 malum,
2386 521 2619 576 nonnisi
2643 522 2888 577 solemni
2905 522 3238 596 aliqualege
3261 525 3763 596 abrogaridebuit:

2113 613 2213 663 aut
2234 608 2280 663 si
2317 626 2415 680 per
2444 627 2505 665 se
2537 611 2830 682 antiquari
2863 616 3039 682 atque
3070 612 3128 667 in
3187 614 3636 671 desuetudinem
3669 633 3763 672 ve-

2114 698 2236 753 nire
2269 700 2527 769 potuisse
2553 700 2686 770 quis
2730 700 3080 773 suspicetur,
3115 700 3259 756 illud
3317 708 3469 758 certe
3515 704 3767 761 fateatur

2112 803 2349 843 necesse
2380 793 2486 854 est,
2520 788 2608 844 vix
2641 789 2761 844 fieri
2799 789 3148 861 potuisse,ut
3179 790 3235 845 id
3267 794 3385 847 tam
3408 793 3522 848 cito
3544 793 3603 849 in
3635 811 3765 849 om-

2113 879 2288 935 nibus
2319 879 2586 934 Ecclesize
2647 880 2960 950 provinciis
3010 879 3186 935 simul
3247 882 3629 955 contingeret,
3661 900 3768 940 nec

2115 967 2234 1023 ulla
2255 967 2463 1023 saltem
2496 969 2553 1023 in
2587 969 2951 1041 principibus
2973 969 3112 1026 viris
3133 976 3466 1042 superesset
3488 976 3768 1032 contrarii

2118 1074 2263 1112 usus
2305 1057 2604 1112 memoria.
2645 1060 2820 1129 Atqui
2877 1058 3087 1115 saeculo
3147 1065 3353 1130 quarto
3402 1059 3650 1128 clericis,
3705 1067 3770 1119 ut

2115 1145 2406 1219 publicam
2439 1147 2836 1218 paenitentiam
2861 1151 3116 1220 agerent,
3141 1148 3406 1205 Romana
3426 1149 3483 1204 in
3513 1150 3768 1208 Ecclesia

2114 1251 2458 1291 concessum
2491 1253 2605 1291 non
2648 1252 2777 1292 esse
2833 1237 2998 1292 testis
3057 1242 3145 1292 est
3200 1237 3465 1306 Siricius,
3514 1238 3686 1312 epist.
3723 1257 3764 1307 ι,

2119 1341 2177 1380 n.
2214 1324 2300 1389 18,
2339 1325 2435 1379 ubi
2465 1324 2610 1379 illud
2641 1325 2796 1380 velut
2824 1327 3066 1398 antiquo
3097 1331 3200 1382 aut
3250 1327 3426 1384 etiam
3488 1334 3765 1401 perpetuo

2114 1430 2224 1469 usu
2250 1422 2543 1485 receptum
2577 1414 2659 1469 sic
2721 1415 2990 1486 proponit
3025 1433 3036 1470 :
3069 1438 3097 1466 «
3145 1415 3309 1471 Sicut
3363 1418 3764 1486 paenitentiam

2115 1519 2285 1574 agere
2313 1503 2585 1575 cuiquam
2635 1521 2749 1559 non
2806 1505 3142 1560 conceditur
3201 1505 3569 1573 clericorum,
3604 1507 3684 1563 ita
3712 1513 3770 1563 et

2116 1595 2249 1662 post
2262 1591 2682 1662 paenitudinem
2699 1608 2764 1646 ac
2787 1591 3316 1649 reconciliationem
3333 1593 3480 1648 nulli
3505 1609 3765 1666 unquam

2118 1679 2265 1735 laico
2315 1679 2486 1735 liceat
2538 1681 2814 1735 honorem
2865 1682 3018 1737 698
3049 1681 3382 1758 _clericatus
3431 1682 3699 1754 adipisci.
3735 1705 3765 1733 ››

2117 1768 2232 1824 Hoc
2261 1768 2458 1840 ipsum
2494 1775 2694 1840 postea
2740 1773 2797 1823 et
2856 1769 2987 1837 Leo,
3030 1786 3063 1824 a
3110 1770 3343 1826 Rustico
3399 1769 3763 1827 Narbonensi

2113 1859 2385 1930 episcopo
2415 1863 2654 1930 rogatus
2683 1880 2710 1907 ‹‹
2740 1859 2810 1913 de
2860 1859 3194 1930 presbytero
3224 1859 3311 1914 vel
3342 1860 3606 1930 diacono,
3640 1861 3763 1932 qui,

2114 1948 2344 2020 cognito
2366 1948 2605 2002 crimine
2636 1964 2763 2014 suo,
2790 1948 3190 2020 pcenitentiam
3224 1954 3648 2020 petunt,utrum
3680 1950 3764 2008 eis

2115 2052 2218 2106 per
2249 2053 2459 2091 manus
2491 2036 2923 2108 impositionem
2957 2037 3151 2092 danda
3181 2037 3277 2105 sit,
3305 2061 3333 2087 ››
3355 2039 3525 2110 epist.
3560 2057 3622 2110 ιι,
3642 2056 3689 2095 ο.
3707 2040 3762 2108 2,

2114 2124 2442 2180 luculenter
2473 2126 2727 2180 firmavit
2770 2125 2862 2180 his
2919 2127 3109 2181 verbis
3146 2143 3158 2182 :
3207 2149 3237 2177 «
3287 2127 3556 2184 Alienum
3591 2133 3679 2184 est
3730 2145 3764 2184 a

2114 2215 2540 2270 consuetudine
2569 2214 2983 2282 ecclesiastica,
3018 2219 3084 2269 ut
3135 2216 3232 2284 qui
3292 2215 3349 2271 in
3383 2216 3764 2290 presbyterali

2113 2303 2329 2359 honore
2360 2308 2461 2359 aut
2494 2304 2552 2358 in
2601 2304 2851 2359 diaconii
2884 2305 3067 2375 gradu
3103 2305 3317 2360 fuerint
3348 2307 3690 2378 consecrati,
3723 2307 3764 2362 ii

2116 2411 2216 2464 pro
2249 2393 2493 2448 crimine
2515 2393 2706 2462 aliqua
2770 2409 2876 2448 suo
2933 2411 3034 2464 per
3083 2410 3294 2450 manus
3324 2395 3761 2467 impositionem

2113 2484 2434 2538 remedium
2467 2482 2754 2554 accipiant
2783 2484 3100 2554 pcenitandi
3129 2501 3140 2539 :
3171 2485 3325 2555 quod
3349 2485 3474 2540 sine
3502 2486 3763 2542 dubioex

2111 2571 2432 2642 apostolica
2488 2570 2796 2626 traditlone
2826 2571 3146 2627 descendit.
3182 2595 3209 2621 ››
3247 2577 3330 2627 An
3385 2591 3517 2630 vero
3564 2579 3762 2630 tantus

2113 2660 2368 2731 pontifex
2398 2676 2697 2715 sacrorum
2740 2676 3028 2715 canonum
3081 2662 3222 2716 adeo
3284 2662 3448 2718 rudis
3502 2667 3645 2728 erat,
3699 2668 3764 2718 ut

2110 2750 2594 2804 consuetudinem
2653 2749 2704 2802 ei
2764 2748 2873 2819 legi
2924 2751 3274 2805 contrariam
3334 2768 3511 2824 quam
3553 2751 3761 2809 seculo

2111 2839 2278 2892 tertio
2319 2839 2648 2892 sanxissent
2673 2838 2853 2892 totius
2883 2839 3042 2893 orbis
3082 2839 3359 2911 episcopi,
3397 2857 3498 2912 pro
3529 2846 3762 2912 aposto-

2110 2926 2221 2982 lica
2242 2927 2553 2981 traditione
2577 2927 2899 2981 venditaret
2933 2926 3191 2982 PVerum
3224 2945 3339 3000 quo
3373 2929 3560 3001 magis
3591 2930 3762 2984 disci-

2110 3015 2279 3088 plinm
2314 3017 2503 3088 quarti
2529 3021 2630 3070 aut
2661 3015 2848 3086 quinti
2883 3016 3079 3072 saeculi
3114 3034 3245 3072 cum
3269 3018 3584 3091 disciplina
3603 3018 3757 3074 tertii

2110 3104 2417 3160 consensio
2449 3111 2751 3176 perspecta
2808 3105 3112 3164 habeatur.
3147 3107 3344 3161 eadem
3396 3108 3757 3164 consuetudo

2106 3193 2398 3266 prmdictis
2413 3194 2638 3248 clericus
2672 3211 2783 3249 non
2799 3195 3199 3250 omnimodam
3224 3196 3754 3268 pienitentiam,sed

2103 3288 2330 3339 tantum
2367 3283 2657 3353 publicam
2695 3289 2884 3354 negat.
2911 3284 3193 3347 Quocirca
3238 3301 3372 3341 mox
3402 3287 3563 3341 addit
3593 3285 3706 3342 Leo
3741 3302 3754 3343 :

2105 3397 2132 3423 ‹‹
2157 3372 2319 3428 Unde
2353 3371 2693 3442 hujusmodi
2728 3371 2910 3444 lapsis
2943 3374 3011 3428 ad
3038 3375 3484 3446 promerendam
3528 3375 3755 3432 miseri-

2103 3463 2358 3520 cordiam
2387 3464 2486 3518 Dei
2536 3463 2754 3535 privata
2815 3469 2904 3519 est
2959 3466 3280 3536 expetenda
3320 3466 3590 3531 secessio,
3651 3466 3752 3523 ubi

2103 3553 2219 3608 illis
2252 3551 2835 3617 satisfactio,sifuerit
2862 3553 3058 3625 digna,
3087 3554 3349 3609 sitetiam
3385 3556 3701 3612 fructuosa.
3723 3577 3752 3606 ››

2103 3647 2343 3714 Equum
2376 3641 2530 3696 enim
2564 3645 2688 3696 erat
2723 3641 2816 3706 iis,
2857 3659 2890 3696 a
2947 3643 3162 3714 quibus
3221 3645 3400 3716 digna
3430 3645 3750 3702 satisfactio

2101 3731 2496 3802 expetebatur,
2553 3747 2752 3802 pacem
2797 3735 2852 3786 et
2887 3734 3358 3788 communionem
3417 3751 3532 3790 non
3585 3734 3748 3806 prius

2101 3820 2284 3888 reddi,
2332 3837 2506 3892 quam
2549 3819 2716 3890 plene
2773 3820 3197 3876 satisfecissent
3243 3839 3256 3877 :
3311 3823 3570 3894 adeoque
3628 3823 3748 3880 haec

2103 3909 2310 3964 Leonis
2345 3908 2644 3980 responsio
2669 3926 2802 3964 cum
2835 3911 3237 3982 superioribus
3265 3912 3532 3984 Cypriani
3557 3913 3748 3968 verbis

2103 3999 2161 4053 in
2184 3998 2443 4070 Epistola
2472 3999 2540 4053 ad
2575 3999 2782 4053 Fidum
2815 3999 3083 4071 componi
3117 4000 3281 4055 facile
3313 4004 3521 4072 potest.

2177 4125 2262 4179 16.
2298 4123 2354 4180 Si
2389 4127 2586 4179 autem
2621 4123 2834 4179 mirum
2867 4128 3041 4195 esset,
3101 4125 3398 4181 decretum
3429 4127 3502 4183 de
3530 4141 3590 4182 re
3620 4143 3751 4199 gra-

2103 4212 2329 4269 vissimi
2382 4213 2687 4280 momenti,
2749 4230 2926 4284 quam
2986 4213 3177 4269 clerus
3228 4215 3528 4271 Romanus
3584 4217 3754 4272 tertio

2105 4302 2336 4369 saeculo,
2369 4302 2559 4374 quoad
2603 4301 2935 4372 pontificem
2967 4301 3077 4357 sibi
3140 4302 3400 4358 dedisset
3445 4308 3618 4372 Deus,
3652 4306 3756 4361 de-

2113 4390 2279 4446 finire
2303 4407 2416 4445 non
2448 4406 2630 4444 ausus
2663 4395 2836 4458 esset,
2872 4390 3247 4461 postmodum
3278 4392 3350 4446 ab
3368 4392 3571 4449 eodem
3603 4392 3756 4450 clero

338 4459 636 4517 simorum
672 4459 984 4554 criminum
1006 4473 1102 4512 reo
1136 4457 1337 4554 legunt
1363 4474 1421 4511 ;‹‹
1451 4456 1998 4554 Ρωηὶῐθηιίίεῖςεθμ
2033 4461 2081 4526 D
2113 4495 2247 4534 cum
2297 4482 2497 4534 sancto
2530 4478 2801 4550 ροηιίηοθ
2823 4456 2934 4533 έίῖη
2994 4477 3222 4536 “emus
3253 4482 3509 4552 pwsmo
3538 4499 3605 4538 ac
3630 4483 3757 4554 plu_

341 4555 544 4618 vatus,
577 4546 880 4603 sacerdotii
906 4547 1122 4600 honore
1153 4545 1412 4616 privatus
1443 4551 1530 4598 est.
1565 4562 1578 4611 ;
1615 4568 1636 4596 ι
1677 4549 1778 4599 aut
1809 4545 2000 4612 lib.v1,

349 4638 484 4693 Ind.
517 4654 628 4700 xw,
671 4637 841 4707 epist.
877 4637 935 4689 41
977 4652 988 4689 :
1022 4659 1046 4683 ‹‹
1068 4635 1286 4697 Massa},
1312 4633 1663 4688 Nicoteranas
1696 4634 2005 4706 episcopus

347 4725 829 4800 proquibnsdam
849 4724 1036 4795 culpis
1052 4724 1104 4777 in
1124 4722 1518 4795 paenitentiam
1537 4723 1848 4794 deputatus
1863 4729 2008 4789 est,»

349 4823 416 4872 et
450 4815 564 4870 alia
598 4815 685 4870 his
705 4814 941 4877 similia,
977 4829 1148 4868 nemo
1179 4816 1266 4867 est
1297 4811 1396 4882 qui
1430 4810 1572 4867 locis
1608 4811 1723 4867 illis
1765 4835 1791 4862 α
1826 4812 2006 4884 pceni-

347 4904 837 4960 tentirennomine
869 4902 1161 4974 publicam
1189 4917 1252 4956 ac
1274 4899 1592 4955 solemnem
1612 4901 2008 4972 paenitentiam

349 4992 848 5064 intelligat;qnid
908 4997 1059 5045 vetat
1109 4988 1424 5060 quominus
1482 4988 1636 5044 idem
1697 5006 1909 5046 nomen
1953 4991 2010 5045 in

350 5086 612 5152 decreto,
637 5081 789 5153 quod
849 5079 1151 5135 Cornelius
1207 5094 1339 5132 cum
1396 5077 1576 5132 totius
1633 5078 1790 5133 orbis
1850 5079 2012 5134 Chri-

353 5169 538 5228 stiani
571 5169 861 5242 episcopis
893 5167 1105 5231 sanxit,
1145 5167 1348 5222 eadem
1408 5167 1630 5222 ratione
1661 5173 2013 5241 usurpatum

359 5258 732 5330 intelligatur
760 5259 788 5314 ?

439 5370 491 5422 9.
530 5367 685 5423 Istud
722 5384 891 5439 porro
925 5383 1017 5420 me
1047 5364 1210 5419 valde
1244 5366 1452 5431 movet,
1503 5363 1657 5433 quod
1689 5365 1798 5419 boc
1824 5365 2019 5422 decre-

366 5464 499 5514 tum
536 5474 647 5512 non
682 5456 864 5512 solius
891 5453 1139 5510 Cornelii
1171 5458 1226 5509 et
1257 5452 1554 5519 Italorum,
1581 5453 1680 5507 sed
1714 5458 1770 5508 et
1802 5455 2022 5509 Africa-

369 5567 611 5618 norum,
644 5550 764 5606 imo
796 5547 1102 5606 «omnium
1123 5545 1359 5604 omnino
1387 5544 1793 5620 episcoporum
1827 5548 1883 5601 in
1906 5551 2024 5605 toto

702 5680 958 5738 PATROL.
1011 5676 1116 5738 Ill.

2114 4568 2280 4623 ribus
2301 4566 2429 4623 aliis
2452 4567 2741 4638 episcopis
2772 4567 3083 4635 sancitum,
3117 4571 3288 4641 cujus
3318 4573 3592 4644 frequens
3614 4590 3761 4631 usus

2117 4656 2459 4712 memoriam
2538 4656 2811 4711 continue
2860 4659 3130 4715 rel'ricare
3187 4660 3506 4730 debuisset,
3564 4663 3646 4718 ita
3699 4664 3761 4721 in

2117 4745 2465 4802 oblivionem
2500 4745 2690 4800 venire
2711 4745 2991 4817 potuisse,
3025 4753 3088 4803 ut
3116 4751 3385 4822 sequenti
3435 4752 3646 4810 saeculo
3703 4753 3764 4810 in

2119 4836 2319 4891 eadem
2355 4834 2608 4889 Ecclesia
2655 4836 2888 4906 penitus
2945 4837 3358 4908 ignoraretur;
3391 4858 3506 4896 non
3567 4843 3768 4899 minus

2122 4924 2475 4996 stupendum
2509 4925 2822 4993 videretur,
2857 4927 3149 4998 quomodo
3201 4929 3322 4984 fieri
3371 4929 3676 5002 potuisset,
3705 4937 3770 4987 ut

2121 5018 2178 5069 et
2233 5013 2386 5084 apud
2446 5013 2638 5079 Afros,
2691 5015 2786 5086 qui
2837 5015 2989 5071 idem
3041 5017 3339 5073 decretum
3387 5020 3768 5091 expetierant,

2124 5103 2449 5172 laudarant,
2490 5105 2926 5172 conﬁrmarent,
2977 5111 3154 5176 atque
3210 5123 3319 5163 usu
3379 5107 3530 5164 circa
3574 5108 3773 5182 lapsos

2127 5192 2802 5264 comprobarent,eo:lem
2839 5199 3097 5264 tempore
3127 5196 3343 5266 pariter
3375 5196 3581 5253 fuisset
3607 5199 3773 5271 igno-

2127 5285 2250 5336 tum
2288 5299 2300 5338 :
2335 5282 2478 5336 adeo
2513 5285 2575 5334 ut
2604 5285 2813 5351 ()ptato
2853 5283 2962 5336 sub
3025 5286 3196 5336 tinem
3257 5282 3358 5338 lib.
3402 5301 3439 5339 ιι
3499 5287 3690 5342 dicere
3713 5287 3779 5343 li-

2130 5371 2350 5425 cuerit:
2379 5392 2404 5417 ‹‹
2441 5367 2638 5422 Multis
2653 5376 2852 5422 notum
2877 5375 2966 5424 est
2994 5372 3392 5443 etprobatum,
3426 5376 3780 5446 persecutio-

2134 5459 2222 5514 nis
2252 5461 2365 5513 tem
2377 5473 2511 5528 pore
2531 5457 2834 5528 episcopos
2865 5457 3093 5530 aliquos
3116 5460 3327 5518 inertia
3357 5479 3392 5520 a
3421 5463 3792 5521 confessione

2134 5545 2237 5605 Dei
2266 5544 2538 5620 delapsos
2569 5543 2942 5605 thuriﬁcasse
2968 5573 2983 5623 ε
3013 5552 3071 5606 et
3120 5553 3320 5612 tamen
3351 5553 3567 5614 nullus
3595 5567 3800 5611 eorum

3399 5683 3514 5747 23
