4102 6172
500 282 616 341 “Hb

1283 277 1839 342 EPISTOLARUM
1887 283 1951 342 S.
2001 280 2361 341 CORNELII
2408 281 2565 341 NON
2612 280 3120 344 EXS’I‘ANTIUM
3715 298 3808 362 ἠδ

499 414 598 485 qui
630 418 956 482 evaserunt,
987 415 1086 465 aut
1136 425 1372 466 manum
1407 411 1588 483 lapsis
1618 412 1916 485 imposuit,
1952 417 2051 469 aut
2076 417 2141 469 ut
2168 416 2224 481 Α
2249 419 2369 468 erat
2395 414 2725 485 episcopus,
2759 414 3044 468 usitatum
3078 401 3327 482 noverat,
3368 422 3479 474 tum
3507 436 3569 476 ex
3594 440 3651 480 eo
3677 445 3813 496 quem

494 517 687 572 genua
717 501 962 573 ﬁgerent
1005 500 1331 572 imperavit.
1368 523 1397 551 »
1430 502 1552 568 Qua
1583 501 1736 558 enim
1786 502 1871 558 vel
1903 502 2138 559 inscitia

491 591 578 646 vel
621 590 944 646 temeritate
1001 591 1245 662 Optatus
1298 590 1410 646 hoc
1467 592 1781 662 afﬁrmare,
1835 610 1901 648 ac
1952 597 2132 648 Dona-

488 680 661 736 tistas
718 678 1001 749 diaconis,
1056 679 1410 752 presbyteris
1467 686 1525 736 et
1581 681 1866 754 episcopis
1925 699 2137 738 manus

488 769 856 842 imponentes
877 767 1037 824 velut
1092 769 1258 840 impii
1288 774 1344 824 et
1374 769 1624 825 inauditi
1670 771 1874 844 flagitii
1918 771 2133 828 ibidem

491 875 732 931 arguere
755 875 934 915 ausus
966 861 1138 929 esset,
1173 857 1223 914 si
1254 858 1398 913 nihil
1430 859 1488 914 hi
1509 860 1786 931 egissent,
1835 861 1947 917 nisi
1978 861 2133 933 quod

486 949 772 1022 superiori
794 947 1003 1005 saeculo
1034 947 1356 1021 Cyprianus
1388 947 1604 1021 aliique
1632 951 1886 1006 Africani
1910 968 2134 1023 praesu-

481 1036 568 1096 les
600 1054 734 1094 cum
783 1037 1044 1094 Cornelio
1085 1053 1150 1092 ac
1197 1037 1420 1093 caeteris
1476 1039 1656 1094 totius
1717 1040 1873 1096 orbis
1905 1040 2130 1113 episco-

481 1127 573 1201 pis
609 1128 1038 1200 praecepissent,
1073 1131 1246 1197 atque
1286 1127 1548 1200 exemplo
1605 1146 1710 1185 suo
1740 1129 2131 1186 ﬁrmassent?

481 1218 593 1274 Sed
624 1216 898 1289 Optatum
929 1217 999 1272 ab
1031 1217 1186 1272 omni
1219 1217 1463 1274 inscitiae
1493 1218 1668 1290 culpa
1697 1219 1941 1275 liberum
1978 1236 2128 1290 esse,

482 1309 538 1362 et
595 1307 656 1362 in
695 1324 844 1363 unos
874 1306 1211 1364 Donatistae
1260 1307 1602 1364 temeritatis
1648 1308 1865 1366 crimen
1925 1311 2131 1366 cadere

483 1397 650 1452 docet
678 1414 785 1453 nos
816 1396 1293 1469 Carthaginiense
1323 1397 1655 1469 concilium,
1688 1398 1748 1453 in
1806 1416 1920 1471 quo
1949 1398 2128 1470 (haud

481 1486 658 1542 dubie
678 1503 751 1542 ne
781 1487 916 1558 quis
946 1485 1287 1542 temerarios
1317 1485 1827 1543 schismaticorum
1861 1504 2042 1544 ausus
2071 1493 2129 1545 et

480 1575 560 1630 im
569 1574 693 1648 pias
706 1575 1037 1631 molitiones
1051 1575 1641 1647 imitaretur),saaculo
1655 1581 1860 1650 quarto
1874 1577 2124 1648 labente,

481 1681 607 1721 can.
644 1665 730 1735 11,
764 1688 793 1715 ‹‹
826 1666 1238 1721 conﬁrmatum
1271 1669 1378 1732 est,
1399 1667 1523 1721 utsi
1555 1667 1788 1738 quando
1806 1668 2128 1740 presbyteri

475 1754 563 1811 vel
597 1754 826 1811 diaconi
857 1754 1388 1826 inaliquagraviori
1413 1755 1587 1828 culpa
1617 1757 1861 1812 convicti
1886 1757 2123 1826 fuerint,

478 1863 594 1920 qua
622 1863 721 1903 eos
743 1863 776 1902 a
803 1845 1127 1902 ministerio
1157 1863 1392 1903 necesse
1415 1847 1588 1904 fuerit
1608 1848 1888 1905 removeri
1910 1866 2025 1905 non
2048 1849 2129 1906 eis

481 1952 693 1992 manus
725 1937 880 1992 694
922 1940 1205 2008 tanquam
1237 1938 1658 2009 poenitentibus
1705 1938 1790 1994 vel
1846 1943 2127 2012 tanquam

479 2023 748 2080 ﬁdelibus
772 2024 935 2081 laicis
953 2025 1307 2096 imponatur.
1329 2049 1348 2076 ο
1370 2027 1649 2083 Praeterea
1665 2031 1722 2083 et
1739 2029 2125 2101 Augustinus,

475 2113 756 2169 Africanae
786 2113 1053 2170 Ecclesiae
1082 2113 1304 2183 lumen,
1339 2114 1439 2172 lib.
1473 2116 1584 2172 Ide
1613 2121 1777 2188 Bapt.
1811 2119 2131 2174 contraDo-

478 2203 705 2270 natist.,
741 2220 787 2258 c.
825 2204 874 2272 1,
910 2204 1199 2276 praedictis
1231 2204 1454 2260 clezicis
1486 2230 1511 2256 ‹‹
1534 2208 1921 2262 manusinter
1950 2208 2130 2265 laicos

480 2309 592 2348 non
624 2291 848 2365 imponi
880 2314 908 2343 »
940 2293 1229 2349 observat.
1279 2295 1341 2349 In
1400 2293 1509 2351 hac
1560 2299 1753 2352 autem
1813 2297 2128 2367 Augustini

479 2381 906 2454 observatione,
945 2399 1018 2439 ac
1043 2381 1212 2456 longe
1230 2383 1412 2455 aperti
1424 2383 1554 2440 usin
1589 2385 1870 2457 proximis
1889 2386 2128 2443 Cartha-

477 2471 761 2544 giniensis
792 2471 1018 2528 concilii
1051 2473 1262 2540 verbis,
1324 2478 1565 2547 apparet
1613 2474 1962 2548 paenitentiae
2010 2476 2130 2532 cle-

477 2561 731 2616 ricorum
763 2561 970 2617 saltem
1030 2561 1319 2634 majorum
1369 2567 1426 2619 et
1461 2563 1814 2636 poenitentia
1843 2563 2124 2622 laicorum

477 2649 798 2707 distinctio.

547 2775 634 2831 11.
665 2776 879 2832 Eadem
905 2792 1019 2832 non
1054 2777 1252 2832 minus
1268 2776 1582 2834 manifesta
1609 2781 1698 2834 est
1725 2778 1780 2833 in
1815 2795 1880 2835 eo
1904 2778 2122 2846 libello,

475 2882 648 2937 quem
684 2864 963 2932 Hilarius,
1015 2866 1389 2922 Pictaviensis
1439 2867 1771 2939 cpiscopus,
1818 2886 1972 2924 anno
2021 2871 2126 2924 360

470 2955 709 3010 ineunte
739 2955 1236 3029 Constantinopoli
1271 2957 1626 3012 constitutus
1657 2958 1988 3013 Constantio
2009 2961 2124 3013 Au-

471 3048 643 3117 gusto
675 3044 906 3100 obtulit.
942 3045 1004 3100 In
1028 3061 1093 3101 eo
1135 3045 1352 3118 quippe
1399 3047 1484 3100 sic
1513 3046 1924 3118 imperatorem
1957 3047 2123 3104 illum

475 3134 798 3206 deinjusta
854 3134 1041 3190 exsilii
1100 3135 1189 3190 sui
1251 3151 1450 3201 causa,
1510 3153 1567 3191 n.
1629 3137 1684 3200 2,
1744 3135 2063 3208 alloquitur
2102 3154 2117 3194 :
2153 3170 2195 3235 C

472 3246 503 3272 «
537 3222 1004 3279 Circumventum
1033 3227 1090 3279 te
1144 3226 1497 3296 Augustum,
1549 3223 1903 3297 illusumquc
1935 3228 2121 3283 Caesa-

475 3328 596 3368 rem
623 3315 813 3377 tuum,
847 3328 915 3368 ea
952 3313 1252 3370 confidens
1300 3313 1668 3370 conscientia
1719 3331 1860 3370 meae
1919 3317 2122 3372 condi-

474 3403 633 3458 tione
661 3401 1028 3475 patefaciam,
1060 3407 1126 3457 ut
1157 3403 1204 3458 si
1229 3403 1532 3476 indignum
1555 3402 1777 3476 aliquid
1805 3421 1918 3460 non
1953 3407 2124 3462 modo

477 3491 734 3564 episcopi
786 3492 1114 3563 sanctitate,
1174 3493 1272 3548 sed
1361 3494 1538 3549 etiam
1603 3493 1734 3548 laici
1794 3495 2124 3566 integritate

479 3581 732 3653 gessisse
762 3581 989 3653 docear,
1022 3597 1138 3637 non
1163 3582 1287 3654 jam
1339 3583 1728 3638 sacerdotium
1765 3600 1868 3656 per
1894 3585 2122 3640 veniam

478 3675 828 3743 exspectem,
861 3673 960 3727 scd
995 3671 1150 3727 intra
1208 3672 1610 3744 paenitentiam
1658 3673 1788 3729 laici
1848 3691 2126 3732 consene-

480 3776 661 3816 scam.
709 3782 737 3811 »
792 3761 951 3826 Quod
999 3777 1140 3816 sane
1197 3761 1463 3833 petiisset
1518 3764 1756 3834 frustra,
1815 3765 1863 3820 si
1922 3766 2125 3821 eadem

479 3849 834 3922 poenitentiae
883 3849 1008 3922 lege
1071 3850 1286 3907 laicum
1346 3852 1738 3925 clcricumque
1795 3854 2128 3926 promiscue

477 3938 800 4012 constringi
852 3956 980 3997 mos
1036 3940 1262 3997 fuisset.
1351 3942 1544 4014 Longe
1597 3943 1776 4016 igitur
1824 3943 2126 4017 falluntur,

480 4029 580 4102 qui
640 4031 891 4101 majores
960 4029 1200 4086 clericos
1276 4049 1391 4087 non
1471 4050 1639 4088 secus
1717 4037 1891 4104 atque
1948 4033 2128 4090 laicos

479 4119 724 4194 publicae
749 4120 1096 4192 pmnitentim
1144 4120 1460 4193 aliquando
1501 4122 1783 4178 obnoxios
1815 4123 1994 4179 fuisse
2020 4141 2128 4196 pu-

477 4211 626 4278 tant,
666 4209 806 4265 dum
867 4209 975 4266 hoc
1018 4209 1143 4266 loco
1194 4211 1388 4282 juvari
1437 4228 1498 4267 se
1548 4213 1928 4281 arbitrantur,
1991 4213 2130 4285 quia

479 4299 815 4373 episcopum
840 4299 1175 4372 permittere
1205 4301 1474 4370 audiunt,
1505 4306 1570 4356 ut
1599 4325 1627 4351 «
1660 4302 1816 4357 intra
1846 4302 2130 4373 poeniten-

476 4389 619 4444 tiam
654 4388 784 4445 laici
838 4405 1253 4446 consenescere
1295 4413 1324 4440 »
1356 4395 1616 4463 cogatur.
1675 4391 1780 4447 Sed
1835 4392 2130 4448 advertere

478 4479 797 4534 debuerant
823 4478 904 4535 ibi
953 4478 1240 4535 Hilarium
1273 4497 1342 4536 ex
1381 4484 1539 4536 certa
1569 4480 1921 4553 integritatis
1953 4484 2010 4536 et
2038 4479 2129 4535 in-

825 4531 904 4535 -s-
1572 4531 1918 4553 ----.-O---w---
1957 4531 2007 4536 π
2321 4534 2330 4544 ,
2797 4531 2807 4541 .
3011 4531 3065 4560 .,

477 4567 757 4624 nocentia:
789 4584 906 4623 suae
948 4568 1305 4625 conscientia
1355 4587 1470 4625 non
1503 4569 1558 4624 id
1595 4570 1742 4641 quod
1801 4570 1924 4626 fieri
1959 4571 2124 4637 solet,
2158 4544 2203 4609 Ῑ)
2235 4531 2890 4641 (ἰξίῖίῗῖδῖηῆδῗῖῨῩΪ-ίῖζηθ
2928 4533 3231 4641 gilii“?

476 4655 576 4713 sed
612 4656 764 4728 quod
788 4655 1087 4713 insolitum
1119 4675 1361 4732 prorsus
1409 4663 1584 4731 atque
1633 4659 1982 4714 inusitatum
2018 4664 2124 4727 est,

477 4761 582 4802 nec
614 4748 1001 4803 adventuram
1026 4749 1265 4805 omnino
1293 4749 1553 4820 confidit,
1572 4750 1906 4804 concedere.
1927 4754 2128 4822 Neque

475 4851 607 4894 vero
639 4837 827 4909 magis
859 4837 993 4893 inde
1025 4839 1348 4902 coniicitur,
1383 4840 1688 4911 CplSCOpOS
1738 4839 1804 4892 ad
1840 4837 2123 4894 laicorum

475 4925 876 4999 pcnnitcntiam
909 4929 1210 4983 amandari
1263 4928 1655 4992 consuevisse,
1710 4944 1884 4997 quam
1945 4945 2011 4982 ex
2059 4944 2124 4983 eo

475 5018 626 5088 quod
665 5016 879 5072 Paulus
901 5017 1023 5072 Gal.
1059 5035 1098 5082 ι,
1130 5020 1183 5087 ἕξ,
1218 5019 1380 5083 dicit,
1423 5019 1570 5072 Licet
1611 5033 1711 5070 nos
1764 5021 1859 5071 aut
1892 5017 2126 5086 Angelus

473 5105 538 5161 de
567 5107 702 5161 (celo
733 5106 1192 5178 euangelizarent
1237 5111 1442 5178 praﬂcr
1489 5122 1651 5177 quam
1711 5107 1862 5175 quod
1890 5121 2121 5175 cvange-

475 5197 768 5251 lz'zavz'mus
792 5196 957 5264 vobis,
993 5197 1287 5252 anathema
1342 5195 1434 5263 sit,
1486 5193 1769 5250 coniicere
1800 5195 1970 5251 liccat
2000 5201 2123 5251 An-

473 5284 665 5356 gelum
701 5286 992 5341 caelestem
1019 5283 1381 5340 anathemati
1413 5299 1540 5339 esse
1561 5281 1754 5337 adhuc
1783 5283 2119 5339 obnoxium.

475 5374 594 5430 lllis
627 5375 806 5446 igitur
855 5392 969 5431 non
1029 5392 1236 5449 parum
1290 5376 1630 5432 adversatur
1659 5372 1768 5429 iste
1810 5371 2013 5429 Hilarii
2046 5375 2124 5431 lo-

473 5479 596 5528 rus,
635 5465 771 5518 dum
806 5464 977 5521 aliam
1013 5465 1288 5540 epiSCOpi,
1324 5465 1501 5523 aliam
1549 5463 1681 5520 laici
1713 5462 2120 5535 paenitentiam

470 5556 593 5605 tum
631 5555 812 5610 fuisse
868 5556 1080 5614 diserte
1128 5557 1311 5614 docet.
1367 5561 1489 5614 Hoc
1544 5559 1735 5613 autem
1775 5552 2122 5628 loquebatur

465 5639 724 5708 Hilarius
750 5657 882 5704 cum
910 5663 977 5703 ex
1032 5664 1195 5706 more
1251 5665 1428 5724 quem
1471 5647 1531 5703 in
1570 5647 1898 5718 Occidente,
1951 5647 2120 5721 cujus

2245 502 2302 557 in
2335 503 2582 571 Oriente,
2645 501 2748 557 ubi
2795 502 3061 574 degebat,
3122 501 3348 560 videbat
3395 514 3820 586 receptum-,qui.

2246 608 2358 664 quc
2390 592 2533 648 adeo
2569 591 2709 647 etin
2734 590 3042 646 Occidente
3092 590 3268 647 simul
3324 597 3378 649 et
3424 593 3479 650 in
3527 598 3727 658 Oriente
3747 622 3821 676 pa.

2245 683 2386 737 riter
2414 682 2664 754 vigebat.
2689 682 2873 736 Tanta
2901 697 3037 736 vero
3064 681 3242 737 totius
3273 683 3519 751 Ecclesiae
3563 695 3820 750 consensio

2245 770 2481 826 aliunde
2511 770 2649 826 oriri
2702 787 2817 826 non
2864 773 3075 843 potest,
3129 771 3242 826 nisi
3298 777 3394 828 aut
3441 790 3506 830 ex
3560 780 3824 848 apostolica

2242 860 2580 928 traditione,
2628 864 2731 916 aut
2757 876 2827 915 ex
2884 859 3184 916 communi
3234 860 3332 916 illa
3359 861 3498 935 lege,
3529 881 3689 936 quam
3715 884 3823 927 cum

2243 972 2274 1000 «
2306 950 2568 1006 omnium
2593 951 2831 1006 omnino
2887 949 3294 1022 episcoporum
3348 967 3446 1024 per
3472 956 3644 1010 totum
3687 973 3823 1014 mun-

2243 1039 2382 1094 dum
2437 1039 2890 1096 constitutorum
2922 1061 2952 1090 ‹‹
2983 1055 3270 1096 consensu
3329 1039 3504 1097 latam
3552 1043 3823 1115 Cyprianus

2239 1129 2437 1186 tradit.
2461 1131 2712 1186 Tantum
2757 1129 2938 1202 igitur
2963 1133 3103 1185 tunc
3159 1129 3449 1186 decretum
3499 1136 3598 1200 est,
3651 1137 3708 1189 ut
3729 1135 3825 1207 epi-

2239 1220 2434 1290 scopis
2490 1218 2691 1276 aliisve
2749 1218 3072 1290 majoribus
3123 1217 3344 1275 clericis
3397 1219 3588 1294 lapsis,
3641 1222 3827 1280 sublato

2241 1309 2478 1364 honoris
2509 1308 2601 1364 sui
2657 1309 2862 1379 gradu,
2896 1311 3030 1380 post
3054 1307 3511 1365 satisfactionem
3541 1312 3699 1382 atque
3739 1329 3830 1383 pae-

2240 1398 2547 1454 nitentiam
2579 1397 2726 1471 ipsis
2782 1401 3222 1471 congruentem,
3278 1415 3389 1470 pax
3441 1402 3496 1454 et
3547 1401 3829 1457 communio

2239 1489 2603 1544 redderetur.

2311 1579 2396 1632 12.
2423 1577 2620 1649 Neque
2660 1577 2754 1634 his
2795 1581 3086 1650 repugnat
3135 1579 3291 1650 quod
3350 1577 3419 1634 de
3465 1577 3658 1634 Natalii
3687 1579 3835 1650 pomi-

2235 1667 2437 1735 tentia,
2497 1667 2861 1740 temporibus
2915 1666 3224 1739 Zephyrini
3281 1684 3461 1740 papae,
3535 1684 3598 1724 ex
3647 1667 3837 1724 Eusebii

2237 1755 2493 1811 Historia
2524 1755 2968 1828 descripsimus.
3005 1756 3090 1811 Ibi
3149 1756 3307 1812 enim
3371 1756 3522 1828 quod
3579 1756 3838 1828 episcopus

2237 1845 2352 1914 ille,
2386 1846 2436 1900 si
2468 1850 2663 1901 tamen
2693 1846 3004 1918 episcopus
3054 1845 3182 1916 fuit,
3224 1849 3431 1919 sponte
3469 1861 3535 1902 ex
3561 1845 3842 1902 vehementi

2237 1934 2573 2006 paenitentis
2603 1935 2786 1991 animi
2816 1937 3023 1991 affectu
3052 1935 3257 2008 gessit,
3310 1950 3424 1991 non
3482 1935 3626 2007 quod
3673 1935 3718 1990 ei
3747 1932 3840 1989 ulla

2236 2022 2327 2078 lex
2365 2023 2760 2080 ecclesiastica
2816 2023 3116 2096 imposuit,
3168 2022 3444 2096 legimus.
3505 2022 3626 2079 Haec
3678 2026 3840 2078 autem

2237 2111 2296 2168 in
2327 2112 2585 2170 Ecclesia
2612 2113 2766 2169 circa
2795 2113 3205 2186 delinquentes
3265 2113 3526 2169 omnium
3556 2116 3842 2182 temporum

2239 2203 2444 2276 regula
2473 2211 2748 2260 constans
2777 2203 2907 2275 fuit,
2949 2208 3015 2258 ut
3058 2202 3204 2258 nulli
3241 2201 3501 2273 cujusvis
3539 2199 3845 2257 conditionis

2237 2310 2334 2349 reo
2358 2310 2472 2349 non
2505 2292 2808 2366 pmnitenti
2836 2292 3004 2349 venia
3054 2292 3206 2348 695
3267 2291 3678 2365 indulgeretur.
3709 2289 3848 2346 Prius

2239 2383 2413 2439 etiam
2448 2399 2625 2455 quam
2684 2383 2805 2439 haec
2836 2382 3277 2450 concederetur,
3350 2381 3527 2455 digna
3576 2379 3849 2438 criminum

2239 2472 2561 2529 satisfactio
2592 2472 2741 2546 exigi
2772 2489 3005 2546 semper
3024 2471 3482 2537 consuevit,nisi
3515 2471 3628 2526 haec
3649 2468 3852 2525 aliunde

2237 2566 2733 2635 compensaretur.
2814 2564 3176 2635 Quapropter
3237 2566 3304 2618 ut
3360 2561 3548 2617 tribus
3603 2558 3854 2632 prioribus

2234 2651 2503 2708 Ecclesiae
2543 2651 2796 2719 saeculis,
2846 2652 2929 2706 ita
2984 2655 3042 2707 et
3095 2650 3600 2723 subsequentibus
3640 2648 3855 2718 majores

2236 2741 2428 2797 clerici
2458 2742 2942 2814 gravissimorum
2986 2740 3306 2796 criminum
3365 2740 3443 2796 rei
3478 2756 3588 2795 non
3619 2737 3770 2794 modo
3798 2735 3854 2790 ab

2237 2831 2474 2887 honoris
2509 2831 2599 2886 sui
2631 2832 2816 2904 gradu
2877 2831 3109 2900 dejecti,
3165 2832 3274 2887 sed
3334 2836 3391 2886 et
3439 2829 3628 2902 dignis
3681 2826 3858 2899 poenis,

2234 2921 2448 2992 quibus
2471 2921 2586 2976 Deo
2619 2920 2756 2976 laeso
2786 2920 3214 2982 satisfacerent,
3279 2923 3422 2974 sunt
3471 2916 3712 2974 multati.
3742 2914 3858 2969 Hinc

2235 3010 2475 3081 indigne
2507 3009 2641 3064 tulit
2670 3009 3012 3081 Cyprianus,
3075 3010 3232 3079 quod
3290 3007 3511 3064 Victori
3566 3005 3858 3079 presbytero

2236 3122 2265 3150 «
2299 3104 2432 3154 ante
2464 3099 2792 3171 legitimum
2825 3103 2882 3154 et
2905 3097 3143 3170 plenum
3170 3096 3595 3154 satisfactionis
3611 3099 3852 3165 tempus»

2233 3189 2368 3244 data
2398 3206 2508 3260 pax
2541 3189 2768 3244 fuisset.
2800 3188 2944 3242 Hinc
3003 3191 3058 3241 et
3106 3187 3218 3243 Leo
3253 3185 3611 3260 presbyteris
3663 3187 3716 3239 et
3753 3181 3853 3236 dia-

2234 3279 2395 3335 conis
2427 3278 2610 3351 lapsis
2639 3279 3014 3350 expetendam
3049 3294 3177 3332 esse
3223 3278 3524 3348 judicavit
3553 3299 3580 3325 «
3615 3271 3855 3329 secessio-

2234 3385 2368 3424 nem
2402 3369 2710 3441 privatam,
2736 3367 2836 3423 ubi
2864 3366 2982 3421 illis
3013 3367 3368 3433 satisfactio,
3411 3367 3461 3422 si
3491 3364 3662 3420 fuerit
3689 3362 3859 3434 digna,

2235 3457 2513 3513 sitetiam
2544 3458 2862 3512 fructuosa.
2923 3475 2948 3508 ι)
3004 3456 3149 3510 Hinc
3175 3460 3235 3511 et
3285 3457 3548 3512 Joannes
3599 3453 3666 3520 Il,
3699 3453 3854 3523 Epist.

2236 3548 2304 3603 ad
2337 3547 2652 3604 Cmsarium
2683 3545 2766 3601 ita
2785 3545 3281 3601 contumeliosum
3313 3547 3388 3601 ab
3419 3545 3750 3616 episcOpatu
3783 3539 3865 3593 de-

2230 3637 2392 3709 jecit,
2427 3641 2493 3691 ut
2522 3636 2792 3691 eumdem
2823 3634 2882 3690 in
2934 3635 3368 3690 monasterium
3404 3633 3581 3706 dirigi
3638 3627 3870 3692 voluerit,

2238 3749 2265 3777 ‹‹
2299 3727 2398 3781 ubi
2439 3725 2784 3781 delictorum
2818 3741 3045 3780 memor
3093 3724 3159 3779 in
3223 3724 3583 3797 pmnitentia
3625 3722 3874 3791 lacrymas

2237 3816 2533 3871 effundere
2583 3831 2696 3870 non
2754 3813 3005 3879 omittat,
3041 3816 3196 3868 ut....
3228 3831 3264 3868 a
3293 3814 3441 3869 Jcsu
3476 3811 3701 3867 Christo
3733 3808 3876 3862 mise-

2238 3905 2545 3962 ricordiam
2575 3903 2765 3960 valeat
2794 3902 3132 3975 promereri.
3151 3925 3177 3951 »
3203 3901 3359 3958 Hinc
3392 3901 3706 3974 Gregorius
3735 3910 3879 3970 papa,

2237 3995 2338 4051 lib.
2392 3994 2485 4060 Ill,
2540 3994 2709 4065 epist.
2771 4011 2822 4061 L,
2869 3991 3128 4064 praecipit
3185 4009 3198 4048 :
3245 4015 3277 4043 ‹‹
3331 3992 3589 4048 Paulum
3623 3987 3880 4062 quondam

2239 4085 2581 4158 epiSCOpum
2611 4083 2670 4137 in
2704 4083 3083 4153 monasterio,
3109 4081 3166 4136 in
3201 4098 3327 4154 quo
3362 4087 3480 4150 est,
3532 4083 3590 4136 in
3625 4077 3878 4152 poeniten-

2237 4174 2319 4230 tia
2343 4175 2616 4229 volumus
2643 4187 3032 4244 permanere;
3085 4193 3112 4220 »
3167 4175 3225 4226 et
3277 4171 3391 4227 lib.
3450 4188 3509 4239 v,
3573 4170 3738 4242 epist.
3767 4177 3883 4220 xxv:

2241 4287 2270 4314 «
2301 4263 2623 4318 Statuimus
2657 4262 2966 4316 diaconum
2999 4265 3057 4316 et
3085 4261 3373 4317 abbatem
3421 4262 3496 4316 de
3528 4264 3700 4331 portu
3729 4255 3884 4308 Vene-

2240 4354 2536 4426 ris,quem
2586 4352 2812 4408 indicas
2870 4351 3172 4422 cecidisse,
3216 4352 3295 4407 ad
3355 4366 3606 4408 sacrum
3659 4345 3887 4404 ordinem

2239 4461 2353 4500 non
2387 4443 2594 4498 debere
2625 4440 2713 4497 vel
2761 4457 2932 4514 posse
2987 4439 3104 4496 ullo
3161 4441 3342 4498 modo
3398 4439 3685 4498 revocari.
3735 4436 3888 4499 Quem

3272 4530 3338 4586 in
3377 4527 3784 4600 paenitentiam
3811 4520 3892 4576 de-

2240 4627 2445 4695 putare
2465 4625 2522 4676 te
2555 4619 2841 4676 convenit.
2881 4642 2900 4668 υ
2928 4619 2986 4674 Si
3010 4623 3203 4674 autem
3265 4619 3402 4675 hmc
3447 4619 3686 4690 aliaque
3717 4613 3895 4682 hujus-

2239 4713 2392 4767 modi
2425 4709 2549 4765 loca
2564 4710 2634 4765 de
2657 4707 2887 4779 publica
2901 4708 3241 4779 pmnitentia
3259 4725 3447 4764 nemo
3464 4706 3897 4780 interpretetur:

2237 4819 2342 4856 cur
2373 4799 2588 4856 similia
2619 4799 2688 4853 de
2705 4797 3029 4869 majoribus
3053 4797 3230 4852 trium
3247 4799 3531 4870 priorum
3569 4795 3896 4853 saeculorum

2237 4890 2480 4954 clericis,
2515 4891 2720 4960 prmter
2751 4886 3098 4942 sententiam
3135 4904 3527 4942 summorum
3573 4881 3896 4958 pontiﬁcum

2236 4984 2410 5050 atque
2441 4979 2701 5044 Patrum,
2734 4977 2834 5049 qui
2867 4976 3092 5032 szeeulis
3139 4993 3217 5044 ιν,
3258 4982 3316 5032 et
3353 4995 3386 5031 ν
3423 4978 3720 5040 vixerunt,
3751 4968 3900 5026 aliter

2233 5068 2634 5140 intelligamus
2657 5067 2684 5122 ‘I

3031 5225 3080 5283 V

2305 5377 2390 5430 13.
2423 5372 2585 5429 Circa
2614 5371 2769 5428 idem
2801 5374 3033 5445 tempus
3089 5373 3449 5447 Cyprianus,
3511 5375 3586 5431 de
3640 5368 3894 5430 omnium

2231 5465 2480 5522 fratrum
2503 5461 2769 5533 consilio,
2800 5461 3062 5519 Cornelio
3095 5465 3258 5521 misit
3301 5464 3565 5521 nomina
3605 5461 3898 5537 episcopo-

2230 5573 2363 5612 rum
2394 5554 2453 5610 in
2496 5552 2688 5610 Africa
2719 5552 3193 5623 constitutorum,
3231 5577 3258 5606 α
3288 5555 3395 5627 qui
3445 5552 3672 5627 integri
3704 5555 3760 5607 et
3779 5545 3897 5605 sani

2229 5646 2288 5705 in
2322 5644 2576 5703 Ecclesia
2595 5639 2882 5702 catholica
2903 5643 3182 5706 fratribus
3211 5649 3527 5723 praesunt:
3562 5666 3593 5696 »
3627 5645 3693 5700 ut
3722 5636 3892 5701 sciret

4013 1007 4015 1026 |

4009 1045 4017 1088 i

4011 1105 4018 1140 l

4011 1163 4016 1202 Ι

4011 1431 4018 1522 l.
