4102 6172
348 234 459 292 717

1874 231 2215 294 ΝΟΤΙΤΙΑ.

3624 252 3746 315 718

341 367 465 439 ipse
496 366 741 438 ejusque
773 381 948 436 epera
975 363 1232 436 episcopi
1273 364 1484 435 caeteri,
1514 386 1542 414 «
1576 365 1793 436 quibus
1840 365 1983 420 scri-
2015 366 2067 431 Α
2098 366 2286 420 teniiae
2317 368 2492 423 etiam
2526 374 2650 424 tum
2684 369 2972 429 favebant.
3006 374 3162 431 Duas
3208 393 3437 449 quoque
3480 379 3627 436 alias
3670 384 3743 437 ad

342 458 494 525 bere,
552 460 609 511 et
664 455 892 510 litteras
945 460 1150 509 mutuo
1206 472 1239 508 a
1297 454 1512 525 quibus
1573 469 1672 509 eos
1726 454 1984 525 accipere
2095 455 2199 510 hos
2231 456 2390 528 ipsos
2422 458 2703 530 epistolas
2744 460 2903 518 misit
2948 469 3148 535 postea
3193 481 3371 537 quam
3424 468 3495 523 ad
3549 469 3744 526 Eccle-

338 549 666 619 oporteret;
704 567 733 595 ››
791 544 1052 615 adeoque
1113 543 1162 598 si
1221 545 1353 615 quis
1413 544 1665 599 scribere
1723 545 1981 614 auderet,

338 638 505 706 cujus
561 650 777 689 nomen
836 634 895 688 in
956 633 1061 688 hac
1129 631 1374 705 epistola
1431 633 1789 700 reticeretur,
1849 649 1981 688 eum

335 730 577 781 nossent
606 746 633 774 ‹‹
666 722 754 779 vel
778 722 974 778 libello
1004 721 1093 777 vel
1124 722 1411 778 sacrificio
1442 739 1569 778 esse
1600 721 1979 793 maculatum,

329 816 418 871 vel
451 831 635 870 unum
694 814 765 869 de
811 811 1119 868 haereticis.
1155 832 1183 861 »
1239 811 1426 867 Simili
1477 813 1745 867 cautione
1776 810 1981 867 Corne-

327 904 447 959 lius
476 903 739 959 scribens
771 903 841 958 ad
875 902 1119 957 Fabium
1152 900 1581 956 Antiochenam
1612 900 1980 980 episcopum,

329 993 573 1048 nemina
602 992 1009 1064 episcOporum
1034 990 1132 1061 qui
1161 990 1547 1045 Novatianum
1576 990 1698 1048 sive
1720 989 1777 1044 in
1811 1006 1980 1061 syno-

331 1084 406 1138 do
438 1083 723 1147 Romana,
755 1080 875 1136 sive
903 1096 1005 1152 per
1050 1079 1273 1135 litteras
1322 1080 1872 1143 condemnaverant,
1906 1078 1977 1134 ad

334 1170 553 1227 calcem
611 1168 865 1242 epistolae
936 1186 1055 1223 suae
1128 1172 1469 1237 attexuerat,
1529 1172 1595 1223 ut
1666 1166 1976 1235 Eusebius,

330 1260 435 1316 lib.
459 1276 517 1318 VI
552 1260 719 1329 Hist,
754 1275 803 1315 c.
836 1260 925 1327 43,
958 1257 1154 1313 tradit.

1102 1408 1193 1465 VI.

399 1530 488 1585 14.
523 1528 767 1584 Cornelii
799 1527 870 1582 ad
901 1525 1253 1599 Cyprianum
1297 1521 1546 1596 epistola
1605 1538 1706 1595 per
1761 1521 1971 1578 Primi-

321 1620 511 1675 tivum
543 1619 948 1690 presbyterum
982 1614 1228 1687 perlata,
1257 1630 1373 1685 qua
1421 1630 1483 1668 se
1528 1618 1754 1668 motum
1786 1612 1969 1685 signi-

324 1709 559 1774 ﬁcabat,
589 1708 743 1779 quod
767 1722 901 1761 cum
925 1705 996 1759 de
1018 1702 1401 1759 Adrumetina
1423 1701 1649 1757 colonia
1669 1701 1967 1773 Polycarpi

322 1798 585 1870 ejusdem
617 1796 854 1852 colonias
885 1793 1141 1866 episcopi
1175 1792 1410 1847 nomine
1441 1791 1513 1846 ad
1546 1808 1607 1847 se
1643 1790 1847 1846 litterae
1878 1790 1966 1845 di-

324 1888 669 1960 rigerentur,
701 1884 1026 1957 Cyprianus
1058 1886 1115 1937 et
1148 1879 1430 1937 Liberalis
1476 1879 1615 1935 illuc
1644 1880 1962 1947 venientes,

323 1983 389 2031 ut
417 1993 530 2032 non
564 1975 633 2029 ad
667 1972 1022 2038 Cornelium,
1059 1971 1159 2026 sed
1220 1971 1291 2025 ad
1326 1970 1695 2041 presbyteros
1745 1986 1809 2025 ac
1841 1969 1965 2024 dia-

316 2083 496 2121 conos
557 2065 849 2119 Romanos
907 2060 1314 2132 dirigerentur,
1373 2063 1639 2113 auctores
1694 2058 1962 2125 fuissent,

317 2156 487 2227 quasi
520 2170 734 2225 anceps
792 2156 947 2207 esset
1000 2149 1188 2222 ipsius
1240 2147 1551 2203 ordinatio.
1597 2147 1713 2202 Cur
1768 2152 1963 2203 autem

317 2244 381 2299 id
413 2262 448 2298 a
477 2260 540 2298 se
565 2246 736 2311 atque
755 2257 788 2296 a
808 2237 1052 2294 Liberali
1070 2238 1292 2293 factum
1316 2236 1413 2305 sit,
1432 2235 1965 2309 Cyprianus,supra

318 2331 565 2404 epistola
595 2348 669 2399 ιν,
694 2328 963 2402 explicat.

1076 2471 1199 2525 VII.

388 2593 474 2649 15.
501 2590 762 2666 Epistola
789 2589 1036 2647 Cornelii
1067 2589 1137 2645 ad
1185 2587 1539 2660 Cyprianum
1586 2602 1688 2658 per
1725 2588 1960 2661 Augen-

303 2683 452 2738 dum
484 2682 874 2738 confessorem
926 2677 1127 2741 missa,
1165 2693 1282 2748 qua
1324 2675 1740 2743 Nicostratum,
1772 2676 1956 2731 Nova-

304 2775 461 2833 tum,
494 2768 846 2832 Evaristum,
878 2766 1139 2820 Primum
1195 2769 1253 2819 et
1300 2763 1638 2835 Dionysium
1687 2764 1956 2819 Novatia-

297 2860 368 2913 ni
417 2863 725 2914 sectatores
758 2856 816 2911 in
870 2855 1124 2909 Africam
1165 2853 1468 2925 navigasse
1507 2853 1828 2925 Cyprianus
1853 2854 1954 2909 ad-

298 2950 673 3005 monebatur.

960 3062 1115 3117 696
1144 3060 1292 3115 VIII.

382 3183 467 3238 16.
500 3180 747 3238 Cornelii
780 3180 852 3235 ad
885 3177 1232 3251 Dionysium
1252 3174 1710 3231 Alexandrinum
1733 3174 1952 3247 episco-

300 3288 450 3345 pum
482 3270 684 3327 littera
717 3270 996 3325 adversus
1024 3266 1431 3322 Novatianum.

1079 3410 1176 3464 IX.

385 3531 469 3586 17.
505 3528 759 3602 Dionysii
812 3525 1186 3584 Alexandrini
1241 3523 1486 3596 epistola
1533 3524 1604 3579 ad
1645 3525 1952 3596 praedictas

292 3618 533 3674 litteras
566 3616 869 3687 rescripta,
900 3616 972 3670 de
1030 3631 1147 3686 qua
1202 3612 1323 3667 haec
1374 3611 1661 3667 Eusebius
1692 3628 1950 3666 summa-

292 3709 407 3764 tim
444 3706 788 3780 perstringit
816 3722 828 3759 :
865 3728 891 3754 ‹‹
925 3704 1136 3759 Scribit
1166 3702 1481 3775 Dionysius
1512 3703 1581 3757 ad
1618 3701 1950 3759 Cornelium

291 3798 581 3853 Romana:
612 3796 773 3850 urbis
802 3794 1164 3866 episcopum,
1198 3793 1370 3863 cujus
1416 3792 1639 3847 litteras
1672 3793 1950 3847 adversus

288 3891 586 3941 Novatum
622 3885 752 3956 (leg.
782 3882 1197 3952 Novatianum)
1229 3884 1547 3953 acceperat.
1582 3883 1643 3936 In
1678 3899 1793 3953 qua
1821 3880 1948 3952 qui-

287 3976 429 4030 dem
464 3974 713 4047 epistola
744 3973 1036 4045 significat
1066 3988 1128 4027 se
1177 3972 1248 4027 ab
1299 3970 1511 4026 Heleno
1540 3971 1705 4026 Tarsi
1739 3970 1947 4025 Cilicia:

290 4064 574 4136 episcopo
605 4069 663 4118 et
694 4081 725 4118 a
756 4064 979 4118 caeteris
1029 4062 1127 4134 qui
1189 4078 1320 4115 cum
1380 4060 1479 4115 illo
1537 4068 1945 4136 convenerant,

292 4152 642 4207 Firmiliano
675 4152 897 4208 scilicet
925 4149 1297 4222 Cappadociae
1342 4154 1397 4204 et
1448 4150 1783 4206 Theoctisto
1838 4151 1945 4207 Pa-

288 4241 536 4297 laestinae
568 4240 875 4314 provincias
934 4239 1247 4311 episcopis,
1294 4239 1600 4295 invitatum
1647 4239 1848 4307 fuisse,
1884 4243 1948 4295 ut

291 4331 369 4386 ad
402 4330 688 4399 synodum
721 4328 1140 4385 Antiochenam
1191 4333 1539 4395 occurreret,
1576 4328 1633 4383 in
1670 4346 1787 4401 qua
1816 4328 1943 4399 qui-

289 4420 432 4475 dam
463 4420 665 4475 Novati
697 4419 958 4475 schisma
986 4418 1337 4474 confirmare
1377 4418 1698 4473 tentabant.
1729 4419 1946 4475 Scribit

2095 544 2241 599 siam
2304 546 2635 603 rediissent.
2691 569 2715 598 ι)
2778 552 3001 616 Quibus
3057 569 3126 609 ex
3183 556 3373 613 verbis
3432 559 3744 633 conﬁcitur

2094 633 2282 703 primo
2314 636 2548 706 quidem
2586 637 2843 711 Dionysii
2902 643 2972 697 ad
3033 644 3362 701 Cornelium
3412 647 3743 720 epistolam,

2092 721 2150 777 in
2186 739 2301 795 qua
2332 724 2443 796 ipsi
2476 726 2635 781 Fabii
2670 728 2891 785 obitum
2938 733 3191 800 nuntiat,
3233 736 3483 791 Cornelii
3518 739 3741 811 scripto

2092 812 2161 866 ad
2217 812 2532 884 ipsummet
2578 815 2821 873 Fabium
2869 835 2998 876 esse
3050 822 3479 895 posteriorem;
3528 827 3739 885 deinde

2088 916 2222 956 vero
2253 902 2570 959 Eusebium
2618 905 2676 961 in
2726 924 2861 963 mox
2890 909 3063 967 dictis
3097 912 3351 985 Dionysii
3386 914 3593 971 litteris
3645 933 3736 973 re-

2090 992 2396 1047 censendis
2450 994 2714 1051 ordinem
2776 1001 3107 1070 temporum
3166 1002 3410 1059 minime
3448 1021 3730 1065 servasse.

2088 1079 2432 1151 Conjectura
2490 1085 2707 1157 quippe
2760 1092 2849 1142 est
2899 1088 3046 1145 duas
3104 1090 3327 1163 primas
3384 1093 3659 1164 epistolas
3698 1112 3732 1152 a

2089 1168 2358 1243 Dionysio
2419 1173 2668 1245 scriptas
2718 1174 2919 1241 fuisse,
2978 1195 3112 1235 cum
3172 1198 3206 1235 a
3263 1185 3448 1238 morte
3492 1182 3729 1239 Fabiani

2088 1256 2282 1313 Romae
2336 1260 2503 1316 sedes
2549 1268 2800 1334 vacaret,
2852 1265 3084 1323 tertiam
3167 1284 3299 1325 cum
3363 1273 3729 1329 confessores

2086 1346 2404 1404 Macarium
2460 1353 2884 1424 presbyterum,
2931 1354 3253 1424 Urbanum,
3309 1359 3614 1416 Sidonium
3674 1366 3730 1417 et

2085 1436 2411 1493 Celerinum
2470 1439 2784 1498 Novatiano
2870 1444 3059 1501 favere
3143 1447 3367 1517 didicit,
3437 1454 3729 1521 postremo

2084 1531 2352 1598 quartam
2411 1533 2467 1584 et
2523 1531 2792 1601 quintam
2843 1550 2962 1589 una
3016 1551 3151 1590 cum
3200 1552 3289 1605 ea,
3322 1553 3501 1609 quam
3536 1540 3730 1610 priore

2081 1614 2206 1671 loco
2240 1617 2311 1672 ad
2343 1617 2675 1674 Cornelium
2707 1621 2939 1678 misisse
2976 1623 3229 1693 dicitur;
3280 1642 3415 1682 cum
3446 1628 3727 1684 nimirum

2081 1706 2451 1762 Confessores
2481 1709 2714 1765 eosdem
2746 1712 2818 1766 ad
2851 1711 3168 1768 Ecclesiam
3228 1730 3522 1786 regressos
3556 1715 3723 1788 ipsis,

2080 1794 2135 1848 ni
2171 1793 2448 1867 fallimur,
2480 1796 2730 1853 Cornelii
2789 1798 3001 1856 litteris
3054 1802 3395 1875 accepisset.
3432 1806 3723 1871 Quemad-

2076 1885 2317 1940 modum
2347 1885 2502 1940 enim
2532 1886 2833 1943 Cornelius
2863 1891 3262 1946 confessorem
3292 1893 3363 1947 ad
3404 1894 3719 1950 Ecclesiam

2076 1974 2328 2029 reditum
2376 1975 2434 2029 in
2485 1992 2592 2031 sua
2621 1977 2693 2031 ad
2724 1977 2965 2035 Fabium
2996 1980 3427 2037 Antiochenum
3459 1983 3721 2055 Epistola

2072 2063 2378 2135 nuntiavit,
2412 2064 2495 2119 ita
2522 2068 2579 2119 et
2608 2066 2883 2139 augurari
2941 2066 3077 2124 licet
3131 2086 3264 2126 eum
3304 2071 3361 2126 id
3393 2071 3589 2143 ipsum
3620 2089 3717 2129 eo-

2074 2152 2205 2208 dem
2238 2157 2497 2225 tempore
2535 2154 2810 2227 Dionysio
2866 2155 3271 2214 Alexandrinae
3328 2160 3586 2217 ecclesia:
3619 2179 3717 2218 an-

2072 2241 2242 2297 tistiti
2273 2241 2489 2298 litteris
2545 2243 2700 2299 datis
2760 2244 3144 2317 signiﬁcasse,
3182 2248 3458 2322 huncque
3488 2266 3604 2306 non
3637 2251 3718 2307 ita

2074 2330 2257 2386 multo
2290 2335 2423 2402 post
2455 2348 2521 2388 ea
2552 2349 2680 2404 quas
2723 2334 3010 2391 Eusebius
3068 2338 3361 2394 memorias
3394 2339 3715 2409 mandavit,

2076 2420 2147 2475 ad
2179 2419 2509 2477 Cornelium
2541 2422 2931 2495 rescripsisse.

2868 2585 2935 2641 X.

2142 2728 2226 2782 18.
2262 2726 2483 2782 Littera:
2516 2728 2818 2783 Fortunati
2868 2730 3401 2805 pseudo-episcopi,
3435 2750 3538 2806 per
3563 2734 3714 2808 lega-

2067 2820 2158 2872 tos
2189 2816 2397 2888 ipsius,
2430 2816 2529 2887 qui
2591 2833 2709 2871 una
2766 2833 2896 2871 cum
2954 2818 3313 2876 Felicissimo
3374 2823 3617 2878 Romam
3651 2840 3713 2880 se

2065 2904 2461 2975 contulerunt,
2495 2905 2563 2960 ad
2594 2904 2923 2961 Cornelium
2954 2908 3336 2965 transmissae.
3391 2911 3471 2967 De
3503 2910 3708 2983 legatis

2062 2994 2179 3051 illis
2227 2994 2349 3050 haec
2392 2993 2598 3049 scribit
2654 2994 3014 3067 Cyprianus:
3078 3020 3107 3047 «
3138 2998 3275 3055 Post
3332 3000 3464 3067 ista,
3514 3001 3706 3058 adhuc

1981 3117 2022 3183 Ο
2061 3085 2304 3155 insuper
2358 3083 2876 3156 pseudo-episcopo
2933 3084 3047 3140 sibi
3106 3087 3177 3142 ab
3236 3086 3522 3145 haereticis
3567 3106 3704 3146 con-

2062 3173 2288 3244 stituto,
2321 3172 2591 3245 navigare
2646 3174 2863 3228 audent
2919 3182 2973 3229 et
3029 3174 3101 3229 ad
3162 3175 3307 3232 Petri
3364 3178 3702 3234 cathedram

2064 3265 2240 3334 atque
2297 3262 2368 3317 ad
2427 3261 2747 3317 Ecclesiam
2828 3261 3226 3334 principalem,
3290 3267 3443 3321 unde
3510 3267 3705 3322 unitas

2064 3351 2442 3408 sacerdotalis
2499 3356 2695 3407 exorta
2751 3356 2859 3422 est,
2922 3370 2955 3407 a
3022 3352 3415 3410 schismaticis
3468 3360 3525 3411 et
3580 3372 3709 3427 pro-

2064 3440 2216 3495 fanis
2273 3440 2499 3495 litteras
2585 3440 2857 3511 perferre,
2917 3456 3021 3496 nec
3077 3441 3329 3514 cogitare
3403 3460 3502 3499 eos
3578 3459 3708 3500 esse

2064 3529 2379 3596 Romanos,
2457 3546 2706 3601 quorum
2770 3530 2915 3586 fides
3001 3532 3274 3603 Apostolo
3359 3533 3710 3603 praedicante

2063 3618 2211 3673 697
2245 3617 2485 3673 laudata
2541 3622 2649 3687 est,
2713 3619 2781 3673 ad
2838 3635 2985 3690 quos
3035 3619 3279 3690 perfidia
3336 3620 3549 3677 habere
3597 3638 3710 3678 non

2063 3706 2249 3779 possit
2280 3724 2604 3763 accessum.
2644 3729 2671 3756 »
2703 3708 2957 3763 Rursum
3008 3713 3139 3779 post
3187 3725 3373 3781 pauca
3405 3710 3477 3765 de
3505 3709 3713 3767 iisdem

2063 3797 2144 3852 ita
2172 3796 2471 3868 loquitur:
2510 3818 2538 3846 «
2570 3797 2650 3852 De
2680 3796 2812 3852 istis
2841 3814 2972 3853 vero
3006 3798 3145 3869 quid
3178 3799 3389 3864 dicam,
3425 3799 3525 3870 qui
3557 3816 3713 3855 nunc

2065 3888 2134 3941 ad
2171 3891 2225 3942 te
2256 3902 2387 3941 cum
2421 3884 2785 3941 Felicissimo
2818 3886 3082 3941 omnium
3142 3886 3457 3942 criminum
3488 3902 3585 3941 reo
3616 3903 3714 3942 na-

2059 3972 2598 4047 vigaverunt,legati
2612 3991 2644 4029 a
2662 3974 2970 4029 Fortunato
2986 3975 3503 4047 pseudo-episcopo
3518 3974 3709 4044 missi,

2060 4069 2180 4119 tam
2212 4064 2391 4119 falsas
2422 4064 2493 4119 ad
2530 4067 2587 4119 te
2617 4063 2842 4118 litteras
2893 4065 3221 4131 atterentes,
3281 4079 3453 4135 quam
3510 4067 3600 4119 est
3653 4068 3711 4119 et

2059 4153 2206 4225 ipse,
2239 4154 2409 4223 cujus
2438 4152 2665 4208 litteras
2696 4152 2907 4224 ferunt,
2960 4152 3192 4208 falsus?
3227 4175 3255 4203 ››
3313 4152 3473 4207 Hanc
3513 4157 3710 4208 autem

2062 4241 2389 4298 litterarum
2413 4242 2646 4298 illarum
2679 4241 2990 4297 falsitatem
3024 4242 3081 4296 in
3110 4242 3217 4296 hoc
3239 4242 3491 4313 positam
3522 4246 3705 4312 notat,

2057 4333 2212 4404 quod
2245 4333 2303 4387 in
2334 4332 2419 4388 eis
2452 4333 2807 4387 Fortunatus
2865 4330 3072 4402 viginti
3110 4330 3373 4402 quinque
3402 4330 3705 4403 episcopos

2056 4421 2407 4476 ordinationi
2464 4438 2581 4475 sum
2670 4419 2906 4475 affuisse
2982 4420 3299 4490 jactitaret,
3379 4437 3512 4476 cum
3570 4436 3705 4476 eum

288 4510 469 4566 etiam
506 4509 617 4565 sibi
646 4510 983 4565 nuntiatum
1016 4507 1220 4573 fuisse,
1253 4506 1406 4576 quod
1458 4506 1672 4563 Fabius
1704 4510 1943 4579 quidem
1976 4489 2021 4553 Β
2063 4528 2084 4557 α
2116 4509 2376 4581 quinque
2401 4508 2540 4564 solis
2564 4508 3045 4564 convenientibus
3069 4509 3370 4583 naufragis
3392 4513 3448 4565 et
3470 4510 3704 4566 absten-

286 4600 445 4655 diem
479 4604 804 4655 extremum
837 4596 1101 4663 obiisset,
1133 4594 1544 4651 Demetrianus
1568 4611 1701 4651 vero
1732 4597 1789 4651 in
1814 4600 1943 4669 ejus

283 4688 483 4745 locum
534 4687 843 4760 episcopus
884 4684 1253 4741 Antiochenaa
1307 4683 1575 4738 Ecclesiae
1618 4689 1773 4740 esset
1804 4702 1942 4741 con-

285 4777 556 4832 stitutus.
588 4777 696 4832 Sed
732 4781 787 4831 et
817 4776 887 4830 de
920 4773 1447 4844 Hierosolymorum
1473 4772 1742 4844 episcopo
1777 4791 1940 4830 men-

286 4867 509 4923 tionem
538 4866 676 4922 facit
697 4866 788 4921 his
809 4865 1002 4921 verbis
1028 4881 1040 4919 :
1076 4864 1234 4928 Quod
1259 4863 1416 4917 enim
1446 4863 1515 4916 ad
1548 4862 1938 4920 Alexandrum

284 4958 533 5027 spectat,
584 4956 635 5011 is
681 4955 739 5010 in
772 4969 1063 5010 carcerem
1105 4951 1423 5022 conjectus,
1456 4950 1624 5005 beato
1653 4952 1807 5007 exitu
1840 4953 1939 5007 de-

284 5045 531 5100 functus
561 5048 667 5099 est.
701 5065 729 5094 »
758 5044 982 5109 Quibus
1014 5041 1222 5097 deinde
1253 5039 1452 5095 subdit
1482 5039 1552 5094 de
1582 5040 1783 5095 eodem
1812 5041 1941 5097 Dio-

284 5132 456 5206 nysio
488 5133 809 5190 Eusebius:
852 5153 873 5181 ι
908 5131 1185 5203 Sequitur
1216 5129 1426 5185 deinde
1458 5128 1643 5185 altera
1672 5132 1937 5201 ejusdem

284 5222 570 5296 Dionysio
600 5224 845 5296 epistola
874 5224 946 5279 ad
978 5222 1206 5277 Fratres
1248 5223 1442 5275 Roma:
1487 5220 1837 5276 constitutos
1868 5221 1938 5277 de

281 5309 513 5368 diaconi
572 5313 763 5369 ofﬁcio
821 5330 924 5385 per
983 5308 1361 5383 Hippolytum
1419 5308 1623 5365 missa.
1681 5309 1936 5367 Alteram

2054 4599 2130 4654 tis
2163 4621 2191 4648 »
2224 4598 2557 4653 ordinatum
2616 4612 2745 4653 esse
2812 4602 3142 4667 constaret;
3203 4599 3424 4656 Privato
3482 4599 3706 4656 scilicet

2052 4692 2243 4743 vetere
2275 4687 2544 4741 haeretico
2590 4685 2727 4741 olim
2762 4686 3084 4759 nonaginta
3126 4688 3534 4761 episcoporum
3567 4704 3700 4744 sen-

2050 4777 2234 4832 tentia
2289 4777 2696 4845 condemnato,
2759 4776 2944 4831 Felice
2993 4794 3163 4849 quem
3224 4778 3489 4834 Privatus
3540 4782 3702 4834 extra

2052 4864 2365 4921 Ecclesiam
2400 4866 2621 4936 pseudo
2654 4865 2992 4938 episcopum
3049 4869 3451 4937 constituerat,
3491 4865 3695 4922 Jovino

2050 4960 2108 5011 et
2137 4954 2388 5010 Maximo
2421 4970 2677 5026 primum
2713 4954 3005 5010 sententia
3036 4972 3241 5011 novem
3285 4955 3695 5026 episcoporum

2050 5043 2367 5112 damnatis,
2400 5058 2465 5097 ac
2496 5043 2706 5100 deinde
2754 5044 2960 5099 iterato
2991 5060 3024 5099 a
3055 5044 3324 5116 pluribus
3358 5042 3415 5098 in
3448 5041 3695 5098 concilio

2049 5132 2357 5201 abstentis,
2391 5136 2447 5187 et
2479 5132 2727 5203 Reposto
2761 5132 3189 5203 Suturnicensi,
3235 5130 3337 5203 qui
3394 5131 3453 5186 in
3508 5147 3697 5203 ρει-86·

2048 5220 2276 5277 cutiene
2307 5237 2420 5275 non
2470 5224 2701 5275 tantum
2757 5221 2885 5291 ipse
2943 5220 3252 5291 ceciderat,
3286 5220 3387 5275 sed
3418 5224 3477 5276 et
3508 5219 3693 5276 maxi-

2048 5328 2202 5366 mam
2237 5308 2419 5381 plebis
2452 5326 2572 5364 suas
2604 5313 2829 5380 partem
2861 5308 3147 5381 sacrilega
3190 5308 3571 5380 persuasione
3603 5310 3698 5365 de-

278 5400 423 5458 item
457 5404 529 5459 ad
561 5406 795 5460 eosdem
823 5402 1130 5476 epistolam
1155 5400 1358 5457 scribit
1388 5402 1458 5456 de
1489 5406 1656 5468 Pace,
1691 5419 1796 5458 nec
1820 5419 1931 5458 non
2038 5402 2292 5473 jeccrat:
2327 5421 2353 5447 (ς
2388 5398 2456 5452 lii
2485 5399 2766 5468 quinque,
2800 5398 2931 5453 inﬁt
2960 5398 3303 5469 Cyprianus,
3331 5415 3466 5455 cum
3496 5398 3698 5470 paucis

278 5490 351 5547 de
381 5493 750 5550 Poenitentia.
787 5495 1015 5550 Rursus
1064 5491 1239 5548 aliam
1299 5490 1371 5545 ad
1418 5491 1793 5547 Confessores
1826 5492 1932 5547 ibi-

276 5583 414 5647 dem
446 5586 817 5661 constitutos,
853 5586 950 5663 qui
980 5584 1179 5641 Novati
1234 5583 1368 5660 (leg.
1426 5582 1751 5661 Novatiani)
1800 5601 1932 5642 sen-

2043 5491 2129 5545 vel
2165 5486 2526 5557 sacriﬁcatis,
2557 5484 2643 5539 vel
2675 5486 2828 5542 male
2858 5487 2971 5542 sibi
3002 5487 3273 5559 consciis,
3304 5490 3704 5548 Fortunatum

2044 5578 2155 5637 sibi
2178 5576 2778 5651 pseudo-episcopum
2809 5580 3173 5652 cooptarunt.
3198 5599 3226 5626 δ)
3253 5576 3392 5646 Has
3412 5572 3714 5633 Fortunati
