4102 6172
274 356 395 416 725

797 502 952 544 ΑΝΝο
993 503 1218 546 CHRISTI
1268 505 1414 546 CCLI.

815 595 1161 653 EPISTOLA
1191 597 1240 653 11
1265 599 1397 670 (11).

275 703 325 744 S.
361 701 625 743 CYPRIANI
664 701 1176 743 CARTHAGINIENSIS
1214 705 1471 746 EPISCOPI
1508 704 1581 744 AD
1621 703 1671 746 Β.
1721 703 1935 745 ΟΟΗΝΕ-

909 774 1058 815 DIUM
1088 776 1300 816 ΡΛΡΛΜ.

277 866 617 931 (Ει-εεωημιι,
670 868 764 931 19;
815 865 1028 922 Pamel..
1079 866 1290 931 Rigalt.,
1343 867 1536 927 Baluz.,
1588 870 1769 930 Paris.,
1818 882 1933 931 xm;

508 927 667 989 Lips.,
693 928 987 987 Coustant.,
1023 931 1109 980 127
1134 927 1435 991 ;"Galland.,
1466 945 1537 991 ιιι,
1570 934 1700 986 333.)

271 1028 719 1079 ARGUMENTUM.
753 1055 821 1064 ——
854 1025 994 1094 Quid
1035 1042 1105 1082 ea:
1155 1027 1366 1084 divi-na:
1406 1028 1725 1084 traditionis
1762 1034 1813 1084 et
1859 1047 1940 1086 ec-

345 1097 1048 1172 clesgiasticseinstitutiouis
1063 1115 1166 1152 usu
1192 1101 1383 1170 fecerit
1417 1100 1726 1172 Cyprianus
1760 1103 1858 1156 ubi
1875 1102 1942 1157 de

346 1168 615 1245 legitima
637 1167 880 1245 Cornelii
895 1167 1244 1245 ordinatione
1265 1167 1663 1245 certior/"actus
1692 1183 1791 1230 est.
1833 1176 1943 1228 Lit-

345 1242 492 1293 teras
528 1240 678 1316 ξοδ
711 1239 965 1316 Cornelii
988 1243 1449 1316 noniNovatiani,
1480 1239 1489 1245 ’
1497 1245 1722 1316 publice
1777 1247 1943 1300 tectas

342 1326 476 1388 esse.
514 1311 632 1365 Cur
656 1319 900 1388 praeter
928 1312 1177 1368 Cornelii
1219 1311 1700 1388 titteraz's,2;uibus
1746 1318 1842 1372 ille
1888 1333 1944 1372 se

344 1384 655 1459 episcopum
676 1385 992 1459 nuntiabat,
1016 1401 1216 1459 eorum
1250 1389 1349 1458 qui
1386 1389 1470 1459 ips
1485 1384 1572 1443 ius
1605 1388 1945 1445 ordinationi

344 1455 737 1528 inter/uerunt,
767 1457 1146 1512 testimonium
1177 1455 1539 1514 desideravit.
1593 1462 1760 1528 Rogat
1821 1460 1948 1516 Cor-

343 1525 582 1600 nelium,
613 1534 673 1580 ut
695 1526 908 1582 litteras
938 1527 1004 1583 de
1035 1531 1377 1585 Felicissimi
1395 1540 1449 1585 et
1483 1525 1934 1600 presbyterorum

339 1605 392 1652 et
429 1596 781 1653 addictorum
809 1615 996 1671 causa,
1030 1617 1172 1672 quas
1201 1603 1314 1673 ipsi
1342 1596 1537 1671 mittit,
1576 1596 1744 1672 ιεραε·

509 1739 835 1780 CYPRIANUS
874 1740 1153 1780 CORNELIO
1192 1744 1395 1783 FRATRI
1440 1744 1714 1784 SALUTEM.

350 1829 399 1884 1.
433 1829 593 1895 Quod
627 1830 813 1886 servis
847 1831 965 1902 Dei,
998 1835 1056 1888 et
1086 1833 1339 1889 maxime
1389 1836 1796 1892 sacerdotibus
1840 1837 1940 1907 ju-

268 1917 361 1973 tis
414 1922 469 1974 et
523 1919 784 1990 paciﬁcis
859 1923 1243 1993 congruebat,
1320 1924 1498 1979 frater
1569 1924 1938 1994 charissime,

277 2005 639 2063 miseramus
694 2024 880 2079 nuper
936 2010 1049 2081 (12)
1105 2010 1358 2084 collegas
1427 2017 1661 2069 nostros
1736 2013 1939 2069 Caldo-

1788 357 2219 422 EPISTOLJE.

1970 493 2026 560 Α
2055 490 2220 546 nium
2256 491 2299 527 ⁸⁸
2328 495 2385 548 et
2424 493 2849 563 Fortunatam;
2902 495 2968 549 ut
3014 509 3130 549 non
3183 495 3418 551 tantum
3466 511 3705 568 persua-

3592 366 3710 427 726

2043 581 2210 636 sione
2240 580 2568 638 litterarum
2602 587 2955 647 nostrarum,
2991 584 3090 640 sed
3149 585 3458 656 praesentia
3507 587 3548 622 1⁸
3595 603 3704 643 sua

2044 678 2102 729 et
2132 673 2374 730 consilio
2397 675 2662 730 omnium
2693 678 2951 732 vestrum
2983 675 3364 742 eniterentur,
3412 681 3699 749 quantum

2045 768 2309 836 possent,
2341 767 2398 819 et
2426 764 2811 835 elaborarent,
2845 768 2910 820 ut
2965 766 3035 820 ad
3090 765 3386 821 catholicae
3435 767 3697 823 Ecclesiae

2047 852 2334 908 unitatem
2374 853 2546 910 scissi
2577 854 2836 925 corporis
2867 854 3136 909 membra
3177 862 3611 927 componerent,
3665 873 3696 912 e

2049 941 2389 997 Christianae
2445 941 2745 998 charitalis
2790 942 3090 998 vinculum
3160 943 3521 1015 copularent.
3591 946 3702 1000 Sed

2050 1031 2329 1102 quoniam
2361 1031 2600 1087 diversae
2659 1031 2844 1103 partis
2907 1031 3206 1087 obstinata
3261 1037 3319 1087 et
3366 1033 3705 1090 inflexibilis

2055 1122 2206 1175 704
2236 1120 2557 1192 pertinacia
2585 1121 2699 1194 (13)
2730 1137 2845 1177 non
2878 1123 3106 1176 tantum
3142 1121 3357 1177 radicis
3387 1122 3430 1156 ¹⁷
3478 1127 3534 1178 et
3583 1141 3706 1178 ma~

2051 1210 2160 1264 tris
2191 1210 2388 1265 sinum
2423 1213 2596 1281 atque
2626 1211 2994 1282 complexum
3026 1211 3352 1277 recusavit;
3387 1212 3487 1266 sed
3533 1212 3707 1267 etiam

2053 1299 2332 1371 gliscente
2363 1300 2404 1334 ¹⁸
2437 1299 2548 1371 (14)
2581 1303 2636 1355 et
2667 1299 2726 1354 in
2773 1300 2942 1370 pejus
2992 1301 3434 1355 recrudescente
3489 1300 3708 1357 discor-

2054 1389 2151 1445 dia
2181 1390 2520 1462 episcopum
2553 1389 2664 1446 sibi
2697 1390 2809 1460 (15)
2842 1388 3164 1455 constituit,
3200 1394 3256 1443 et
3285 1394 3487 1444 contra
3527 1407 3712 1444 sacra-

2054 1482 2318 1534 mentum
2353 1478 2530 1533 semel
2568 1479 2845 1533 traditum
2879 1478 3086 1532 divina:
3119 1478 3522 1549 dispositionis
3540 1483 3709 1534 etca-

2056 1567 2287 1624 tholicaa
2321 1567 2585 1634 unitatis,
2641 1566 2975 1622 adulterum
3024 1571 3080 1622 et
3119 1567 3480 1622 contrarium
3537 1572 3714 1640 caput

2056 1661 2220 1712 extra
2277 1655 2590 1712 Ecclesiam
2643 1657 2815 1723 fecit;
2867 1655 3122 1728 acceptis
3142 1655 3353 1712 litteris
3400 1661 3523 1712 tam
3566 1657 3708 1727 tuis,

2059 1761 2234 1818 quam
2267 1745 2621 1818 collegarum
2654 1747 2766 1817 (16)
2795 1749 3152 1812 nostrorum,
3203 1745 3343 1800 item
3393 1747 3710 1801 adventan-

2059 1836 2220 1891 tibus
2252 1835 2420 1890 bonis
2449 1834 2588 1890 viris
2619 1839 2676 1889 et
2709 1835 2877 1890 nobis
2923 1833 3288 1890 charissimis
3321 1834 3554 1906 collegis
3605 1851 3716 1891 no-

2051 1924 2192 1979 stris
2225 1923 2496 1995 Pompeio
2526 1927 2583 1978 et
2628 1923 2944 1995 Stephano,
2999 1940 3032 1978 a
3072 1924 3290 1995 quibus
3343 1925 3460 1979 haec
3515 1924 3716 1980 omnia

2052 2013 2219 2068 nobis
2247 2012 2601 2068 cumlaetitia
2625 2013 2665 2047 ¹⁸
2694 2013 2805 2084 (17)
2839 2013 3135 2068 communi
3158 2016 3487 2069 asseverate
3505 2014 3550 2048 ²⁰
3573 2017 3714 2070 sunt

1712 2131 1914 2191 Variae
1971 2130 2289 2191 lectiones.

359 2221 403 2256 ιδ
431 2220 800 2277 Calidonium
831 2225 974 2278 Foss.
1000 2227 1148 2281 Vict.
1175 2226 1336 2281 Mieh.
1419 2228 1461 2262 ¹⁶
1483 2228 1607 2283 Tua
1634 2230 1693 2284 in
1718 2231 2006 2283 vetustiore
2023 2245 2125 2283 ms.
2153 2227 2296 2284 Colb.
2377 2229 2417 2261 ¹⁷
2441 2226 2698 2283 Nutricis
2729 2229 2876 2282 vetus
2905 2225 3029 2281 Cod.
3061 2227 3265 2282 Batus.
3344 2227 3384 2262 ⁸⁸
3411 2225 3704 2284 Gliscente

271 2291 340 2370 in
367 2294 534 2364 pejus
565 2299 629 2348 ut
648 2296 1033 2370 crudescente
1058 2297 1205 2370 idem
1223 2299 1410 2354 codex.
1437 2299 1584 2355 Alter
1605 2301 1873 2355 recentior
1887 2317 2010 2354 cum
2031 2300 2162 2354 edit:
2195 2299 2369 2355 Oxon.
2397 2299 2686 2354 Gliscente
2729 2303 2784 2354 et
2817 2299 2872 2352 in
2904 2299 3069 2370 pejus
3102 2299 3498 2354 crudescente.
3533 2300 3699 2368 Magis

312 2364 456 2444 tacet
483 2381 608 2444 cum
637 2367 844 2444 Parcet.
876 2377 937 2444 et
955 2384 1058 2423 ms.
1079 2369 1250 2444 _Corb.
1284 2370 1573 2428 Gliscente
1617 2378 1675 2428 et
1705 2372 1763 2426 in
1795 2373 1964 2444 pejus
1996 2371 2457 2427 recrudescente.
2539 2372 2581 2404 ¹⁹
2627 2374 2757 2426 Hzec
2805 2364 3004 2426 omnia
3055 2387 3189 2426 cum
3241 2369 3483 2426 tristitia
3529 2364 3704 2427 Oxon.

261 2381 456 2470 procer
483 2381 608 2420 cum
637 2381 844 2422 ramet.
876 2381 937 2450 et.
955 2384 1058 2423 ms.
1093 2381 1229 2424 coro

296 2437 322 2470 °
355 2438 592 2493 Asserta
621 2442 760 2493 sunt
785 2438 1034 2495 firmiter
1064 2439 1236 2496 Oxon.

1706 2531 2039 2594 Variorum
2090 2537 2283 2593 nota.

350 2632 462 2712 (11)
496 2633 916 2712 Per_Mettium
963 2637 1388 2712 subdiaconum
1440 2643 1497 2694 et
1539 2639 1933 2712 Nicephorum

265 2703 576 2782 acolytum
587 2705 885 2782 aliquanto
900 2715 1032 2778 post
1049 2710 1406 2781 superiorem
1424 2703 1727 2782 epistolam
1744 2717 1934 2767 trans-

268 2776 468 2854 r_nis_sa
496 2781 605 2832 est.
665 2776 983 2854 Cous'rarzfr.
1043 2776 1141 2821 -’
1168 2782 1328 2854 Hanc
1371 2776 1681 2854 epistolam
1730 2787 1938 2838 auctor

264 2847 591 2926 gestorum
650 2850 1071 2921 pontiﬁcalium
1129 2853 1208 2907 ait
1250 2847 1528 2926 scriptam
1573 2872 1606 2909 a
1654 2855 1936 2926 Cypriane

263 2919 463 2996 fuisse
491 2919 553 2974 in
585 2919 833 2996 carcere,
868 2927 932 2976 ut
979 2940 1111 2978 mox
1157 2919 1388 2992 dicam;
1409 2931 1465 2981 et
1513 2919 1780 2991 missam,
1838 2943 1939 2996 per

261 2989 608 3047 Celerinum
649 2991 943 3049 lectorem.
1001 2997 1073 3049 At
1119 2989 1466 3052 Pcarsonius
1507 2997 1565 3052 in
1614 2989 1924 3053 Anndlilius

264 3063 628 3145 Cypriauicis
656 3069 825 3145 putat
858 3065 982 3145 hac
1009 3067 1184 3145 verba
1216 3067 1494 3145 Gestorum
1529 3071 1929 3145 pontificaliuin
1966 3037 2008 3103 α

263 3133 530 3212 intelligi
563 3136 638 3212 de
656 3133 910 3208 epistola
941 3155 1075 3212 Lvn,
1103 3139 1268 3207 falso,
1303 3144 1367 3194 ut
1396 3133 1623 3212 opin'or.
1673 3133 1818 3196 Nam
1873 3142 1930 3196 in

267 3206 532 3288 epistola
561 3206 744 3288 missa
773 3226 875 3288 per
902 3209 1229 3266 Celerinum
1251 3206 1549 3288 agebatur
1578 3213 1649 3288 de
1696 3214 1933 3288 ordina-

265 3279 439 3364 tione
469 3279 748 3364 cornelii,
776 3279 854 3364 de
883 3298 1139 3364 quaOnon
1173 3279 1366 3364 agitur
1396 3285 1454 3339 in
1505 3284 1751 3354 epistola
1800 3302 1928 3340 LVII.

265 3350 455 3404 Recte
489 3350 758 3406 observat
788 3350 943 3407 idem
978 3353 1063 3408 vir
1091 3350 1458 3412 clarissimus
1487 3350 1744 3411 errorem
1802 3373 1930 3412 esse

262 3421 338 3499 in
369 3420 551 3499 gestis
580 3423 1012 3499 pontiﬁcalibus
1042 3441 1108 3480 eo
1139 3425 1247 3499 loci
1303 3427 1400 3482 ubi
1449 3427 1664 3499 legitur
1710 3428 1929 3499 episto-

261 3491 396 3571 lam
418 3491 991 3571 illam‘conscriptam
1011 3513 1142 3571 esse
1189 3498 1248 3571 in
1289 3491 1573 3571 carcereva
1603 3491 1802 3555 sancto
1834 3502 1930 3571 Cy-

265 3562 504 3636 priane.
539 3565 754 3622 Verum
796 3562 910 3622 non
969 3568 1099 3623 ideo
1144 3570 1599 3626 existimandum
1647 3576 1735 3625 est
1783 3562 1928 3626 falsa

265 3652 522 3761 prorsus
537 3652 662 3692 esse
683 3644 740 3693 et
759 3639 1160 3694 commentitia
1178 3658 1303 3713 quae
1351 3642 1482 3698 istic
1517 3643 1696 3699 tradit
1725 3647 1930 3697 auctor

319 3723 488 3761 orum
515 3710 842 3761 Gestorum.
867 3715 1040 3761 Error
1059 3715 1165 3761 est-
1205 3730 1318 3761 non
1364 3713 1605 3761 falsitas-
1650 3715 1928 3761 Emenda-

319 3723 496 3782 orum
510 3710 842 3782 Castorum.
867 3715 1040 3765 Error
1059 3715 1166 3782 est,
1195 3710 1319 3767 'non
1364 3713 1605 3769 falsitas.
1648 3715 1928 3770 Emenda-

263 3779 360 3834 tio
389 3779 580 3834 facilis
608 3784 715 3836 est.
750 3784 883 3846 Qua:
917 3779 1194 3837 dicuntur
1224 3786 1294 3839 de
1345 3802 1570 3840 carcere
1627 3787 1929 3841 referenda

266 3855 418 3905 sunt
437 3851 517 3925 ad
549 3851 899 3916 Celerinum,
933 3871 1106 3925 quem
1146 3861 1373 3911 constat
1423 3858 1481 3911 in
1532 3873 1758 3912 carcere
1801 3861 1926 3911 ten-

261 3929 399 3997 tum
429 3922 611 3997 fuisse
630 3941 768 3997 cum
793 3922 1009 3997 Moyse.
1035 3927 1308 3993 Maximo,
1359 3934 1412 3984 et
1444 3929 1790 3993 Nicostrate,
1826 3929 1927 3984 Ur-

265 3994 429 4077 bano
461 3997 518 4048 et
547 3993 806 4080 Sidonio,
838 3993 907 4051 [ε’
943 4013 1079 4080 ergo
1128 3997 1659 4080 litterasﬁypriani
1707 4000 1931 4080 accepit

268 4066 334 4121 in
359 4081 611 4132 carcere,
643 4070 700 4122 et
729 4067 865 4123 hinc
897 4066 1058 4124 misit
1088 4069 1158 4124 ad
1181 4066 1532 4126 Cornelium.
1576 4072 1670 4127 Sic
1703 4066 1930 4126 videtur

269 4138 900 4212 restituendussermo
931 4141 1030 4212 qui
1061 4144 1333 4198 turbatus
1363 4147 1451 4198 est
1479 4142 1538 4198 in
1573 4143 1784 4198 Gestis.
1818 4145 1926 4198 Sed

269 4208 626 4286 additpidem
656 4209 744 4286 vir
797 4208 1191 4286 clarissimus
1226 4231 1293 4269 ex
1334 4215 1557 4280 Adone,
1606 4217 1761 4286 quod
1817 4233 1930 4270 nu-

270 4282 465 4336 merat
493 4279 644 4335 inter
673 4281 883 4359 frivola
923 4288 980 4359 et
1037 4284 1237 4359 inania
1283 4279 1656 4359 sequentium
1704 4292 1931 4359 tempo-

268 4367 408 4406 rum
443 4357 795 4430 commenta,
829 4354 1126 4430 nimirum
1151 4355 1208 4410 in
1258 4354 1504 4428 epistola
1550 4357 1650 4413 illa
1696 4354 1928 4430 Cypria-

268 4439 418 4501 num
451 4423 759 4501 scripsisse
789 4426 1234 4501 adACorn‘elium
1293 4423 1514 4501 quanta
1562 4446 1664 4501 pro
1714 4423 1826 4485 fide
1873 4435 1932 4485 et

267 4493 640 4575 confessione
661 4495 896 4575 Christi
919 4497 1264 4575 sustinuerit
1289 4493 1630 4575 _Celerinus,
1691 4503 1748 4556 id
1797 4519 1928 4575 vero

269 4567 758 4638 magnamhabet
778 4567 1344 4628 difﬁcultatem.Ado
1379 4572 1533 4627 enim
1572 4590 1685 4627 non
1725 4574 1932 4628 scribit

266 4637 458 4716 hujus
480 4637 952 4716 Celerinilaudes
977 4641 1238 4716 fuisseiin
1287 4643 1532 4714 epistola
1571 4661 1687 4716 qua
1719 4646 1928 4716 proba-

272 4708 375 4765 bat
403 4708 751 4766 electionem
799 4712 1067 4768 Cornelii.
1129 4715 1256 4769 Haec
1304 4708 1442 4770 sunt
1487 4708 1662 4770 verba
1709 4708 1930 4770 Adonis

273 4781 347 4858 a_d
379 4781 538 4858 diem
593 4782 907 4858 xv111__l{al_.
957 4785 1243 4858 octobris:
1302 4787 1414 4854 Quo
1458 4791 1695 4858 tempore
1745 4789 1930 4843 beaius

277 4853 594 4930 Qyprienus
630 4853 823 4930 scribit
852 4856 904 4910 ei
931 4856 996 4930 de
1049 4856 1294 4912 Celerino
1323 4853 1535 4914 flectere
1565 4853 1786 4930 'quanta
1835 4874 1930 4930 pro

432 4928 487 5002 et
538 4927 874 5002 confessione
925 4926 1130 5002 Christi
1181 4931 1525 5002 sustinuerit.
1595 4926 1720 4986 Ista
1795 4926 1930 5002 ergo

272 4995 584 5051 exstabant
611 4995 669 5074 i_n
703 4996 819 5052 alia
872 4999 1148 5071 quapiam
1208 5001 1455 5073 epistola
1496 5003 1766 5074 Cypriani
1817 4995 1933 5074 qua

269 5082 568 5122 caremus.
610 5068 817 5124 BALUZ.

347 5139 458 5216 (1_2)
489 5139 808 5216 Miseramus
839 5156 1032 5216 nuper.
1067 5141 1146 5197 De
1177 5142 1585 5216 hacCypriani
1632 5143 1933 5216 legatione

276 5209 355 5263 ad
387 5209 926 5287 Corneliumagens
972 5213 1186 5281 Marca,
1245 5209 1437 5270 libf'v
1497 5216 1562 5271 de
1611 5209 1930 5287 Concordia,

273 5296 407 5361 cap.
441 5283 494 5361 ξ,
528 5283 610 5361 ait
639 5281 984 5361 Cald‘onium
1015 5290 1072 5361 et
1124 5287 1507 5361 [fortunatum
1568 5287 1789 5359 legatos
1833 5281 1932 5360 Cy:

271 5353 468 5424 priani
501 5357 559 5408 et
605 5355 836 5410 concilii
881 5356 1380 5426 Carthaginiensis
1430 5353 1654 5415 missos
1691 5376 1820 5416 esse
1870 5353 1933 5414 ut

271 5428 564 5503 quantum
597 5425 953 5503 ﬁeri_posse_t
982 5425 1340 5503 eniterentur
1360 5430 1430 5485 ad
1463 5432 1928 5503 componendam

272 5495 539 5576 consiliis
567 5497 695 5576 suis
726 5495 987 5576 Ecclesiae
1019 5501 1327 5576 unitatem,
1361 5495 1766 5576 qua3__i'actione
1806 5503 1932 5576 7N0-

270 5569 494 5623 vatiani
525 5569 715 5625 scissa
743 5575 884 5638 erat,
927 5576 983 5627 et
1039 5576 1104 5627 ut
1149 5574 1220 5628 de
1267 5569 1514 5629 Cornelii
1564 5575 1931 5630 ordinatione

277 5654 412 5710 quae
437 5641 552 5696 sibi
582 5647 779 5700 essent
808 5649 1104 5717 comperta
1152 5645 1433 5701 referrent
1477 5646 1547 5699 ad
1601 5647 1926 5704 Africanos.

1437 5718 1644 5777 BALUZ.

2117 2641 2231 2710 (13)
2292 2639 2574 2694 Obstinata
2616 2640 2947 2711 pertinacia.
2999 2637 3238 2711 Honorii
3287 2641 3433 2711 Aug.
3480 2639 3697 2694 consti-

2044 2712 2194 2765 tutio
2225 2712 2506 2766 adversus
2540 2709 2835 2782 Pelagium
2879 2715 2936 2764 et
2985 2709 3320 2764 leestium
3346 2726 3360 2764 :
3388 2709 3510 2765 'Sed
3568 2713 3700 2782 quia

2046 2782 2423 2838 obtinatorum
2470 2784 2638 2836 nimis
2685 2781 2952 2853 pertinax
2989 2781 3234 2853 malum,
3272 2783 3333 2834 ut
3387 2783 3699 2836 constitutio

2045 2857 2426 2923 geminaretur
2464 2856 2655 2924 exigit.
2692 2852 3039 2908 Pertinacia
3087 2852 3360 2916 sumitur,
3412 2858 3476 2906 ut
3526 2853 3703 2924 plurif

2057 2942 2244 2980 mum.
2275 2926 2332 2979 in
2367 2925 2580 2980 malam
2613 2930 2856 2995 partem.
2886 2927 2950 2977 ut
2982 2924 3324 2978 monuimus
3357 2925 3415 2978 in
3445 2924 3596 2979 notis
3628 2923 3702 2978 ad

2057 2995 2433 3068 Capilularia,
2463 3013 2592 3068 pag.
2625 2997 2774 3050 H10.
2809 2995 3014 3049 BALUZ.

2120 3063 2230 3140 (14)
2255 3063 2706 3123 ϐίίδεαιιὶσΪΜοχ
2735 3067 3058 3140 Cyprianus
3089 3064 3406 3140 respiciens
3437 3065 3509 3120 ad
3555 3063 3701 3122 illud

2043 3137 2230 3209 Pauli,
2265 3141 2470 3211 Ephes.
2514 3157 2565 3204 ν,
2627 3141 2734 3195 3‘3:
2783 3137 3220 3194 sacramentum
3281 3137 3385 3211 hoc
3434 3153 3704 3211 magnum

2040 3217 2141 3279 est,
2174 3228 2273 3281 ego
2302 3209 2491 3266 autem
2521 3212 2664 3279 dico,
2699 3212 2758 3265 in
2789 3211 2997 3266 Christo
3057 3218 3108 3265 et
3154 3211 3216 3264 in
3267 3210 3524 3276 Ecclesia,
3575 3209 3702 3281 epi-

2041 3301 2284 3356 scopum
2316 3283 2592 3349 ecclcsize,
2626 3283 2725 3354 qui
2751 3281 3364 3356 legitime_ordinatur,
3411 3297 3700 3356 sponsum

2039 3352 2273 3423 censet;
2307 3356 2564 3426 adeoque
2593 3352 2914 3411 adulter—um
2940 3354 3138 3409 haberi
3162 3352 3305 3418 vult,
3333 3352 3513 3426 quiin
3534 3368 3696 3426 eam-

2041 3430 2172 3483 dem
2206 3424 2510 3482 ecclesiam
2544 3431 2746 3481 contra
2779 3427 2866 3481 fas
2897 3430 2954 3480 et
2992 3427 3427 3480 sacramentum
3485 3424 3694 3479 divinas

2039 3499 2446 3572 dispositionis
2479 3499 2796 3572 inducitur.
2833 3497 2976 3552 Hinc
3005 3501 3062 3552 et
3090 3495 3392 3568 episcopos
3415 3495 3699 3572 ecclesia-

2038 3566 2191 3654 rum,
2216 3571 2429 3654 quibus
2452 3570 2882 3654 astringuntur,
2912 3566 3160 3654 sponsos
3178 3566 3456 3654 censendi
3473 3583 3693 3654 morem

2037 3646 2094 3698 et
2124 3639 2435 3714 antiquum
2469 3658 2617 3709 esse,
2650 3639 2707 3696 et
2735 3641 2881 3713 ipsis
2911 3639 3076 3696 Pauli
3106 3639 3297 3696 verbis
3353 3639 3460 3693 niti
3512 3643 3692 3711 patet.

3196 3711 3512 3766 Covs'rm'r.

3241 3727 3512 3767 OUSTANT.

2109 3785 2219 3855 (15)
2253 3787 2580 3854 Episcopum
2611 3784 2719 3838 sibi
2747 3783 3157 3838 Novatianum.
3209 3784 3371 3838 Istud
3428 3783 3693 3838 evenisse

2038 3854 2191 3911 anno
2216 3858 2320 3910 254
2353 3856 2589 3926 scripsit
2621 3856 2926 3923 Baronius,
2952 3855 3302 3910 Pearsonius
3333 3854 3456 3908 251.
3486 3855 3618 3926 BAL.

2109 3928 2221 4052 (16)
2256 3925 2620 3996 Collegarum.
2660 3931 2772 3982 Hoc
2802 3931 2890 3982 est
2930 3927 3338 3998 episcoporum
3400 3925 3498 3994 qui
3555 3925 3690 3980 Cor-

2109 3999 2175 4051 iii
2208 3999 2562 4052 ordinationi
2599 3999 3004 4052 interfuerant.
3049 3999 3109 4051 Ei
3170 4002 3364 4052 autem
3416 3997 3690 4050 interfue-

2040 3997 2175 4054 nelii
2206 3997 2562 4054 Ordinationi
2599 3997 3004 4053 interfuerant.
3049 3999 3109 4051 Ei
3134 3997 3146 3998 ί
3170 4002 3364 4052 autem
3416 3997 3694 4050 interfue-

2041 4074 2177 4124 runt
2197 4070 2510 4136 sexdecim,
2542 4071 2694 4125 inter
2717 4087 2863 4142 qnos
2895 4071 3041 4124 duos
3071 4069 3212 4142 Afri,
3238 4067 3563 4142 Caldonius
3586 4067 3694 4142 sci-

2039 4142 2175 4196 licet
2201 4160 2264 4196 ac
2289 4143 2662 4196 Fortunatus.
2690 4138 3043 4197 recensetur.
3084 4141 3161 4195 Ex
3191 4139 3284 4194 his
3320 4138 3530 4193 litteris
3572 4139 3698 4210 qui-

2040 4213 2152 4269 bus
2183 4215 2564 4269 nuntiabatur
2593 4215 2839 4269 Cornelii
2866 4212 3154 4268 ordinatio
3206 4209 3380 4337 ncullai
3439 4209 3690 4265 exstant.

3271 4297 3548 4337 OUSTANT.

3271 4298 3343 4338 OU
3352 4297 3548 4337 STANT.

2111 4357 2224 4426 (17)
2259 4356 2394 4410 Cum
2423 4356 2641 4412 laetitia.
2704 4356 2788 4410 Ita
2846 4355 3044 4409 omnia
3093 4357 3288 4409 vetera
3338 4351 3694 4426 exemplaria

2041 4424 2156 4482 tam
2195 4434 2392 4483 nostra
2441 4444 2616 4498 quam
2677 4426 2999 4498 Anglicana
3042 4430 3104 4498 et,
3156 4439 3360 4498 omnes
3407 4424 3691 4498 editiones

2038 4503 2170 4553 ante
2200 4494 2602 4571 Rigaltianam.
2629 4494 3210 4571 Quar'evalde‘miror
3246 4496 3433 4571 virum
3465 4494 3689 4571 doctis-

2039 4567 2689 4625 simum'auctoritatem
2741 4569 2958 4624 codicis
3005 4569 3412 4640 Beneventani,
3462 4567 3522 4622 in
3573 4585 3688 4640 quo

2040 4641 2322 4712 scriptum
2358 4658 2485 4696 esse
2517 4641 2595 4695 ait
2622 4657 2744 4695 cum
2774 4641 3028 4708 tristitia,
3067 4639 3390 4712 praetulisse
3439 4639 3689 4696 consen-

2039 4713 2130 4768 sui
2161 4711 2420 4768 veterum
2451 4711 2870 4783 exemplarium
2911 4718 2968 4768 et
3021 4711 3366 4767 editionum.
3415 4712 3690 4775 Quamvis

2040 4783 2195 4840 enim
2230 4784 2350 4839 haec
2378 4784 2546 4840 lectio
2581 4784 2767 4855 possit
2795 4801 2922 4839 esse
2952 4785 3104 4838 bona
3132 4783 3434 4839 referendo
3465 4801 3594 4838 eam
3617 4786 3688 4838 ad

2040 4856 2421 4927 pertinaciam
2456 4856 2988 4925 schismaticorum,
3022 4860 3215 4910 tamen
3264 4855 3400 4927 quia
3457 4855 3689 4910 nullum

2043 4926 2199 4982 aliud
2231 4927 2526 4999 exemplar
2554 4928 2605 4983 ei
2638 4927 3013 5000 suffragatur,
3049 4926 3689 5000 reliquapmniarepu-

2041 5004 2243 5071 gnant,
2276 4996 2564 5072 non'puto
2597 5015 2721 5054 eam
2742 4996 3015 5072 prz—eferri
3047 4996 3255 5072 debere
3283 4996 3515 5052 lectioni
3561 4996 3688 5068 quas

2039 5070 2124 5126 tot
2155 5070 2604 5127 auctoritatibus
2645 5070 2852 5126 nititur
2883 5070 3203 5143 praesertim
3235 5085 3369 5143 cum
3397 5085 3464 5123 ea
3512 5084 3690 5140 quam

2042 5159 2146 5213 ego
2179 5160 2310 5198 cum
2353 5143 2665 5198 Reinharto
2713 5139 2914 5198 revoco
2965 5143 3176 5196 habeat
3231 5139 3692 5213 optimum’sen-

2043 5209 2198 5292 sum,
2232 5215 2532 5292 referendo
2563 5214 2731 5292 illum
2764 5217 2835 5270 ad
2870 5213 3220 5292 Maximum,
3259 5209 3586 5292 Urbanum,
3636 5215 3694 5266 et

2043 5291 2279 5342 caeteros
2307 5287 2738 5349 schismaticos,
2760 5302 2904 5357 quos
2930 5287 3085 5357 fama
3105 5287 3248 5357 erat,
3274 5287 3542 5353 quamvis
3574 5299 3691 5357 non

2042 5359 2356 5414 admodum
2381 5361 2554 5425 certa,
2580 5354 2822 5413 rediisse
2843 5358 2912 5411 ad
2944 5355 3280 5410 Ecclesiam.
3327 5357 3450 5419 Quo
3486 5354 3690 5410 nuntio

2044 5437 2278 5502 accepto
2297 5447 2398 5502 per
2418 5430 2640 5502 litteras
2667 5429 2906 5502 Caldoni
2949 5432 3005 5502 et
3043 5426 3345 5482 Fortunati
3391 5430 3447 5502 et
3476 5443 3586 5502 per_
3610 5443 3695 5482 re-

2042 5497 2317 5557 lationem
2352 5501 2586 5571 Pompei
2616 5506 2672 5572 et
2701 5499 3001 5572 Stephani,
3054 5502 3384 5572 surrexerat
3431 5499 3490 5552 in
3539 5497 3694 5554 clero

2040 5572 2484 5645 Carthaginiensi
2515 5571 2736 5636 laetitia,
2770 5571 3036 5643 quamvis
3065 5587 3178 5626 non
3211 5571 3695 5645 integrapropter

2040 5641 2593 5718 incertainil'umam,
2629 5641 2874 5718 utpatet
2913 5645 3083 5700 etiam
3134 5661 3200 5699 ex
3251 5641 3502 5716 Epistolis
3544 5658 3695 5712 XLVI,

2040 5734 2171 5791 pag.
2204 5719 2294 5773 60.
2329 5717 2536 5773 BALUZ.
