4102 6172
265 377 387 438 729

1763 375 2190 438 EPISTOLAZ.

3555 367 3673 428 730

269 527 421 573 mus,
457 527 569 565 non
601 513 823 565 veteres
844 525 1035 565 mores
1058 508 1242 574 obliti,
1270 525 1482 564 novum
1507 508 1725 581 aliquid
1760 527 1914 578 quae-
1949 513 2000 575 Α
2033 507 2298 579 pervicax
2331 506 2498 562 factio
2529 510 2585 562 et
2617 503 2888 560 haeretica
2935 503 3172 560 lentatio
3204 520 3237 558 a
3270 507 3452 557 matre
3482 517 3669 557 secer-

269 601 559 655 rebamus.
589 598 735 654 Nam
771 597 914 654 satis
944 603 1088 665 erat,
1124 605 1189 654 ut
1218 602 1279 653 tu
1313 602 1368 654 te
1393 599 1732 671 episcopum
1755 599 1798 633 ²⁹
1832 599 1916 653 fa-

267 691 376 746 ctis
415 688 625 743 litteris
671 688 786 760 (27)
831 687 1168 755 nuntiares;
1214 687 1328 742 nisi
1377 692 1530 743 esset
1576 705 1644 743 ex
1690 687 1917 744 diverso

265 779 605 849 discrepans
639 777 833 847 factio,
885 794 1012 850 quae
1071 776 1405 834 criminosis
1448 781 1506 833 et
1532 776 1918 834 calumniosis

263 869 617 926 commentis
649 869 774 924 suis
807 868 1163 941 collegarum
1197 869 1412 939 pariter
1432 885 1496 924 ac
1520 869 1764 922 fratrum
1796 867 1919 939 plu-

263 959 483 1013 rimum
519 959 782 1012 turbaret
835 963 1083 1022 mentes,
1116 962 1172 1013 et
1212 959 1387 1013 corda
1434 958 1820 1012 confunderet
1851 959 1915 1012 ³ο.

264 1048 369 1102 Cui
405 1047 486 1102 rei
510 1047 802 1118 sopiendae
831 1047 1222 1102 necessarium
1249 1048 1544 1115 duximus,
1576 1050 1641 1102 ut
1663 1046 1916 1101 scriben-

261 1137 414 1190 tium
449 1137 619 1191 nobis
653 1137 786 1191 inde
817 1135 1170 1207 collegarum
1206 1140 1539 1191 nostrorum
1559 1135 1728 1189 ﬁrma
1749 1140 1806 1190 et
1825 1152 1918 1191 so-

258 1225 386 1281 lida
417 1226 737 1281 auctoritas
770 1231 1106 1296 pararetur:
1141 1225 1238 1297 qui
1264 1225 1523 1280 moribus
1545 1241 1611 1279 ac
1631 1224 1759 1279 vitae
1790 1225 1833 1260 ³¹
1862 1229 1921 1280 et

260 1314 591 1386 disciplinae
623 1321 736 1370 tute
770 1315 914 1368 707
953 1314 1245 1385 condigna
1290 1313 1619 1368 litterarum
1674 1329 1918 1368 suarum

263 1403 612 1458 testimonia
643 1403 1050 1474 przedicantes,
1089 1401 1319 1457 aemulis
1349 1418 1602 1474 quoque,
1637 1407 1695 1457 et
1726 1418 1917 1457 rerum

259 1491 353 1547 vel
390 1491 646 1547 novitate
677 1491 762 1546 vel
794 1492 1077 1562 pravitate
1103 1491 1515 1564 gaudentibus,
1541 1507 1773 1546 omnem
1796 1508 1921 1546 am-

261 1581 506 1653 bigendi
542 1585 596 1636 et
627 1580 997 1652 discrepandi
1033 1581 1377 1652 scrupulum
1406 1580 1812 1649 sustulerunt;
1843 1584 1918 1649 et,

258 1671 594 1726 secundum
629 1668 936 1725 consilium
971 1675 1235 1725 nostrum
1270 1669 1487 1724 salubri
1521 1669 1742 1724 ratione
1774 1670 1820 1704 ³2
1851 1669 1919 1723 Ιί-

264 1761 534 1828 bratum,
570 1758 626 1812 in
661 1758 769 1813 hoc
800 1759 978 1813 ﬂuctu
1011 1759 1382 1814 aestuantium
1418 1758 1660 1813 fratrum
1696 1762 1922 1814 mentes

265 1847 501 1904 sincere
533 1865 595 1903 ac
633 1848 875 1903 firmiter
905 1853 1066 1902 tuum
1093 1849 1484 1904 sacerdotium
1509 1850 1919 1920 probaverunt.

264 1941 395 1992 Hoc
426 1937 578 1992 enim
612 1937 698 1992 vel
731 1937 1002 2002 maxime,
1037 1939 1231 2003 frater,
1284 1942 1340 1992 et
1385 1939 1716 1994 laboramus
1749 1942 1806 1993 et
1835 1937 1924 1993 la-

265 2027 485 2082 borare
515 2027 818 2098 debemus,
843 2032 905 2082 ut
932 2028 1210 2083 unitatem
1241 2045 1273 2084 a
1297 2028 1540 2084 Domino
1571 2032 1626 2084 et
1656 2044 1757 2100 per
1787 2045 1926 2101 apo-

264 2115 462 2171 stolos
493 2116 659 2171 nobis
692 2117 1131 2172 successoribus
1154 2117 1453 2183 traditam,
1473 2121 1759 2188 quantum
1795 2133 1926 2188 pos-

263 2221 506 2272 sumus,
532 2205 794 2260 obtinere
816 2222 1089 2260 curemus
1114 2223 1128 2273 ;
1160 2210 1232 2275 et,
1254 2206 1410 2277 quod
1432 2205 1490 2260 in
1517 2205 1684 2261 nobis
1715 2209 1803 2262 est
1826 2223 1924 2277 pa-

260 2292 568 2350 labundas
599 2296 712 2366 (28)
742 2299 799 2350 et
831 2300 1092 2350 errantes
1151 2311 1286 2350 oves
1342 2311 1492 2366 quas
1530 2296 1922 2367 quorumdam

2028 598 2132 664 nit,
2160 598 2217 652 in
2250 597 2565 653 Ecclesium
2597 594 2970 667 colligamus:
2996 593 3113 649 illis
3135 591 3277 648 solis
3310 590 3450 646 foris
3482 607 3670 647 rema-

2028 687 2324 754 nentibus,
2359 685 2459 757 qui
2491 683 2884 740 obstinatione
2913 701 3021 738 sua
3051 682 3138 738 vel
3181 683 3372 736 furore
3403 695 3671 752 superse-

2026 777 2162 831 dere
2193 775 2304 846 (29)
2335 776 2380 810 ³³
2411 779 2469 829 et
2500 774 2568 829 ad
2605 790 2708 829 nos
2753 772 2939 828 redire
2989 770 3324 839 noluerunt,
3371 768 3672 824 discretio-

2029 866 2120 920 nis
2150 869 2208 920 et
2239 862 2621 936 separationis
2653 880 2685 917 a
2715 877 2776 917 se
2806 862 2987 930 factae,
3013 866 3070 916 et
3092 859 3356 915 Ecclesiae
3388 857 3672 914 derelictae

2028 953 2138 1025 ipsi
2173 954 2452 1008 rationem
2493 951 2736 1006 Domino
2768 949 3073 1006 reddituri.

2099 1043 2194 1096 IV.
2225 1044 2519 1108 Quantum
2559 1057 2691 1096 vero
2723 1040 2815 1094 hic
2866 1040 2937 1094 ad
2994 1037 3422 1110 presbyterium
3453 1036 3498 1071 3°
3527 1051 3671 1107 quo-

2028 1132 2299 1187 rumdam
2332 1130 2673 1186 Felicissimi
2707 1145 2944 1185 causam
2978 1128 3248 1200 pertinet,
3279 1125 3418 1198 quid
3450 1123 3546 1180 hic
3578 1140 3670 1179 ac-

2027 1225 2152 1276 tum
2185 1223 2263 1275 sit
2294 1225 2356 1274 ut
2387 1219 2534 1276 scire
2565 1234 2788 1291 posses,
2821 1217 3046 1273 litteras
3088 1217 3159 1272 ad
3200 1220 3256 1271 te
3286 1213 3520 1287 collegae
3569 1229 3670 1268 no-

2029 1310 2134 1367 stri
2159 1326 2336 1364 manu
2358 1325 2466 1365 sua
2495 1308 2857 1379 subscriptas
2879 1306 3198 1362 miserunt:
3227 1304 3328 1376 qui
3349 1303 3565 1360 auditis
3588 1302 3673 1358 eis

2029 1399 2164 1471 quid
2199 1399 2509 1466 senserint,
2535 1397 2675 1470 quid
2703 1394 3224 1469 pronuntiaverint,
3251 1409 3319 1448 ex
3351 1409 3551 1449 eorum
3576 1391 3670 1447 lit-

2029 1488 2171 1544 teris
2201 1489 2312 1560 (30)
2343 1488 2550 1543 disces.
2588 1485 2795 1543 Melius
2819 1485 2966 1541 708
2991 1489 3209 1551 autem,
3244 1484 3438 1553 frater,
3471 1481 3670 1548 facies,

2032 1578 2080 1632 si
2111 1578 2284 1632 etiam
2309 1576 2572 1649 exempla
2594 1575 2944 1644 litterarum,
2966 1589 3092 1646 quae
3116 1573 3185 1628 ad
3220 1576 3274 1628 te
3302 1571 3549 1643 legenda
3569 1586 3671 1642 pro

2031 1666 2341 1722 dilectione
2371 1664 2669 1720 communi
2702 1680 2804 1738 per
2826 1663 3169 1719 Caldonium
3204 1666 3260 1716 et
3289 1663 3672 1717 Fortunatam

2031 1756 2281 1829 collegas
2313 1761 2542 1811 nostros
2574 1754 2835 1826 proxime
2867 1753 3162 1818 miseram,
3196 1768 3323 1824 quae
3369 1751 3442 1806 de
3470 1749 3673 1805 eodem

2035 1845 2416 1912 Felicissimo,
2441 1849 2497 1899 et
2518 1845 2587 1900 de
2614 1842 2970 1916 presbyterio
2998 1841 3263 1913 ejusdem
3286 1840 3358 1896 ad
3389 1839 3606 1894 clerum
3630 1836 3674 1870 ³⁵

2033 1935 2164 1991 istic
2197 1935 2308 2007 (31)
2337 1950 2561 1989 necnon
2589 1937 2647 1988 et
2687 1933 2756 1987 ad
2793 1931 3020 2004 plebem
3052 1930 3423 2002 scripseram,
3456 1927 3568 2000 legi
3599 1926 3674 1981 il-

2034 2024 2111 2080 lic
2137 2024 2414 2080 fratribus
2438 2024 2670 2095 jubeas,
2700 2038 2824 2094 quae
2856 2027 2913 2077 et
2941 2021 2986 2056 ³⁸
3016 2019 3441 2076 ordinationem
3490 2022 3547 2074 et
3577 2035 3674 2072 ra-

2034 2115 2253 2170 tionem
2285 2113 2366 2169 rei
2395 2117 2572 2185 gestae
2595 2111 2963 2183 eloquentur,
2985 2114 3050 2165 ut
3066 2115 3186 2166 tam
3204 2109 3336 2164 istic
3358 2124 3536 2178 quam
3561 2106 3676 2162 illic

2035 2204 2188 2260 circa
2216 2203 2414 2259 omnia
2444 2219 2547 2274 per
2578 2217 2684 2257 nos
2716 2201 3047 2256 fraternitas
3080 2199 3427 2254 instruatur.
3469 2199 3673 2252 Exem-

2035 2293 2219 2365 plaria
2251 2296 2447 2348 autem
2480 2291 2682 2346 eadem
2717 2306 2870 2345 nunc
2893 2303 3125 2361 quoque
3147 2304 3249 2359 per
3270 2285 3539 2342 Mettium
3562 2285 3676 2356 (32)

1693 2410 1896 2473 Variae
1938 2411 2259 2471 lectiones.

343 2517 390 2551 5°
421 2516 502 2570 Te
535 2515 700 2571 factis
730 2515 940 2572 litteris
970 2517 1332 2589 episcopum.
1369 2518 1498 2572 Lam
1527 2518 1630 2573 NL.
1667 2519 1717 2573 1.
1752 2519 1918 2573 Ebor.
1955 2518 2073 2572 Lin.
2131 2517 2176 2550 ³ο
2205 2515 2550 2570 Concuteret
2608 2513 2773 2589 NC.__l_
2837 2515 2968 2568 Bod.
3030 2514 3109 2589 l_._
3140 2513 3194 2566 2.
3231 2511 3504 2589 libanu.“
3539 2509 3678 2589 Vitae

259 2592 386 2644 tuae
418 2589 546 2642 sine
577 2589 823 2643 crimine
871 2580 1022 2643 Linf
1057 2590 1103 2623 32
1136 2580 1398 2644 Libratis.
1435 2589 1607 2645 Oxon.
1642 2589 1774 2644 edit.
1806 2589 2107 2644 secundum
2135 2589 2343 2642 Pamel.
2376 2589 2535 2643 Corb.
2569 2603 2669 2640 ms.
2719 2586 3011 2640 liberatas.
3047 2585 3238 2638 Plures
3267 2584 3372 2637 alii
3412 2580 3674 2636 libratus.

261 2660 450 2727 Magis
479 2661 653 2730 placet
682 2677 807 2714 cum
836 2662 1064 2715 Minutio
1103 2663 1153 2715 et
1180 2663 1483 2716 vetustiore
1519 2677 1622 2716 ms.
1657 2661 1802 2716 Colb.
1839 2661 2137 2716 libratum.
2169 2661 2323 2730 In/ra
2345 2661 2501 2729 epist.
2529 2675 2589 2724 ιι,
2612 2673 2668 2711 n.
2693 2659 2745 2721 4,
2771 2658 2967 2730 lecturi
2993 2672 3202 2719 sumus,
3225 2655 3435 2730 librato
3456 2654 3525 2708 de
3548 2668 3675 2708 om-

265 2732 442 2786 nium
478 2727 786 2786 collatione
817 2732 1059 2786 consilio
1087 2757 1100 2797 ;
1132 2737 1201 2787 et.
1225 2751 1259 2786 η
1282 2734 1335 2798 3,
1357 2732 1564 2787 librata
1587 2733 1682 2787 diu
1709 2736 1767 2787 et
1790 2732 2108 2802 ponderata
2132 2727 2383 2784 ratione.
2396 2731 2441 2764 ⁸⁸
2464 2730 2566 2792 Qui
2594 2730 2652 2783 in
2677 2728 3068 2802 obstinatione
3091 2744 3198 2780 sua
3218 2727 3302 2781 vel
3332 2727 3519 2802 furore
3543 2741 3676 2802 per-

266 2809 712 2870 severaverant,
748 2812 841 2856 aut
874 2797 1399 2873 perseveraverint;
1427 2805 1571 2858 Editz‘
1600 2797 1958 2872 corriguntur
1986 2820 2083 2873 ope
2115 2803 2472 2855 vetustiorum
2497 2817 2622 2854 mss.
2655 2803 2712 2854 in
2743 2799 2940 2873 quibus
2965 2806 3153 2873 exstat
3177 2797 3670 2873 supersederunt;

266 2874 419 2944 quod
449 2876 615 2942 [uirile
648 2866 864 2943 irrepsit
877 2866 985 2946 pro
1007 2866 1408 2945 supersedere,
1432 2877 1563 2946 quia
1585 2866 1874 2944 utrumque
1893 2866 2190 2945 aliquando
2211 2875 2516 2946 promiscue
2536 2866 2854 2942 usurpatur.
2888 2872 3075 2946 l_’erum
3096 2866 3268 2946 hicsu
3282 2869 3582 2940 persedere
3601 2866 3674 2946 ad

266 2941 505 3000 verbum
539 2941 850 3000 noluerunt
881 2941 1146 3016 refertur.
1182 2941 1459 3002 Pamelius
1498 2949 1558 3000 in
1592 2941 1808 3002 duobus
1839 2941 2055 3003 excusis
2083 2941 2438 3016 o/Iendissese
2459 2946 2609 2998 notat
2634 2941 3088 3016 supersederunt
3118 2941 3203 2995 vel
3239 2945 3678 3016 perseverarunt

271 3016 433 3088 Unde
464 3016 632 3083 istud,
662 3016 746 3071 vel
780 3011 1241 3087 perseverarunt,
1297 3017 1611 3073 scholiastis
1669 3034 1835 3088 opera
1889 3011 2147 3088 primunt
2190 3032 2315 3088 esse,
2356 3015 2620 3088 adjectum
2679 3011 2741 3068 ac
2778 3013 2972 3088 deinde
2999 3011 3240 3088 velAcuim
3279 3011 3444 3088 verbo
3474 3024 3678 3088 super-

266 3081 803 3158 sederuntrejecto'.
836 3093 1064 3142 verbum
1115 3081 1557 3160 perseverarunt
1603 3081 1902 3144 obtinuisse
1945 3089 2245 3157 colligitur.
2301 3086 2346 3160 3f
2377 3081 2853 3160 Presbyterorum
2911 3085 3006 3139 Ver
3034 3083 3137 3139 ΝΟ.
3170 3087 3224 3160 2.
3278 3081 3680 3160 fstidclerum

262 3160 434 3224 istic,
471 3176 585 3212 non
618 3152 687 3214 ad
722 3160 970 3228 plebem.
1003 3152 1154 3230 Apud
1185 3160 1389 3215 Manut.
1424 3163 1482 3215 in
1525 3162 1651 3216 edit.
1696 3162 1904 3215 Pamel.
1953 3165 2003 3216 et
2052 3152 2224 3214 Oxon.
2278 3159 2346 3212 ad
2398 3152 2619 3212 clerum
2671 3157 2799 3211 istic
2849 3160 3111 3230 nostrum
3146 3159 3202 3230 e_t
3233 3154 3304 3230 ad
3339 3154 3585 3230 plebem.
3621 3152 3684 3206 In

265 3231 436 3304 Corb.
469 3247 574 3284 ms.
610 3232 681 3285 ad
714 3225 1018 3304 ecclesiam
1046 3225 1304 3304 nostram
1338 3237 1395 3286 et
1427 3232 1497 3304 ad
1534 3232 1781 3304 plebem.
1816 3232 2169 3304 Praeferimus
2227 3246 2352 3284 cum
2379 3230 2579 3304 litaret.
2600 3230 2921 3304 ‘et_0pt_im_o
2951 3228 3128 3304 codice
3152 3227 3308 3304 _Colb_.
3347 3225 3427 3304 ad
3462 3225 3682 3280 clerum

259 3301 406 3357 istic
445 3318 668 3356 necnon
702 3306 758 3356 et
787 3303 1033 3373 plebem.
1065 3304 1113 3336 ³⁸
1141 3303 1221 3358 Dc
1253 3295 1618 3358 ordinatione
1649 3309 1705 3358 et
1736 3295 1960 3359 ratione
1989 3303 2070 3358 rei
2117 3306 2328 3373 gestae;
2379 3301 2536 3356 Vetus
2559 3372 2563 3373 ί
2587 3295 2760 3373 Colb_.,
2789 3298 2920 3354 Bod.
2958 3301 3008 3366 1,
3041 3315 3103 3354 ac
3125 3297 3323 3373 deinde
3347 3295 3679 3373 loquamur,

259 3374 365 3428 ubi
398 3375 465 3426 in
486 3367 924 3446 plerisq-ue'mss.
952 3376 1095 3446 utin
1118 3375 1276 3430 editis
1306 3374 1642 3446 loquantur.
1676 3374 1841 3446 Magis
1869 3375 2046 3446 placet
2075 3367 2200 3446 cum
2229 3375 2435 3428 recenti
2475 3372 2620 3428 συιδ.
2675 3370 3044 3441 eloquuntur.
3079 3372 3287 3438 Nempe
3312 3372 3497 3440 prima
3527 3367 3678 3421 verbi

258 3445 443 3517 hujus
477 3445 661 3499 littera
689 3445 856 3515 facile
884 3445 1106 3515 excidit,
1139 3447 1269 3516 quia
1299 3451 1348 3501 et
1369 3445 1622 3519 superior
1648 3445 1967 3502 vox’eadem
1991 3445 2297 3502 desinebat.

1701 3554 2032 3614 Variormu
2075 3557 2265 3613 notae.

260 3657 370 3728 qui
413 3655 666 3710 Cornelii
711 3655 1066 3710 ordinationi
1127 3657 1532 3724 interfuerant,
1592 3659 1930 3714 testimonia
1955 3661 1998 3726 Ο
2035 3656 2459 3727 supersederunt
2490 3658 2546 3710 in
2570 3656 2662 3712 his
2687 3657 2918 3728 duobus
2941 3655 3240 3728 codicibus
3263 3658 3319 3728 et
3344 3653 3400 3706 in
3429 3651 3683 3728 antiquis

261 3734 616 3797 exspectata
648 3745 775 3781 esse
821 3743 888 3782 ex
937 3729 1213 3783 subnexis
1262 3731 1560 3785 docemur.
1603 3730 1924 3785 Cousmn'r.

338 3801 466 3871 (27)
499 3803 680 3871 Factis
713 3801 922 3854 litteris.
967 3802 1049 3853 lta
1079 3807 1299 3856 veteres
1346 3803 1484 3856 edit.
1537 3818 1670 3856 cum
1713 3803 1928 3857 nostris

264 3869 711 3944 mss.'Etii_nfra
742 3872 978 3944 quidem
1011 3871 1179 3942 epist.
1214 3873 1247 3926 3
1290 3874 1639 3944 Cyprianum
1673 3874 1930 3929 audituri

263 3959 493 3997 sumus
527 3942 811 3997 dicentem
847 3959 908 3997 se
938 3943 1150 3998 litteras
1181 3942 1561 4014 breves/acere
1584 3963 1596 4011 ;
1623 3950 1675 3999 et
1697 3945 1925 4014 episti,

264 4032 326 4069 n.
368 4015 428 4082 4,
465 4014 857 4087 Litterasiinde
903 4017 1167 4084 fecerunt.
1216 4021 1290 4068 At
1327 4016 1506 4070 Oxon.
1550 4021 1680 4087 post
1699 4016 1924 4087 (Pamel.

257 4087 532 4160 factum:
567 4086 720 4156 quod
774 4101 967 4160 neque
1024 4103 1056 4160 a
1112 4087 1378 4160 Cypriani
1440 4086 1587 4160 style
1618 4086 1929 4160 abhorrere

262 4159 434 4211 ultro
467 4159 737 4211 fatemur.
771 4159 853 4212 Ex
885 4159 992 4211 hoc
1024 4157 1170 4212 loco
1197 4157 1437 4213 unitatis
1469 4157 1526 4213 et
1560 4159 1924 4213 communio-

259 4230 368 4284 nis
405 4228 662 4282 fovendae
695 4233 914 4297 quanta
945 4245 1178 4297 semper
1207 4231 1277 4284 ab
1329 4231 1700 4284 incunabulis
1739 4231 1926 4284 t‘tecle-

260 4300 378 4380 size
405 4315 540 4368 cpra
573 4299 1192 4380 fuerithintelligitur.
1239 4300 1397 4380 _Cum
1459 4307 1664 4380 autem
1688 4303 1929 4380 unitatis

261 4371 463 4454 hujus
491 4377 754 4454 centrum
781 4370 993 4454 Christi
1024 4370 1312 4454 instituto,
1337 4379 1490 4427 esset
1511 4373 1930 4454 apostolica-se:

267 4444 410 4515 des,
446 4446 510 4495 ut
539 4443 668 4512 ejus
701 4444 909 4512 pracsul
941 4442 1312 4513 ignoraretur
1341 4461 1373 4498 a
1406 4442 1659 4509 nemine,
1689 4450 1789 4500 aut
1817 4445 1926 4515 ipsi

267 4513 573 4586 coharere
605 4530 665 4568 se
698 4529 870 4568 nemo
901 4531 1015 4567 non
1064 4532 1236 4584 quam
1298 4517 1553 4586 primum
1589 4513 1926 4580 testaretur,

267 4584 528 4658 plurimi
559 4585 821 4658 intereat.
857 4591 1060 4640 Cous'r.

348 4657 470 4724 (28)
502 4657 877 4711 Palabundas.
931 4658 1013 4711 Ita
1069 4656 1307 4726 quidam
1365 4657 1494 4712 libri
1545 4662 1790 4723 veteres,
1826 4656 1927 4712 Alii

265 4728 506 4800 habent
562 4727 927 4800 balabundas,
979 4728 1329 4800 belabundas,
1373 4728 1725 4800 volabundas,
1757 4745 1929 4800 vaga-

266 4798 518 4923 bundtg,
549 4799 911 4864 errabundas,
962 4805 1133 4872 prout
1180 4799 1402 4872 placuit
1433 4798 1720 4856 veteribus
1753 4799 1928 4856 libra-

266 4887 407 4923 rns.
492 4887 646 4923 ALL‘Z.

262 4887 407 4925 l'llS.
447 4887 519 4924 DA
531 4887 646 4927 LL'Z.

347 4940 470 5015 (se)
502 4940 946 5015 Supersederunt.
980 4945 1140 4997 Hanc
1163 4940 1495 5015 _lectionem
1529 4940 1782 5015 praetulit
1810 4941 1932 5015 edi-

2039 3722 2412 3795 editionibus,
2449 3745 2574 3782 esse
2604 3745 2669 3784 ex
2703 3727 3055 3798 glossemate
3102 3726 3410 3796 cujusdam
3442 3722 3685 3780 studiosi

2039 3800 2325 3872 explicare
2357 3799 2604 3855 volentis
2635 3801 2771 3872 quid
2804 3800 2862 3853 in
2896 3800 3004 3872 hoc
3032 3798 3154 3872 loco
3195 3798 3551 3872 significaret
3581 3811 3685 3850 vox

2037 3869 2472 3944 supersederunt.
2511 3869 2823 3936 Pamelius,
2858 3871 2955 3944 qui
2993 3869 3236 3941 putabat
3261 3869 3434 3922 hanc
3485 3883 3681 3944 vocem

2038 3939 2152 4018 nen
2186 3960 2365 4018 posse
2387 3944 2730 4018 mquivalere
2752 3939 3398 4018 voci'pers‘everaveruut,
3426 3939 3686 4018 non-du-

2039 4009 2245 4070 bitavit
2274 4015 2409 4085 quin
2435 4009 2501 4068 ex
2532 4015 2762 4069 duabus
2794 4009 3141 4068 lectionibus
3161 4012 3348 4085 simul
3375 4009 3600 4085 junctis
3623 4009 3680 4062 in

2036 4080 2669 4168 vetustis-editionibus
2701 4091 2757 4141 et
2789 4087 2842 4168 in
2896 4082 3327 4168 aliquotlibris
3369 4080 3679 4168 veteribus,

2038 4175 2170 4214 cum
2208 4175 2323 4212 una
2353 4157 2668 4228 rejicienda
2700 4163 2871 4225 esset,
2908 4155 3141 4211 retineri
3193 4155 3426 4228 deberet
3457 4169 3523 4207 ea
3555 4167 3682 4228 quae

2039 4225 2527 4301 perseverantiam
2560 4229 2947 4301 signiﬁcabat.
2983 4229 3050 4282 Et
3083 4234 3276 4301 tamen
3308 4225 3684 4301 viderepote-

2041 4296 2129 4357 rat
2159 4302 2309 4374 apud
2345 4302 2595 4356 Nonium
2618 4296 2958 4376 Marcellum
2979 4300 3333 4376 supersedere
3354 4296 3684 4376 significare

2037 4367 2279 4441 manere,
2340 4373 2874 4443 perseverare,quasi
2932 4372 2988 4424 in
3030 4367 3312 4425 voluntate
3360 4367 3425 4422 et
3454 4367 3681 4423 consilio

2035 4446 2245 4500 sedere.
2281 4446 2487 4499 BALUZ.

2109 4516 2221 4588 (30)
2256 4518 2494 4588 Litteris.
2541 4514 2787 4568 Periisse
2818 4512 2923 4566 has
2963 4511 3188 4566 litteras
3231 4515 3558 4580 temporum
3592 4508 3683 4562 in-

2032 4587 2190 4658 juria
2221 4587 2535 4641 dolendum
2569 4591 2676 4639 est.
2715 4590 2850 4638 Eon.

2111 4659 2226 4724 (31)
2256 4659 2478 4712 (Iterum
2533 4659 2678 4710 istic.
2740 4655 3025 4726 Cypriano
3081 4653 3318 4726 perinde
3350 4655 3464 4726 est
3513 4655 3686 4726 atque

2039 4723 2249 4784 clerum
2278 4733 2545 4784 nostrum.
2592 4723 2869 4793 Quocirca
2920 4723 3190 4798 superius
3231 4723 3399 4798 initio
3434 4740 3598 4798 num.
3629 4723 3686 4793 2,

2036 4801 2187 4872 plebi
2215 4803 2335 4855 istic
2366 4817 2479 4854 non
2508 4799 2746 4854 auditur
2766 4795 3302 4872 nostrwflixempla
3343 4795 3566 4872 similia
3595 4808 3687 4848 re-

2043 4866 2190 4926 ferre
2236 4872 2610 4943 supersedeo,
2664 4871 2816 4926 unde
2869 4871 3118 4943 inuedit.
3172 4866 3380 4943 Pamel.
3415 4872 3472 4921 et
3499 4866 3679 4943 Ox_on.

2041 4938 2776 5013 nostrum'supervacance
2856 4939 3025 5011 adjici
3110 4941 3488 5013 manifestum
3559 4938 3680 4991 fiat.

261 5011 362 5096 tio
395 5011 663 5068 Manutii.
716 5013 1013 5096 Morellius
1051 5018 1122 5094 oet
1161 5013 1450 5096 Pamelius
1491 5011 1832 5096 rejecerunt.
1868 5013 1934 5068 Et
1963 5032 2010 5096 D
2040 5011 2701 5096 Etiamnumhha'bentur
2741 5017 2866 5096 duae
2895 5012 3295 5096 (epistolwuhic
3326 5013 3679 5073 memoratae,

259 5088 480 5155 tamen
514 5100 581 5138 ea
612 5084 893 5154 reperitur
923 5084 977 5138 in
1013 5085 1212 5155 viginti
1246 5091 1302 5138 et
1330 5085 1516 5140 tribus
1561 5086 1804 5140 vetustis
1833 5101 1932 5138 ex-

260 5154 667 5226 emplaribus.
700 5159 779 5209 Ea
809 5173 940 5227 vero
971 5154 1094 5226 quae
1126 5155 1299 5210 habet
1325 5159 1810 5227 perseveraverant
1841 5156 1927 5209 in-

259 5233 454 5283 venta
488 5245 599 5281 non
632 5231 723 5281 est
754 5227 864 5281 nisi
896 5226 956 5280 in
1005 5228 1214 5282 tribus.
1261 5226 1412 5283 Sane
1444 5229 1558 5282 duo
1599 5233 1655 5282 et
1682 5232 1799 5282 tres
1831 5244 1929 5280 an-

257 5300 403 5370 tiqu
418 5299 568 5353 iores
599 5297 882 5370 editiones
904 5297 1119 5353 habent
1137 5299 1563 5370 supersederunt
1585 5301 1664 5354 vel
1683 5314 1928 5370 perseve-

260 5369 564 5425 raverant.
599 5371 705 5424 Sed
732 5369 833 5442 hic
865 5369 1211 5426 meminisse
1235 5376 1458 5442 Oportet
1507 5369 1927 5426 observationis

261 5461 300 5497 ει
328 5460 430 5496 me
454 5459 568 5495 non
596 5459 708 5496 uno
731 5441 854 5496 loco
880 5442 1063 5507 factae,
1087 5441 1306 5497 veteres
1328 5443 1754 5511 librarios,cum
1780 5443 1926 5496 duas

261 5514 552 5568 viderent
598 5513 786 5586 varias
824 5513 1119 5573 lectiones,
1170 5515 1532 5586 ambigerent
1563 5518 1763 5586 (autem
1797 5518 1926 5586 utra

263 5602 487 5641 earum
524 5584 831 5638 retinenda
860 5590 1036 5657 esset.
1069 5583 1377 5657 utramque
1409 5585 1691 5655 posuisse,
1713 5583 1926 5657 lectori

251 5658 572 5729 judicium
609 5657 899 5728 integrum
927 5655 1340 5727 relinquentes.
1375 5663 1577 5728 Itaque
1610 5655 1925 5713 verisimile

265 5733 376 5786 est
404 5743 603 5784 vocem
631 5735 1132 5800 perseveraverant,
1157 5746 1283 5801 quae
1314 5729 1695 5800 subsequitur
1725 5743 1923 5786 vocem

2045 5086 2275 5160 scilicet
2298 5087 2436 5142 edit.
2472 5087 2688 5160 Pamel.
2740 5087 2808 5160 38
2857 5095 2906 5140 et
2950 5086 3033 5138 40.
3071 5091 3131 5160 In
3166 5083 3265 5160 illa
3294 5096 3682 5160 nempe-quea

2040 5158 2316 5213 Caldonio
2347 5163 2402 5212 et
2451 5158 2623 5213 sociis
2676 5158 2858 5212 missa
2901 5162 3007 5219 est,
3063 5156 3132 5209 ad
3183 5155 3396 5208 calcem
3431 5155 3679 5218 legitur:

2039 5231 2144 5285 Has
2175 5232 2392 5286 litteras
2425 5246 2646 5285 meas...
2706 5229 3090 5297 Carthaginem
3139 5226 3209 5279 ad
3254 5225 3463 5279 clerum
3496 5231 3681 5297 trans-

2036 5304 2257 5366 mittite,
2289 5301 2496 5356 additis
2544 5303 2859 5355 nominibus
2908 5296 3113 5357 eorum,
3149 5311 3458 5368 quicunque
3501 5311 3558 5350 se
3588 5296 3684 5368 Fe-

2039 5373 2304 5429 licissimo
2348 5375 2675 5440 junxerunt.
2731 5369 2988 5440 Epistola
3036 5366 3228 5423 autem
3283 5369 3348 5440 40
3389 5366 3682 5440 conceptis

2036 5445 2224 5499 verbis
2281 5445 2350 5499 ad
2394 5445 2606 5514 plebem
2653 5442 2716 5497 de
2763 5439 3004 5514 quinque
3037 5439 3368 5512 presbyteris
3425 5439 3685 5510 factionis

2034 5517 2374 5572 Felicissimi
2396 5513 2761 5568 inscribitur.
2794 5513 3111 5566 COUSTANT.
3289 5539 3293 5544 -

2106 5589 2218 5656 (32)
2245 5588 2510 5642 Mettium.
2544 5586 2714 5650 cujus
2744 5585 2920 5638 etiam
2953 5583 3168 5656 mentio
3197 5588 3287 5635 est
3332 5581 3414 5656 in_
3441 5578 3685 5656 epistola

2035 5651 2678 5729 sequenti.Quanquam
2705 5662 2898 5712 autem
2921 5654 3110 5723 exigui
3140 5653 3419 5729 momenti
3440 5653 3518 5729 sit
3539 5651 3686 5729 scire

2040 5723 2240 5785 verum
2273 5730 2400 5800 ejus
2432 5723 2670 5797 nomen,
2705 5730 2986 5788 admoneo
3022 5733 3215 5782 tamen
3249 5726 3311 5781 in
3341 5723 3512 5783 libris
3539 5725 3692 5780 vete-
