4102 6172
279 374 401 435 733

1772 376 2201 440 EPISTOL/E.

3576 381 3694 442 734

278 523 388 582 gra
416 509 938 581 suspenderentur,
987 509 1170 566 donec
1219 510 1291 566 ad
1331 526 1437 567 nos
1476 511 1663 568 eidem
1697 509 1926 583 collegae
1957 513 2011 580 Α
2041 529 2129 580 so,
2157 527 2259 584 per
2287 528 2489 570 omnes
2521 515 2760 570 omnino
2793 512 2923 571 istic
2965 514 3183 586 positos
3226 511 3432 572 litteras
3464 513 3688 570 fierent.

279 597 469 656 nostri
499 598 674 655 rebus
705 598 826 654 illic
858 599 972 672 (44)
1016 603 1120 655 aut
1168 600 1238 655 ad
1272 616 1474 672 pacem
1523 601 1796 668 redactis,
1828 606 1930 657 aut

278 705 387 762 pro
415 687 655 744 veritate
685 688 1000 761 compertis
1031 688 1322 758 redirent;
1360 691 1681 764 presbyteri
1714 695 1770 747 et
1800 691 1930 747 dia-

278 778 412 834 coni
446 778 504 833 in
531 778 918 835 Adrumetino
940 779 1347 850 consistentes,
1371 779 1682 854 Polycarpo
1713 782 1932 853 coepiso

277 885 424 941 copo
475 873 675 924 nostro
726 868 991 938 absente,
1044 869 1394 942 ignorabant
1449 871 1588 943 quid
1643 870 1812 926 nobis
1868 870 1926 925 in

275 974 591 1014 commune
622 957 958 1030 placuisset.
995 960 1068 1013 At
1112 958 1210 1014 ubi
1241 976 1348 1014 nos
1395 959 1452 1014 in
1484 959 1849 1032 praesentiam
1885 961 1931 995 3°

271 1046 569 1113 venimus,
602 1050 898 1119 comperto
920 1047 1163 1104 consilio
1197 1053 1416 1118 nostro,
1440 1048 1551 1121 ipsi
1583 1065 1813 1121 quoque
1846 1049 1925 1118 id,

275 1137 435 1209 quod
470 1140 526 1192 et
573 1137 784 1204 caeteri,
837 1137 1144 1193 observare
1189 1143 1510 1210 coeperunt,
1563 1144 1629 1195 ut
1675 1138 1735 1194 in
1767 1139 1926 1195 nullo

269 1224 656 1282 ecClesiarum
690 1224 821 1282 istic
872 1225 1315 1282 consistentiam
1365 1228 1671 1285 consensio
1710 1228 1926 1285 discre-

271 1319 462 1386 paret.

349 1404 446 1460 ΙΙΙ.
480 1403 732 1468 Quidam
765 1407 964 1460 tamen
998 1409 1220 1462 mentes
1250 1423 1670 1478 nonnunquam
1711 1411 1767 1463 et
1797 1407 1926 1463 ani-

270 1509 405 1549 mos
436 1494 808 1548 sermonibus
839 1493 964 1549 suis
987 1495 1249 1564 turbant,
1277 1497 1416 1552 dum
1437 1497 1604 1553 aliter
1634 1499 1924 1569 quaedam,

273 1599 459 1655 quam
491 1599 554 1638 se
582 1582 759 1638 habet
778 1583 1015 1648 veritas,
1041 1585 1333 1640 nuntiant.
1359 1586 1475 1642 Nos
1496 1587 1650 1641 enim
1673 1586 1925 1658 singulis

267 1671 708 1744 navigantibus,
744 1689 813 1727 ne
843 1689 976 1726 cum
1011 1673 1288 1729 seandalo
1320 1674 1438 1730 ullo
1471 1675 1808 1748 navigarent
1839 1695 1926 1732 ra-

264 1761 488 1816 tionem
518 1761 830 1816 reddentes
860 1762 939 1828 6°;
959 1761 1183 1818 scimus
1210 1781 1316 1820 nos
1347 1764 1610 1821 hortatus
1642 1781 1739 1821 eos
1772 1782 1919 1834 esse,

2040 601 2193 658 sicut
2226 603 2392 670 fiunt,
2429 607 2493 658 ut
2517 607 2568 659 te
2589 604 2843 660 universi
2874 604 3104 678 collega;
3128 604 3310 660 nostri
3343 608 3398 660 et
3423 619 3688 659 commu-

2039 691 2387 747 nicationem
2419 697 2605 758 tuam,
2638 693 2694 748 id
2727 696 2818 750 est
2855 693 3150 749 catholicas
3196 693 3458 750 Ecclesia:
3497 692 3689 748 unita-

2038 783 2157 835 tem
2190 780 2407 852 pariter
2436 786 2493 836 et
2513 781 2880 852 charitatem,
2905 783 3219 854 probarent
3241 782 3488 838 ﬁrmiter
3518 799 3584 838 ac
3609 786 3688 838 te-

2038 874 2262 927 nerent.
2297 871 2459 935 Quod
2492 870 2776 927 divinitus
2808 872 3088 943 evenisse,
3121 876 3177 927 et
3201 871 3512 929 consilium
3555 888 3692 927 nos-

2039 966 2196 1015 trum
2231 960 2598 1032 providenter
2621 961 2666 995 “
2697 963 3050 1033 processisse
3089 965 3437 1034 gaudemus.

2110 1047 2201 1103 IV.
2235 1048 2330 1106 Sic
2359 1049 2517 1104 enim
2550 1066 2703 1106 nunc
2735 1050 3108 1123 episcopatus
3142 1050 3224 1106 tui
3255 1056 3313 1106 et
3344 1051 3556 1106 veritas
3588 1067 3686 1122 pa-

2037 1137 2178 1193 riter
2201 1141 2257 1194 et
2287 1137 2542 1210 dignitas
2563 1138 2936 1210 apertissima
2961 1139 3087 1196 luce
3117 1145 3174 1196 et
3205 1139 3696 1196 manifestissima

2035 1231 2092 1282 et
2124 1227 2465 1283 firmissima
2496 1229 2971 1300 comprobatione
2999 1230 3238 1285 fundata
3260 1233 3368 1300 est,
3393 1233 3456 1284 ut
3477 1245 3543 1284 ex
3577 1245 3694 1285 res-

2035 1316 2238 1388 criptis
2268 1316 2622 1389 collegarum
2665 1313 3019 1389 nostrorum,
3071 1318 3168 1388 qui
3199 1319 3270 1374 ad
3325 1335 3430 1374 nos
3463 1317 3690 1374 litteras

2034 1405 2168 1461 inde
2199 1407 2482 1474 fecerunt,
2515 1411 2573 1462 et
2591 1423 2659 1461 ex
2689 1406 2968 1463 relatione
2991 1423 3056 1462 ac
3087 1407 3441 1463 testimoniis
3463 1406 3690 1480 ceopis-

2034 1510 2314 1564 coporum
2343 1494 2580 1567 Pompei
2613 1499 2670 1550 et
2698 1494 2980 1568 Stephani
3009 1499 3066 1552 et
3085 1495 3351 1552 Caldonii
3386 1513 3451 1551 ac
3482 1496 3691 1551 Fortu-

2035 1583 2156 1640 nati
2187 1585 2318 1655 (45),
2370 1583 2752 1640 ordinationis
2797 1588 2910 1640 tua
2952 1588 3008 1640 et
3037 1584 3198 1657 origo
3251 1585 3601 1656 necessaria,
3635 1587 3693 1640 et

2034 1672 2180 1728 ratio
2203 1673 2386 1743 justa,
2422 1678 2478 1728 et
2497 1672 2752 1745 gloriosa
2782 1690 3010 1744 quoque
3037 1673 3369 1729 innocentia
3400 1675 3472 1729 ab
3504 1674 3694 1730 omni-

2034 1763 2141 1817 bus
2172 1766 2508 1817 nosceretur
2530 1762 2572 1796 ‘5
2596 1763 2748 1833 quod
2801 1767 2864 1818 ut
2894 1763 3070 1818 simul
3113 1779 3244 1818 cum
3281 1763 3502 1819 caeteris
3534 1781 3690 1835 quo-

263 1855 335 1905 ut
365 1849 631 1905 Ecclesiae
663 1849 962 1905 catholicae
995 1851 1253 1907 radicem
1284 1858 1343 1908 et
1373 1853 1676 1910 matricem
1710 1871 1920 1928 agnos-
1951 1888 1998 1952 Β
2031 1867 2145 1923 que
2175 1851 2412 1922 collegis
2441 1851 2485 1885 ⁴⁶
2516 1852 2731 1907 nostris
2780 1851 3069 1906 stabiliter
3106 1869 3172 1907 ac
3222 1852 3464 1908 firmiter
3502 1853 3688 1908 admi-

263 1943 466 1994 cerent
495 1955 560 1993 ac
583 1943 866 1994 tenerent.
891 1939 1001 1994 Sed
1027 1941 1304 2011 quoniam
1330 1942 1507 1998 latius
1529 1943 1660 1999 fusa
1676 1948 1764 1999 est
1791 1961 1921 2000 nos-

259 2029 359 2082 tra
387 2027 685 2099 provincia
707 2028 841 2100 (42),
871 2027 1048 2084 habet
1084 2032 1226 2084 711
1256 2031 1431 2086 etiam
1451 2031 1563 2103 (43)
1586 2032 1917 2088 Numidiam

255 2121 320 2172 et
352 2115 758 2172 Mauritianam
810 2117 926 2188 (44)
957 2117 1068 2174 sibi
1119 2118 1513 2189 cohaerentes;
1563 2138 1634 2176 ne
1677 2121 1737 2176 in
1769 2121 1919 2178 Urbe

251 2204 521 2261 schisma
549 2205 766 2261 factum
791 2206 1127 2262 absentium
1153 2208 1381 2264 animos
1404 2209 1627 2266 incerta
1647 2211 1919 2283 Opinione

253 2293 668 2365 confunderet,
722 2293 946 2366 placuit
990 2297 1033 2332 ⁴¹
1084 2312 1187 2368 per
1235 2298 1559 2371 episcopos,
1612 2304 1834 2356 retenta
1885 2319 1920 2357 a

252 2382 438 2440 nobis
468 2383 551 2438 rei
579 2382 845 2452 veritate,
886 2390 943 2441 et
971 2385 1044 2440 ad
1076 2387 1571 2459 comprobandum
1600 2389 1917 2446 ordinatio-

255 2489 404 2529 nem
435 2476 599 2529 tuam
629 2473 674 2509 ⁴²
707 2473 859 2529 facta
888 2473 1233 2532 auctoritate
1253 2477 1500 2548 majore,
1531 2483 1657 2533 tum
1676 2479 1911 2534 demum

251 2561 544 2634 scrupulo
576 2561 737 2618 omni
764 2562 838 2619 de
866 2561 1234 2636 singulorum
1269 2566 1603 2637 pectoribus
1632 2568 1678 2602 ‘3
1708 2584 1912 2624 excus-

2030 1940 2372 2006 nistremus,
2431 1945 2605 2012 atque
2663 1941 2722 1995 in
2786 1942 2935 1996 712
2999 1940 3295 1996 catholica:
3344 1940 3607 1997 Ecclesiaa
3638 1941 3685 1977 ⁴⁷

2029 2030 2301 2086 concordi
2354 2029 2739 2084 unanimitate
2791 2034 3120 2099 teneamus,
3172 2029 3433 2100 perficiet
3488 2029 3686 2087 divina

2028 2118 2330 2192 dignatio;
2364 2122 2427 2173 ut
2459 2118 2754 2182 dominus,
2783 2118 2882 2190 qui
2908 2117 3240 2173 sacerdotes
3262 2118 3375 2173 sibi
3399 2118 3456 2173 in
3491 2118 3680 2174 Eccle-

2027 2208 2116 2266 sia
2145 2224 2254 2264 sua
2282 2207 2496 2280 eligere
2526 2211 2583 2262 et
2604 2207 2956 2263 constituere
2977 2205 3275 2280 dignatur,
3300 2206 3515 2264 electos
3537 2225 3683 2280 quo-

2027 2313 2140 2372 que
2169 2302 2226 2353 et
2254 2296 2604 2353 constitutos
2628 2312 2736 2352 sua
2764 2295 3066 2352 voluntate
3097 2299 3274 2368 atque
3299 2295 3684 2368 opitulatione

2025 2391 2261 2444 tueatur
2287 2387 2332 2422 ⁴⁸
2361 2385 2751 2459 gubernanles
2781 2383 3102 2456 inspirans,
3130 2401 3196 2441 ac
3218 2383 3681 2442 subministrans

2024 2482 2082 2535 et
2111 2477 2183 2534 ad
2208 2476 2610 2548 improborum
2659 2474 3086 2531 contumaciam
3141 2474 3484 2531 frenandam
3517 2474 3677 2546 vigo-

2024 2583 2169 2638 rem,
2200 2571 2258 2622 et
2284 2565 2356 2622 ad
2389 2565 2687 2636 lapsorum
2718 2564 3022 2620 fovendam
3047 2563 3446 2636 pcenitentiam
3471 2563 3682 2620 lenita-

1676 2696 1881 2758 Variee
1925 2697 2247 2758 lectiones.

325 2799 740 2876 “Inprasentj
752 2802 1042 2876 venimus,
1063 2805 1214 2874 Spir.
1280 2803 1339 2876 f0
1360 2801 1663 2876 Rationem
1689 2803 2017 2876 reddidisse
2038 2819 2146 2876 nos
2169 2801 2390 2876 scimus
2412 2799 2740 2876 ethortatos
2760 2815 2911 2868 esse,
2928 2799 3309 2876 ‘Spirnlnnom.
3387 2799 3426 2833 “
3445 2797 3669 2876 Placuit

233 2886 378 2978 aer,
420 2870 539 2929 Ver.
619 2875 664 2910 ⁴²
696 2873 819 2930 Tua
850 2870 1197 2946 facta,'Spir.
1274 2873 1320 2910 ‘3
1352 2874 1688 2928 Pectoribus
1718 2874 1974 2939 excluso,
2012 2875 2154 2952 Ver.
2205 2873 2251 2907 “
2280 2872 2368 2928 Sic
2395 2874 2712 2927 vetustiores
2740 2887 2867 2927 mss.
2900 2870 2978 2926 At
3006 2872 3112 2926 alii
3139 2872 3295 2938 libri,
3330 2870 3666 2952 profecisse.

330 2942 418 2978 Ωδμ
449 2945 540 2978 ναι
600 2947 783 2978 ἰωωηιηη
875 2947 998 2978 ἔσῃ’..
1076 2947 1360 2978 Μηοηοιηη
1397 2946 1485 2978 [Nn
1585 2946 1628 2978 ιδ
1677 2945 1817 2978 (‘nm
1882 2945 2100 2978 ηα-ιιη-ἷα
2161 2943 2397 2978 nnllnnia
2471 2944 2624 2978 nm...
2727 2943 2771 2978 b7
2830 2942 3095 2978 Pnnlnoim
3128 2943 3494 2978 nnnnnmlnlnn
3524 2958 3666 2978 nnn_

327 2942 418 3017 Sic
449 2945 560 3000 Vel.
592 2947 806 3002 Innom.
865 2947 1017 3017 Spir.
1075 2942 1360 3002 Noscetur
1391 2946 1506 3015 [tig.
1544 3016 1551 3017 ί
1585 2946 1628 2980 ⁴⁶
1677 2945 1821 3000 Cum
1881 2943 2417 3017 czeteris'rcollegis.
2471 2944 2648 3017 Dawn.
2703 2943 2771 3017 _"'
2830 2942 3105 3017 Ecclesiae
3128 2943 3494 2999 concorditer
3524 2958 3666 2996 una-

236 3014 582 3071 nimitatem
615 3013 942 3073 teneamus.
976 3020 1180 3074 Priscae
1209 3018 1340 3072 edit.
1371 3013 1495 3070 cum
1519 3016 1728 3072 duobus
1755 3034 1884 3073 mss.
1917 3018 2080 3074 Morel
2110 3013 2326 3071 Manatf
2349 3015 2556 3070 Pamel.
2589 3017 2638 3070 et
2689 3014 2860 3070 Oxon.
2894 3013 3160 3069 Ecclesia:

3195 3030 3415 3087 pacein
3429 3028 3669 3087 concor-

238 3085 363 3161 dia}
395 3088 781 3144 unanimitate
812 3097 1137 3146 teneamus.
1172 3091 1370 3145 Recens
1399 3105 1501 3143 ms.
1521 3088 1682 3161 Δ(ιόιὺ.
1725 3089 1994 3161 Ecclesia:
2027 3104 2228 3161 pacem
2280 3087 2550 3161 concordi
2584 3086 2974 3161 unanimitate
3021 3085 3340 3161 teneamus.
3380 3085 3665 3161 Veluslior,

238 3158 351 3284 gui
379 3161 580 3215 omisso
607 3162 774 3216 verbo
805 3177 1027 3233 pacem,
1061 3163 1346 3218 lectionem
1375 3159 1622 3215 eamdem
1648 3160 1890 3228 exhibet,
1923 3154 2135 3218 caeteris
2167 3161 2314 3215 visus
2361 3166 2440 3214 est
2467 3159 2754 3214 sincerior.
2798 3158 2922 3214 Mox
2962 3157 3145 3214 eodem
3175 3157 3375 3214 codice.
3407 3154 3670 3229 perticiat

291 3229 452 3284 ivina
486 3233 784 3284 nrotectio.
864 3232 908 3266 ⁸⁸
960 3235 1110 3284 Vetus
1155 3233 1322 3284 eodem
1371 3232 1528 3284 Colb.
1580 3233 2014 3284 gubernanter:
2071 3232 2306 3284 forsitan
2347 3232 2552 3284 verius.
2605 3229 2863 3284 Alioauin
2909 3229 3374 3284 gubernantibus
3403 3228 3669 3284 orationis

291 3229 452 3306 ivina
486 3229 824 3306 protectiof
864 3232 908 3306 5‘
960 3229 1110 3290 Vetus
1155 3233 1322 3290 codex
1371 3232 1528 3288 Colb.
1580 3233 2014 3306 gubernanter:
2067 3232 2306 3305 forsitan
2347 3232 2552 3287 verius.
2605 3229 2863 3304 Alioquin
2908 3229 3374 3302 gubernantibus
3403 3229 3669 3286 orationis

230 3300 416 3358 series
449 3300 678 3360 videtur
702 3305 1004 3377 postulare.

1668 3403 2002 3466 Variorum
2046 3408 2237 3465 notae.

323 3508 434 3579 (41)
461 3511 604 3566 Islic.
641 3511 702 3564 Id
736 3513 828 3565 est
860 3509 919 3565 in
949 3509 1160 3565 Africa.
1193 3515 1511 3565 Cous'rm'r.

323 3581 460 3653 (42)
480 3583 666 3636 Latius
695 3583 817 3651 fusa
844 3582 1149 3652 provincia.
1176 3580 1556 3653 Epiphanius,
1588 3581 1899 3653 episcopus

235 3649 558 3725 Salaminis
581 3653 642 3725 in
665 3649 869 3725 Cypro,
896 3654 1158 3708 scribens
1180 3649 1249 3708 ad
1270 3649 1554 3708 Joannem
1583 3649 1904 3725 Hierosolyj

239 3723 569 3788 mitanum,
601 3723 845 3796 loquens
896 3726 966 3779 de
997 3741 1106 3780 sua
1153 3725 1470 3796 provincia,
1505 3725 1624 3780 ait:
1657 3725 1741 3796 Eo,
1763 3723 1904 3796 quod

235 3798 482 3864 grandis
531 3794 760 3851 essetet
815 3796 924 3850 late
968 3801 1118 3865 patet
1153 3794 1469 3864 provincia.
1522 3796 1598 3850 Ea
1657 3794 1903 3866 epistola

242 3871 446 3940 exstat
471 3867 622 3940 inter
650 3867 1151 3940 Hieronymianas.
1186 3868 1402 3940 Battus.

320 3937 431 4006 (43)
463 3939 629 3992 Habet
661 3942 842 3994 etiam.
870 3937 1099 3994 Recens
1130 3941 1310 3994 codex
1350 3937 1510 3993 Colb.
1544 3937 1704 3992 habet
1731 3939 1902 3993 enim.

233 4009 372 4064 Non
405 4009 754 4080 displiceret,
788 4011 1118 4066 habetenim
1147 4013 1330 4066 etiam.
1360 4010 1573 4064 Deinde
1601 4009 1753 4064 idem
1791 4026 1900 4064 ms.

233 4097 385 4134 cum
445 4080 715 4150 pluribus
775 4082 906 4136 aliis
962 4089 1019 4137 et
1087 4083 1222 4136 edit.
1280 4081 1606 4135 Numidiam
1663 4089 1712 4136 el
1768 4081 1902 4135 duas

228 4151 614 4207 Mauritanias
651 4154 762 4208 sibi
803 4155 1156 4209 cohaerentes.
1203 4153 1529 4208 Lectionem
1564 4152 1903 4208 vetustioris

229 4222 403 4278 Colb.
440 4242 566 4295 quae
598 4224 770 4297 etiam
803 4232 892 4280 est
919 4226 1170 4280 duorum
1205 4225 1376 4297 Angl.
1404 4225 1607 4297 probae
1631 4229 1798 4297 notae,
1821 4241 1904 4280 re-

233 4294 552 4368 vocamus.
580 4294 841 4368 Alterum
875 4313 904 4350 e
945 4297 1206 4368 margine
1238 4294 1325 4350 in'
1344 4294 1565 4368 tantum
1597 4295 1903 4366 irrepsisse

232 4366 590 4439 Oxoniensis
623 4367 811 4422 editor
831 4366 1122 4438 opinatur.
1148 4369 1494 4439 Quanquam
1522 4367 1675 4422 idem
1713 4369 1906 4422 obser-

235 4443 346 4492 vat
377 4437 804 4503 Mauritaniam,
851 4437 1000 4494 teste
1051 4439 1258 4505 Plinio,
1291 4437 1349 4494 ΙΙ
1386 4456 1440 4506 ν,
1484 4455 1534 4493 c.
1585 4441 1635 4493 1.
1670 4439 1729 4492 in
1755 4439 1902 4494 duas

237 4513 465 4581 partes,
489 4510 899 4565 Caesariensem
923 4517 980 4566 et
1033 4510 1427 4581 Tingitanam,
1449 4527 1551 4581 per
1571 4510 1630 4565 C.
1657 4511 1902 4566 Caesaris

237 4581 532 4654 saevitiam
551 4581 730 4637 fuisse
751 4581 1020 4646 divisam,
1045 4583 1233 4654 iisque
1254 4583 1492 4654 demum
1517 4582 1748 4637 tertiam
1778 4599 1904 4651 par-

238 4659 377 4715 tem,
393 4652 730 4708 Sitifensem
748 4654 1053 4719 nimirum,
1073 4652 1405 4709 accessisse.
1428 4653 1635 4708 Cous'r.
1654 4685 1719 4694 —
1736 4655 1903 4708 Habet

236 4726 397 4780 enim
429 4724 772 4779 Numidiam.
808 4729 936 4780 Haec
983 4731 1073 4780 est
1102 4725 1270 4781 lectio
1299 4730 1557 4781 veterum
1590 4723 1898 4791 librorum,

236 4795 356 4848 nisi
395 4795 552 4867 quod
589 4795 767 4868 aliqui
789 4797 1009 4852 habent
1029 4799 1196 4852 etiam
1227 4814 1328 4868 pro
1351 4799 1522 4862 enim,
1556 4799 1790 4867 vulgato
1814 4813 1900 4850 ve-

1929 3512 1972 3579 C
2010 3527 2192 3582 copus
2243 3507 2741 3579 Carthaginensis,
2765 3507 2840 3582 _in
2864 3506 3061 3582 codice
3081 3522 3375 3582 canonum
3398 3504 3666 3582 Ecclesiae

2013 3577 2406 3661 Africante,_et
2434 3577 2639 3634 omnes
2659 3578 2992 3661 ‘episcopos
3022 3578 3228 3660 Afros,
3260 3578 3520 3661 adeoque
3549 3577 3668 3633 Nu-

2013 3653 2207 3708 midas
2237 3657 2294 3708 et
2317 3656 2570 3713 Mauros.
2606 3651 2676 3706 ad
2701 3649 2946 3706 concilia
2975 3649 3231 3722 episcopi
3254 3649 3669 3722 Carthaginec-

2011 3724 2097 3781 sis
2145 3723 2450 3780 convenire
2495 3722 2723 3790 solitos,
2779 3728 2842 3778 ut
2890 3727 3047 3794 patet
3091 3721 3268 3777 etiam
3314 3738 3383 3794 ex
3424 3721 3667 3794 concilio

2012 3795 2210 3878 sancti
2265 3795 2554 3878 Cypriani.
2607 3795 2740 3878 Ideo
2798 3793 2994 3878 autem
3051 3798 3290 3878 sanctus
3346 3793 3668 3878 Cyprianus

2012 3867 2146 3923 istic
2179 3864 2446 3922 nominat
2474 3865 2810 3921 Numidiam
2845 3870 2902 3920 et
2933 3864 3342 3920 Mauritaniam
3383 3864 3445 3919 ut
3474 3870 3666 3920 osten-

2013 3940 2113 3994 dat
2143 3938 2502 4010 provinciam
2553 3955 2729 4010 suam,
2771 3953 2899 4010 esse
2931 3936 3671 4010 late_diil'usam,_cum_ea

2013 4007 2224 4083 praeter
2250 4011 2504 4083 Africam
2540 4009 2768 4083 proprie
2813 4009 3029 4083 dictam
3061 4007 3301 4083 haberet
3344 4007 3518 4062 etiam
3552 4007 3668 4083 Nu:

2013 4080 2260 4137 inidiam
2294 4087 2351 4137 et
2400 4080 2811 4136 Mauritaniam
2865 4081 2976 4136 sibi
3030 4080 3408 4143 cohaerentes,
3458 4095 3583 4149 quae
3613 4082 3670 4132 et

2013 4154 2153 4225 ipsas
2185 4153 2315 4208 lata:
2347 4159 2404 4208 et
2445 4153 2668 4208 diffusa:
2721 4151 3026 4225 provincias
3075 4150 3666 4225 erantiNumidiam

2017 4220 2209 4298 tamen
2242 4241 2370 4282 esse
2401 4220 2799 4298 augustiorem
2829 4222 3176 4278 Mauritania
3196 4221 3400 4277 scribit
3422 4220 3594 4277 Mela.

2013 4297 2224 4352 BALUZ.

2252 4367 2664 4449 Mauritaniam.
2725 4367 2814 4449 Ita
2862 4363 2993 4419 libri
3051 4366 3669 4449 vetereshetjet'eres

2013 4433 2320 4495 editiones.
2342 4439 2576 4494 Primus
2595 4437 2894 4494 Manutius
2912 4435 3486 4508 posuitMaurilanias
3506 4433 3667 4508 cluas.

2011 4510 2177 4593 ginc.
2202 4515 2330 4592 orta
2373 4510 2634 4593 vulgaris
2689 4499 3010 4591 editio.'At
3067 4499 3430 4593 in'concil‘i'o
3479 4507 3667 4593 sancti

2012 4582 2089 4654 Cy
2135 4581 2280 4637 riani
2315 4577 2530 4636 mentio
2555 4585 2643 4636 est
2663 4580 3069 4651 episcoporum
3094 4579 3322 4648 Africae,
3360 4577 3667 4648 Numidiae,

2012 4658 2068 4708 et
2090 4600 2474 4708 Mauritaniae.
2509 4669 2622 4707 non
2655 4668 2786 4707 vero
2832 4651 3341 4706 Mauritaniarum.
3377 4649 3665 4706 Manutia-

2011 4649 2074 4708 εἰ
2090 4649 2474 4716 Mauritaniae,
2509 4669 2622 4707 non
2655 4649 2786 4707 vero
2832 4651 3341 4706 Mauritaniarum.
3377 4649 3665 4706 Manutia-

2013 4742 2148 4780 nam
2182 4730 2372 4779 tamen
2422 4723 2726 4778 lectionum
2777 4723 3014 4793 adjuvat
3063 4721 3305 4784 Plinius,
3357 4722 3456 4778 (illi
3491 4721 3592 4777 lib.
3627 4739 3666 4787 ι,

2010 4813 2118 4868 cap
2149 4798 2204 4868 2,
2240 4801 2298 4850 et
2326 4795 2428 4850 lib.
2461 4797 2866 4868 x111,gcap.715,
2902 4793 3170 4868 nominat
3206 4796 3355 4849 duas
3388 4793 3667 4868 Maurita-

237 4865 635 4942 terum.more_
662 4865 718 4922 in
743 4869 1149 4942 permutandis
1171 4865 1330 4942 hisce
1359 4865 1896 4937 coniunctionibus.
1932 4877 1977 4942 Ι)
2010 4865 2162 4942 nias,
2195 4867 2452 4942 itemque
2473 4865 2710 4942 Tacitus
2732 4865 2880 4942 libro
2907 4884 2924 4921 ι
2955 4867 3355 4942 ΙΙίΑἰᾳζίαι-ςιητ,
3387 4865 3483 4942 ubi
3510 4881 3670 4942 men-

237 4937 538 5012 Rigaltfus
569 4939 640 4993 ad
672 4937 978 5009 epistolam
1011 4957 1123 4995 XLII
1153 4940 1505 4995 existimavit
1536 4955 1900 5012 quaecunque

233 5008 369 5065 istic
402 5008 682 5064 dicuntur
703 5008 773 5066 de
804 5011 1083 5067 Numidia
1099 5017 1156 5066 et
1182 5011 1534 5066 Mauritania
1554 5008 1684 5067 esse
1713 5009 1899 5066 insiti-

231 5081 314 5136 tia
346 5085 409 5136 et
441 5097 520 5154 ex,
544 5083 805 5154 margine
857 5083 914 5136 in
950 5087 1168 5138 textum
1220 5083 1548 5154 irrepsisse.
1605 5084 1670 5138 Et
1704 5088 1901 5154 tamen

232 5157 478 5235 exstant
493 5153 566 5234 .in
598 5153 876 5235 omnibus
899 5153 1256 5235 editionibus
1287 5153 1424 5235 etin
1447 5158 1666 5235 septem
1682 5153 1902 5235 codici-

232 5225 346 5280 bus
381 5223 666 5294 antiquis,
701 5225 755 5280 id
785 5232 876 5280 est
908 5226 963 5279 in
997 5225 1275 5280 omnibus
1307 5223 1567 5296 antiquis
1595 5226 1900 5280 codicibus

232 5313 263 5351 ι
285 5313 382 5351 me
403 5296 571 5350 visis.
599 5296 720 5351 Non
747 5298 908 5351 video
928 5302 1122 5352 autem
1146 5314 1250 5351 cur
1269 5297 1381 5352 ista
1403 5297 1624 5352 censeri
1651 5298 1902 5352 debeant

233 5367 513 5440 insititia.
547 5367 778 5422 Certum
808 5368 1025 5440 quippe
1056 5374 1144 5423 est
1167 5369 1598 5438 Carthaginem,
1625 5386 1751 5440 qua:
1777 5372 1902 5423 erat

235 5437 453 5494 amula
479 5440 644 5492 urbis
669 5437 884 5506 Romae,
913 5437 1176 5495 omnium
1210 5440 1364 5494 intra
1385 5437 1899 5510 Al'ricam'provin-

235 5512 467 5566 ciarum
514 5510 840 5566 obtinuisse
891 5511 1311 5583 principatum,
1353 5512 1433 5566 uti
1491 5511 1776 5582 scriptum
1812 5515 1902 5565 est

233 5583 288 5638 in
326 5583 369 5636 ι.
406 5598 546 5650 xm,
599 5583 672 5637 De
719 5583 990 5638 tironibus
1039 5584 1094 5637 in
1149 5583 1345 5638 codice
1388 5583 1814 5648 Theodosiano,
1846 5587 1902 5636 et

236 5655 587 5728 episcopum
604 5653 1120 5728 (larthaginensem
1143 5655 1418 5728 habuisse
1440 5653 1899 5728 sollicitudinem

241 5723 512 5780 omnium
546 5723 926 5782 ecclesiarum
957 5727 1177 5798 Africis,
1211 5732 1276 5783 ut
1305 5726 1386 5782 ait
1415 5725 1708 5795 Aurelius,
1741 5724 1900 5797 epis-

2008 4939 2090 4995 tio
2113 4935 2201 4994 est
2231 4935 2481 4993 duarum
2507 4938 2991 4994 Mauritaniarum
3014 4942 3069 4992 et
3090 4938 3412 4993 Martianus
3435 4935 3668 5006 Capella

2010 5010 2112 5066 lib.
2146 5028 2222 5070 vx.
2257 5010 2646 5080 descriptione
2688 5009 2912 5065 Africae.
2971 5009 3164 5064 Recte.
3199 5009 3344 5064 Nam
3397 5006 3494 5062 nio
3527 5006 3665 5080 Cas-

2009 5083 2134 5160 sius
2166 5081 2378 5160 lib._vi,
2406 5078 2602 5160 tradit.
2628 5081 2937 5160 Claudium
2959 5078 3670 5160 Imperatorem‘Maurita-

2011 5154 2178 5230 niam
2203 5154 2842 5230 subjectam_Rom_anis
2876 5153 2931 5207 in
2965 5149 3112 5230 duas
3144 5156 3336 5230 partes
3369 5149 3662 5230 divisisse.

2009 5220 2385 5296 Tingitanam
2419 5230 2476 5280 et
2515 5225 2949 5296 Caesariensem.
2984 5223 3372 5296 Herodianus,
3424 5220 3526 5296 lib.
3560 5237 3662 5296 xit,

2011 5292 2277 5352 nominat
2305 5297 2640 5353 Numidiam
2674 5303 2728 5352 et
2760 5294 3169 5351 Mauritaniam
3213 5292 3492 5347 Romanis
3522 5292 3663 5348 sub-

2001 5370 2221 5439 jectam
2251 5368 2396 5424 Vide
2429 5369 2707 5436 Marcam,
2744 5385 2867 5438 cap.
2920 5368 2989 5420 87
3020 5365 3153 5420 libri
3189 5364 3255 5419 de
3297 5365 3662 5433 Primalibus,

2009 5446 2218 5496 BALUZ.

2083 5512 2192 5581 (45)
2224 5512 2678 5581 Coepiscoporum
2709 5508 2980 5581 Galilonii.
3029 5507 3235 5581 Festivi
3280 5511 3421 5563 sunt
3446 5506 3552 5581 qui
3583 5505 3658 5562 il-

2011 5579 2134 5638 lum
2167 5583 2239 5638 ab
2272 5581 2456 5636 Africa
2474 5579 2542 5637 Vin
2591 5579 2949 5636 Lucitaniain
3000 5579 3304 5634 transiisse
3333 5579 3577 5636 tradunt
3605 5582 3662 5634 et

2007 5654 2127 5709 illic
2157 5653 2496 5725 episcopum
2533 5653 2945 5710 Bracarenseiu
2983 5652 3180 5707 fuisse.
3215 5650 3427 5708 BALUZ.
