4102 6172
281 355 397 415 ⁸749

1778 354 2186 417 EPISTOLxE

3557 354 3681 420 730

275 481 709 539 confessoribus
742 480 1022 555 regressis
1053 481 1368 556 gloriosam
1400 484 1658 542 latitiam
1692 487 1920 542 nuntia-
1947 488 2002 553 Α
2032 491 2215 542 autem
2243 487 2381 556 dico,
2412 488 2473 541 in
2503 487 2786 543 Christum
2827 495 2880 543 et
2931 489 2988 543 in
3038 487 3334 542 Ecclesium
3363 487 3407 521 ⁸³
3446 488 3674 560 (Bphcs.

277 576 384 642 ret,
417 576 475 626 et
505 572 786 626 adversus
816 573 1122 628 Novatiani
1153 579 1208 629 et
1239 573 1444 630 Novati
1487 576 1601 647 (94)
1643 591 1823 632 novas
1871 582 1928 632 et

277 658 631 732 perniciosas
646 659 694 695 ⁷⁸
741 660 809 715 ad
853 660 1321 732 impugnandam
1354 663 1573 720 Christi
1605 663 1924 721 Ecclesium

282 748 584 804 machinas
615 748 956 820 plenissime
996 749 1334 807 instrueret.
1375 752 1524 808 Nam
1564 769 1697 809 cum
1740 754 1926 825 pridie

275 836 408 893 istic
439 839 552 908 (95)
599 839 855 894 venisset
905 839 1187 896 haeretica
1230 841 1534 912 pravitatis
1566 859 1782 900 nocens
1813 845 1925 898 fac-

277 927 357 981 tio
388 927 520 999 (96),
555 927 684 998 ipsa
707 929 834 998 jam
867 929 1112 1000 perdita,
1146 935 1202 984 et
1231 929 1396 995 alios,
1431 930 1529 1002 qui
1551 931 1663 987 sibi
1682 947 1922 987 consen-

275 1015 463 1070 serint
496 1016 818 1088 perditura,
862 1023 1094 1088 postero
1136 1017 1229 1073 die
1268 1018 1629 1090 Nicephorus
1659 1037 1794 1076 cum
1825 1035 1918 1074 ve-

273 1103 415 1159 stris
464 1103 676 1160 litteris
723 1105 1080 1176 supervenit.
1130 1106 1355 1170 Quibus
1401 1114 1458 1163 et
1497 1109 1832 1176 didicimus,
1865 1113 1924 1166 et

275 1194 485 1250 docere
509 1194 984 1265 atqueinstruere
1005 1203 1244 1253 cateros
1270 1197 1572 1269 capimus,
1592 1200 1920 1256 Evaristum

274 1283 347 1338 de
394 1282 666 1355 episcopo
712 1283 824 1356 (97)
864 1284 991 1355 jam
1032 1301 1136 1341 nec
1165 1284 1380 1342 laicum
1411 1288 1786 1353 remansisse,
1821 1304 1922 1345 ca-

272 1371 496 1427 thedra
543 1377 601 1428 et
646 1372 830 1444 plebis
877 1378 1184 1445 extorrem,
1237 1380 1293 1430 et
1321 1375 1393 1431 de
1421 1375 1677 1432 Ecclesia
1705 1375 1921 1432 Christi

271 1461 560 1528 exsulem,
589 1477 692 1532 per
721 1463 865 1517 alias
899 1461 1067 1534 longe
1092 1463 1420 1534 provincias
1443 1466 1733 1532 oberrare,
1759 1471 1815 1520 et
1837 1465 1921 1538 ip-

273 1565 409 1604 sum
468 1549 731 1605 veritatis
783 1567 848 1605 ac
905 1552 1037 1605 ﬁdei
1099 1553 1450 1625 naufragum
1496 1554 1737 1620 factum,
1769 1553 1921 1610 circa

272 1639 562 1710 quosdam
598 1638 687 1694 sui
730 1638 952 1694 similes
987 1639 1149 1712 paria
1178 1641 1487 1715 naufragia
1517 1643 1807 1698 concitare
1827 1645 1871 1678 ⁷⁵
1903 1661 1917 1701 :

271 1727 674 1784 Nicostratum
695 1745 828 1784 vero
850 1729 916 1799 ⁷⁸,
948 1730 1217 1786 diaconio
1237 1731 1280 1766 ⁷⁷
1304 1736 1516 1787 sancta
1550 1731 1920 1789 administra-

266 1817 449 1872 tionis
500 1817 721 1874 amisso
750 1818 814 1888 ⁷⁸,
857 1817 1268 1876 ecclesiasticis
1316 1821 1581 1891 pecuniis
1637 1820 1920 1895 sacrilega
1950 1858 1996 1922 Β

267 1906 476 1962 fraude
503 1907 841 1976 subtractis,
873 1911 932 1962 et
952 1907 1260 1964 viduarum
1283 1926 1348 1964 ac
1368 1909 1726 1982 pupillorum
1748 1911 1918 1982 depo-

265 1994 404 2049 sitis
434 1995 755 2067 denegatis,
791 2013 903 2050 non
931 2002 1048 2052 tam
1073 1997 1130 2051 in
1149 1998 1400 2053 Africam
1425 2000 1617 2054 venire
1637 2000 1913 2070 voluisse,

265 2100 450 2154 quam
467 2085 820 2140 conscientia
835 2085 882 2120 7°
896 2086 1230 2156 rapinarum
1247 2095 1300 2142 et
1313 2086 1560 2142 criminu
1573 2105 1626 2143 m
1646 2089 1918 2145 nefando-

265 2189 404 2228 rum
439 2171 602 2228 illinc
620 2173 728 2244 (98)
751 2173 824 2230 ab
851 2175 993 2230 urbe
1016 2173 1255 2246 fugisse.
1281 2175 1347 2230 Et
1369 2192 1526 2232 nunc
1543 2177 1806 2232 Ecclesia
1820 2179 1918 2234 de-

259 2269 458 2318 sertor
469 2279 534 2317 ac
551 2264 1026 2334 prol‘ugus,quasi
1042 2268 1300 2320 mutasse
1313 2265 1392 2320 sit
1406 2265 1703 2322 hominem
1720 2272 1912 2322 muta-

255 2368 320 2406 re
333 2351 634 2423 regionem
647 2353 1057 2411 .confessorem
1073 2369 1133 2408 se
1143 2353 1188 2388 ⁸ο
1202 2353 1353 2408 ultra
1355 2355 1607 2425 jactatet
1620 2355 1911 2425 pradicet;

257 2455 398 2495 curn
431 2438 646 2494 Christi
676 2440 974 2496 confessor
1007 2457 1111 2496 nec
1129 2441 1240 2496 dici
1265 2457 1370 2497 nec
1400 2443 1667 2512 essejam
1700 2446 1909 2515 possit,

253 2529 363 2600 qui
398 2528 714 2584 Ecclesium
729 2527 943 2585 Christi
969 2529 1216 2602 negavit.
1235 2529 1378 2588 Nam
1395 2547 1528 2586 cum
1542 2530 1765 2592 Paulus,
1777 2549 1912 2604 apo-

252 2617 454 2673 stolus
475 2617 632 2674 dicat
655 2633 666 2673 ε
699 2623 928 2685 Propter
938 2619 1034 2674 hoc
1049 2619 1320 2690 relinquet
1335 2619 1491 2676 homo
1499 2629 1714 2691 patrem
1725 2624 1775 2676 et
1790 2639 1907 2676 ma-

249 2715 478 2774 lrem,et
503 2706 811 2763 adhaerebit
832 2709 997 2761 uxori
1014 2722 1137 2764 sua:
1157 2709 1288 2778 (99);
1319 2710 1461 2764 727
1487 2714 1537 2764 et
1558 2713 1718 2764 erunt
1730 2710 1835 2764 duo
1849 2713 1907 2764 in

246 2811 484 2852 carnem
512 2812 715 2858 unam;
735 2801 1139 2851 sacramentum
1171 2799 1326 2852 istud
1346 2814 1615 2867 magnum
1629 2801 1706 2854 est
1726 2799 1792 2866 ⁸³,
1810 2814 1904 2870 ego

2033 592 2086 641 ν,
2119 575 2245 647 31):
2269 592 2405 631 cum
2438 575 2566 644 hoc,
2589 575 2853 648 inquam,
2881 577 3086 632 beatus
3103 577 3417 648 Apostolus
3438 577 3594 632 dicat
3615 581 3674 633 et

2034 663 2244 718 Christi
2271 663 2348 734 (1)
2370 664 2586 735 pariter
2603 665 2649 699 ⁸³
2672 668 2848 735 atque
2869 664 3133 720 Ecclesia
3154 665 3437 722 unitatem
3459 665 3678 722 indivi-

2033 753 2166 807 duis
2195 753 2440 808 nexibus
2471 753 2856 808 coharentem
2883 758 3089 809 sancta
3109 771 3216 810 sua
3243 771 3381 811 voce
3410 759 3677 825 testatur,

2033 843 2326 912 quomodo
2354 846 2545 913 potest
2574 857 2702 898 esse
2732 857 2868 897 cum
2897 842 3148 912 Christo,
3171 842 3270 913 qui
3302 859 3436 899 cum
3459 860 3678 915 sponsa

2032 930 2244 986 Christi
2269 935 2443 1000 atque
2463 930 2523 985 in
2553 931 2680 1001 ejus
2701 929 2957 986 Ecclesia
2979 948 3094 986 non
3115 931 3242 986 est?
3264 936 3366 988 aut
3384 933 3676 1001 quomodo

2032 1019 2282 1074 assumit
2310 1018 2421 1074 sibi
2453 1020 2719 1090 regenda
2749 1024 2851 1074 aut
2869 1021 3263 1090 gubernanda
3285 1019 3550 1076 Ecclesia
3575 1036 3680 1076 cu-

2030 1123 2180 1176 ram,
2225 1107 2326 1178 qui
2357 1106 2626 1178 spoliavit
2652 1113 2710 1163 et
2740 1108 3032 1163 fraudavit
3061 1107 3379 1165 Ecclesiam
3411 1108 3677 1165 Christi?

2101 1197 2173 1252 II.
2204 1200 2349 1252 Nam
2373 1197 2444 1252 de
2473 1196 2690 1252 Novato
2720 1195 2866 1251 nihil
2896 1197 3030 1252 inde
3063 1199 3134 1252 ad
3167 1213 3274 1254 nos
3305 1197 3494 1253 fuerat
3522 1215 3673 1254 nun-

2028 1286 2317 1353 tiandum,
2354 1301 2488 1341 cum
2520 1284 2708 1357 magis
2739 1301 2840 1357 per
2871 1301 2978 1341 nos
3005 1285 3170 1342 vobis
3187 1286 3394 1343 debeat
3414 1287 3672 1344 Novatus

2029 1375 2293 1442 ostendi;
2327 1391 2520 1430 rerum
2551 1391 2832 1430 novarum
2858 1389 3091 1448 semper
3123 1375 3393 1448 cupidus,
3417 1375 3672 1434 avaritia

2031 1463 2425 1535 inexplebili“
2471 1464 2782 1535 rapacitate
2830 1463 3206 1530 furibundus,
3253 1465 3590 1537 arrogantia
3617 1471 3676 1521 et

2029 1555 2266 1622 stupore
2317 1551 2554 1622 superbi
2598 1551 2848 1606 tumoris
2891 1551 3130 1606 inflatus
3159 1553 3224 1622 ⁸⁸,
3258 1569 3490 1624 semper
3538 1553 3673 1607 istic

2028 1639 2319 1712 episcopis
2352 1639 2501 1695 male
2532 1639 2820 1711 cognitus,
2853 1641 3020 1712 quasi
3040 1640 3345 1696 hareticus
3362 1657 3593 1712 semper
3613 1645 3672 1696 et

2027 1730 2287 1801 perfidus
2316 1729 2582 1784 omnium
2612 1729 2984 1784 sacerdotum
3011 1745 3148 1785 voce
3177 1731 3491 1786 damnatus
3522 1748 3536 1798 ;
3571 1746 3673 1786 cu-

2028 1818 2220 1874 riosus
2251 1835 2482 1890 semper
2512 1823 2578 1876 ut
2607 1818 2834 1890 prodat,
2867 1819 2937 1874 ad
2962 1817 3070 1874 hoc
3091 1819 3368 1874 adulatur
3389 1824 3454 1874 ut
3485 1817 3668 1888 fallat,

2025 1925 2331 1980 nunquam
2386 1908 2574 1964 ﬁdelis
2619 1915 2682 1963 ut
2711 1907 2934 1980 diligat,
2970 1909 3062 1964 fax
3081 1914 3139 1964 et
3169 1907 3322 1981 ignis
3351 1909 3395 1943 ³⁸
3425 1909 3497 1964 ad
3528 1925 3670 1965 con-

2026 1999 2238 2053 standa
2279 1996 2584 2053 seditionis
2634 1997 2922 2068 incendia,
2955 1997 3126 2053 turbo
3157 2002 3212 2054 et
3241 2001 3560 2069 tempestas
3591 1998 3663 2054 ad

2026 2086 2158 2142 ﬁdei
2210 2086 2475 2142 facienda
2521 2085 2851 2157 naufragia,
2898 2085 3083 2141 hostis
3125 2085 3342 2157 quietis
3371 2088 3468 2158 (2),
3503 2091 3662 2142 tran-

2026 2175 2332 2245 quillitatis
2365 2174 2756 2242 adversarius,
2809 2174 2969 2245 pacis
3017 2173 3314 2230 inimicus.
3376 2174 3663 2248 Denique,

2024 2263 2242 2320 Novato
2268 2262 2425 2318 illinc
2450 2281 2484 2318 a
2502 2262 2667 2319 vobis
2690 2263 3012 2332 recedente,
3038 2263 3094 2318 id
3121 2263 3270 2319 128
3295 2262 3667 2334 est,procella

2023 2360 2080 2408 et
2108 2353 2342 2407 turbine
2374 2352 2696 2418 recedente,
2730 2369 2798 2406 ex
2825 2355 2989 2422 parte
3019 2351 3139 2407 illic
3169 2351 3338 2423 quies
3370 2353 3525 2408 facta
3554 2356 3670 2419 est,

2019 2447 2076 2497 et
2105 2441 2342 2512 gloriosi
2375 2457 2440 2496 ac
2474 2441 2607 2496 boni
2639 2442 3004 2496 cont’essores
3030 2441 3127 2512 qui
3159 2441 3223 2511 ⁸⁷,
3271 2443 3342 2496 de
3389 2440 3666 2510 Ecclesia,

2021 2529 2120 2585 illo
2144 2529 2445 2597 incitante,
2464 2530 2878 2597 discesserant,
2903 2533 3104 2600 postea
3121 2546 3299 2602 quam
3314 2529 3385 2585 ab
3399 2530 3552 2586 Urbe
3568 2529 3665 2585 ille

2019 2619 2310 2688 discessit,
2343 2619 2414 2675 ad
2446 2617 2764 2675 Ecclesiam
2797 2623 3174 2676 reverterunt.
3207 2619 3366 2676 Idem
3417 2623 3508 2676 est
3547 2619 3662 2676 No-

2016 2716 2204 2776 vatus,
2225 2709 2325 2781 qui
2353 2709 2508 2780 apud
2531 2707 2904 2780 nosprimum
2928 2707 3230 2764 discordia
3249 2713 3306 2764 et
3321 2709 3662 2766 schismatis

2015 2799 2353 2854 incendium
2394 2797 2722 2866 seminavit,
2764 2799 2862 2868 qui
2896 2799 3181 2868 quosdam
3207 2797 3339 2854 istic
3367 2814 3437 2855 ex
3465 2797 3658 2854 fratri-

1667 2916 1870 2977 Varia
1912 2917 2258 2978 Lectiones.

311 3019 366 3094 τξ
401 3018 494 3094 Sic
526 3020 777 3094 Voss.__2.
825 3019 930 3074 ΝΟ.
987 3021 1037 3091 1,
1085 3021 1139 3086 2,
1184 3021 1338 3075 Lam.
1382 3022 1506 3076 Lin.
1544 3022 1713 3094 iEbor.
1762 3023 1875 3094 Yet.
1909 3024 2122 3078 Erasm.
2176 3023 2418 3087 Manut.,
2470 3037 2648 3094 novas
2695 3019 3073 3094 pernioiosas,
3105 3021 3226 3090 Rig.
3311 3020 3654 3094 "Cogitare

238 3091 386 3148 Bod.
423 3093 473 3146 1.
547 3092 590 3164 1'
638 3090 1031 3146 Nicostratum
1087 3108 1341 3164 quoque,
1394 3093 1584 3148 Lamb.
1664 3094 1706 3128 ⁷⁷
1747 3093 1836 3148 Sic
1881 3098 2034 3151 Voss.
2066 3095 2120 3150 2.
2150 3094 2338 3148 Lamb.
2370 3094 2525 3148 Ebor.
2559 3092 2664 3148 ΝΟ.
2696 3090 2750 3160 1,
2772 3095 2826 3147 2.
2860 3090 3114 3148 Diacono
3146 3093 3264 3164 Rig.

239 3179 409 3234 sum,
464 3162 590 3218 Bod.
644 3163 694 3228 1,
745 3164 807 3234 3.
872 3164 918 3198 ’³9
963 3162 1410 3229 ϐοηέοὶεῐὶῐὶαω,
1463 3164 1590 3219 Bod.
1642 3166 1694 3220 3.
1773 3165 1817 3200 ⁸ο
1867 3165 2021 3222 Ultro
2056 3165 2246 3234 Camp.

3340 3093 3386 3128 ’³⁸
3413 3093 3652 3150 Admis-

2321 3166 2364 3200 ει
2396 3168 2833 3220 Sacramentum
2862 3164 2991 3231 hoc,
3034 3164 3166 3219 Bod.
3195 3165 3248 3218 3.
3346 3165 3392 3200 ⁸²
3430 3165 3562 3220 Dico
3594 3165 3654 3220 in

237 3233 483 3308 Christo
511 3238 569 3308 et
598 3235 656 3308 in
683 3233 1022 3308 Ecclesium.
1061 3235 1372 3308 LamLBod.
1404 3237 1484 3308 1.7
1530 3236 1576 3270 ³³
1607 3237 1676 3290 Et
1705 3235 2002 3292 Christum
2036 3233 2274 3308 pariter,
2308 3237 2464 3291 Ebor.
2498 3237 2604 3292 ΝΟ.
2630 3237 2716 3308 ,1,
2769 3236 2891 3308 Lini.
2969 3235 3014 3308 ξι
3061 3235 3454 3308 Inexplebilis,
3499 3238 3655 3294 Lam.

235 3306 418 3379 Ebpr.
446 3305 666 3379 Bod._1,
694 3309 748 3374 2,
779 3307 832 3379 A3,
867 3306 1051 3379 NC._1_,
1081 3310 1136 3361 2.
1211 3307 1256 3379 'F
1286 3306 1606 3379 Superbus,
1639 3312 1870 3364 tumore
1900 3305 2158 3374 inflatus,
2218 3309 2358 3364 Bod.
2399 3308 2452 3362 3.
2530 3308 2575 3342 ⁸⁸
2628 3307 2727 3362 Pix
2765 3313 2822 3363 et
2866 3307 3044 3379 ignis,
3092 3305 3243 3362 Peni.
3295 3307 3451 3365 Lam.
3493 3308 3654 3364 Ebor.

235 3377 360 3433 NG.
403 3378 452 3446 1,
484 3377 614 3433 Bod.
645 3378 699 3432 2.
775 3377 820 3412 ⁸⁷
851 3378 958 3442 Qui
991 3377 1104 3448 hic,
1135 3378 1275 3434 Bod.
1308 3377 1448 3450 2,—3.
1472 3379 1644 3453 ⁸Εὸοιο.
1683 3381 1802 3435 Lin.
1834 3380 1944 3438 NG.
1977 3382 2027 3436 1.

1672 3496 2004 3558 Variorum
2052 3502 2245 3557 notae.

311 3601 452 3684 (94),
492 3601 784 3656 Novatiani
826 3605 878 3656 et
936 3602 1150 3658 Novati.
1212 3602 1496 3685 Novatum
1549 3603 1708 3660 hunc
1756 3620 1890 3687 cum
1923 3613 1966 3680 ρ
2006 3620 2186 3732 guam
2235 3602 2507 3686 obierunt.
2555 3601 2940 3688 Nicostratus,
2991 3602 3276 3686 Novatus,
3327 3603 3653 3687 Evaristus,

311 3679 574 3728 ivatiano
604 3673 746 3728 dum
778 3673 1147 3728 confundunt
1179 3673 1380 3732 Gracu.
1423 3691 1556 3729 eum
1589 3675 1890 3731 harosiar-
2051 3693 2234 3732 rimus
2267 3680 2324 3732 et
2358 3680 2667 3732 Dionysius
2697 3690 2710 3731 :
2743 3678 2805 3728 ut
2826 3690 2883 3728 in
2912 3674 3158 3732 emstola
3178 3679 3445 3732 sequenti
3466 3675 3653 3732 decla-

232 3672 574 3728 No'vatiano
604 3673 746 3728 dum
778 3673 1147 3728 confundunt
1179 3673 1380 3742 Graci,
1423 3691 1556 3729 eum
1589 3675 1890 3731 harosiar-

234 3745 424 3799 cham
459 3750 514 3799 et
539 3744 922 3816 Catharorum
958 3745 1279 3816 principem
1303 3743 1446 3801 falso
1473 3746 1710 3802 faciunt.
1737 3745 1895 3802 Uter-

237 3831 366 3885 que
411 3819 606 3871 tamen
641 3815 845 3870 multis
874 3822 962 3870 est
1001 3815 1340 3872 nominibus
1379 3817 1712 3873 distinctus.
1749 3823 1892 3874 Nam

133 3915 142 3924 -
234 3887 611 3960 Novatianus
644 3889 962 3960 Romanus,
996 3888 1251 3944 Novatus
1272 3889 1750 3960 Carthaginensis
1766 3907 1893 3960 pre-

235 3959 447 4032 sbyter
483 3958 611 4013 fuit.
658 3959 1012 4032 Novatianus
1063 3961 1386 4032 Romanum
1439 3958 1550 4016 sibi
1606 3958 1898 4032 arroguvit

236 4029 657 4100 pontiﬁcatum
692 4048 704 4085 :
734 4031 988 4104 Novatus
1019 4048 1052 4086 a
1087 4031 1244 4086 nullo
1277 4048 1536 4102 unquam
1570 4032 1626 4088 in
1667 4029 1890 4104 episco-

241 4118 407 4176 pum_
430 4105 521 4156 est
552 4106 875 4176 cooptatus.
902 4103 1597 4176 (Novatianusquamdam
1625 4103 1896 4176 puritatis

240 4174 509 4244 speciem
555 4174 852 4246 affectans,
897 4175 1148 4246 indeque
1179 4174 1559 4230 Catharorum
1593 4174 1760 4232 secta
1793 4194 1893 4232 no-

239 4261 387 4320 men
418 4250 476 4299 et
505 4245 788 4320 originem
823 4245 1106 4320 tribuens,
1139 4245 1321 4320 lapsis
1351 4247 1524 4302 etiam
1564 4249 1895 4320 pcenitcnti-

240 4317 368 4389 bus
397 4317 574 4389 venia
607 4333 770 4389 spem
812 4318 1089 4374 sustulit:
1140 4317 1396 4374 Novatus
1446 4317 1582 4374 vero
1628 4319 1897 4375 factionis

235 4385 598 4462 Felicissimi
615 4385 975 4462 presbyteris
999 4389 1349 4462 adharebat,
1375 4391 1472 4462 qui
1499 4391 1699 4462 lapsis,
1723 4392 1894 4446 etiam

237 4459 664 4530 pratermissis
712 4459 1061 4534 panitentia
1093 4459 1653 4534 canonica'regulis,
1696 4463 1896 4518 statim

236 4545 456 4600 pacem
495 4535 552 4586 et
599 4532 1068 4588 communionem
1103 4533 1226 4588 dari
1259 4532 1546 4601 volebant,
1578 4551 1644 4590 ac
1686 4534 1896 4590 nihilo-

237 4601 454 4678 minus
482 4603 963 4678 cumNovatiano
996 4604 1384 4678 copularinon
1416 4605 1660 4678 destitit.
1681 4611 1898 4678 Nempe

237 4671 520 4747 gravium
551 4673 864 4732 criminum
896 4676 1010 4732 sibi
1042 4671 1334 4742 conscius,
1371 4693 1481 4730 non
1515 4677 1569 4730 id
1597 4677 1805 4747 agnbat
1829 4671 1899 4732 ut

235 4743 565 4816 disciplina
592 4747 986 4803 ecclesiastica
1015 4753 1364 4812 servaretur,
1391 4749 1491 4802 sed
1523 4753 1584 4803 ut
1613 4743 1816 4804 turbas
1838 4749 1895 4803 in

236 4813 512 4872 Ecclesia
558 4817 905 4874 concitando
954 4819 1210 4874 debitam
1254 4819 1572 4874 sceleribus
1615 4820 1897 4876 ultionem

234 4885 594 4944 declinaret.
645 4889 929 4954 Quocirca
999 4891 1327 4946 Novatianm
1371 4908 1472 4947 scu
1517 4891 1895 4947 Catharorum

234 4958 494 5050 l‘i‘aresis
524 4961 796 5050 princeps
819 4968 875 5018 et
890 4965 1094 5050 auctor
1110 4979 1481 5050 nequaquam
1502 4962 1785 5046 dicendus
1808 4968 1896 5050 est
1928 4985 1973 5050 Β

235 5031 539 5108 Novatus,
567 5031 701 5108 iicet
728 5031 1029 5090 Novatiani
1066 5031 1402 5090 schismatis
1434 5035 1764 5108 pracipuus
1795 5035 1894 5092 ad-

225 5103 252 5172 j
263 5106 413 5156 utor
441 5104 646 5160 merito
677 5111 1006 5161 censeatur.

315 5172 438 5255 (95)
470 5175 616 5255 Istic._
647 5176 753 5234 Pro
784 5177 942 5255 illuc,
976 5175 1216 5255 utini'ra
1407 5192 1536 5255 _pro
1563 5177 1779 5255 _illu_c_._
1803 5177 1895 5234 Sic

230 5246 407 5320 enim
440 5247 730 5320 scriptum
761 5253 848 5306 est
881 5249 940 5305 in
965 5247 1260 5320 veteribus
1287 5246 1458 5320 libris
1484 5247 1620 5320 etin
1642 5248 1896 5306 editione

231 5315 536 5388 Spirensi,
563 5315 708 5376 'tum
739 5321 914 5376 etiam
945 5322 1005 5375 in
1035 5319 1258 5375 Veneta
1285 5317 1486 5388 veteri,
1516 5323 1575 5374 et
1603 5319 1663 5376 in
1690 5321 1894 5377 Manu-

227 5387 447 5464 tiana._
472 5389 563 5445 Sic
588 5393 763 5464 apud
813 5395 1083 5464 sanctum
1141 5387 1504 5462 Gregorium,
1537 5390 1638 5447 lib.
1675 5410 1774 5460 vn,
1808 5394 1892 5448 in-

228 5459 389 5534 dici:
420 5460 477 5525 2,
509 5459 676 5533 epist.
714 5463 834 5530 148,
867 5469 925 5520 et
955 5463 1055 5518 lib.
1089 5479 1166 5532 Ix,
1200 5459 1371 5534 epist.
1407 5463 1492 5529 10,
1528 5479 1593 5517 ac
1629 5465 1895 5520 fortassis

227 5529 386 5656 allibi
435 5529 722 5605 scriptum
771 5541 862 5592 est
914 5535 974 5592 in
1025 5529 1613 5591 codi'ce'Floriacensi
1647 5537 1764 5592 illic
1793 5554 1895 5608 pro

227 5619 246 5656 ι
310 5618 401 5656 :w.

225 5618 401 5658 tum.

308 5674 430 5745 (96')
465 5677 668 5732 Faclio.
721 5678 952 5735 Scilicet
999 5678 1256 5734 secunda
1311 5677 1608 5732 Novatiani
1662 5678 1889 5755 legatio,

2051 3676 2234 3732 rimus
2267 3680 2324 3732 et
2358 3675 2667 3747 Dionysius
2697 3690 2710 3731 :
2743 3678 2805 3728 ut
2826 3675 2894 3747 in;
2912 3674 3158 3746 epistola
3178 3675 3445 3747 sequenti
3466 3674 3658 3732 decla-

2006 3753 2188 3817 ratur,
2223 3763 2352 3822 cum
2376 3745 2635 3822 primam
2663 3745 3065 3819 suscepissent
3095 3745 3409 3816 Maximus,
3443 3747 3653 3822 Longi-

2005 3837 2117 3874 nus
2149 3825 2208 3874 et
2247 3819 2556 3874 Machaus.

2075 3892 2187 3963 (97)
2217 3891 2288 3945 De
2315 3892 2576 3961 episcopo.
2611 3889 2730 3963 Hoc
2757 3895 2845 3945 est
2871 3890 2962 3963 (de
3005 3889 3320 3963 episcopali
3361 3889 3648 3963 dignitate

2005 3963 2086 4017 ita
2115 3960 2429 4032 dejectum,
2463 3967 2527 4016 ut
2557 3977 2661 4016 nec
2693 3961 2750 4016 in
2782 3962 2983 4018 eadem
3029 3960 3273 4017 ecclesia
3321 3960 3454 4032 cum
3503 3960 3651 4017 laica

2005 4031 2418 4088 communione
2451 4039 2835 4105 permaneret,
2884 4038 3082 4105 utpote
3127 4033 3260 4103 ﬁdei
3304 4031 3646 4105 naufragum

2001 4107 2233 4174 factum.

2077 4177 2188 4248 (98)
2221 4177 2359 4230 Illic.
2397 4175 2456 4229 ld
2488 4179 2576 4230 est
2607 4173 2664 4228 in
2697 4175 2903 4230 Africa.
2923 4171 3309 4248 _Quare__falsa
3339 4176 3428 4228 est
3468 4172 3644 4248 iectio

2007 4243 2131 4320 qua
2166 4243 2340 4320 habet
2365 4247 2542 4320 illinc,
2574 4245 3076 4320 tanquamisi_vox
3100 4243 3206 4320 illa
3227 4245 3526 4320 referenda
3554 4261 3645 4300 es-

2006 4315 2095 4374 set
2125 4319 2194 4375 ad
2229 4319 2431 4374 urbem
2466 4315 2732 4384 Remam,
2766 4317 2920 4372 unde
2949 4316 3246 4372 Evaristus
3267 4321 3325 4370 et
3351 4315 3646 4372 Nicostra-

2006 4396 2104 4446 tus
2135 4389 2422 4462 fugissent
2448 4389 2506 4443 in
2539 4388 3003 4462 Africam.Qucd
3035 4388 3178 4443 satis
3199 4386 3484 4462 evincitur
3502 4389 3646 4446 dum

2007 4459 2284 4518 scribit‘ur
2336 4460 2468 4516 illos
2513 4461 2586 4515 ab
2634 4459 3046 4528 urbe'fugisse,
3077 4463 3139 4513 ut
3168 4461 3500 4515 necessaria
3527 4476 3645 4516 non

2008 4534 2084 4588 sit
2113 4551 2218 4588 vox
2249 4531 2433 4588 illinc.
2469 4535 2670 4603 Itaque
2701 4548 2808 4587 vox
2833 4529 2950 4603 illic
2981 4529 3249 4596 refertur,
3285 4535 3352 4586 ut
3399 4530 3538 4598 dixi,
3571 4531 3644 4588 ad

2005 4605 2280 4659 Africam.
2326 4602 2671 4675 Quanquam
2704 4602 3002 4675 fatendum
3037 4608 3126 4675 est
3157 4603 3422 4675 quadam
3453 4608 3647 4660 vetera

2008 4675 2362 4748 exemplaria
2421 4674 2686 4748 praferre
2741 4674 2922 4748 illinc.
2973 4674 3082 4730 Sed
3135 4674 3324 4748 major
3369 4691 3644 4731 numerus

2007 4745 2193 4803 habet
2229 4745 2437 4801 aliam’
2457 4746 2782 4817 lectionem.
2815 4745 2962 4802 Vide
2991 4762 3118 4817 qua
3149 4745 3450 4803 ad’vocem
3481 4749 3647 4804 istinc

2007 4818 2262 4874 diximus
2292 4817 2360 4873 ad
2380 4816 2704 4890 (epistolam
2735 4819 2824 4885 41,
2859 4834 2988 4890 pag.
3009 4816 3145 4874 7430.

2077 4890 2192 4960 (99)
2225 4890 2286 4943 Et
2315 4888 2613 4945 adhaerebit
2642 4892 2808 4945 uxori
2833 4888 2964 4945 suae:
3000 4891 3117 4947 Hoc
3147 4892 3513 4960 segmentum
3539 4905 3646 4944 nos

2007 4959 2371 5027 addidimus,
2405 4978 2515 5016 non
2547 4961 2736 5016 solum
2788 4961 2924 5032 quia
2971 4959 3238 5018 habetur
3277 4961 3333 5032 in
3364 4959 3646 5032 (Epistola

2009 5032 2168 5106 Pauli
2201 5033 2271 5088 ad
2295 5032 2597 5106 Ephesios,
2628 5049 2695 5106 ex
2727 5029 2851 5106 qua
2873 5035 3265 5106 sumptusest
3318 5029 3412 5106 hic
3433 5029 3643 5098 ‘locus,

2005 5105 2104 5178 sed
2139 5105 2197 5178 in
2229 5102 2437 5178 primis
2468 5103 2605 5175 quia
2632 5102 3164 5178 itascriptum‘vidi
3195 5102 3252 5156 in
3272 5105 3523 5178 quatuor
3542 5117 3643 5178 an-

2002 5176 2183 5248 tiquis
2215 5173 2516 5248 codicibus
2545 5177 2690 5248 etin
2721 5173 3072 5234 libro'Flori.
3106 5176 3327 5229 Desunt
3355 5175 3552 5228 tamen
3583 5173 3645 5228 in

2003 5249 2194 5306 tribus
2225 5247 2486 5320 antiquis
2516 5247 2834 5303 codicibus.

2005 5313 2416 5447 c’(1.)lChristi
2460 5321 2685 5390 pariter.
2745 5319 2992 5384 Quidam
3050 5317 3279 5374 codices
3333 5313 3648 5387 praferunt

2062 5408 2162 5447 ms
2189 5408 2306 5446 um.

2062 5393 2281 5447 irislum
2297 5433 2306 5446 .

2073 5463 2150 5534 (2)
2183 5461 2618 5534 Ηοεείεςμιμιόειίεἱ
2672 5461 2784 5515 [sta
2808 5478 2946 5534 non
2979 5461 3272 5534 habentur
3295 5457 3355 5516 in
3398 5460 3650 5534 quatuor

2003 5530 2168 5590 libris
2198 5530 2488 5588 veteribus
2520 5535 2576 5586 et
2606 5530 2664 5604 in
2701 5531 2958 5604 antiquis
2991 5531 3367 5587 editionibue.
3406 5531 3649 5593 Exstant

2001 5611 2197 5662 tamen
2232 5605 2288 5660 in
2323 5604 2521 5658 decem
2553 5603 2859 5660 codicibus
2887 5604 3165 5678 antiquis.
