  <div class='ocr_page' id='page_1' title='image "/cluster/home/n/w/nwhite01/storage/ocr_20150623/3/hvd.32044073549586/431.png"; bbox 0 0 4102 6172; ppageno 0'>
   <div class='ocr_carea' id='block_1_1' title="bbox 474 303 591 368">
    <p class='ocr_par' dir='ltr' id='par_1_1' title="bbox 474 303 591 368">
     <span class='ocr_line' id='line_1_1' title="bbox 474 303 591 368; baseline 0.034 -3"><span class='ocrx_word' id='word_1_1' title='bbox 474 303 591 368; x_wconf 79' lang='lat'><strong>755</strong></span> 
     </span>
    </p>
   </div>
   <div class='ocr_carea' id='block_1_2' title="bbox 1803 306 2559 369">
    <p class='ocr_par' dir='ltr' id='par_1_2' title="bbox 1803 306 2559 369">
     <span class='ocr_line' id='line_1_2' title="bbox 1803 306 2559 369; baseline -0.004 0"><span class='ocrx_word' id='word_1_2' title='bbox 1803 307 1869 369; x_wconf 74' lang='lat'><strong>5.</strong></span> <span class='ocrx_word' id='word_1_3' title='bbox 1915 307 2283 369; x_wconf 73' lang='lat' dir='ltr'><strong>CORNELII</strong></span> <span class='ocrx_word' id='word_1_4' title='bbox 2325 306 2559 367; x_wconf 74' lang='grc' dir='ltr'><strong>ΡΛΡιΕ</strong></span> 
     </span>
    </p>
   </div>
   <div class='ocr_carea' id='block_1_3' title="bbox 3707 315 3804 391">
    <p class='ocr_par' dir='ltr' id='par_1_3' title="bbox 3707 315 3804 391">
     <span class='ocr_line' id='line_1_3' title="bbox 3707 315 3804 391; baseline -0.072 0"><span class='ocrx_word' id='word_1_5' title='bbox 3707 315 3804 391; x_wconf 67' lang='lat' dir='ltr'><strong>ne</strong></span> 
     </span>
    </p>
   </div>
   <div class='ocr_carea' id='block_1_4' title="bbox 471 437 3800 512">
    <p class='ocr_par' dir='ltr' id='par_1_4' title="bbox 471 437 3800 512">
     <span class='ocr_line' id='line_1_4' title="bbox 471 437 3800 512; baseline 0.003 -18"><span class='ocrx_word' id='word_1_6' title='bbox 471 441 833 511; x_wconf 86' lang='lat' dir='ltr'><strong>protegatur,</strong></span> <span class='ocrx_word' id='word_1_7' title='bbox 865 441 932 494; x_wconf 90' lang='lat' dir='ltr'><strong>ut</strong></span> <span class='ocrx_word' id='word_1_8' title='bbox 970 438 1166 494; x_wconf 86' lang='lat' dir='ltr'><strong>unitas</strong></span> <span class='ocrx_word' id='word_1_9' title='bbox 1205 439 1332 507; x_wconf 85' lang='lat' dir='ltr'><strong>ejus</strong></span> <span class='ocrx_word' id='word_1_10' title='bbox 1361 443 1418 494; x_wconf 90' lang='lat' dir='ltr'><strong>et</strong></span> <span class='ocrx_word' id='word_1_11' title='bbox 1446 440 1726 496; x_wconf 79' lang='lat' dir='ltr'><strong>sanctitas</strong></span> <span class='ocrx_word' id='word_1_12' title='bbox 1784 458 1900 497; x_wconf 89' lang='lat' dir='ltr'><strong>non</strong></span> <span class='ocrx_word' id='word_1_13' title='bbox 1931 443 1976 476; x_wconf 71' lang='lat'><strong>93</strong></span> <span class='ocrx_word' id='word_1_14' title='bbox 2023 442 2117 510; x_wconf 88' lang='lat' dir='ltr'><strong>ju-</strong></span> <span class='ocrx_word' id='word_1_15' title='bbox 2149 445 2201 512; x_wconf 77' lang='grc' dir='ltr'>Α</span> <span class='ocrx_word' id='word_1_16' title='bbox 2229 439 2499 496; x_wconf 89' lang='lat' dir='ltr'><strong>sensibus</strong></span> <span class='ocrx_word' id='word_1_17' title='bbox 2531 440 2840 496; x_wconf 70' lang='lat' dir='ltr'><strong>mstimare.</strong></span> <span class='ocrx_word' id='word_1_18' title='bbox 2873 439 3018 496; x_wconf 87' lang='lat' dir='ltr'><strong>Nam</strong></span> <span class='ocrx_word' id='word_1_19' title='bbox 3042 455 3176 496; x_wconf 91' lang='lat' dir='ltr'><strong>cum</strong></span> <span class='ocrx_word' id='word_1_20' title='bbox 3206 437 3335 496; x_wconf 90' lang='lat' dir='ltr'><strong>istic</strong></span> <span class='ocrx_word' id='word_1_21' title='bbox 3362 443 3428 499; x_wconf 92' lang='lat' dir='ltr'><strong>ad</strong></span> <span class='ocrx_word' id='word_1_22' title='bbox 3479 443 3676 505; x_wconf 86' lang='lat' dir='ltr'><strong>litteras</strong></span> <span class='ocrx_word' id='word_1_23' title='bbox 3723 469 3800 509; x_wconf 68' lang='lat' dir='ltr'><strong>ve.</strong></span> 
     </span>
    </p>
   </div>
   <div class='ocr_carea' id='block_1_5' title="bbox 473 526 2122 604">
    <p class='ocr_par' dir='ltr' id='par_1_5' title="bbox 473 526 2122 604">
     <span class='ocr_line' id='line_1_5' title="bbox 473 526 2122 604; baseline 0.002 -23"><span class='ocrx_word' id='word_1_24' title='bbox 473 526 625 604; x_wconf 79' lang='lat' dir='ltr'><strong>giter</strong></span> <span class='ocrx_word' id='word_1_25' title='bbox 671 526 807 598; x_wconf 71' lang='lat'><strong>(14),</strong></span> <span class='ocrx_word' id='word_1_26' title='bbox 860 543 964 582; x_wconf 91' lang='lat' dir='ltr'><strong>nec</strong></span> <span class='ocrx_word' id='word_1_27' title='bbox 1007 527 1066 582; x_wconf 92' lang='lat' dir='ltr'><strong>in</strong></span> <span class='ocrx_word' id='word_1_28' title='bbox 1098 532 1284 582; x_wconf 89' lang='lat' dir='ltr'><strong>totum</strong></span> <span class='ocrx_word' id='word_1_29' title='bbox 1317 529 1570 598; x_wconf 73' lang='lat' dir='ltr'><strong>perfidiae</strong></span> <span class='ocrx_word' id='word_1_30' title='bbox 1600 533 1657 585; x_wconf 89' lang='lat' dir='ltr'><strong>et</strong></span> <span class='ocrx_word' id='word_1_31' title='bbox 1687 530 1968 586; x_wconf 64' lang='lat' dir='ltr'><strong>haeretica:</strong></span> <span class='ocrx_word' id='word_1_32' title='bbox 1996 547 2122 601; x_wconf 77' lang='lat' dir='ltr'><strong>pra~</strong></span> 
     </span>
    </p>
   </div>
   <div class='ocr_carea' id='block_1_6' title="bbox 471 615 2120 691">
    <p class='ocr_par' dir='ltr' id='par_1_6' title="bbox 471 615 2120 691">
     <span class='ocr_line' id='line_1_6' title="bbox 471 615 2120 691; baseline 0.002 -20"><span class='ocrx_word' id='word_1_33' title='bbox 471 615 672 672; x_wconf 88' lang='lat' dir='ltr'><strong>vitatis</strong></span> <span class='ocrx_word' id='word_1_34' title='bbox 728 616 1122 672; x_wconf 78' lang='lat' dir='ltr'><strong>obstinatione</strong></span> <span class='ocrx_word' id='word_1_35' title='bbox 1151 616 1387 672; x_wconf 78' lang='lat' dir='ltr'><strong>vitietur</strong></span> <span class='ocrx_word' id='word_1_36' title='bbox 1415 619 1459 652; x_wconf 72' lang='lat'><strong>9‘</strong></span> <span class='ocrx_word' id='word_1_37' title='bbox 1508 619 1636 688; x_wconf 88' lang='grc'><strong>(15).</strong></span> <span class='ocrx_word' id='word_1_38' title='bbox 1673 620 1936 691; x_wconf 82' lang='lat' dir='ltr'><strong>Legimus</strong></span> <span class='ocrx_word' id='word_1_39' title='bbox 1965 618 2120 674; x_wconf 91' lang='lat' dir='ltr'><strong>enim</strong></span> 
     </span>
    </p>
   </div>
   <div class='ocr_carea' id='block_1_7' title="bbox 475 702 2121 779">
    <p class='ocr_par' dir='ltr' id='par_1_7' title="bbox 475 702 2121 779">
     <span class='ocr_line' id='line_1_7' title="bbox 475 702 2121 779; baseline 0.003 -21"><span class='ocrx_word' id='word_1_40' title='bbox 475 702 703 760; x_wconf 80' lang='lat' dir='ltr'><strong>litteras</strong></span> <span class='ocrx_word' id='word_1_41' title='bbox 718 710 1028 770; x_wconf 89' lang='lat' dir='ltr'><strong>vestras,et</strong></span> <span class='ocrx_word' id='word_1_42' title='bbox 1043 704 1159 760; x_wconf 87' lang='lat' dir='ltr'><strong>voti</strong></span> <span class='ocrx_word' id='word_1_43' title='bbox 1177 706 1508 761; x_wconf 88' lang='lat' dir='ltr'><strong>communis</strong></span> <span class='ocrx_word' id='word_1_44' title='bbox 1535 723 1627 762; x_wconf 89' lang='lat' dir='ltr'><strong>am</strong></span> <span class='ocrx_word' id='word_1_45' title='bbox 1637 706 1968 779; x_wconf 88' lang='lat' dir='ltr'><strong>pliesimum</strong></span> <span class='ocrx_word' id='word_1_46' title='bbox 1983 724 2121 778; x_wconf 88' lang='lat' dir='ltr'><strong>gau-</strong></span> 
     </span>
    </p>
   </div>
   <div class='ocr_carea' id='block_1_8' title="bbox 471 793 2118 868">
    <p class='ocr_par' dir='ltr' id='par_1_8' title="bbox 471 793 2118 868">
     <span class='ocr_line' id='line_1_8' title="bbox 471 793 2118 868; baseline 0.001 -19"><span class='ocrx_word' id='word_1_47' title='bbox 471 793 636 849; x_wconf 87' lang='lat' dir='ltr'><strong>dium</strong></span> <span class='ocrx_word' id='word_1_48' title='bbox 649 793 1698 866; x_wconf 82' lang='lat' dir='ltr'><strong>exsultanterexcepimus,Maximum</strong></span> <span class='ocrx_word' id='word_1_49' title='bbox 1717 798 2118 868; x_wconf 80' lang='lat' dir='ltr'><strong>presbyterum</strong></span> 
     </span>
    </p>
   </div>
   <div class='ocr_carea' id='block_1_9' title="bbox 470 881 2117 940">
    <p class='ocr_par' dir='ltr' id='par_1_9' title="bbox 470 881 2117 940">
     <span class='ocr_line' id='line_1_9' title="bbox 470 881 2117 940; baseline 0.001 -2"><span class='ocrx_word' id='word_1_50' title='bbox 470 887 529 939; x_wconf 89' lang='lat' dir='ltr'><strong>et</strong></span> <span class='ocrx_word' id='word_1_51' title='bbox 553 881 852 938; x_wconf 84' lang='lat' dir='ltr'><strong>Urbanum</strong></span> <span class='ocrx_word' id='word_1_52' title='bbox 876 883 1238 938; x_wconf 85' lang='lat' dir='ltr'><strong>confessores</strong></span> <span class='ocrx_word' id='word_1_53' title='bbox 1261 899 1392 937; x_wconf 93' lang='lat' dir='ltr'><strong>cum</strong></span> <span class='ocrx_word' id='word_1_54' title='bbox 1417 883 1656 939; x_wconf 88' lang='lat' dir='ltr'><strong>Sidonio</strong></span> <span class='ocrx_word' id='word_1_55' title='bbox 1680 889 1735 939; x_wconf 92' lang='lat' dir='ltr'><strong>et</strong></span> <span class='ocrx_word' id='word_1_56' title='bbox 1765 884 2015 939; x_wconf 81' lang='lat' dir='ltr'><strong>Macario</strong></span> <span class='ocrx_word' id='word_1_57' title='bbox 2047 885 2117 940; x_wconf 90' lang='lat' dir='ltr'><strong>ad</strong></span> 
     </span>
    </p>
   </div>
   <div class='ocr_carea' id='block_1_10' title="bbox 471 970 2119 1044">
    <p class='ocr_par' dir='ltr' id='par_1_10' title="bbox 471 970 2119 1044">
     <span class='ocr_line' id='line_1_10' title="bbox 471 970 2119 1044; baseline 0.001 -17"><span class='ocrx_word' id='word_1_58' title='bbox 471 970 792 1028; x_wconf 85' lang='lat' dir='ltr'><strong>Ecclesiam</strong></span> <span class='ocrx_word' id='word_1_59' title='bbox 823 971 1177 1026; x_wconf 77' lang='lat' dir='ltr'><strong>Catholicam</strong></span> <span class='ocrx_word' id='word_1_60' title='bbox 1212 987 1510 1044; x_wconf 90' lang='lat' dir='ltr'><strong>regressos</strong></span> <span class='ocrx_word' id='word_1_61' title='bbox 1539 989 1687 1040; x_wconf 88' lang='lat' dir='ltr'><strong>esse,</strong></span> <span class='ocrx_word' id='word_1_62' title='bbox 1721 973 1778 1026; x_wconf 93' lang='lat' dir='ltr'><strong>id</strong></span> <span class='ocrx_word' id='word_1_63' title='bbox 1811 978 1898 1027; x_wconf 89' lang='lat' dir='ltr'><strong>est</strong></span> <span class='ocrx_word' id='word_1_64' title='bbox 1927 989 2119 1028; x_wconf 89' lang='lat' dir='ltr'><strong>errore</strong></span> 
     </span>
    </p>
   </div>
   <div class='ocr_carea' id='block_1_11' title="bbox 474 1059 2117 1131">
    <p class='ocr_par' dir='ltr' id='par_1_11' title="bbox 474 1059 2117 1131">
     <span class='ocr_line' id='line_1_11' title="bbox 474 1059 2117 1131; baseline 0.002 -17"><span class='ocrx_word' id='word_1_65' title='bbox 474 1059 761 1131; x_wconf 89' lang='lat' dir='ltr'><strong>deposito,</strong></span> <span class='ocrx_word' id='word_1_66' title='bbox 810 1064 868 1114; x_wconf 87' lang='lat' dir='ltr'><strong>et</strong></span> <span class='ocrx_word' id='word_1_67' title='bbox 912 1059 1307 1129; x_wconf 87' lang='lat' dir='ltr'><strong>schismatico,</strong></span> <span class='ocrx_word' id='word_1_68' title='bbox 1341 1060 1460 1115; x_wconf 91' lang='lat' dir='ltr'><strong>imo</strong></span> <span class='ocrx_word' id='word_1_69' title='bbox 1491 1060 1758 1116; x_wconf 87' lang='lat' dir='ltr'><strong>haeretico</strong></span> <span class='ocrx_word' id='word_1_70' title='bbox 1799 1061 1990 1116; x_wconf 86' lang='lat' dir='ltr'><strong>furore</strong></span> <span class='ocrx_word' id='word_1_71' title='bbox 2021 1063 2117 1118; x_wconf 79' lang='lat' dir='ltr'><strong>de-</strong></span> 
     </span>
    </p>
   </div>
   <div class='ocr_carea' id='block_1_12' title="bbox 475 1148 2118 1213">
    <p class='ocr_par' dir='ltr' id='par_1_12' title="bbox 475 1148 2118 1213">
     <span class='ocr_line' id='line_1_12' title="bbox 475 1148 2118 1213; baseline -0.001 -9"><span class='ocrx_word' id='word_1_72' title='bbox 475 1152 656 1213; x_wconf 90' lang='lat' dir='ltr'><strong>serto,</strong></span> <span class='ocrx_word' id='word_1_73' title='bbox 707 1148 952 1204; x_wconf 90' lang='lat' dir='ltr'><strong>unitatis</strong></span> <span class='ocrx_word' id='word_1_74' title='bbox 981 1165 1048 1204; x_wconf 90' lang='lat' dir='ltr'><strong>ac</strong></span> <span class='ocrx_word' id='word_1_75' title='bbox 1069 1149 1329 1204; x_wconf 78' lang='lat' dir='ltr'><strong>veritatis</strong></span> <span class='ocrx_word' id='word_1_76' title='bbox 1371 1149 1732 1205; x_wconf 86' lang='lat' dir='ltr'><strong>domicilium</strong></span> <span class='ocrx_word' id='word_1_77' title='bbox 1776 1150 1931 1204; x_wconf 84' lang='lat' dir='ltr'><strong>fideli</strong></span> <span class='ocrx_word' id='word_1_78' title='bbox 1962 1150 2118 1206; x_wconf 90' lang='lat' dir='ltr'><strong>sani-</strong></span> 
     </span>
    </p>
   </div>
   <div class='ocr_carea' id='block_1_13' title="bbox 474 1237 2116 1310">
    <p class='ocr_par' dir='ltr' id='par_1_13' title="bbox 474 1237 2116 1310">
     <span class='ocr_line' id='line_1_13' title="bbox 474 1237 2116 1310; baseline 0.001 -18"><span class='ocrx_word' id='word_1_79' title='bbox 474 1241 595 1293; x_wconf 84' lang='lat' dir='ltr'><strong>tate</strong></span> <span class='ocrx_word' id='word_1_80' title='bbox 627 1239 741 1309; x_wconf 87' lang='lat'><strong>(16)</strong></span> <span class='ocrx_word' id='word_1_81' title='bbox 771 1238 1091 1310; x_wconf 84' lang='lat' dir='ltr'><strong>repetisse;</strong></span> <span class='ocrx_word' id='word_1_82' title='bbox 1130 1241 1190 1291; x_wconf 87' lang='lat' dir='ltr'><strong>ut</strong></span> <span class='ocrx_word' id='word_1_83' title='bbox 1223 1237 1375 1292; x_wconf 81' lang='lat' dir='ltr'><strong>unde</strong></span> <span class='ocrx_word' id='word_1_84' title='bbox 1403 1238 1473 1292; x_wconf 85' lang='lat' dir='ltr'><strong>ad</strong></span> <span class='ocrx_word' id='word_1_85' title='bbox 1514 1237 1762 1303; x_wconf 77' lang='lat' dir='ltr'><strong>gloriam</strong></span> <span class='ocrx_word' id='word_1_86' title='bbox 1810 1242 1923 1304; x_wconf 83' lang='lat'><strong>(17)</strong></span> <span class='ocrx_word' id='word_1_87' title='bbox 1981 1255 2116 1309; x_wconf 86' lang='lat' dir='ltr'><strong>pro-</strong></span> 
     </span>
    </p>
   </div>
   <div class='ocr_carea' id='block_1_14' title="bbox 466 1325 2115 1398">
    <p class='ocr_par' dir='ltr' id='par_1_14' title="bbox 466 1325 2115 1398">
     <span class='ocr_line' id='line_1_14' title="bbox 466 1325 2115 1398; baseline 0.001 -18"><span class='ocrx_word' id='word_1_88' title='bbox 466 1331 785 1395; x_wconf 83' lang='lat' dir='ltr'><strong>cesserant,</strong></span> <span class='ocrx_word' id='word_1_89' title='bbox 820 1325 957 1380; x_wconf 91' lang='lat' dir='ltr'><strong>illuc</strong></span> <span class='ocrx_word' id='word_1_90' title='bbox 987 1326 1224 1396; x_wconf 80' lang='lat' dir='ltr'><strong>gloriosi</strong></span> <span class='ocrx_word' id='word_1_91' title='bbox 1257 1327 1550 1393; x_wconf 83' lang='lat' dir='ltr'><strong>redirent;</strong></span> <span class='ocrx_word' id='word_1_92' title='bbox 1585 1344 1654 1382; x_wconf 89' lang='lat' dir='ltr'><strong>ne</strong></span> <span class='ocrx_word' id='word_1_93' title='bbox 1685 1328 1784 1398; x_wconf 88' lang='lat' dir='ltr'><strong>qui</strong></span> <span class='ocrx_word' id='word_1_94' title='bbox 1817 1328 2115 1383; x_wconf 86' lang='lat' dir='ltr'><strong>Christum</strong></span> 
     </span>
    </p>
   </div>
   <div class='ocr_carea' id='block_1_15' title="bbox 470 1414 2116 1485">
    <p class='ocr_par' dir='ltr' id='par_1_15' title="bbox 470 1414 2116 1485">
     <span class='ocr_line' id='line_1_15' title="bbox 470 1414 2116 1485; baseline 0.001 -15"><span class='ocrx_word' id='word_1_95' title='bbox 470 1414 722 1471; x_wconf 80' lang='lat' dir='ltr'><strong>confessi</strong></span> <span class='ocrx_word' id='word_1_96' title='bbox 753 1419 969 1479; x_wconf 89' lang='lat' dir='ltr'><strong>essent,</strong></span> <span class='ocrx_word' id='word_1_97' title='bbox 1001 1415 1216 1470; x_wconf 86' lang='lat' dir='ltr'><strong>Christi</strong></span> <span class='ocrx_word' id='word_1_98' title='bbox 1253 1417 1626 1485; x_wconf 86' lang='lat' dir='ltr'><strong>postmodum</strong></span> <span class='ocrx_word' id='word_1_99' title='bbox 1654 1421 1847 1472; x_wconf 89' lang='lat' dir='ltr'><strong>castra</strong></span> <span class='ocrx_word' id='word_1_100' title='bbox 1889 1418 2116 1472; x_wconf 89' lang='lat' dir='ltr'><strong>desere-</strong></span> 
     </span>
    </p>
   </div>
   <div class='ocr_carea' id='block_1_16' title="bbox 470 1504 2119 1576">
    <p class='ocr_par' dir='ltr' id='par_1_16' title="bbox 470 1504 2119 1576">
     <span class='ocr_line' id='line_1_16' title="bbox 470 1504 2119 1576; baseline 0.001 -17"><span class='ocrx_word' id='word_1_101' title='bbox 470 1509 619 1573; x_wconf 88' lang='lat' dir='ltr'><strong>rent,</strong></span> <span class='ocrx_word' id='word_1_102' title='bbox 667 1520 773 1559; x_wconf 92' lang='lat' dir='ltr'><strong>nec</strong></span> <span class='ocrx_word' id='word_1_103' title='bbox 822 1508 1116 1559; x_wconf 81' lang='lat' dir='ltr'><strong>tentarent</strong></span> <span class='ocrx_word' id='word_1_104' title='bbox 1163 1504 1277 1575; x_wconf 91' lang='lat'><strong>(18)</strong></span> <span class='ocrx_word' id='word_1_105' title='bbox 1308 1504 1615 1560; x_wconf 88' lang='lat' dir='ltr'><strong>charitatis</strong></span> <span class='ocrx_word' id='word_1_106' title='bbox 1646 1507 1755 1576; x_wconf 84' lang='lat'><strong>(19)</strong></span> <span class='ocrx_word' id='word_1_107' title='bbox 1787 1511 1962 1576; x_wconf 87' lang='lat' dir='ltr'><strong>atque</strong></span> <span class='ocrx_word' id='word_1_108' title='bbox 1992 1505 2119 1560; x_wconf 84' lang='lat' dir='ltr'><strong>uni-</strong></span> 
     </span>
    </p>
   </div>
   <div class='ocr_carea' id='block_1_17' title="bbox 468 1590 2114 1664">
    <p class='ocr_par' dir='ltr' id='par_1_17' title="bbox 468 1590 2114 1664">
     <span class='ocr_line' id='line_1_17' title="bbox 468 1590 2114 1664; baseline 0.001 -16"><span class='ocrx_word' id='word_1_109' title='bbox 468 1593 607 1649; x_wconf 88' lang='lat' dir='ltr'><strong>tatis</strong></span> <span class='ocrx_word' id='word_1_110' title='bbox 640 1593 833 1655; x_wconf 87' lang='lat' dir='ltr'><strong>tidem,</strong></span> <span class='ocrx_word' id='word_1_111' title='bbox 867 1592 966 1664; x_wconf 90' lang='lat' dir='ltr'><strong>qui</strong></span> <span class='ocrx_word' id='word_1_112' title='bbox 999 1590 1133 1646; x_wconf 87' lang='lat' dir='ltr'><strong>victi</strong></span> <span class='ocrx_word' id='word_1_113' title='bbox 1165 1593 1370 1648; x_wconf 87' lang='lat' dir='ltr'><strong>robore</strong></span> <span class='ocrx_word' id='word_1_114' title='bbox 1401 1597 1458 1648; x_wconf 91' lang='lat' dir='ltr'><strong>et</strong></span> <span class='ocrx_word' id='word_1_115' title='bbox 1485 1593 1698 1649; x_wconf 87' lang='lat' dir='ltr'><strong>virtute</strong></span> <span class='ocrx_word' id='word_1_116' title='bbox 1725 1610 1841 1649; x_wconf 89' lang='lat' dir='ltr'><strong>non</strong></span> <span class='ocrx_word' id='word_1_117' title='bbox 1864 1595 2114 1662; x_wconf 84' lang='lat' dir='ltr'><strong>fuerant,</strong></span> 
     </span>
    </p>
   </div>
   <div class='ocr_carea' id='block_1_18' title="bbox 469 1680 2115 1755">
    <p class='ocr_par' dir='ltr' id='par_1_18' title="bbox 469 1680 2115 1755">
     <span class='ocr_line' id='line_1_18' title="bbox 469 1680 2115 1755; baseline 0.001 -18"><span class='ocrx_word' id='word_1_118' title='bbox 469 1683 614 1737; x_wconf 88' lang='lat' dir='ltr'><strong>Ecce</strong></span> <span class='ocrx_word' id='word_1_119' title='bbox 631 1680 944 1736; x_wconf 88' lang='lat' dir='ltr'><strong>incolumis</strong></span> <span class='ocrx_word' id='word_1_120' title='bbox 964 1685 1020 1736; x_wconf 88' lang='lat' dir='ltr'><strong>et</strong></span> <span class='ocrx_word' id='word_1_121' title='bbox 1041 1680 1419 1738; x_wconf 89' lang='lat' dir='ltr'><strong>immaculata</strong></span> <span class='ocrx_word' id='word_1_122' title='bbox 1434 1680 1626 1738; x_wconf 87' lang='lat' dir='ltr'><strong>laudis</strong></span> <span class='ocrx_word' id='word_1_123' title='bbox 1654 1683 2115 1755; x_wconf 88' lang='lat' dir='ltr'><strong>integritas,ecce</strong></span> 
     </span>
    </p>
   </div>
   <div class='ocr_carea' id='block_1_19' title="bbox 470 1769 2114 1843">
    <p class='ocr_par' dir='ltr' id='par_1_19' title="bbox 470 1769 2114 1843">
     <span class='ocr_line' id='line_1_19' title="bbox 470 1769 2114 1843; baseline 0.002 -19"><span class='ocrx_word' id='word_1_124' title='bbox 470 1771 814 1842; x_wconf 86' lang='lat' dir='ltr'><strong>incorrupta</strong></span> <span class='ocrx_word' id='word_1_125' title='bbox 841 1774 900 1825; x_wconf 89' lang='lat' dir='ltr'><strong>et</strong></span> <span class='ocrx_word' id='word_1_126' title='bbox 930 1769 1118 1825; x_wconf 89' lang='lat' dir='ltr'><strong>solida</strong></span> <span class='ocrx_word' id='word_1_127' title='bbox 1145 1770 1548 1825; x_wconf 78' lang='lat' dir='ltr'><strong>confitentium</strong></span> <span class='ocrx_word' id='word_1_128' title='bbox 1581 1771 1900 1843; x_wconf 90' lang='lat' dir='ltr'><strong>dignitas,a</strong></span> <span class='ocrx_word' id='word_1_129' title='bbox 1925 1775 2114 1828; x_wconf 89' lang='lat' dir='ltr'><strong>deser—</strong></span> 
     </span>
    </p>
   </div>
   <div class='ocr_carea' id='block_1_20' title="bbox 473 1857 2119 1930">
    <p class='ocr_par' dir='ltr' id='par_1_20' title="bbox 473 1857 2119 1930">
     <span class='ocr_line' id='line_1_20' title="bbox 473 1857 2119 1930; baseline 0.001 -16"><span class='ocrx_word' id='word_1_130' title='bbox 473 1857 702 1914; x_wconf 86' lang='lat' dir='ltr'><strong>toribus</strong></span> <span class='ocrx_word' id='word_1_131' title='bbox 750 1863 810 1913; x_wconf 88' lang='lat' dir='ltr'><strong>et</strong></span> <span class='ocrx_word' id='word_1_132' title='bbox 851 1858 1114 1930; x_wconf 89' lang='lat' dir='ltr'><strong>profugis</strong></span> <span class='ocrx_word' id='word_1_133' title='bbox 1162 1859 1496 1924; x_wconf 86' lang='lat' dir='ltr'><strong>recessisse,</strong></span> <span class='ocrx_word' id='word_1_134' title='bbox 1543 1860 1865 1930; x_wconf 87' lang='lat' dir='ltr'><strong>proditores</strong></span> <span class='ocrx_word' id='word_1_135' title='bbox 1898 1861 2028 1916; x_wconf 85' lang='lat' dir='ltr'><strong>ﬁdei</strong></span> <span class='ocrx_word' id='word_1_136' title='bbox 2062 1866 2119 1916; x_wconf 90' lang='lat' dir='ltr'><strong>et</strong></span> 
     </span>
    </p>
   </div>
   <div class='ocr_carea' id='block_1_21' title="bbox 471 1946 2117 2020">
    <p class='ocr_par' dir='ltr' id='par_1_21' title="bbox 471 1946 2117 2020">
     <span class='ocr_line' id='line_1_21' title="bbox 471 1946 2117 2020; baseline 0.002 -17"><span class='ocrx_word' id='word_1_137' title='bbox 471 1946 741 2003; x_wconf 62' lang='lat' dir='ltr'><strong>Ecclesia</strong></span> <span class='ocrx_word' id='word_1_138' title='bbox 761 1947 1065 2002; x_wconf 65' lang='lat' dir='ltr'><strong>Catholica</strong></span> <span class='ocrx_word' id='word_1_139' title='bbox 1085 1948 1526 2019; x_wconf 83' lang='lat' dir='ltr'><strong>impugnatores</strong></span> <span class='ocrx_word' id='word_1_140' title='bbox 1555 1947 1885 2020; x_wconf 86' lang='lat' dir='ltr'><strong>reliquisse.</strong></span> <span class='ocrx_word' id='word_1_141' title='bbox 1916 1950 2117 2006; x_wconf 86' lang='lat' dir='ltr'><strong>Merito</strong></span> 
     </span>
    </p>
   </div>
   <div class='ocr_carea' id='block_1_22' title="bbox 469 2035 2119 2109">
    <p class='ocr_par' dir='ltr' id='par_1_22' title="bbox 469 2035 2119 2109">
     <span class='ocr_line' id='line_1_22' title="bbox 469 2035 2119 2109; baseline 0.001 -17"><span class='ocrx_word' id='word_1_142' title='bbox 469 2035 603 2092; x_wconf 91' lang='lat' dir='ltr'><strong>illo</strong></span> <span class='ocrx_word' id='word_1_143' title='bbox 632 2039 985 2092; x_wconf 86' lang='lat' dir='ltr'><strong>revertentes</strong></span> <span class='ocrx_word' id='word_1_144' title='bbox 1015 2051 1270 2106; x_wconf 89' lang='lat' dir='ltr'><strong>summo,</strong></span> <span class='ocrx_word' id='word_1_145' title='bbox 1303 2042 1369 2090; x_wconf 89' lang='lat' dir='ltr'><strong>ut</strong></span> <span class='ocrx_word' id='word_1_146' title='bbox 1401 2035 1678 2105; x_wconf 85' lang='lat' dir='ltr'><strong>scribitis,</strong></span> <span class='ocrx_word' id='word_1_147' title='bbox 1701 2037 1916 2109; x_wconf 89' lang='lat' dir='ltr'><strong>gaudio</strong></span> <span class='ocrx_word' id='word_1_148' title='bbox 1936 2045 1992 2094; x_wconf 84' lang='lat' dir='ltr'><strong>et</strong></span> <span class='ocrx_word' id='word_1_149' title='bbox 2011 2036 2119 2094; x_wconf 88' lang='lat' dir='ltr'><strong>cle-</strong></span> 
     </span>
    </p>
   </div>
   <div class='ocr_carea' id='block_1_23' title="bbox 472 2123 2118 2199">
    <p class='ocr_par' dir='ltr' id='par_1_23' title="bbox 472 2123 2118 2199">
     <span class='ocr_line' id='line_1_23' title="bbox 472 2123 2118 2199; baseline 0.001 -19"><span class='ocrx_word' id='word_1_150' title='bbox 472 2141 576 2181; x_wconf 88' lang='lat' dir='ltr'><strong>rus</strong></span> <span class='ocrx_word' id='word_1_151' title='bbox 603 2127 661 2180; x_wconf 88' lang='lat' dir='ltr'><strong>et</strong></span> <span class='ocrx_word' id='word_1_152' title='bbox 687 2123 852 2197; x_wconf 89' lang='lat' dir='ltr'><strong>plebs</strong></span> <span class='ocrx_word' id='word_1_153' title='bbox 885 2124 929 2160; x_wconf 77' lang='grc'><strong>⁸⁸</strong></span> <span class='ocrx_word' id='word_1_154' title='bbox 957 2129 1014 2180; x_wconf 89' lang='lat' dir='ltr'><strong>et</strong></span> <span class='ocrx_word' id='word_1_155' title='bbox 1066 2123 1400 2180; x_wconf 86' lang='lat' dir='ltr'><strong>fraternitas</strong></span> <span class='ocrx_word' id='word_1_156' title='bbox 1447 2124 1560 2197; x_wconf 88' lang='grc'><strong>(20)</strong></span> <span class='ocrx_word' id='word_1_157' title='bbox 1617 2125 1810 2182; x_wconf 90' lang='lat' dir='ltr'><strong>omnis</strong></span> <span class='ocrx_word' id='word_1_158' title='bbox 1859 2127 2118 2199; x_wconf 84' lang='lat' dir='ltr'><strong>excepit:</strong></span> 
     </span>
    </p>
   </div>
   <div class='ocr_carea' id='block_1_24' title="bbox 472 2212 2122 2286">
    <p class='ocr_par' dir='ltr' id='par_1_24' title="bbox 472 2212 2122 2286">
     <span class='ocr_line' id='line_1_24' title="bbox 472 2212 2122 2286; baseline 0.001 -18"><span class='ocrx_word' id='word_1_159' title='bbox 472 2213 751 2286; x_wconf 88' lang='lat' dir='ltr'><strong>quoniam</strong></span> <span class='ocrx_word' id='word_1_160' title='bbox 796 2212 858 2269; x_wconf 90' lang='lat' dir='ltr'><strong>in</strong></span> <span class='ocrx_word' id='word_1_161' title='bbox 907 2212 1342 2270; x_wconf 89' lang='lat' dir='ltr'><strong>confessoribus</strong></span> <span class='ocrx_word' id='word_1_162' title='bbox 1387 2212 1636 2286; x_wconf 86' lang='lat' dir='ltr'><strong>gloriam</strong></span> <span class='ocrx_word' id='word_1_163' title='bbox 1681 2230 1847 2272; x_wconf 88' lang='lat' dir='ltr'><strong>suam</strong></span> <span class='ocrx_word' id='word_1_164' title='bbox 1886 2230 2122 2271; x_wconf 88' lang='lat' dir='ltr'><strong>conser-</strong></span> 
     </span>
    </p>
   </div>
   <div class='ocr_carea' id='block_1_25' title="bbox 471 2301 2124 2372">
    <p class='ocr_par' dir='ltr' id='par_1_25' title="bbox 471 2301 2124 2372">
     <span class='ocr_line' id='line_1_25' title="bbox 471 2301 2124 2372; baseline 0.002 -13"><span class='ocrx_word' id='word_1_165' title='bbox 471 2303 770 2371; x_wconf 87' lang='lat' dir='ltr'><strong>vantibus,</strong></span> <span class='ocrx_word' id='word_1_166' title='bbox 796 2305 853 2359; x_wconf 90' lang='lat' dir='ltr'><strong>et</strong></span> <span class='ocrx_word' id='word_1_167' title='bbox 881 2303 954 2359; x_wconf 88' lang='lat' dir='ltr'><strong>ad</strong></span> <span class='ocrx_word' id='word_1_168' title='bbox 984 2301 1271 2359; x_wconf 87' lang='lat' dir='ltr'><strong>unitatem</strong></span> <span class='ocrx_word' id='word_1_169' title='bbox 1301 2303 1747 2372; x_wconf 84' lang='lat' dir='ltr'><strong>revertentibus,</strong></span> <span class='ocrx_word' id='word_1_170' title='bbox 1779 2321 1950 2361; x_wconf 91' lang='lat' dir='ltr'><strong>nemo</strong></span> <span class='ocrx_word' id='word_1_171' title='bbox 2007 2322 2124 2362; x_wconf 90' lang='lat' dir='ltr'><strong>non</strong></span> 
     </span>
    </p>
   </div>
   <div class='ocr_carea' id='block_1_26' title="bbox 473 2391 2126 2467">
    <p class='ocr_par' dir='ltr' id='par_1_26' title="bbox 473 2391 2126 2467">
     <span class='ocr_line' id='line_1_26' title="bbox 473 2391 2126 2467; baseline 0.001 -19"><span class='ocrx_word' id='word_1_172' title='bbox 473 2391 700 2448; x_wconf 89' lang='lat' dir='ltr'><strong>socium</strong></span> <span class='ocrx_word' id='word_1_173' title='bbox 732 2407 797 2448; x_wconf 89' lang='lat' dir='ltr'><strong>se</strong></span> <span class='ocrx_word' id='word_1_174' title='bbox 825 2395 884 2448; x_wconf 90' lang='lat' dir='ltr'><strong>et</strong></span> <span class='ocrx_word' id='word_1_175' title='bbox 913 2391 1259 2465; x_wconf 89' lang='lat' dir='ltr'><strong>participem</strong></span> <span class='ocrx_word' id='word_1_176' title='bbox 1305 2408 1508 2449; x_wconf 90' lang='lat' dir='ltr'><strong>eorum</strong></span> <span class='ocrx_word' id='word_1_177' title='bbox 1557 2391 1752 2466; x_wconf 64' lang='lat' dir='ltr'><strong>gloria</strong></span> <span class='ocrx_word' id='word_1_178' title='bbox 1801 2397 2126 2467; x_wconf 86' lang='lat' dir='ltr'><strong>computat.</strong></span> 
     </span>
    </p>
   </div>
   <div class='ocr_carea' id='block_1_27' title="bbox 545 2480 2128 2555">
    <p class='ocr_par' dir='ltr' id='par_1_27' title="bbox 545 2480 2128 2555">
     <span class='ocr_line' id='line_1_27' title="bbox 545 2480 2128 2555; baseline 0.001 -19"><span class='ocrx_word' id='word_1_179' title='bbox 545 2481 616 2537; x_wconf 89' lang='lat' dir='ltr'><strong>ll.</strong></span> <span class='ocrx_word' id='word_1_180' title='bbox 656 2481 847 2552; x_wconf 87' lang='lat' dir='ltr'><strong>Hujus</strong></span> <span class='ocrx_word' id='word_1_181' title='bbox 873 2480 987 2536; x_wconf 91' lang='lat' dir='ltr'><strong>diei</strong></span> <span class='ocrx_word' id='word_1_182' title='bbox 1015 2480 1128 2552; x_wconf 88' lang='lat'><strong>(21)</strong></span> <span class='ocrx_word' id='word_1_183' title='bbox 1166 2480 1430 2538; x_wconf 85' lang='lat' dir='ltr'><strong>laetitiam</strong></span> <span class='ocrx_word' id='word_1_184' title='bbox 1458 2481 1530 2538; x_wconf 88' lang='lat' dir='ltr'><strong>de</strong></span> <span class='ocrx_word' id='word_1_185' title='bbox 1559 2483 1778 2538; x_wconf 86' lang='lat' dir='ltr'><strong>nostris</strong></span> <span class='ocrx_word' id='word_1_186' title='bbox 1809 2499 2128 2555; x_wconf 87' lang='lat' dir='ltr'><strong>possumus</strong></span> 
     </span>
    </p>
   </div>
   <div class='ocr_carea' id='block_1_28' title="bbox 2148 1819 2195 1884">
    <p class='ocr_par' dir='ltr' id='par_1_28' title="bbox 2148 1819 2195 1884">
     <span class='ocr_line' id='line_1_28' title="bbox 2148 1819 2195 1884; baseline 0 0"><span class='ocrx_word' id='word_1_187' title='bbox 2148 1819 2195 1884; x_wconf 90' lang='lat' dir='ltr'><strong>B</strong></span> 
     </span>
    </p>
   </div>
   <div class='ocr_carea' id='block_1_29' title="bbox 2232 527 3807 602">
    <p class='ocr_par' dir='ltr' id='par_1_29' title="bbox 2232 527 3807 602">
     <span class='ocr_line' id='line_1_29' title="bbox 2232 527 3807 602; baseline 0.008 -19"><span class='ocrx_word' id='word_1_188' title='bbox 2232 534 2405 592; x_wconf 77' lang='lat' dir='ltr'><strong>stras,</strong></span> <span class='ocrx_word' id='word_1_189' title='bbox 2439 545 2586 599; x_wconf 82' lang='lat' dir='ltr'><strong>quas</strong></span> <span class='ocrx_word' id='word_1_190' title='bbox 2617 529 2688 583; x_wconf 92' lang='lat' dir='ltr'><strong>de</strong></span> <span class='ocrx_word' id='word_1_191' title='bbox 2713 544 2916 583; x_wconf 90' lang='lat' dir='ltr'><strong>eorum</strong></span> <span class='ocrx_word' id='word_1_192' title='bbox 2947 527 3309 584; x_wconf 84' lang='lat' dir='ltr'><strong>confessione</strong></span> <span class='ocrx_word' id='word_1_193' title='bbox 3339 531 3584 602; x_wconf 79' lang='lat' dir='ltr'><strong>misistis,</strong></span> <span class='ocrx_word' id='word_1_194' title='bbox 3614 535 3807 598; x_wconf 78' lang='lat' dir='ltr'><strong>laetatus</strong></span> 
     </span>
    </p>
   </div>
   <div class='ocr_carea' id='block_1_30' title="bbox 2232 617 3810 685">
    <p class='ocr_par' dir='ltr' id='par_1_30' title="bbox 2232 617 3810 685">
     <span class='ocr_line' id='line_1_30' title="bbox 2232 617 3810 685; baseline 0.008 -13"><span class='ocrx_word' id='word_1_195' title='bbox 2232 617 2305 672; x_wconf 85' lang='lat' dir='ltr'><strong>sit</strong></span> <span class='ocrx_word' id='word_1_196' title='bbox 2336 617 2528 673; x_wconf 90' lang='lat' dir='ltr'><strong>omnis</strong></span> <span class='ocrx_word' id='word_1_197' title='bbox 2562 619 2806 672; x_wconf 89' lang='lat' dir='ltr'><strong>fratrum</strong></span> <span class='ocrx_word' id='word_1_198' title='bbox 2848 633 3150 682; x_wconf 83' lang='lat' dir='ltr'><strong>numerus,</strong></span> <span class='ocrx_word' id='word_1_199' title='bbox 3202 622 3259 672; x_wconf 89' lang='lat' dir='ltr'><strong>et</strong></span> <span class='ocrx_word' id='word_1_200' title='bbox 3300 635 3521 676; x_wconf 88' lang='lat' dir='ltr'><strong>summa</strong></span> <span class='ocrx_word' id='word_1_201' title='bbox 3562 623 3810 685; x_wconf 82' lang='lat' dir='ltr'><strong>alacritate</strong></span> 
     </span>
    </p>
   </div>
   <div class='ocr_carea' id='block_1_31' title="bbox 2232 705 3810 784">
    <p class='ocr_par' dir='ltr' id='par_1_31' title="bbox 2232 705 3810 784">
     <span class='ocr_line' id='line_1_31' title="bbox 2232 705 3810 784; baseline 0.007 -24"><span class='ocrx_word' id='word_1_202' title='bbox 2232 705 2386 761; x_wconf 89' lang='lat' dir='ltr'><strong>hunc</strong></span> <span class='ocrx_word' id='word_1_203' title='bbox 2419 709 2691 760; x_wconf 88' lang='lat' dir='ltr'><strong>nuntium</strong></span> <span class='ocrx_word' id='word_1_204' title='bbox 2743 707 3074 761; x_wconf 88' lang='lat' dir='ltr'><strong>communis</strong></span> <span class='ocrx_word' id='word_1_205' title='bbox 3113 707 3507 777; x_wconf 87' lang='lat' dir='ltr'><strong>gratulationis</strong></span> <span class='ocrx_word' id='word_1_206' title='bbox 3533 717 3810 784; x_wconf 74' lang='lat' dir='ltr'><strong>exceperit;</strong></span> 
     </span>
    </p>
   </div>
   <div class='ocr_carea' id='block_1_32' title="bbox 2232 794 3810 866">
    <p class='ocr_par' dir='ltr' id='par_1_32' title="bbox 2232 794 3810 866">
     <span class='ocr_line' id='line_1_32' title="bbox 2232 794 3810 866; baseline 0.008 -18"><span class='ocrx_word' id='word_1_207' title='bbox 2232 794 2373 866; x_wconf 92' lang='lat' dir='ltr'><strong>quid</strong></span> <span class='ocrx_word' id='word_1_208' title='bbox 2407 794 2544 861; x_wconf 91' lang='lat' dir='ltr'><strong>illic,</strong></span> <span class='ocrx_word' id='word_1_209' title='bbox 2580 795 2674 848; x_wconf 93' lang='lat' dir='ltr'><strong>ubi</strong></span> <span class='ocrx_word' id='word_1_210' title='bbox 2701 811 2794 849; x_wconf 90' lang='lat' dir='ltr'><strong>res</strong></span> <span class='ocrx_word' id='word_1_211' title='bbox 2822 795 2950 864; x_wconf 86' lang='lat' dir='ltr'><strong>ipsa</strong></span> <span class='ocrx_word' id='word_1_212' title='bbox 2976 795 3125 849; x_wconf 76' lang='lat'><strong>783</strong></span> <span class='ocrx_word' id='word_1_213' title='bbox 3157 800 3214 848; x_wconf 85' lang='lat' dir='ltr'><strong>et</strong></span> <span class='ocrx_word' id='word_1_214' title='bbox 3245 812 3492 866; x_wconf 69' lang='lat' dir='ltr'><strong>praesens</strong></span> <span class='ocrx_word' id='word_1_215' title='bbox 3517 798 3697 857; x_wconf 64' lang='lat' dir='ltr'><strong>laetitia</strong></span> <span class='ocrx_word' id='word_1_216' title='bbox 3720 807 3810 860; x_wconf 87' lang='lat' dir='ltr'><strong>sub</strong></span> 
     </span>
    </p>
   </div>
   <div class='ocr_carea' id='block_1_33' title="bbox 2229 883 3814 955">
    <p class='ocr_par' dir='ltr' id='par_1_33' title="bbox 2229 883 3814 955">
     <span class='ocr_line' id='line_1_33' title="bbox 2229 883 3814 955; baseline 0.006 -17"><span class='ocrx_word' id='word_1_217' title='bbox 2229 883 2415 939; x_wconf 88' lang='lat' dir='ltr'><strong>oculis</strong></span> <span class='ocrx_word' id='word_1_218' title='bbox 2445 883 2708 938; x_wconf 91' lang='lat' dir='ltr'><strong>omnium</strong></span> <span class='ocrx_word' id='word_1_219' title='bbox 2742 884 3052 955; x_wconf 89' lang='lat' dir='ltr'><strong>gerebatur</strong></span> <span class='ocrx_word' id='word_1_220' title='bbox 3077 887 3098 939; x_wconf 86' lang='lat'><strong><em>?</em></strong></span> <span class='ocrx_word' id='word_1_221' title='bbox 3135 883 3279 939; x_wconf 92' lang='lat' dir='ltr'><strong>Cum</strong></span> <span class='ocrx_word' id='word_1_222' title='bbox 3309 887 3460 940; x_wconf 88' lang='lat' dir='ltr'><strong>enim</strong></span> <span class='ocrx_word' id='word_1_223' title='bbox 3492 890 3740 946; x_wconf 88' lang='lat' dir='ltr'><strong>Dominus</strong></span> <span class='ocrx_word' id='word_1_224' title='bbox 3764 893 3814 948; x_wconf 87' lang='lat' dir='ltr'><strong>in</strong></span> 
     </span>
    </p>
   </div>
   <div class='ocr_carea' id='block_1_34' title="bbox 2232 971 3816 1046">
    <p class='ocr_par' dir='ltr' id='par_1_34' title="bbox 2232 971 3816 1046">
     <span class='ocr_line' id='line_1_34' title="bbox 2232 971 3816 1046; baseline 0.006 -19"><span class='ocrx_word' id='word_1_225' title='bbox 2232 971 2539 1044; x_wconf 84' lang='lat' dir='ltr'><strong>Evangelio</strong></span> <span class='ocrx_word' id='word_1_226' title='bbox 2561 989 2666 1028; x_wconf 89' lang='lat' dir='ltr'><strong>suo</strong></span> <span class='ocrx_word' id='word_1_227' title='bbox 2688 972 2999 1039; x_wconf 88' lang='lat' dir='ltr'><strong>dicat,esse</strong></span> <span class='ocrx_word' id='word_1_228' title='bbox 3023 989 3322 1028; x_wconf 88' lang='lat' dir='ltr'><strong>summum</strong></span> <span class='ocrx_word' id='word_1_229' title='bbox 3345 975 3608 1046; x_wconf 90' lang='lat' dir='ltr'><strong>gaudium</strong></span> <span class='ocrx_word' id='word_1_230' title='bbox 3632 979 3681 1033; x_wconf 88' lang='lat' dir='ltr'><strong>in</strong></span> <span class='ocrx_word' id='word_1_231' title='bbox 3699 980 3816 1036; x_wconf 73' lang='lat' dir='ltr'><strong>ctelo</strong></span> 
     </span>
    </p>
   </div>
   <div class='ocr_carea' id='block_1_35' title="bbox 2230 1061 3816 1138">
    <p class='ocr_par' dir='ltr' id='par_1_35' title="bbox 2230 1061 3816 1138">
     <span class='ocr_line' id='line_1_35' title="bbox 2230 1061 3816 1138; baseline 0.006 -23"><span class='ocrx_word' id='word_1_232' title='bbox 2230 1078 2406 1132; x_wconf 82' lang='lat' dir='ltr'><strong>super</strong></span> <span class='ocrx_word' id='word_1_233' title='bbox 2463 1077 2580 1138; x_wconf 84' lang='lat' dir='ltr'><strong>uno</strong></span> <span class='ocrx_word' id='word_1_234' title='bbox 2630 1065 2926 1131; x_wconf 87' lang='lat' dir='ltr'><strong>peccatore</strong></span> <span class='ocrx_word' id='word_1_235' title='bbox 2955 1062 2998 1096; x_wconf 75' lang='grc'><strong>⁸⁸</strong></span> <span class='ocrx_word' id='word_1_236' title='bbox 3050 1061 3444 1133; x_wconf 63' lang='lat' dir='ltr'><strong>paenitentiam</strong></span> <span class='ocrx_word' id='word_1_237' title='bbox 3475 1069 3664 1134; x_wconf 84' lang='lat' dir='ltr'><strong>agente</strong></span> <span class='ocrx_word' id='word_1_238' title='bbox 3690 1069 3816 1137; x_wconf 84' lang='lat' dir='ltr'><strong>(Luc.</strong></span> 
     </span>
    </p>
   </div>
   <div class='ocr_carea' id='block_1_36' title="bbox 2228 1149 3821 1228">
    <p class='ocr_par' dir='ltr' id='par_1_36' title="bbox 2228 1149 3821 1228">
     <span class='ocr_line' id='line_1_36' title="bbox 2228 1149 3821 1228; baseline 0.004 -24"><span class='ocrx_word' id='word_1_239' title='bbox 2228 1166 2320 1216; x_wconf 87' lang='lat' dir='ltr'><strong>xv,</strong></span> <span class='ocrx_word' id='word_1_240' title='bbox 2351 1151 2407 1218; x_wconf 89' lang='lat'><strong>7)</strong></span> <span class='ocrx_word' id='word_1_241' title='bbox 2433 1174 2448 1216; x_wconf 72' lang='grc' dir='ltr'>ς</span> <span class='ocrx_word' id='word_1_242' title='bbox 2481 1157 2700 1221; x_wconf 91' lang='lat' dir='ltr'><strong>quanto</strong></span> <span class='ocrx_word' id='word_1_243' title='bbox 2732 1150 2924 1221; x_wconf 88' lang='lat' dir='ltr'><strong>majus</strong></span> <span class='ocrx_word' id='word_1_244' title='bbox 2953 1155 3044 1205; x_wconf 88' lang='lat' dir='ltr'><strong>est</strong></span> <span class='ocrx_word' id='word_1_245' title='bbox 3071 1149 3355 1221; x_wconf 88' lang='lat' dir='ltr'><strong>gaudium</strong></span> <span class='ocrx_word' id='word_1_246' title='bbox 3385 1156 3442 1206; x_wconf 91' lang='lat' dir='ltr'><strong>et</strong></span> <span class='ocrx_word' id='word_1_247' title='bbox 3469 1152 3524 1206; x_wconf 91' lang='lat' dir='ltr'><strong>in</strong></span> <span class='ocrx_word' id='word_1_248' title='bbox 3556 1156 3710 1210; x_wconf 88' lang='lat' dir='ltr'><strong>terris</strong></span> <span class='ocrx_word' id='word_1_249' title='bbox 3736 1173 3821 1228; x_wconf 88' lang='lat' dir='ltr'><strong>pa-</strong></span> 
     </span>
    </p>
   </div>
   <div class='ocr_carea' id='block_1_37' title="bbox 2229 1237 3822 1308">
    <p class='ocr_par' dir='ltr' id='par_1_37' title="bbox 2229 1237 3822 1308">
     <span class='ocr_line' id='line_1_37' title="bbox 2229 1237 3822 1308; baseline 0.004 -16"><span class='ocrx_word' id='word_1_250' title='bbox 2229 1241 2370 1294; x_wconf 87' lang='lat' dir='ltr'><strong>riter</strong></span> <span class='ocrx_word' id='word_1_251' title='bbox 2395 1245 2454 1294; x_wconf 90' lang='lat' dir='ltr'><strong>et</strong></span> <span class='ocrx_word' id='word_1_252' title='bbox 2481 1238 2541 1292; x_wconf 89' lang='lat' dir='ltr'><strong>in</strong></span> <span class='ocrx_word' id='word_1_253' title='bbox 2574 1237 2716 1293; x_wconf 81' lang='lat' dir='ltr'><strong>ccelo</strong></span> <span class='ocrx_word' id='word_1_254' title='bbox 2747 1238 2860 1308; x_wconf 85' lang='lat'><strong>(22)</strong></span> <span class='ocrx_word' id='word_1_255' title='bbox 2891 1255 3069 1308; x_wconf 88' lang='lat' dir='ltr'><strong>super</strong></span> <span class='ocrx_word' id='word_1_256' title='bbox 3098 1240 3537 1296; x_wconf 87' lang='lat' dir='ltr'><strong>Confessoribus</strong></span> <span class='ocrx_word' id='word_1_257' title='bbox 3568 1243 3632 1296; x_wconf 93' lang='lat' dir='ltr'><strong>ad</strong></span> <span class='ocrx_word' id='word_1_258' title='bbox 3662 1243 3822 1299; x_wconf 88' lang='lat' dir='ltr'><strong>Eccle-</strong></span> 
     </span>
    </p>
   </div>
   <div class='ocr_carea' id='block_1_38' title="bbox 2228 1326 3823 1398">
    <p class='ocr_par' dir='ltr' id='par_1_38' title="bbox 2228 1326 3823 1398">
     <span class='ocr_line' id='line_1_38' title="bbox 2228 1326 3823 1398; baseline 0.003 -16"><span class='ocrx_word' id='word_1_259' title='bbox 2228 1327 2376 1382; x_wconf 90' lang='lat' dir='ltr'><strong>siam</strong></span> <span class='ocrx_word' id='word_1_260' title='bbox 2413 1328 2507 1382; x_wconf 91' lang='lat' dir='ltr'><strong>Dei</strong></span> <span class='ocrx_word' id='word_1_261' title='bbox 2539 1343 2672 1383; x_wconf 88' lang='lat' dir='ltr'><strong>cum</strong></span> <span class='ocrx_word' id='word_1_262' title='bbox 2703 1327 2890 1398; x_wconf 90' lang='lat' dir='ltr'><strong>gloria</strong></span> <span class='ocrx_word' id='word_1_263' title='bbox 2909 1344 3017 1382; x_wconf 87' lang='lat' dir='ltr'><strong>sua</strong></span> <span class='ocrx_word' id='word_1_264' title='bbox 3045 1331 3103 1382; x_wconf 90' lang='lat' dir='ltr'><strong>et</strong></span> <span class='ocrx_word' id='word_1_265' title='bbox 3122 1344 3254 1382; x_wconf 90' lang='lat' dir='ltr'><strong>cum</strong></span> <span class='ocrx_word' id='word_1_266' title='bbox 3278 1326 3448 1384; x_wconf 89' lang='lat' dir='ltr'><strong>laude</strong></span> <span class='ocrx_word' id='word_1_267' title='bbox 3469 1330 3823 1398; x_wconf 86' lang='lat' dir='ltr'><strong>redeuntibus,</strong></span> 
     </span>
    </p>
   </div>
   <div class='ocr_carea' id='block_1_39' title="bbox 2228 1415 3827 1490">
    <p class='ocr_par' dir='ltr' id='par_1_39' title="bbox 2228 1415 3827 1490">
     <span class='ocr_line' id='line_1_39' title="bbox 2228 1415 3827 1490; baseline 0.003 -19"><span class='ocrx_word' id='word_1_268' title='bbox 2228 1423 2284 1471; x_wconf 88' lang='lat' dir='ltr'><strong>et</strong></span> <span class='ocrx_word' id='word_1_269' title='bbox 2317 1415 2593 1471; x_wconf 90' lang='lat' dir='ltr'><strong>redeundi</strong></span> <span class='ocrx_word' id='word_1_270' title='bbox 2626 1416 2779 1471; x_wconf 89' lang='lat' dir='ltr'><strong>viam</strong></span> <span class='ocrx_word' id='word_1_271' title='bbox 2811 1416 3031 1471; x_wconf 71' lang='lat' dir='ltr'><strong>caeteris</strong></span> <span class='ocrx_word' id='word_1_272' title='bbox 3069 1416 3317 1488; x_wconf 79' lang='lat' dir='ltr'><strong>exempli</strong></span> <span class='ocrx_word' id='word_1_273' title='bbox 3353 1417 3442 1472; x_wconf 90' lang='lat' dir='ltr'><strong>sui</strong></span> <span class='ocrx_word' id='word_1_274' title='bbox 3481 1417 3589 1473; x_wconf 81' lang='lat' dir='ltr'><strong>ﬁde</strong></span> <span class='ocrx_word' id='word_1_275' title='bbox 3627 1425 3679 1474; x_wconf 90' lang='lat' dir='ltr'><strong>et</strong></span> <span class='ocrx_word' id='word_1_276' title='bbox 3725 1437 3827 1490; x_wconf 86' lang='lat' dir='ltr'><strong>pro-</strong></span> 
     </span>
    </p>
   </div>
   <div class='ocr_carea' id='block_1_40' title="bbox 2228 1504 3829 1576">
    <p class='ocr_par' dir='ltr' id='par_1_40' title="bbox 2228 1504 3829 1576">
     <span class='ocr_line' id='line_1_40' title="bbox 2228 1504 3829 1576; baseline 0.004 -18"><span class='ocrx_word' id='word_1_277' title='bbox 2228 1504 2460 1560; x_wconf 86' lang='lat' dir='ltr'><strong>batione</strong></span> <span class='ocrx_word' id='word_1_278' title='bbox 2493 1505 2842 1559; x_wconf 74' lang='lat' dir='ltr'><strong>facientibus</strong></span> <span class='ocrx_word' id='word_1_279' title='bbox 2863 1505 2888 1558; x_wconf 80' lang='lat' dir='ltr'><strong>‘t</strong></span> <span class='ocrx_word' id='word_1_280' title='bbox 2911 1505 3012 1560; x_wconf 87' lang='lat' dir='ltr'><strong>Hic</strong></span> <span class='ocrx_word' id='word_1_281' title='bbox 3037 1505 3190 1561; x_wconf 89' lang='lat' dir='ltr'><strong>enim</strong></span> <span class='ocrx_word' id='word_1_282' title='bbox 3215 1506 3501 1576; x_wconf 88' lang='lat' dir='ltr'><strong>quosdam</strong></span> <span class='ocrx_word' id='word_1_283' title='bbox 3532 1507 3724 1564; x_wconf 82' lang='lat' dir='ltr'><strong>fratres</strong></span> <span class='ocrx_word' id='word_1_284' title='bbox 3749 1525 3829 1564; x_wconf 83' lang='lat' dir='ltr'><strong>no-</strong></span> 
     </span>
    </p>
   </div>
   <div class='ocr_carea' id='block_1_41' title="bbox 2227 1592 3831 1664">
    <p class='ocr_par' dir='ltr' id='par_1_41' title="bbox 2227 1592 3831 1664">
     <span class='ocr_line' id='line_1_41' title="bbox 2227 1592 3831 1664; baseline 0.002 -16"><span class='ocrx_word' id='word_1_285' title='bbox 2227 1599 2381 1648; x_wconf 88' lang='lat' dir='ltr'><strong>stros</strong></span> <span class='ocrx_word' id='word_1_286' title='bbox 2409 1610 2571 1649; x_wconf 89' lang='lat' dir='ltr'><strong>error</strong></span> <span class='ocrx_word' id='word_1_287' title='bbox 2599 1592 2928 1660; x_wconf 80' lang='lat' dir='ltr'><strong>induxerat,</strong></span> <span class='ocrx_word' id='word_1_288' title='bbox 2960 1593 3116 1664; x_wconf 90' lang='lat' dir='ltr'><strong>quod</strong></span> <span class='ocrx_word' id='word_1_289' title='bbox 3147 1593 3258 1649; x_wconf 90' lang='lat' dir='ltr'><strong>sibi</strong></span> <span class='ocrx_word' id='word_1_290' title='bbox 3291 1595 3831 1652; x_wconf 83' lang='lat' dir='ltr'><strong>communicationem</strong></span> 
     </span>
    </p>
   </div>
   <div class='ocr_carea' id='block_1_42' title="bbox 2230 1683 3837 1754">
    <p class='ocr_par' dir='ltr' id='par_1_42' title="bbox 2230 1683 3837 1754">
     <span class='ocr_line' id='line_1_42' title="bbox 2230 1683 3837 1754; baseline 0.002 -17"><span class='ocrx_word' id='word_1_291' title='bbox 2230 1683 2384 1737; x_wconf 74' lang='lat'><strong>784</strong></span> <span class='ocrx_word' id='word_1_292' title='bbox 2413 1683 2828 1738; x_wconf 88' lang='lat' dir='ltr'><strong>Confessorum</strong></span> <span class='ocrx_word' id='word_1_293' title='bbox 2882 1683 3047 1754; x_wconf 85' lang='lat' dir='ltr'><strong>sequi</strong></span> <span class='ocrx_word' id='word_1_294' title='bbox 3097 1683 3454 1739; x_wconf 89' lang='lat' dir='ltr'><strong>viderentur.</strong></span> <span class='ocrx_word' id='word_1_295' title='bbox 3505 1686 3622 1748; x_wconf 90' lang='lat' dir='ltr'><strong>Quo</strong></span> <span class='ocrx_word' id='word_1_296' title='bbox 3673 1700 3837 1741; x_wconf 86' lang='lat' dir='ltr'><strong>errore</strong></span> 
     </span>
    </p>
   </div>
   <div class='ocr_carea' id='block_1_43' title="bbox 2228 1771 3836 1843">
    <p class='ocr_par' dir='ltr' id='par_1_43' title="bbox 2228 1771 3836 1843">
     <span class='ocr_line' id='line_1_43' title="bbox 2228 1771 3836 1843; baseline 0.002 -17"><span class='ocrx_word' id='word_1_297' title='bbox 2228 1772 2483 1838; x_wconf 86' lang='lat' dir='ltr'><strong>sublato,</strong></span> <span class='ocrx_word' id='word_1_298' title='bbox 2531 1771 2631 1826; x_wconf 81' lang='lat' dir='ltr'><strong>lux</strong></span> <span class='ocrx_word' id='word_1_299' title='bbox 2660 1773 2927 1828; x_wconf 90' lang='lat' dir='ltr'><strong>omnium</strong></span> <span class='ocrx_word' id='word_1_300' title='bbox 2955 1773 3296 1843; x_wconf 89' lang='lat' dir='ltr'><strong>pectoribus</strong></span> <span class='ocrx_word' id='word_1_301' title='bbox 3321 1772 3516 1828; x_wconf 84' lang='lat' dir='ltr'><strong>infusa</strong></span> <span class='ocrx_word' id='word_1_302' title='bbox 3545 1778 3649 1842; x_wconf 92' lang='lat' dir='ltr'><strong>est,</strong></span> <span class='ocrx_word' id='word_1_303' title='bbox 3679 1779 3729 1828; x_wconf 87' lang='lat' dir='ltr'><strong>et</strong></span> <span class='ocrx_word' id='word_1_304' title='bbox 3753 1778 3836 1829; x_wconf 77' lang='lat' dir='ltr'><strong>Ec-</strong></span> 
     </span>
    </p>
   </div>
   <div class='ocr_carea' id='block_1_44' title="bbox 2227 1859 3838 1925">
    <p class='ocr_par' dir='ltr' id='par_1_44' title="bbox 2227 1859 3838 1925">
     <span class='ocr_line' id='line_1_44' title="bbox 2227 1859 3838 1925; baseline 0.001 -11"><span class='ocrx_word' id='word_1_305' title='bbox 2227 1859 2404 1915; x_wconf 89' lang='lat' dir='ltr'><strong>clesia</strong></span> <span class='ocrx_word' id='word_1_306' title='bbox 2450 1859 2737 1915; x_wconf 88' lang='lat' dir='ltr'><strong>catholica</strong></span> <span class='ocrx_word' id='word_1_307' title='bbox 2783 1875 2902 1915; x_wconf 81' lang='lat' dir='ltr'><strong>una</strong></span> <span class='ocrx_word' id='word_1_308' title='bbox 2953 1877 3103 1925; x_wconf 89' lang='lat' dir='ltr'><strong>esse,</strong></span> <span class='ocrx_word' id='word_1_309' title='bbox 3161 1877 3271 1916; x_wconf 87' lang='lat' dir='ltr'><strong>nec</strong></span> <span class='ocrx_word' id='word_1_310' title='bbox 3314 1861 3502 1917; x_wconf 89' lang='lat' dir='ltr'><strong>scindi</strong></span> <span class='ocrx_word' id='word_1_311' title='bbox 3547 1878 3646 1918; x_wconf 87' lang='lat' dir='ltr'><strong>nec</strong></span> <span class='ocrx_word' id='word_1_312' title='bbox 3687 1862 3838 1917; x_wconf 84' lang='lat' dir='ltr'><strong>dividi</strong></span> 
     </span>
    </p>
   </div>
   <div class='ocr_carea' id='block_1_45' title="bbox 2227 1948 3842 2022">
    <p class='ocr_par' dir='ltr' id='par_1_45' title="bbox 2227 1948 3842 2022">
     <span class='ocr_line' id='line_1_45' title="bbox 2227 1948 3842 2022; baseline 0.001 -18"><span class='ocrx_word' id='word_1_313' title='bbox 2227 1964 2398 2020; x_wconf 89' lang='lat' dir='ltr'><strong>posse</strong></span> <span class='ocrx_word' id='word_1_314' title='bbox 2428 1952 2754 2004; x_wconf 87' lang='lat' dir='ltr'><strong>monstrata</strong></span> <span class='ocrx_word' id='word_1_315' title='bbox 2783 1953 2890 2004; x_wconf 91' lang='lat' dir='ltr'><strong>est.</strong></span> <span class='ocrx_word' id='word_1_316' title='bbox 2925 1948 3006 2005; x_wconf 90' lang='lat' dir='ltr'><strong>Ne</strong></span> <span class='ocrx_word' id='word_1_317' title='bbox 3037 1949 3358 2021; x_wconf 84' lang='lat' dir='ltr'><strong>quisquam</strong></span> <span class='ocrx_word' id='word_1_318' title='bbox 3382 1951 3508 2021; x_wconf 88' lang='lat' dir='ltr'><strong>jam</strong></span> <span class='ocrx_word' id='word_1_319' title='bbox 3537 1950 3694 2006; x_wconf 86' lang='lat' dir='ltr'><strong>facile</strong></span> <span class='ocrx_word' id='word_1_320' title='bbox 3711 1957 3842 2022; x_wconf 85' lang='lat' dir='ltr'><strong>pote-</strong></span> 
     </span>
    </p>
   </div>
   <div class='ocr_carea' id='block_1_46' title="bbox 2229 2035 3841 2110">
    <p class='ocr_par' dir='ltr' id='par_1_46' title="bbox 2229 2035 3841 2110">
     <span class='ocr_line' id='line_1_46' title="bbox 2229 2035 3841 2110; baseline 0.001 -18"><span class='ocrx_word' id='word_1_321' title='bbox 2229 2038 2305 2092; x_wconf 91' lang='lat' dir='ltr'><strong>rit</strong></span> <span class='ocrx_word' id='word_1_322' title='bbox 2333 2035 2694 2093; x_wconf 89' lang='lat' dir='ltr'><strong>schismatici</strong></span> <span class='ocrx_word' id='word_1_323' title='bbox 2725 2037 2975 2093; x_wconf 83' lang='lat' dir='ltr'><strong>furentis</strong></span> <span class='ocrx_word' id='word_1_324' title='bbox 3013 2037 3204 2093; x_wconf 88' lang='lat' dir='ltr'><strong>verbis</strong></span> <span class='ocrx_word' id='word_1_325' title='bbox 3254 2036 3602 2110; x_wconf 88' lang='lat' dir='ltr'><strong>loquacibus</strong></span> <span class='ocrx_word' id='word_1_326' title='bbox 3647 2039 3841 2110; x_wconf 78' lang='lat' dir='ltr'><strong>decipi;</strong></span> 
     </span>
    </p>
   </div>
   <div class='ocr_carea' id='block_1_47' title="bbox 2233 2124 3844 2198">
    <p class='ocr_par' dir='ltr' id='par_1_47' title="bbox 2233 2124 3844 2198">
     <span class='ocr_line' id='line_1_47' title="bbox 2233 2124 3844 2198; baseline -0.001 -17"><span class='ocrx_word' id='word_1_327' title='bbox 2233 2125 2467 2197; x_wconf 89' lang='lat' dir='ltr'><strong>quando</strong></span> <span class='ocrx_word' id='word_1_328' title='bbox 2519 2125 2832 2197; x_wconf 88' lang='lat' dir='ltr'><strong>probatum</strong></span> <span class='ocrx_word' id='word_1_329' title='bbox 2890 2124 2968 2181; x_wconf 89' lang='lat' dir='ltr'><strong>sit</strong></span> <span class='ocrx_word' id='word_1_330' title='bbox 3021 2125 3206 2183; x_wconf 90' lang='lat' dir='ltr'><strong>bonos</strong></span> <span class='ocrx_word' id='word_1_331' title='bbox 3256 2130 3318 2182; x_wconf 91' lang='lat' dir='ltr'><strong>et</strong></span> <span class='ocrx_word' id='word_1_332' title='bbox 3348 2126 3630 2198; x_wconf 87' lang='lat' dir='ltr'><strong>gloriosos</strong></span> <span class='ocrx_word' id='word_1_333' title='bbox 3658 2126 3844 2182; x_wconf 81' lang='lat' dir='ltr'><strong>Christi</strong></span> 
     </span>
    </p>
   </div>
   <div class='ocr_carea' id='block_1_48' title="bbox 2233 2213 3851 2288">
    <p class='ocr_par' dir='ltr' id='par_1_48' title="bbox 2233 2213 3851 2288">
     <span class='ocr_line' id='line_1_48' title="bbox 2233 2213 3851 2288; baseline -0.001 -18"><span class='ocrx_word' id='word_1_334' title='bbox 2233 2214 2451 2270; x_wconf 88' lang='lat' dir='ltr'><strong>milites</strong></span> <span class='ocrx_word' id='word_1_335' title='bbox 2481 2230 2597 2270; x_wconf 89' lang='lat' dir='ltr'><strong>non</strong></span> <span class='ocrx_word' id='word_1_336' title='bbox 2628 2213 2889 2284; x_wconf 87' lang='lat' dir='ltr'><strong>potuisse</strong></span> <span class='ocrx_word' id='word_1_337' title='bbox 2927 2213 3028 2270; x_wconf 91' lang='lat' dir='ltr'><strong>diu</strong></span> <span class='ocrx_word' id='word_1_338' title='bbox 3059 2215 3252 2272; x_wconf 86' lang='lat' dir='ltr'><strong>aliena</strong></span> <span class='ocrx_word' id='word_1_339' title='bbox 3282 2213 3514 2270; x_wconf 88' lang='lat' dir='ltr'><strong>fallacia</strong></span> <span class='ocrx_word' id='word_1_340' title='bbox 3557 2219 3614 2271; x_wconf 90' lang='lat' dir='ltr'><strong>et</strong></span> <span class='ocrx_word' id='word_1_341' title='bbox 3640 2214 3851 2288; x_wconf 80' lang='lat' dir='ltr'><strong>perﬁdia</strong></span> 
     </span>
    </p>
   </div>
   <div class='ocr_carea' id='block_1_49' title="bbox 2236 2301 3856 2377">
    <p class='ocr_par' dir='ltr' id='par_1_49' title="bbox 2236 2301 3856 2377">
     <span class='ocr_line' id='line_1_49' title="bbox 2236 2301 3856 2377; baseline -0.002 -15"><span class='ocrx_word' id='word_1_342' title='bbox 2236 2308 2400 2362; x_wconf 82' lang='lat' dir='ltr'><strong>extra</strong></span> <span class='ocrx_word' id='word_1_343' title='bbox 2430 2301 2750 2360; x_wconf 85' lang='lat' dir='ltr'><strong>Ecclesiam</strong></span> <span class='ocrx_word' id='word_1_344' title='bbox 2781 2303 3052 2359; x_wconf 88' lang='lat' dir='ltr'><strong>detineri.</strong></span> <span class='ocrx_word' id='word_1_345' title='bbox 3081 2303 3227 2377; x_wconf 90' lang='lat' dir='ltr'><strong>Opto</strong></span> <span class='ocrx_word' id='word_1_346' title='bbox 3268 2307 3328 2362; x_wconf 91' lang='lat' dir='ltr'><strong>te</strong></span> <span class='ocrx_word' id='word_1_347' title='bbox 3357 2305 3496 2376; x_wconf 91' lang='lat'><strong>(23),</strong></span> <span class='ocrx_word' id='word_1_348' title='bbox 3530 2304 3697 2361; x_wconf 87' lang='lat' dir='ltr'><strong>frater</strong></span> <span class='ocrx_word' id='word_1_349' title='bbox 3746 2303 3856 2360; x_wconf 88' lang='lat' dir='ltr'><strong>cha-</strong></span> 
     </span>
    </p>
   </div>
   <div class='ocr_carea' id='block_1_50' title="bbox 2239 2392 3160 2465">
    <p class='ocr_par' dir='ltr' id='par_1_50' title="bbox 2239 2392 3160 2465">
     <span class='ocr_line' id='line_1_50' title="bbox 2239 2392 3160 2465; baseline 0.002 -17"><span class='ocrx_word' id='word_1_350' title='bbox 2239 2392 2474 2450; x_wconf 84' lang='lat' dir='ltr'><strong>rissime</strong></span> <span class='ocrx_word' id='word_1_351' title='bbox 2503 2408 2735 2465; x_wconf 89' lang='lat' dir='ltr'><strong>semper</strong></span> <span class='ocrx_word' id='word_1_352' title='bbox 2771 2393 2919 2450; x_wconf 90' lang='lat' dir='ltr'><strong>bene</strong></span> <span class='ocrx_word' id='word_1_353' title='bbox 2946 2392 3160 2450; x_wconf 88' lang='lat' dir='ltr'><strong>valere.</strong></span> 
     </span>
    </p>
   </div>
   <div class='ocr_carea' id='block_1_51' title="bbox 1826 2609 2474 2673">
    <p class='ocr_par' dir='ltr' id='par_1_51' title="bbox 1826 2609 2474 2673">
     <span class='ocr_line' id='line_1_51' title="bbox 1826 2609 2474 2673; baseline -0.002 0"><span class='ocrx_word' id='word_1_354' title='bbox 1826 2618 1838 2630; x_wconf 79' lang='lat'><strong>‘</strong></span> <span class='ocrx_word' id='word_1_355' title='bbox 1887 2610 2093 2673; x_wconf 79' lang='lat' dir='ltr'><strong>Variae</strong></span> <span class='ocrx_word' id='word_1_356' title='bbox 2150 2609 2474 2673; x_wconf 82' lang='lat' dir='ltr'><strong>lectiones.</strong></span> 
     </span>
    </p>
   </div>
   <div class='ocr_carea' id='block_1_52' title="bbox 547 2715 3860 2790">
    <p class='ocr_par' dir='ltr' id='par_1_52' title="bbox 547 2715 3860 2790">
     <span class='ocr_line' id='line_1_52' title="bbox 547 2715 3860 2790; baseline 0.001 -18"><span class='ocrx_word' id='word_1_357' title='bbox 547 2717 592 2752; x_wconf 81' lang='grc'><strong>⁹⁸</strong></span> <span class='ocrx_word' id='word_1_358' title='bbox 613 2715 1161 2790; x_wconf 16' lang='grc' dir='ltr'><strong>Νοιιίᾷίεῇυυεαιυν,</strong></span> <span class='ocrx_word' id='word_1_359' title='bbox 1195 2717 1324 2772; x_wconf 84' lang='lat' dir='ltr'><strong>Bod.</strong></span> <span class='ocrx_word' id='word_1_360' title='bbox 1401 2718 1453 2771; x_wconf 88' lang='lat'><strong>1.</strong></span> <span class='ocrx_word' id='word_1_361' title='bbox 1485 2719 1611 2774; x_wconf 83' lang='lat' dir='ltr'><strong>Lin.</strong></span> <span class='ocrx_word' id='word_1_362' title='bbox 1687 2719 1732 2754; x_wconf 79' lang='lat'><strong>“</strong></span> <span class='ocrx_word' id='word_1_363' title='bbox 1762 2718 2046 2790; x_wconf 89' lang='lat' dir='ltr'><strong>Violetur,</strong></span> <span class='ocrx_word' id='word_1_364' title='bbox 2077 2721 2228 2776; x_wconf 89' lang='lat' dir='ltr'><strong>Pem.</strong></span> <span class='ocrx_word' id='word_1_365' title='bbox 2305 2719 2438 2774; x_wconf 82' lang='lat' dir='ltr'><strong>Ben.</strong></span> <span class='ocrx_word' id='word_1_366' title='bbox 2520 2723 2671 2776; x_wconf 85' lang='lat' dir='ltr'><strong>Lam.</strong></span> <span class='ocrx_word' id='word_1_367' title='bbox 2746 2719 2904 2774; x_wconf 82' lang='lat' dir='ltr'><strong>Ebor.</strong></span> <span class='ocrx_word' id='word_1_368' title='bbox 2936 2718 3044 2775; x_wconf 79' lang='grc' dir='ltr'><strong>ΝΟ.</strong></span> <span class='ocrx_word' id='word_1_369' title='bbox 3082 2719 3133 2775; x_wconf 91' lang='grc'><strong>1.</strong></span> <span class='ocrx_word' id='word_1_370' title='bbox 3205 2719 3258 2755; x_wconf 77' lang='grc'><strong>⁸³</strong></span> <span class='ocrx_word' id='word_1_371' title='bbox 3304 2718 3496 2787; x_wconf 88' lang='lat' dir='ltr'><strong>Plebs,</strong></span> <span class='ocrx_word' id='word_1_372' title='bbox 3549 2715 3860 2776; x_wconf 80' lang='lat' dir='ltr'><strong>fraternitas.</strong></span> 
     </span>
    </p>
   </div>
   <div class='ocr_carea' id='block_1_53' title="bbox 484 2789 2055 2863">
    <p class='ocr_par' dir='ltr' id='par_1_53' title="bbox 484 2789 2055 2863">
     <span class='ocr_line' id='line_1_53' title="bbox 484 2789 2055 2863; baseline 0.001 -20"><span class='ocrx_word' id='word_1_373' title='bbox 484 2789 672 2863; x_wconf 82' lang='lat' dir='ltr'><strong>Camp.</strong></span> <span class='ocrx_word' id='word_1_374' title='bbox 743 2789 788 2825; x_wconf 71' lang='grc'><strong>⁸⁸</strong></span> <span class='ocrx_word' id='word_1_375' title='bbox 815 2789 1000 2860; x_wconf 84' lang='lat' dir='ltr'><strong>Super</strong></span> <span class='ocrx_word' id='word_1_376' title='bbox 1029 2794 1350 2862; x_wconf 88' lang='lat' dir='ltr'><strong>peccatore,</strong></span> <span class='ocrx_word' id='word_1_377' title='bbox 1383 2791 1589 2861; x_wconf 88' lang='lat' dir='ltr'><strong>quanti</strong></span> <span class='ocrx_word' id='word_1_378' title='bbox 1620 2790 1827 2862; x_wconf 88' lang='lat' dir='ltr'><strong>magis.</strong></span> <span class='ocrx_word' id='word_1_379' title='bbox 1864 2791 2055 2863; x_wconf 81' lang='lat' dir='ltr'><strong>Camp.</strong></span> 
     </span>
    </p>
   </div>
   <div class='ocr_carea' id='block_1_54' title="bbox 1922 2907 2496 2970">
    <p class='ocr_par' dir='ltr' id='par_1_54' title="bbox 1922 2907 2496 2970">
     <span class='ocr_line' id='line_1_54' title="bbox 1922 2907 2496 2970; baseline 0 -2"><span class='ocrx_word' id='word_1_380' title='bbox 1922 2907 2256 2970; x_wconf 86' lang='lat' dir='ltr'><strong>Variorum</strong></span> <span class='ocrx_word' id='word_1_381' title='bbox 2303 2911 2496 2968; x_wconf 60' lang='lat' dir='ltr'><strong>notas.</strong></span> 
     </span>
    </p>
   </div>
   <div class='ocr_carea' id='block_1_55' title="bbox 556 3013 2132 3086">
    <p class='ocr_par' dir='ltr' id='par_1_55' title="bbox 556 3013 2132 3086">
     <span class='ocr_line' id='line_1_55' title="bbox 556 3013 2132 3086; baseline 0.001 -16"><span class='ocrx_word' id='word_1_382' title='bbox 556 3013 669 3086; x_wconf 75' lang='grc' dir='ltr'>(Η)</span> <span class='ocrx_word' id='word_1_383' title='bbox 701 3015 818 3086; x_wconf 87' lang='lat' dir='ltr'><strong>Non</strong></span> <span class='ocrx_word' id='word_1_384' title='bbox 847 3014 1238 3086; x_wconf 61' lang='lat' dir='ltr'><strong>fugiter.Duo</strong></span> <span class='ocrx_word' id='word_1_385' title='bbox 1269 3030 1412 3071; x_wconf 90' lang='lat' dir='ltr'><strong>mss.</strong></span> <span class='ocrx_word' id='word_1_386' title='bbox 1446 3013 1674 3086; x_wconf 78' lang='lat' dir='ltr'><strong>Anglic.</strong></span> <span class='ocrx_word' id='word_1_387' title='bbox 1705 3031 1816 3070; x_wconf 83' lang='lat' dir='ltr'><strong>non</strong></span> <span class='ocrx_word' id='word_1_388' title='bbox 1846 3014 2132 3086; x_wconf 83' lang='lat' dir='ltr'><strong>disjunga-</strong></span> 
     </span>
    </p>
   </div>
   <div class='ocr_carea' id='block_1_56' title="bbox 485 3083 2130 3158">
    <p class='ocr_par' dir='ltr' id='par_1_56' title="bbox 485 3083 2130 3158">
     <span class='ocr_line' id='line_1_56' title="bbox 485 3083 2130 3158; baseline 0.002 -18"><span class='ocrx_word' id='word_1_389' title='bbox 485 3083 594 3158; x_wconf 78' lang='lat' dir='ltr'><strong>tur.</strong></span> <span class='ocrx_word' id='word_1_390' title='bbox 627 3083 860 3141; x_wconf 81' lang='lat' dir='ltr'><strong>Rectius</strong></span> <span class='ocrx_word' id='word_1_391' title='bbox 917 3083 1217 3158; x_wconf 81' lang='lat' dir='ltr'><strong>alii_libri,</strong></span> <span class='ocrx_word' id='word_1_392' title='bbox 1266 3102 1376 3142; x_wconf 80' lang='lat' dir='ltr'><strong>non</strong></span> <span class='ocrx_word' id='word_1_393' title='bbox 1411 3083 1635 3158; x_wconf 57' lang='lat' dir='ltr'><strong>fugit—er.</strong></span> <span class='ocrx_word' id='word_1_394' title='bbox 1668 3087 1812 3142; x_wconf 88' lang='lat' dir='ltr'><strong>Nam</strong></span> <span class='ocrx_word' id='word_1_395' title='bbox 1844 3083 2130 3143; x_wconf 83' lang='lat' dir='ltr'><strong>unitatem</strong></span> 
     </span>
    </p>
   </div>
   <div class='ocr_carea' id='block_1_57' title="bbox 486 3156 2127 3230">
    <p class='ocr_par' dir='ltr' id='par_1_57' title="bbox 486 3156 2127 3230">
     <span class='ocr_line' id='line_1_57' title="bbox 486 3156 2127 3230; baseline 0 -18"><span class='ocrx_word' id='word_1_396' title='bbox 486 3157 684 3230; x_wconf 78' lang='lat' dir='ltr'><strong>aliqua</strong></span> <span class='ocrx_word' id='word_1_397' title='bbox 710 3173 782 3230; x_wconf 83' lang='lat' dir='ltr'><strong>ex</strong></span> <span class='ocrx_word' id='word_1_398' title='bbox 813 3161 974 3230; x_wconf 74' lang='lat' dir='ltr'><strong>parte</strong></span> <span class='ocrx_word' id='word_1_399' title='bbox 1016 3156 1370 3230; x_wconf 87' lang='lat' dir='ltr'><strong>disjunctam</strong></span> <span class='ocrx_word' id='word_1_400' title='bbox 1402 3156 1543 3213; x_wconf 83' lang='lat' dir='ltr'><strong>tunc</strong></span> <span class='ocrx_word' id='word_1_401' title='bbox 1574 3159 1754 3215; x_wconf 87' lang='lat' dir='ltr'><strong>fuisse</strong></span> <span class='ocrx_word' id='word_1_402' title='bbox 1787 3175 1998 3230; x_wconf 86' lang='lat' dir='ltr'><strong>negare</strong></span> <span class='ocrx_word' id='word_1_403' title='bbox 2028 3175 2127 3213; x_wconf 89' lang='lat' dir='ltr'><strong>ne-</strong></span> 
     </span>
    </p>
   </div>
   <div class='ocr_carea' id='block_1_58' title="bbox 483 3227 2125 3301">
    <p class='ocr_par' dir='ltr' id='par_1_58' title="bbox 483 3227 2125 3301">
     <span class='ocr_line' id='line_1_58' title="bbox 483 3227 2125 3301; baseline 0.003 -21"><span class='ocrx_word' id='word_1_404' title='bbox 483 3228 632 3301; x_wconf 83' lang='lat' dir='ltr'><strong>quit.</strong></span> <span class='ocrx_word' id='word_1_405' title='bbox 666 3227 922 3301; x_wconf 55' lang='lat' dir='ltr'><strong>Mox&#39;alii</strong></span> <span class='ocrx_word' id='word_1_406' title='bbox 963 3227 1225 3301; x_wconf 87' lang='lat' dir='ltr'><strong>quinque</strong></span> <span class='ocrx_word' id='word_1_407' title='bbox 1276 3246 1419 3285; x_wconf 89' lang='lat' dir='ltr'><strong>mss.</strong></span> <span class='ocrx_word' id='word_1_408' title='bbox 1468 3231 1728 3298; x_wconf 76' lang='lat' dir='ltr'><strong>violetur,</strong></span> <span class='ocrx_word' id='word_1_409' title='bbox 1789 3227 1912 3285; x_wconf 85' lang='lat' dir='ltr'><strong>loco</strong></span> <span class='ocrx_word' id='word_1_410' title='bbox 1967 3230 2125 3287; x_wconf 90' lang='lat' dir='ltr'><strong>verbi</strong></span> 
     </span>
    </p>
   </div>
   <div class='ocr_carea' id='block_1_59' title="bbox 478 3300 1080 3356">
    <p class='ocr_par' dir='ltr' id='par_1_59' title="bbox 478 3300 1080 3356">
     <span class='ocr_line' id='line_1_59' title="bbox 478 3300 1080 3356; baseline -0.002 -1"><span class='ocrx_word' id='word_1_411' title='bbox 478 3300 726 3356; x_wconf 74' lang='lat' dir='ltr'><strong>vitietur.</strong></span> <span class='ocrx_word' id='word_1_412' title='bbox 761 3300 1080 3356; x_wconf 65' lang='lat' dir='ltr'><strong>Consum.</strong></span> 
     </span>
    </p>
   </div>
   <div class='ocr_carea' id='block_1_60' title="bbox 550 3371 2124 3444">
    <p class='ocr_par' dir='ltr' id='par_1_60' title="bbox 550 3371 2124 3444">
     <span class='ocr_line' id='line_1_60' title="bbox 550 3371 2124 3444; baseline 0.002 -18"><span class='ocrx_word' id='word_1_413' title='bbox 550 3372 662 3444; x_wconf 89' lang='lat'><strong>(15)</strong></span> <span class='ocrx_word' id='word_1_414' title='bbox 716 3373 976 3444; x_wconf 66' lang='lat' dir='ltr'><strong>Yitietur.</strong></span> <span class='ocrx_word' id='word_1_415' title='bbox 1033 3371 1352 3444; x_wconf 81' lang='lat' dir='ltr'><strong>Fatendum</strong></span> <span class='ocrx_word' id='word_1_416' title='bbox 1395 3377 1486 3427; x_wconf 92' lang='lat' dir='ltr'><strong>est</strong></span> <span class='ocrx_word' id='word_1_417' title='bbox 1531 3389 1736 3428; x_wconf 91' lang='lat' dir='ltr'><strong>omnes</strong></span> <span class='ocrx_word' id='word_1_418' title='bbox 1786 3373 1901 3428; x_wconf 88' lang='lat' dir='ltr'><strong>fere</strong></span> <span class='ocrx_word' id='word_1_419' title='bbox 1944 3373 2124 3429; x_wconf 89' lang='lat' dir='ltr'><strong>libros</strong></span> 
     </span>
    </p>
   </div>
   <div class='ocr_carea' id='block_1_61' title="bbox 2240 3013 3867 3100">
    <p class='ocr_par' dir='ltr' id='par_1_61' title="bbox 2240 3013 3867 3100">
     <span class='ocr_line' id='line_1_61' title="bbox 2240 3013 3867 3100; baseline -0.002 -31"><span class='ocrx_word' id='word_1_420' title='bbox 2240 3019 2358 3100; x_wconf 66' lang='lat' dir='ltr'><strong>net.</strong></span> <span class='ocrx_word' id='word_1_421' title='bbox 2395 3014 2631 3100; x_wconf 68' lang='lat' dir='ltr'><strong>illorum</strong></span> <span class='ocrx_word' id='word_1_422' title='bbox 2664 3015 2878 3100; x_wconf 76' lang='lat' dir='ltr'><strong>quippe</strong></span> <span class='ocrx_word' id='word_1_423' title='bbox 2906 3015 3518 3100; x_wconf 46' lang='lat' dir='ltr'><strong>confessorum-tides</strong></span> <span class='ocrx_word' id='word_1_424' title='bbox 3562 3013 3867 3100; x_wconf 44' lang='lat' dir='ltr'><strong>potiusvex:</strong></span> 
     </span>
    </p>
   </div>
   <div class='ocr_carea' id='block_1_62' title="bbox 2241 3085 3868 3158">
    <p class='ocr_par' dir='ltr' id='par_1_62' title="bbox 2241 3085 3868 3158">
     <span class='ocr_line' id='line_1_62' title="bbox 2241 3085 3868 3158; baseline -0.002 -19"><span class='ocrx_word' id='word_1_425' title='bbox 2241 3085 2472 3150; x_wconf 88' lang='lat' dir='ltr'><strong>stincta,</strong></span> <span class='ocrx_word' id='word_1_426' title='bbox 2504 3102 2678 3157; x_wconf 89' lang='lat' dir='ltr'><strong>quam</strong></span> <span class='ocrx_word' id='word_1_427' title='bbox 2719 3085 2916 3158; x_wconf 84' lang='lat' dir='ltr'><strong>tepida</strong></span> <span class='ocrx_word' id='word_1_428' title='bbox 2954 3087 3293 3143; x_wconf 90' lang='lat' dir='ltr'><strong>videbatur.</strong></span> <span class='ocrx_word' id='word_1_429' title='bbox 3329 3088 3490 3143; x_wconf 90' lang='lat' dir='ltr'><strong>Idem</strong></span> <span class='ocrx_word' id='word_1_430' title='bbox 3522 3085 3610 3140; x_wconf 82' lang='lat' dir='ltr'><strong>vir</strong></span> <span class='ocrx_word' id='word_1_431' title='bbox 3634 3085 3868 3142; x_wconf 88' lang='lat' dir='ltr'><strong>eruditus</strong></span> 
     </span>
    </p>
   </div>
   <div class='ocr_carea' id='block_1_63' title="bbox 2238 3159 3873 3301">
    <p class='ocr_par' dir='ltr' id='par_1_63' title="bbox 2238 3159 3873 3301">
     <span class='ocr_line' id='line_1_63' title="bbox 2239 3159 3868 3229; baseline -0.002 -17"><span class='ocrx_word' id='word_1_432' title='bbox 2239 3173 2370 3212; x_wconf 91' lang='lat' dir='ltr'><strong>cum</strong></span> <span class='ocrx_word' id='word_1_433' title='bbox 2405 3164 2656 3229; x_wconf 90' lang='lat' dir='ltr'><strong>quatuor</strong></span> <span class='ocrx_word' id='word_1_434' title='bbox 2685 3174 2827 3212; x_wconf 88' lang='lat' dir='ltr'><strong>mss.</strong></span> <span class='ocrx_word' id='word_1_435' title='bbox 2861 3166 2916 3212; x_wconf 87' lang='lat' dir='ltr'><strong>et</strong></span> <span class='ocrx_word' id='word_1_436' title='bbox 2945 3161 3170 3214; x_wconf 83' lang='lat' dir='ltr'><strong>caeteris</strong></span> <span class='ocrx_word' id='word_1_437' title='bbox 3199 3160 3350 3214; x_wconf 90' lang='lat' dir='ltr'><strong>edit.</strong></span> <span class='ocrx_word' id='word_1_438' title='bbox 3390 3159 3640 3229; x_wconf 85' lang='lat' dir='ltr'><strong>praefert,</strong></span> <span class='ocrx_word' id='word_1_439' title='bbox 3669 3173 3758 3212; x_wconf 83' lang='lat' dir='ltr'><strong>nec</strong></span> <span class='ocrx_word' id='word_1_440' title='bbox 3773 3159 3868 3210; x_wconf 81' lang='lat' dir='ltr'><strong>ten-</strong></span> 
     </span>
     <span class='ocr_line' id='line_1_64' title="bbox 2238 3229 3873 3301; baseline -0.001 -18"><span class='ocrx_word' id='word_1_441' title='bbox 2238 3233 2422 3301; x_wconf 78' lang='lat' dir='ltr'><strong>tarent</strong></span> <span class='ocrx_word' id='word_1_442' title='bbox 2477 3229 2771 3284; x_wconf 83' lang='lat' dir='ltr'><strong>charitatis</strong></span> <span class='ocrx_word' id='word_1_443' title='bbox 2824 3234 2987 3301; x_wconf 83' lang='lat' dir='ltr'><strong>atque</strong></span> <span class='ocrx_word' id='word_1_444' title='bbox 3044 3232 3288 3286; x_wconf 77' lang='lat' dir='ltr'><strong>unitatis</strong></span> <span class='ocrx_word' id='word_1_445' title='bbox 3319 3231 3486 3301; x_wconf 81' lang='lat' dir='ltr'><strong>ﬁdem</strong></span> <span class='ocrx_word' id='word_1_446' title='bbox 3512 3248 3525 3298; x_wconf 93' lang='lat'><strong>;</strong></span> <span class='ocrx_word' id='word_1_447' title='bbox 3555 3229 3746 3301; x_wconf 90' lang='lat' dir='ltr'><strong>ibique</strong></span> <span class='ocrx_word' id='word_1_448' title='bbox 3772 3243 3873 3282; x_wconf 87' lang='lat' dir='ltr'><strong>ver-</strong></span> 
     </span>
    </p>
   </div>
   <div class='ocr_carea' id='block_1_64' title="bbox 2234 3245 3873 3384">
    <p class='ocr_par' dir='ltr' id='par_1_64' title="bbox 2234 3245 3873 3384">
     <span class='ocr_line' id='line_1_65' title="bbox 2238 3245 3873 3302; baseline -0.001 -19"><span class='ocrx_word' id='word_1_449' title='bbox 2238 3245 2422 3284; x_wconf 75' lang='lat' dir='ltr'><strong>tarent</strong></span> <span class='ocrx_word' id='word_1_450' title='bbox 2477 3245 2771 3284; x_wconf 76' lang='lat' dir='ltr'><strong>enaruatts</strong></span> <span class='ocrx_word' id='word_1_451' title='bbox 2824 3245 2987 3302; x_wconf 75' lang='lat' dir='ltr'><strong>atque</strong></span> <span class='ocrx_word' id='word_1_452' title='bbox 3044 3245 3288 3286; x_wconf 74' lang='lat' dir='ltr'><strong>unitatis</strong></span> <span class='ocrx_word' id='word_1_453' title='bbox 3319 3245 3486 3301; x_wconf 69' lang='lat' dir='ltr'><strong>ﬁdem</strong></span> <span class='ocrx_word' id='word_1_454' title='bbox 3512 3248 3525 3298; x_wconf 93' lang='lat'><strong>;</strong></span> <span class='ocrx_word' id='word_1_455' title='bbox 3555 3245 3746 3301; x_wconf 70' lang='lat' dir='ltr'><strong>imque</strong></span> <span class='ocrx_word' id='word_1_456' title='bbox 3772 3245 3873 3282; x_wconf 85' lang='lat' dir='ltr'><strong>ver-</strong></span> 
     </span>
     <span class='ocr_line' id='line_1_66' title="bbox 2234 3300 3873 3384; baseline -0.002 -30"><span class='ocrx_word' id='word_1_457' title='bbox 2234 3300 2374 3384; x_wconf 81' lang='lat' dir='ltr'><strong>bum</strong></span> <span class='ocrx_word' id='word_1_458' title='bbox 2433 3305 2804 3384; x_wconf 45' lang='lat' dir='ltr'><strong>tentarenpro</strong></span> <span class='ocrx_word' id='word_1_459' title='bbox 2843 3301 3163 3384; x_wconf 62' lang='lat' dir='ltr'><strong>explorare</strong></span> <span class='ocrx_word' id='word_1_460' title='bbox 3192 3307 3307 3384; x_wconf 81' lang='lat' dir='ltr'><strong>aut</strong></span> <span class='ocrx_word' id='word_1_461' title='bbox 3337 3302 3655 3384; x_wconf 76' lang='lat' dir='ltr'><strong>eti_am_pro</strong></span> <span class='ocrx_word' id='word_1_462' title='bbox 3700 3301 3873 3370; x_wconf 72' lang='lat' dir='ltr'><strong>infesto</strong></span> 
     </span>
    </p>
   </div>
   <div class='ocr_carea' id='block_1_65' title="bbox 2231 3372 3872 3445">
    <p class='ocr_par' dir='ltr' id='par_1_65' title="bbox 2231 3372 3872 3445">
     <span class='ocr_line' id='line_1_67' title="bbox 2231 3372 3872 3445; baseline -0.001 -19"><span class='ocrx_word' id='word_1_463' title='bbox 2231 3374 2426 3427; x_wconf 85' lang='lat' dir='ltr'><strong>animo</strong></span> <span class='ocrx_word' id='word_1_464' title='bbox 2465 3372 2692 3445; x_wconf 77' lang='lat' dir='ltr'><strong>aggredi</strong></span> <span class='ocrx_word' id='word_1_465' title='bbox 2730 3372 2984 3445; x_wconf 80' lang='lat' dir='ltr'><strong>positum</strong></span> <span class='ocrx_word' id='word_1_466' title='bbox 3020 3374 3376 3428; x_wconf 73' lang='lat' dir='ltr'><strong>arbitratur.</strong></span> <span class='ocrx_word' id='word_1_467' title='bbox 3413 3372 3741 3429; x_wconf 88' lang='lat' dir='ltr'><strong>Lectiouem</strong></span> <span class='ocrx_word' id='word_1_468' title='bbox 3767 3385 3872 3426; x_wconf 84' lang='lat' dir='ltr'><strong>ser-</strong></span> 
     </span>
    </p>
   </div>
   <div class='ocr_carea' id='block_1_66' title="bbox 473 3443 3874 3519">
    <p class='ocr_par' dir='ltr' id='par_1_66' title="bbox 473 3443 3874 3519">
     <span class='ocr_line' id='line_1_68' title="bbox 473 3443 3874 3519; baseline -0.001 -21"><span class='ocrx_word' id='word_1_469' title='bbox 473 3443 938 3519; x_wconf 77' lang='lat' dir='ltr'><strong>veteres_habere</strong></span> <span class='ocrx_word' id='word_1_470' title='bbox 966 3444 1183 3519; x_wconf 71' lang='lat' dir='ltr'><strong>videtur</strong></span> <span class='ocrx_word' id='word_1_471' title='bbox 1212 3443 1298 3497; x_wconf 88' lang='lat' dir='ltr'><strong>vel</strong></span> <span class='ocrx_word' id='word_1_472' title='bbox 1329 3445 1554 3499; x_wconf 81' lang='lat' dir='ltr'><strong>vitetur.</strong></span> <span class='ocrx_word' id='word_1_473' title='bbox 1615 3444 1804 3499; x_wconf 91' lang='lat' dir='ltr'><strong>Editio</strong></span> <span class='ocrx_word' id='word_1_474' title='bbox 1858 3444 2123 3513; x_wconf 89' lang='lat' dir='ltr'><strong>Morellii,</strong></span> <span class='ocrx_word' id='word_1_475' title='bbox 2155 3450 2200 3519; x_wconf 70' lang='grc' dir='ltr'>α</span> <span class='ocrx_word' id='word_1_476' title='bbox 2235 3448 2437 3497; x_wconf 86' lang='lat' dir='ltr'><strong>vantes</strong></span> <span class='ocrx_word' id='word_1_477' title='bbox 2469 3443 3025 3519; x_wconf 28' lang='lat' dir='ltr'><strong>pluriumfcodicum</strong></span> <span class='ocrx_word' id='word_1_478' title='bbox 3061 3461 3162 3500; x_wconf 86' lang='lat' dir='ltr'><strong>seu</strong></span> <span class='ocrx_word' id='word_1_479' title='bbox 3190 3446 3573 3519; x_wconf 80' lang='lat' dir='ltr'><strong>scriptorum</strong></span> <span class='ocrx_word' id='word_1_480' title='bbox 3600 3461 3699 3499; x_wconf 90' lang='lat' dir='ltr'><strong>seu</strong></span> <span class='ocrx_word' id='word_1_481' title='bbox 3727 3458 3874 3519; x_wconf 82' lang='lat' dir='ltr'><strong>excu-</strong></span> 
     </span>
    </p>
   </div>
   <div class='ocr_carea' id='block_1_67' title="bbox 476 3513 2128 3587">
    <p class='ocr_par' dir='ltr' id='par_1_67' title="bbox 476 3513 2128 3587">
     <span class='ocr_line' id='line_1_69' title="bbox 476 3513 2128 3587; baseline 0 -16"><span class='ocrx_word' id='word_1_482' title='bbox 476 3515 653 3571; x_wconf 83' lang='lat' dir='ltr'><strong>codex</strong></span> <span class='ocrx_word' id='word_1_483' title='bbox 683 3513 1282 3587; x_wconf 72' lang='lat' dir='ltr'><strong>Gratianopolitanus,</strong></span> <span class='ocrx_word' id='word_1_484' title='bbox 1315 3519 1371 3570; x_wconf 92' lang='lat' dir='ltr'><strong>et</strong></span> <span class='ocrx_word' id='word_1_485' title='bbox 1401 3532 1557 3571; x_wconf 89' lang='lat' dir='ltr'><strong>unus</strong></span> <span class='ocrx_word' id='word_1_486' title='bbox 1588 3531 1756 3572; x_wconf 90' lang='lat' dir='ltr'><strong>meus</strong></span> <span class='ocrx_word' id='word_1_487' title='bbox 1815 3519 2128 3587; x_wconf 66' lang='lat' dir='ltr'><strong>praeferunt</strong></span> 
     </span>
    </p>
   </div>
   <div class='ocr_carea' id='block_1_68' title="bbox 476 3585 2126 3710">
    <p class='ocr_par' dir='ltr' id='par_1_68' title="bbox 476 3585 2126 3710">
     <span class='ocr_line' id='line_1_70' title="bbox 476 3585 2126 3710; baseline 0.001 -68"><span class='ocrx_word' id='word_1_488' title='bbox 476 3587 724 3642; x_wconf 69' lang='lat' dir='ltr'><strong>violetur.</strong></span> <span class='ocrx_word' id='word_1_489' title='bbox 760 3586 847 3640; x_wconf 90' lang='lat' dir='ltr'><strong>Ita</strong></span> <span class='ocrx_word' id='word_1_490' title='bbox 876 3586 1050 3640; x_wconf 87' lang='lat' dir='ltr'><strong>etiam</strong></span> <span class='ocrx_word' id='word_1_491' title='bbox 1084 3602 1147 3640; x_wconf 92' lang='lat' dir='ltr'><strong>se</strong></span> <span class='ocrx_word' id='word_1_492' title='bbox 1176 3585 1389 3710; x_wconf 76' lang='lat' dir='ltr'><strong>legisse</strong></span> <span class='ocrx_word' id='word_1_493' title='bbox 1419 3587 1478 3641; x_wconf 91' lang='lat' dir='ltr'><strong>in</strong></span> <span class='ocrx_word' id='word_1_494' title='bbox 1519 3589 1778 3660; x_wconf 91' lang='lat' dir='ltr'><strong>quinque</strong></span> <span class='ocrx_word' id='word_1_495' title='bbox 1820 3585 2126 3644; x_wconf 60' lang='lat' dir='ltr'><strong>codicibus</strong></span> 
     </span>
     <span class='ocr_line' id='line_1_71' title="bbox 476 3657 1277 3710; baseline 0 0"><span class='ocrx_word' id='word_1_496' title='bbox 476 3658 736 3710; x_wconf 86' lang='lat' dir='ltr'><strong>antiauis</strong></span> <span class='ocrx_word' id='word_1_497' title='bbox 775 3661 1069 3710; x_wconf 87' lang='lat' dir='ltr'><strong>testantur</strong></span> <span class='ocrx_word' id='word_1_498' title='bbox 1086 3657 1230 3710; x_wconf 73' lang='lat' dir='ltr'><strong>Anul</strong></span> <span class='ocrx_word' id='word_1_499' title='bbox 1265 3701 1277 3710; x_wconf 92' lang='lat'><strong>.</strong></span> 
     </span>
    </p>
   </div>
   <div class='ocr_carea' id='block_1_69' title="bbox 476 3657 1277 3730">
    <p class='ocr_par' dir='ltr' id='par_1_69' title="bbox 476 3657 1277 3730">
     <span class='ocr_line' id='line_1_72' title="bbox 476 3657 1277 3730; baseline 0.001 -18"><span class='ocrx_word' id='word_1_500' title='bbox 476 3658 737 3730; x_wconf 82' lang='lat' dir='ltr'><strong>antiquis</strong></span> <span class='ocrx_word' id='word_1_501' title='bbox 775 3661 1069 3730; x_wconf 84' lang='lat' dir='ltr'><strong>testantur</strong></span> <span class='ocrx_word' id='word_1_502' title='bbox 1086 3657 1277 3730; x_wconf 82' lang='lat' dir='ltr'><strong>Angli.</strong></span> 
     </span>
    </p>
   </div>
   <div class='ocr_carea' id='block_1_70' title="bbox 551 3728 2124 3800">
    <p class='ocr_par' dir='ltr' id='par_1_70' title="bbox 551 3728 2124 3800">
     <span class='ocr_line' id='line_1_73' title="bbox 551 3728 2124 3800; baseline 0 -18"><span class='ocrx_word' id='word_1_503' title='bbox 551 3728 663 3800; x_wconf 89' lang='lat'><strong>(16)</strong></span> <span class='ocrx_word' id='word_1_504' title='bbox 713 3729 886 3784; x_wconf 80' lang='lat' dir='ltr'><strong>Fideli</strong></span> <span class='ocrx_word' id='word_1_505' title='bbox 925 3728 1202 3800; x_wconf 44' lang='lat' dir='ltr'><strong>sanitate.—</strong></span> <span class='ocrx_word' id='word_1_506' title='bbox 1239 3729 1505 3800; x_wconf 65' lang='lat' dir='ltr'><strong>Antiquae</strong></span> <span class='ocrx_word' id='word_1_507' title='bbox 1554 3728 1840 3784; x_wconf 89' lang='lat' dir='ltr'><strong>editiones</strong></span> <span class='ocrx_word' id='word_1_508' title='bbox 1897 3733 1954 3783; x_wconf 91' lang='lat' dir='ltr'><strong>et</strong></span> <span class='ocrx_word' id='word_1_509' title='bbox 2007 3729 2124 3783; x_wconf 92' lang='lat' dir='ltr'><strong>duo</strong></span> 
     </span>
    </p>
   </div>
   <div class='ocr_carea' id='block_1_71' title="bbox 479 3799 2125 3856">
    <p class='ocr_par' dir='ltr' id='par_1_71' title="bbox 479 3799 2125 3856">
     <span class='ocr_line' id='line_1_74' title="bbox 479 3799 2125 3856; baseline 0.002 -3"><span class='ocrx_word' id='word_1_510' title='bbox 479 3799 611 3854; x_wconf 89' lang='lat' dir='ltr'><strong>libri</strong></span> <span class='ocrx_word' id='word_1_511' title='bbox 671 3803 889 3855; x_wconf 74' lang='lat' dir='ltr'><strong>veteres</strong></span> <span class='ocrx_word' id='word_1_512' title='bbox 945 3799 1165 3855; x_wconf 88' lang='lat' dir='ltr'><strong>habent</strong></span> <span class='ocrx_word' id='word_1_513' title='bbox 1221 3801 1342 3856; x_wconf 82' lang='lat' dir='ltr'><strong>tide.</strong></span> <span class='ocrx_word' id='word_1_514' title='bbox 1392 3799 1503 3856; x_wconf 87' lang='lat' dir='ltr'><strong>Sed</strong></span> <span class='ocrx_word' id='word_1_515' title='bbox 1544 3816 1746 3856; x_wconf 90' lang='lat' dir='ltr'><strong>omnes</strong></span> <span class='ocrx_word' id='word_1_516' title='bbox 1778 3799 1874 3855; x_wconf 89' lang='lat' dir='ltr'><strong>alii</strong></span> <span class='ocrx_word' id='word_1_517' title='bbox 1907 3800 2125 3855; x_wconf 89' lang='lat' dir='ltr'><strong>habent</strong></span> 
     </span>
    </p>
   </div>
   <div class='ocr_carea' id='block_1_72' title="bbox 478 3870 2122 3945">
    <p class='ocr_par' dir='ltr' id='par_1_72' title="bbox 478 3870 2122 3945">
     <span class='ocr_line' id='line_1_75' title="bbox 478 3870 2122 3945; baseline 0.001 -20"><span class='ocrx_word' id='word_1_518' title='bbox 478 3871 648 3945; x_wconf 79' lang='lat' dir='ltr'><strong>ﬁdeli.</strong></span> <span class='ocrx_word' id='word_1_519' title='bbox 682 3870 954 3936; x_wconf 84' lang='lat' dir='ltr'><strong>Quamvis</strong></span> <span class='ocrx_word' id='word_1_520' title='bbox 988 3888 1123 3945; x_wconf 90' lang='lat' dir='ltr'><strong>ergo</strong></span> <span class='ocrx_word' id='word_1_521' title='bbox 1154 3875 1397 3943; x_wconf 85' lang='lat' dir='ltr'><strong>utraque</strong></span> <span class='ocrx_word' id='word_1_522' title='bbox 1429 3871 1597 3927; x_wconf 89' lang='lat' dir='ltr'><strong>lectio</strong></span> <span class='ocrx_word' id='word_1_523' title='bbox 1619 3871 1938 3945; x_wconf 80' lang='lat' dir='ltr'><strong>constituat</strong></span> <span class='ocrx_word' id='word_1_524' title='bbox 1958 3888 2122 3945; x_wconf 86' lang='lat' dir='ltr'><strong>eum-</strong></span> 
     </span>
    </p>
   </div>
   <div class='ocr_carea' id='block_1_73' title="bbox 477 3942 2122 4016">
    <p class='ocr_par' dir='ltr' id='par_1_73' title="bbox 477 3942 2122 4016">
     <span class='ocr_line' id='line_1_76' title="bbox 477 3942 2122 4016; baseline 0.001 -19"><span class='ocrx_word' id='word_1_525' title='bbox 477 3943 607 3998; x_wconf 89' lang='lat' dir='ltr'><strong>dem</strong></span> <span class='ocrx_word' id='word_1_526' title='bbox 641 3958 1015 4016; x_wconf 79' lang='lat' dir='ltr'><strong>sensum,ego</strong></span> <span class='ocrx_word' id='word_1_527' title='bbox 1045 3942 1240 3999; x_wconf 70' lang='lat' dir='ltr'><strong>tamen</strong></span> <span class='ocrx_word' id='word_1_528' title='bbox 1272 3942 1398 4016; x_wconf 78' lang='lat' dir='ltr'><strong>eam</strong></span> <span class='ocrx_word' id='word_1_529' title='bbox 1432 3945 1670 4012; x_wconf 66' lang='lat' dir='ltr'><strong>praefero</strong></span> <span class='ocrx_word' id='word_1_530' title='bbox 1704 3960 1834 4015; x_wconf 61' lang='lat' dir='ltr'><strong>qua</strong></span> <span class='ocrx_word' id='word_1_531' title='bbox 1864 3942 2122 4015; x_wconf 89' lang='lat' dir='ltr'><strong>plurium</strong></span> 
     </span>
    </p>
   </div>
   <div class='ocr_carea' id='block_1_74' title="bbox 475 4014 1684 4070">
    <p class='ocr_par' dir='ltr' id='par_1_74' title="bbox 475 4014 1684 4070">
     <span class='ocr_line' id='line_1_77' title="bbox 475 4014 1684 4070; baseline -0.001 0"><span class='ocrx_word' id='word_1_532' title='bbox 475 4018 731 4070; x_wconf 86' lang='lat' dir='ltr'><strong>veterum</strong></span> <span class='ocrx_word' id='word_1_533' title='bbox 766 4014 1048 4070; x_wconf 84' lang='lat' dir='ltr'><strong>librorum</strong></span> <span class='ocrx_word' id='word_1_534' title='bbox 1085 4015 1429 4070; x_wconf 91' lang='lat' dir='ltr'><strong>auctoritate</strong></span> <span class='ocrx_word' id='word_1_535' title='bbox 1458 4015 1684 4069; x_wconf 90' lang='lat' dir='ltr'><strong>nititur.</strong></span> 
     </span>
    </p>
   </div>
   <div class='ocr_carea' id='block_1_75' title="bbox 549 4086 2122 4172">
    <p class='ocr_par' dir='ltr' id='par_1_75' title="bbox 549 4086 2122 4172">
     <span class='ocr_line' id='line_1_78' title="bbox 549 4086 2122 4172; baseline 0 -33"><span class='ocrx_word' id='word_1_536' title='bbox 549 4087 662 4158; x_wconf 94' lang='lat'><strong>(17)</strong></span> <span class='ocrx_word' id='word_1_537' title='bbox 695 4086 1321 4172; x_wconf 42' lang='lat' dir='ltr'><strong>Adgloriam.‘8.upple</strong></span> <span class='ocrx_word' id='word_1_538' title='bbox 1347 4086 1769 4172; x_wconf 67' lang='lat' dir='ltr'><strong>confessionis;</strong></span> <span class='ocrx_word' id='word_1_539' title='bbox 1803 4086 1956 4172; x_wconf 81' lang='lat' dir='ltr'><strong>quod</strong></span> <span class='ocrx_word' id='word_1_540' title='bbox 1993 4086 2122 4158; x_wconf 90' lang='lat' dir='ltr'><strong>qui-</strong></span> 
     </span>
    </p>
   </div>
   <div class='ocr_carea' id='block_1_76' title="bbox 475 4157 2122 4231">
    <p class='ocr_par' dir='ltr' id='par_1_76' title="bbox 475 4157 2122 4231">
     <span class='ocr_line' id='line_1_79' title="bbox 475 4157 2122 4231; baseline 0 -19"><span class='ocrx_word' id='word_1_541' title='bbox 475 4157 605 4212; x_wconf 89' lang='lat' dir='ltr'><strong>dem</strong></span> <span class='ocrx_word' id='word_1_542' title='bbox 641 4157 1063 4231; x_wconf 81' lang='lat' dir='ltr'><strong>exprimi_turin</strong></span> <span class='ocrx_word' id='word_1_543' title='bbox 1090 4157 1182 4213; x_wconf 88' lang='lat' dir='ltr'><strong>his</strong></span> <span class='ocrx_word' id='word_1_544' title='bbox 1198 4157 1466 4231; x_wconf 81' lang='lat' dir='ltr'><strong>ejusdem</strong></span> <span class='ocrx_word' id='word_1_545' title='bbox 1489 4157 1758 4231; x_wconf 84' lang='lat' dir='ltr'><strong>Cypriani</strong></span> <span class='ocrx_word' id='word_1_546' title='bbox 1791 4159 1960 4228; x_wconf 89' lang='lat' dir='ltr'><strong>epist.</strong></span> <span class='ocrx_word' id='word_1_547' title='bbox 1993 4157 2122 4212; x_wconf 77' lang='lat' dir='ltr'><strong>thv</strong></span> 
     </span>
    </p>
   </div>
   <div class='ocr_carea' id='block_1_77' title="bbox 472 4229 2120 4286">
    <p class='ocr_par' dir='ltr' id='par_1_77' title="bbox 472 4229 2120 4286">
     <span class='ocr_line' id='line_1_80' title="bbox 472 4229 2120 4286; baseline 0 -2"><span class='ocrx_word' id='word_1_548' title='bbox 472 4245 574 4284; x_wconf 89' lang='lat' dir='ltr'><strong>seu</strong></span> <span class='ocrx_word' id='word_1_549' title='bbox 607 4246 733 4284; x_wconf 65' lang='lat' dir='ltr'><strong>xcv:</strong></span> <span class='ocrx_word' id='word_1_550' title='bbox 765 4229 833 4282; x_wconf 86' lang='lat' dir='ltr'><strong>ad</strong></span> <span class='ocrx_word' id='word_1_551' title='bbox 877 4229 1163 4286; x_wconf 83' lang='lat' dir='ltr'><strong>insosmet</strong></span> <span class='ocrx_word' id='word_1_552' title='bbox 1207 4229 1612 4286; x_wconf 75' lang='lat' dir='ltr'><strong>confessor-es:</strong></span> <span class='ocrx_word' id='word_1_553' title='bbox 1657 4229 1744 4283; x_wconf 84' lang='lat' dir='ltr'><strong>Ad</strong></span> <span class='ocrx_word' id='word_1_554' title='bbox 1770 4233 2006 4284; x_wconf 86' lang='lat' dir='ltr'><strong>matrem</strong></span> <span class='ocrx_word' id='word_1_555' title='bbox 2035 4245 2120 4284; x_wconf 89' lang='lat' dir='ltr'><strong>re-</strong></span> 
     </span>
    </p>
   </div>
   <div class='ocr_carea' id='block_1_78' title="bbox 473 4301 2122 4372">
    <p class='ocr_par' dir='ltr' id='par_1_78' title="bbox 473 4301 2122 4372">
     <span class='ocr_line' id='line_1_81' title="bbox 473 4301 2122 4372; baseline 0 -16"><span class='ocrx_word' id='word_1_556' title='bbox 473 4303 775 4356; x_wconf 83' lang='lat' dir='ltr'><strong>vertamini</strong></span> <span class='ocrx_word' id='word_1_557' title='bbox 802 4301 948 4355; x_wconf 63' lang='lat' dir='ltr'><strong>unde</strong></span> <span class='ocrx_word' id='word_1_558' title='bbox 989 4301 1292 4372; x_wconf 77' lang='lat' dir='ltr'><strong>prodiistis,</strong></span> <span class='ocrx_word' id='word_1_559' title='bbox 1344 4301 1490 4356; x_wconf 81' lang='lat' dir='ltr'><strong>unde</strong></span> <span class='ocrx_word' id='word_1_560' title='bbox 1519 4301 1596 4356; x_wconf 89' lang='lat' dir='ltr'><strong>ad</strong></span> <span class='ocrx_word' id='word_1_561' title='bbox 1623 4303 1984 4371; x_wconf 81' lang='lat' dir='ltr'><strong>confessionis</strong></span> <span class='ocrx_word' id='word_1_562' title='bbox 2011 4302 2122 4372; x_wconf 84' lang='lat' dir='ltr'><strong>glo-</strong></span> 
     </span>
    </p>
   </div>
   <div class='ocr_carea' id='block_1_79' title="bbox 470 4372 1938 4442">
    <p class='ocr_par' dir='ltr' id='par_1_79' title="bbox 470 4372 1938 4442">
     <span class='ocr_line' id='line_1_82' title="bbox 470 4372 1938 4442; baseline -0.002 -14"><span class='ocrx_word' id='word_1_563' title='bbox 470 4373 616 4428; x_wconf 83' lang='lat' dir='ltr'><strong>riam</strong></span> <span class='ocrx_word' id='word_1_564' title='bbox 644 4389 763 4427; x_wconf 84' lang='lat' dir='ltr'><strong>cum</strong></span> <span class='ocrx_word' id='word_1_565' title='bbox 793 4372 1034 4442; x_wconf 72' lang='lat' dir='ltr'><strong>ejusdem</strong></span> <span class='ocrx_word' id='word_1_566' title='bbox 1065 4374 1264 4426; x_wconf 82' lang='lat' dir='ltr'><strong>matris</strong></span> <span class='ocrx_word' id='word_1_567' title='bbox 1297 4373 1660 4428; x_wconf 74' lang='lat' dir='ltr'><strong>exsultatione</strong></span> <span class='ocrx_word' id='word_1_568' title='bbox 1690 4374 1938 4428; x_wconf 76' lang='lat' dir='ltr'><strong>venistis.</strong></span> 
     </span>
    </p>
   </div>
   <div class='ocr_carea' id='block_1_80' title="bbox 543 4443 2116 4514">
    <p class='ocr_par' dir='ltr' id='par_1_80' title="bbox 543 4443 2116 4514">
     <span class='ocr_line' id='line_1_83' title="bbox 543 4443 2116 4514; baseline 0 -16"><span class='ocrx_word' id='word_1_569' title='bbox 543 4445 656 4514; x_wconf 90' lang='lat'><strong>(18)</strong></span> <span class='ocrx_word' id='word_1_570' title='bbox 685 4449 792 4500; x_wconf 82' lang='lat' dir='ltr'><strong>Nec</strong></span> <span class='ocrx_word' id='word_1_571' title='bbox 816 4444 1404 4500; x_wconf 72' lang='lat' dir='ltr'><strong>lc‘ntarent.Undecim</strong></span> <span class='ocrx_word' id='word_1_572' title='bbox 1441 4443 1570 4500; x_wconf 91' lang='lat' dir='ltr'><strong>libri</strong></span> <span class='ocrx_word' id='word_1_573' title='bbox 1604 4443 1786 4498; x_wconf 86' lang='lat' dir='ltr'><strong>nostri</strong></span> <span class='ocrx_word' id='word_1_574' title='bbox 1817 4448 1874 4499; x_wconf 94' lang='lat' dir='ltr'><strong>et</strong></span> <span class='ocrx_word' id='word_1_575' title='bbox 1895 4447 2116 4514; x_wconf 90' lang='lat' dir='ltr'><strong>septem</strong></span> 
     </span>
    </p>
   </div>
   <div class='ocr_carea' id='block_1_81' title="bbox 473 4515 2120 4585">
    <p class='ocr_par' dir='ltr' id='par_1_81' title="bbox 473 4515 2120 4585">
     <span class='ocr_line' id='line_1_84' title="bbox 473 4515 2120 4585; baseline 0.001 -16"><span class='ocrx_word' id='word_1_576' title='bbox 473 4515 774 4585; x_wconf 84' lang='lat' dir='ltr'><strong>Anglicani</strong></span> <span class='ocrx_word' id='word_1_577' title='bbox 840 4517 1175 4585; x_wconf 85' lang='lat' dir='ltr'><strong>praeferunt,</strong></span> <span class='ocrx_word' id='word_1_578' title='bbox 1246 4517 1351 4571; x_wconf 88' lang='lat' dir='ltr'><strong>Nec</strong></span> <span class='ocrx_word' id='word_1_579' title='bbox 1423 4522 1771 4572; x_wconf 82' lang='lat' dir='ltr'><strong>tentarenlur</strong></span> <span class='ocrx_word' id='word_1_580' title='bbox 1833 4515 2120 4570; x_wconf 80' lang='lat' dir='ltr'><strong>charitatis</strong></span> 
     </span>
    </p>
   </div>
   <div class='ocr_carea' id='block_1_82' title="bbox 473 4587 2122 4658">
    <p class='ocr_par' dir='ltr' id='par_1_82' title="bbox 473 4587 2122 4658">
     <span class='ocr_line' id='line_1_85' title="bbox 473 4587 2122 4658; baseline -0.001 -17"><span class='ocrx_word' id='word_1_581' title='bbox 473 4595 635 4658; x_wconf 83' lang='lat' dir='ltr'><strong>atque</strong></span> <span class='ocrx_word' id='word_1_582' title='bbox 665 4588 902 4658; x_wconf 81' lang='lat' dir='ltr'><strong>unitatis</strong></span> <span class='ocrx_word' id='word_1_583' title='bbox 930 4587 1053 4657; x_wconf 86' lang='lat' dir='ltr'><strong>ﬁde.</strong></span> <span class='ocrx_word' id='word_1_584' title='bbox 1091 4588 1258 4644; x_wconf 87' lang='lat' dir='ltr'><strong>Liber</strong></span> <span class='ocrx_word' id='word_1_585' title='bbox 1288 4605 1456 4644; x_wconf 90' lang='lat' dir='ltr'><strong>meus</strong></span> <span class='ocrx_word' id='word_1_586' title='bbox 1485 4594 1672 4658; x_wconf 88' lang='lat' dir='ltr'><strong>vetus,</strong></span> <span class='ocrx_word' id='word_1_587' title='bbox 1704 4604 1802 4642; x_wconf 80' lang='lat' dir='ltr'><strong>nec</strong></span> <span class='ocrx_word' id='word_1_588' title='bbox 1821 4595 2122 4642; x_wconf 79' lang='lat' dir='ltr'><strong>tentaretur</strong></span> 
     </span>
    </p>
   </div>
   <div class='ocr_carea' id='block_1_83' title="bbox 473 4657 2118 4732">
    <p class='ocr_par' dir='ltr' id='par_1_83' title="bbox 473 4657 2118 4732">
     <span class='ocr_line' id='line_1_86' title="bbox 473 4657 2118 4732; baseline -0.001 -18"><span class='ocrx_word' id='word_1_589' title='bbox 473 4657 642 4714; x_wconf 37' lang='lat' dir='ltr'><strong>in&#39;eis</strong></span> <span class='ocrx_word' id='word_1_590' title='bbox 669 4657 959 4732; x_wconf 69' lang='lat' dir='ltr'><strong>charitatis</strong></span> <span class='ocrx_word' id='word_1_591' title='bbox 989 4669 1148 4732; x_wconf 81' lang='lat' dir='ltr'><strong>atque</strong></span> <span class='ocrx_word' id='word_1_592' title='bbox 1175 4661 1408 4716; x_wconf 79' lang='lat' dir='ltr'><strong>unitatis</strong></span> <span class='ocrx_word' id='word_1_593' title='bbox 1445 4661 1570 4732; x_wconf 83' lang='lat' dir='ltr'><strong>ﬁde.</strong></span> <span class='ocrx_word' id='word_1_594' title='bbox 1603 4657 1735 4724; x_wconf 80' lang='lat' dir='ltr'><strong>Quae</strong></span> <span class='ocrx_word' id='word_1_595' title='bbox 1765 4659 1933 4714; x_wconf 88' lang='lat' dir='ltr'><strong>lectio</strong></span> <span class='ocrx_word' id='word_1_596' title='bbox 1961 4659 2118 4713; x_wconf 88' lang='lat' dir='ltr'><strong>vide-</strong></span> 
     </span>
    </p>
   </div>
   <div class='ocr_carea' id='block_1_84' title="bbox 472 4728 976 4785">
    <p class='ocr_par' dir='ltr' id='par_1_84' title="bbox 472 4728 976 4785">
     <span class='ocr_line' id='line_1_87' title="bbox 472 4728 976 4785; baseline 0.002 0"><span class='ocrx_word' id='word_1_597' title='bbox 472 4734 572 4785; x_wconf 88' lang='lat' dir='ltr'><strong>tur</strong></span> <span class='ocrx_word' id='word_1_598' title='bbox 599 4746 728 4785; x_wconf 88' lang='lat' dir='ltr'><strong>esse</strong></span> <span class='ocrx_word' id='word_1_599' title='bbox 754 4728 976 4785; x_wconf 87' lang='lat' dir='ltr'><strong>melior.</strong></span> 
     </span>
    </p>
   </div>
   <div class='ocr_carea' id='block_1_85' title="bbox 545 4801 2196 4886">
    <p class='ocr_par' dir='ltr' id='par_1_85' title="bbox 545 4801 2196 4886">
     <span class='ocr_line' id='line_1_88' title="bbox 545 4801 2196 4886; baseline 0.002 -32"><span class='ocrx_word' id='word_1_600' title='bbox 545 4801 657 4886; x_wconf 80' lang='lat'><strong>(19)</strong></span> <span class='ocrx_word' id='word_1_601' title='bbox 712 4801 1026 4886; x_wconf 61' lang='lat' dir='ltr'><strong>Cﬁaritatis.</strong></span> <span class='ocrx_word' id='word_1_602' title='bbox 1091 4806 1150 4856; x_wconf 79' lang='lat' dir='ltr'><strong>In</strong></span> <span class='ocrx_word' id='word_1_603' title='bbox 1197 4802 1383 4886; x_wconf 45' lang='lat' dir='ltr'><strong>.O_XOD.</strong></span> <span class='ocrx_word' id='word_1_604' title='bbox 1453 4802 1592 4886; x_wconf 76' lang='lat' dir='ltr'><strong>edit.</strong></span> <span class='ocrx_word' id='word_1_605' title='bbox 1645 4807 1812 4872; x_wconf 83' lang='lat' dir='ltr'><strong>atque</strong></span> <span class='ocrx_word' id='word_1_606' title='bbox 1867 4802 2120 4886; x_wconf 62' lang='lat' dir='ltr'><strong>veritatis</strong></span> <span class='ocrx_word' id='word_1_607' title='bbox 2152 4821 2196 4886; x_wconf 66' lang='grc' dir='ltr'>Β</span> 
     </span>
    </p>
   </div>
   <div class='ocr_carea' id='block_1_86' title="bbox 472 4872 2116 4946">
    <p class='ocr_par' dir='ltr' id='par_1_86' title="bbox 472 4872 2116 4946">
     <span class='ocr_line' id='line_1_89' title="bbox 472 4872 2116 4946; baseline -0.001 -18"><span class='ocrx_word' id='word_1_608' title='bbox 472 4872 678 4946; x_wconf 76' lang='lat' dir='ltr'><strong>ﬁdem:</strong></span> <span class='ocrx_word' id='word_1_609' title='bbox 711 4872 1007 4946; x_wconf 91' lang='lat' dir='ltr'><strong>simulque</strong></span> <span class='ocrx_word' id='word_1_610' title='bbox 1036 4877 1369 4940; x_wconf 87' lang='lat' dir='ltr'><strong>annotatur,</strong></span> <span class='ocrx_word' id='word_1_611' title='bbox 1404 4876 1534 4946; x_wconf 82' lang='lat' dir='ltr'><strong>octo</strong></span> <span class='ocrx_word' id='word_1_612' title='bbox 1567 4890 1676 4929; x_wconf 89' lang='lat' dir='ltr'><strong>me.</strong></span> <span class='ocrx_word' id='word_1_613' title='bbox 1723 4889 1855 4927; x_wconf 90' lang='lat' dir='ltr'><strong>cum</strong></span> <span class='ocrx_word' id='word_1_614' title='bbox 1913 4873 2116 4928; x_wconf 89' lang='lat' dir='ltr'><strong>Manu-</strong></span> 
     </span>
    </p>
   </div>
   <div class='ocr_carea' id='block_1_87' title="bbox 470 4943 2119 5015">
    <p class='ocr_par' dir='ltr' id='par_1_87' title="bbox 470 4943 2119 5015">
     <span class='ocr_line' id='line_1_90' title="bbox 470 4943 2119 5015; baseline -0.001 -16"><span class='ocrx_word' id='word_1_615' title='bbox 470 4945 559 4999; x_wconf 84' lang='lat' dir='ltr'><strong>cio</strong></span> <span class='ocrx_word' id='word_1_616' title='bbox 590 4943 986 5015; x_wconf 71' lang='lat' dir='ltr'><strong>exhibere,riee</strong></span> <span class='ocrx_word' id='word_1_617' title='bbox 1013 4948 1360 4999; x_wconf 83' lang='lat' dir='ltr'><strong>tentarentur</strong></span> <span class='ocrx_word' id='word_1_618' title='bbox 1385 4943 1677 4999; x_wconf 83' lang='lat' dir='ltr'><strong>eharitatis</strong></span> <span class='ocrx_word' id='word_1_619' title='bbox 1707 4949 1866 5014; x_wconf 83' lang='lat' dir='ltr'><strong>atque</strong></span> <span class='ocrx_word' id='word_1_620' title='bbox 1887 4946 2119 4998; x_wconf 79' lang='lat' dir='ltr'><strong>unitatis</strong></span> 
     </span>
    </p>
   </div>
   <div class='ocr_carea' id='block_1_88' title="bbox 466 5015 2116 5088">
    <p class='ocr_par' dir='ltr' id='par_1_88' title="bbox 466 5015 2116 5088">
     <span class='ocr_line' id='line_1_91' title="bbox 466 5015 2116 5088; baseline -0.001 -17"><span class='ocrx_word' id='word_1_621' title='bbox 466 5017 591 5086; x_wconf 87' lang='lat' dir='ltr'><strong>ﬁde.</strong></span> <span class='ocrx_word' id='word_1_622' title='bbox 627 5018 812 5074; x_wconf 80' lang='lat' dir='ltr'><strong>Habet</strong></span> <span class='ocrx_word' id='word_1_623' title='bbox 841 5015 1587 5088; x_wconf 17' lang='lat' dir='ltr'><strong>quidemicompendiensis</strong></span> <span class='ocrx_word' id='word_1_624' title='bbox 1608 5031 1720 5070; x_wconf 90' lang='lat' dir='ltr'><strong>ms.</strong></span> <span class='ocrx_word' id='word_1_625' title='bbox 1746 5021 2116 5088; x_wconf 77' lang='lat' dir='ltr'><strong>tentarentur,</strong></span> 
     </span>
    </p>
   </div>
   <div class='ocr_carea' id='block_1_89' title="bbox 465 5085 2118 5157">
    <p class='ocr_par' dir='ltr' id='par_1_89' title="bbox 465 5085 2118 5157">
     <span class='ocr_line' id='line_1_92' title="bbox 465 5085 2118 5157; baseline -0.002 -13"><span class='ocrx_word' id='word_1_626' title='bbox 465 5085 566 5145; x_wconf 83' lang='lat' dir='ltr'><strong>sed</strong></span> <span class='ocrx_word' id='word_1_627' title='bbox 603 5089 812 5145; x_wconf 78' lang='lat' dir='ltr'><strong>retinet</strong></span> <span class='ocrx_word' id='word_1_628' title='bbox 841 5085 1026 5157; x_wconf 86' lang='lat' dir='ltr'><strong>ﬁdem.</strong></span> <span class='ocrx_word' id='word_1_629' title='bbox 1065 5085 1288 5141; x_wconf 34' lang='lat' dir='ltr'><strong>Utravi’s</strong></span> <span class='ocrx_word' id='word_1_630' title='bbox 1321 5102 1465 5143; x_wconf 90' lang='lat' dir='ltr'><strong>mss.</strong></span> <span class='ocrx_word' id='word_1_631' title='bbox 1499 5085 1754 5157; x_wconf 10' lang='lat' dir='ltr'><strong>illorum,</strong></span> <span class='ocrx_word' id='word_1_632' title='bbox 1787 5085 1955 5141; x_wconf 90' lang='lat' dir='ltr'><strong>lectio</strong></span> <span class='ocrx_word' id='word_1_633' title='bbox 1988 5087 2118 5141; x_wconf 82' lang='lat' dir='ltr'><strong>har-</strong></span> 
     </span>
    </p>
   </div>
   <div class='ocr_carea' id='block_1_90' title="bbox 464 5156 2117 5233">
    <p class='ocr_par' dir='ltr' id='par_1_90' title="bbox 464 5156 2117 5233">
     <span class='ocr_line' id='line_1_93' title="bbox 464 5156 2117 5233; baseline 0 -20"><span class='ocrx_word' id='word_1_634' title='bbox 464 5160 692 5233; x_wconf 22' lang='lat' dir='ltr'><strong>barauet</strong></span> <span class='ocrx_word' id='word_1_635' title='bbox 721 5156 989 5233; x_wconf 77' lang='lat' dir='ltr'><strong>Cypriani</strong></span> <span class='ocrx_word' id='word_1_636' title='bbox 1035 5158 1476 5233; x_wconf 69' lang='lat' dir='ltr'><strong>styloindigna.</strong></span> <span class='ocrx_word' id='word_1_637' title='bbox 1503 5158 1617 5212; x_wconf 90' lang='lat' dir='ltr'><strong>Nec</strong></span> <span class='ocrx_word' id='word_1_638' title='bbox 1648 5156 1758 5233; x_wconf 78' lang='lat' dir='ltr'><strong>dici</strong></span> <span class='ocrx_word' id='word_1_639' title='bbox 1801 5158 2117 5233; x_wconf 80' lang='lat' dir='ltr'><strong>potestbo-</strong></span> 
     </span>
    </p>
   </div>
   <div class='ocr_carea' id='block_1_91' title="bbox 460 5228 2116 5296">
    <p class='ocr_par' dir='ltr' id='par_1_91' title="bbox 460 5228 2116 5296">
     <span class='ocr_line' id='line_1_94' title="bbox 460 5228 2116 5296; baseline -0.001 -10"><span class='ocrx_word' id='word_1_640' title='bbox 460 5249 568 5287; x_wconf 80' lang='lat' dir='ltr'><strong>nos</strong></span> <span class='ocrx_word' id='word_1_641' title='bbox 602 5231 734 5286; x_wconf 91' lang='lat' dir='ltr'><strong>illos</strong></span> <span class='ocrx_word' id='word_1_642' title='bbox 765 5228 1130 5284; x_wconf 67' lang='lat' dir='ltr'><strong>confessores</strong></span> <span class='ocrx_word' id='word_1_643' title='bbox 1161 5228 1313 5286; x_wconf 88' lang='lat' dir='ltr'><strong>circa</strong></span> <span class='ocrx_word' id='word_1_644' title='bbox 1344 5228 1515 5286; x_wconf 81' lang='lat' dir='ltr'><strong>fidem</strong></span> <span class='ocrx_word' id='word_1_645' title='bbox 1539 5234 1596 5285; x_wconf 92' lang='lat' dir='ltr'><strong>et</strong></span> <span class='ocrx_word' id='word_1_646' title='bbox 1617 5229 1899 5284; x_wconf 82' lang='lat' dir='ltr'><strong>unitatem</strong></span> <span class='ocrx_word' id='word_1_647' title='bbox 1925 5231 2116 5296; x_wconf 82' lang='lat' dir='ltr'><strong>solum</strong></span> 
     </span>
    </p>
   </div>
   <div class='ocr_carea' id='block_1_92' title="bbox 460 5301 2118 5374">
    <p class='ocr_par' dir='ltr' id='par_1_92' title="bbox 460 5301 2118 5374">
     <span class='ocr_line' id='line_1_95' title="bbox 460 5301 2118 5374; baseline 0.001 -18"><span class='ocrx_word' id='word_1_648' title='bbox 460 5307 746 5365; x_wconf 87' lang='lat' dir='ltr'><strong>teutatos,</strong></span> <span class='ocrx_word' id='word_1_649' title='bbox 780 5317 930 5374; x_wconf 87' lang='lat' dir='ltr'><strong>quos</strong></span> <span class='ocrx_word' id='word_1_650' title='bbox 962 5301 1032 5356; x_wconf 92' lang='lat' dir='ltr'><strong>ab</strong></span> <span class='ocrx_word' id='word_1_651' title='bbox 1069 5303 1290 5357; x_wconf 88' lang='lat' dir='ltr'><strong>unitate</strong></span> <span class='ocrx_word' id='word_1_652' title='bbox 1334 5303 1620 5357; x_wconf 88' lang='lat' dir='ltr'><strong>abductos</strong></span> <span class='ocrx_word' id='word_1_653' title='bbox 1663 5307 1836 5374; x_wconf 88' lang='lat' dir='ltr'><strong>atque</strong></span> <span class='ocrx_word' id='word_1_654' title='bbox 1896 5301 2118 5358; x_wconf 58' lang='lat' dir='ltr'><strong>haeresis</strong></span> 
     </span>
    </p>
   </div>
   <div class='ocr_carea' id='block_1_93' title="bbox 461 5373 2111 5440">
    <p class='ocr_par' dir='ltr' id='par_1_93' title="bbox 461 5373 2111 5440">
     <span class='ocr_line' id='line_1_96' title="bbox 461 5373 2111 5440; baseline -0.001 -12"><span class='ocrx_word' id='word_1_655' title='bbox 461 5377 710 5430; x_wconf 66' lang='grc' dir='ltr'><strong>αυτ-(ωερε</strong></span> <span class='ocrx_word' id='word_1_656' title='bbox 741 5373 1034 5429; x_wconf 81' lang='lat' dir='ltr'><strong>exstitisse</strong></span> <span class='ocrx_word' id='word_1_657' title='bbox 1060 5379 1305 5431; x_wconf 90' lang='lat' dir='ltr'><strong>constat.</strong></span> <span class='ocrx_word' id='word_1_658' title='bbox 1359 5377 1540 5440; x_wconf 88' lang='lat' dir='ltr'><strong>Quam</strong></span> <span class='ocrx_word' id='word_1_659' title='bbox 1593 5375 1664 5429; x_wconf 93' lang='lat' dir='ltr'><strong>ob</strong></span> <span class='ocrx_word' id='word_1_660' title='bbox 1708 5389 1946 5428; x_wconf 89' lang='lat' dir='ltr'><strong>causam</strong></span> <span class='ocrx_word' id='word_1_661' title='bbox 1997 5389 2111 5426; x_wconf 85' lang='lat' dir='ltr'><strong>non</strong></span> 
     </span>
    </p>
   </div>
   <div class='ocr_carea' id='block_1_94' title="bbox 465 5444 2109 5518">
    <p class='ocr_par' dir='ltr' id='par_1_94' title="bbox 465 5444 2109 5518">
     <span class='ocr_line' id='line_1_97' title="bbox 465 5444 2109 5518; baseline 0.001 -22"><span class='ocrx_word' id='word_1_662' title='bbox 465 5444 675 5518; x_wconf 78' lang='lat' dir='ltr'><strong>placet.</strong></span> <span class='ocrx_word' id='word_1_663' title='bbox 710 5461 810 5502; x_wconf 80' lang='lat' dir='ltr'><strong>nec</strong></span> <span class='ocrx_word' id='word_1_664' title='bbox 836 5448 1088 5518; x_wconf 15' lang='lat' dir='ltr'><strong>iteperent</strong></span> <span class='ocrx_word' id='word_1_665' title='bbox 1146 5448 1433 5503; x_wconf 81' lang='lat' dir='ltr'><strong>charitatis</strong></span> <span class='ocrx_word' id='word_1_666' title='bbox 1494 5450 1663 5518; x_wconf 81' lang='lat' dir='ltr'><strong>atque</strong></span> <span class='ocrx_word' id='word_1_667' title='bbox 1699 5445 1931 5518; x_wconf 78' lang='lat' dir='ltr'><strong>unitatis</strong></span> <span class='ocrx_word' id='word_1_668' title='bbox 1985 5445 2109 5516; x_wconf 82' lang='lat' dir='ltr'><strong>ﬁde.</strong></span> 
     </span>
    </p>
   </div>
   <div class='ocr_carea' id='block_1_95' title="bbox 469 5516 2111 5581">
    <p class='ocr_par' dir='ltr' id='par_1_95' title="bbox 469 5516 2111 5581">
     <span class='ocr_line' id='line_1_98' title="bbox 469 5516 2111 5581; baseline 0 -10"><span class='ocrx_word' id='word_1_669' title='bbox 469 5516 628 5581; x_wconf 85' lang='lat' dir='ltr'><strong>Quod</strong></span> <span class='ocrx_word' id='word_1_670' title='bbox 657 5516 948 5575; x_wconf 84' lang='lat' dir='ltr'><strong>Pamelius</strong></span> <span class='ocrx_word' id='word_1_671' title='bbox 968 5518 1027 5574; x_wconf 89' lang='lat' dir='ltr'><strong>in</strong></span> <span class='ocrx_word' id='word_1_672' title='bbox 1060 5535 1171 5576; x_wconf 90' lang='lat' dir='ltr'><strong>ms.</strong></span> <span class='ocrx_word' id='word_1_673' title='bbox 1210 5518 1520 5576; x_wconf 86' lang='lat' dir='ltr'><strong>Cambron.</strong></span> <span class='ocrx_word' id='word_1_674' title='bbox 1553 5516 1865 5574; x_wconf 80' lang='lat' dir='ltr'><strong>cll‘endisse</strong></span> <span class='ocrx_word' id='word_1_675' title='bbox 1895 5533 1957 5573; x_wconf 91' lang='lat' dir='ltr'><strong>se</strong></span> <span class='ocrx_word' id='word_1_676' title='bbox 1988 5533 2111 5572; x_wconf 91' lang='lat' dir='ltr'><strong>mo-</strong></span> 
     </span>
    </p>
   </div>
   <div class='ocr_carea' id='block_1_96' title="bbox 2237 3513 3876 3588">
    <p class='ocr_par' dir='ltr' id='par_1_96' title="bbox 2237 3513 3876 3588">
     <span class='ocr_line' id='line_1_99' title="bbox 2237 3513 3876 3588; baseline -0.003 -18"><span class='ocrx_word' id='word_1_677' title='bbox 2237 3530 2435 3588; x_wconf 82' lang='lat' dir='ltr'><strong>sorum</strong></span> <span class='ocrx_word' id='word_1_678' title='bbox 2472 3513 2842 3588; x_wconf 75' lang='lat' dir='ltr'><strong>auctoritate</strong></span> <span class='ocrx_word' id='word_1_679' title='bbox 2900 3514 3128 3583; x_wconf 88' lang='lat' dir='ltr'><strong>fultam,</strong></span> <span class='ocrx_word' id='word_1_680' title='bbox 3160 3513 3745 3588; x_wconf 76' lang='lat' dir='ltr'><strong>interpretationem</strong></span> <span class='ocrx_word' id='word_1_681' title='bbox 3772 3513 3876 3581; x_wconf 87' lang='lat' dir='ltr'><strong>ejus</strong></span> 
     </span>
    </p>
   </div>
   <div class='ocr_carea' id='block_1_97' title="bbox 2234 3585 3879 3660">
    <p class='ocr_par' dir='ltr' id='par_1_97' title="bbox 2234 3585 3879 3660">
     <span class='ocr_line' id='line_1_100' title="bbox 2234 3585 3879 3660; baseline 0.001 -21"><span class='ocrx_word' id='word_1_682' title='bbox 2234 3585 2478 3660; x_wconf 76' lang='lat' dir='ltr'><strong>minime</strong></span> <span class='ocrx_word' id='word_1_683' title='bbox 2535 3587 2886 3660; x_wconf 77' lang='lat' dir='ltr'><strong>probamus:</strong></span> <span class='ocrx_word' id='word_1_684' title='bbox 2948 3585 3582 3660; x_wconf 41' lang='lat' dir='ltr'><strong>cuniidcirco‘potius</strong></span> <span class='ocrx_word' id='word_1_685' title='bbox 3631 3589 3879 3660; x_wconf 75' lang='lat' dir='ltr'><strong>tentarent</strong></span> 
     </span>
    </p>
   </div>
   <div class='ocr_carea' id='block_1_98' title="bbox 2231 3655 3879 3729">
    <p class='ocr_par' dir='ltr' id='par_1_98' title="bbox 2231 3655 3879 3729">
     <span class='ocr_line' id='line_1_101' title="bbox 2231 3655 3879 3729; baseline -0.003 -17"><span class='ocrx_word' id='word_1_686' title='bbox 2231 3655 2556 3729; x_wconf 77' lang='lat' dir='ltr'><strong>Cyprianus</strong></span> <span class='ocrx_word' id='word_1_687' title='bbox 2603 3658 2828 3713; x_wconf 88' lang='lat' dir='ltr'><strong>dixerit.</strong></span> <span class='ocrx_word' id='word_1_688' title='bbox 2855 3658 3008 3729; x_wconf 91' lang='lat' dir='ltr'><strong>quod</strong></span> <span class='ocrx_word' id='word_1_689' title='bbox 3050 3659 3182 3713; x_wconf 84' lang='lat' dir='ltr'><strong>ﬁdei</strong></span> <span class='ocrx_word' id='word_1_690' title='bbox 3216 3655 3480 3716; x_wconf 77' lang='lat' dir='ltr'><strong>unitatis</strong></span> <span class='ocrx_word' id='word_1_691' title='bbox 3513 3655 3801 3729; x_wconf 82' lang='lat' dir='ltr'><strong>teutationi</strong></span> <span class='ocrx_word' id='word_1_692' title='bbox 3830 3659 3879 3708; x_wconf 85' lang='lat' dir='ltr'><strong>et</strong></span> 
     </span>
    </p>
   </div>
   <div class='ocr_carea' id='block_1_99' title="bbox 2233 3728 3876 3799">
    <p class='ocr_par' dir='ltr' id='par_1_99' title="bbox 2233 3728 3876 3799">
     <span class='ocr_line' id='line_1_102' title="bbox 2233 3728 3876 3799; baseline -0.003 -15"><span class='ocrx_word' id='word_1_693' title='bbox 2233 3728 2582 3785; x_wconf 72' lang='lat' dir='ltr'><strong>otl‘éndiculo</strong></span> <span class='ocrx_word' id='word_1_694' title='bbox 2613 3733 2826 3794; x_wconf 85' lang='lat' dir='ltr'><strong>essent,</strong></span> <span class='ocrx_word' id='word_1_695' title='bbox 2861 3728 3154 3799; x_wconf 84' lang='lat' dir='ltr'><strong>quatenus</strong></span> <span class='ocrx_word' id='word_1_696' title='bbox 3184 3746 3408 3787; x_wconf 91' lang='lat' dir='ltr'><strong>eorum</strong></span> <span class='ocrx_word' id='word_1_697' title='bbox 3461 3729 3722 3794; x_wconf 85' lang='lat' dir='ltr'><strong>exemplo</strong></span> <span class='ocrx_word' id='word_1_698' title='bbox 3749 3728 3876 3799; x_wconf 84' lang='lat' dir='ltr'><strong>abu-</strong></span> 
     </span>
    </p>
   </div>
   <div class='ocr_carea' id='block_1_100' title="bbox 2231 3797 3880 3866">
    <p class='ocr_par' dir='ltr' id='par_1_100' title="bbox 2231 3797 3880 3866">
     <span class='ocr_line' id='line_1_103' title="bbox 2231 3797 3880 3866; baseline -0.001 -13"><span class='ocrx_word' id='word_1_699' title='bbox 2231 3805 2493 3856; x_wconf 86' lang='lat' dir='ltr'><strong>terentur</strong></span> <span class='ocrx_word' id='word_1_700' title='bbox 2524 3800 2859 3856; x_wconf 87' lang='lat' dir='ltr'><strong>schismatis</strong></span> <span class='ocrx_word' id='word_1_701' title='bbox 2880 3797 3094 3866; x_wconf 51' lang='lat' dir='ltr'><strong>&#39;duces,</strong></span> <span class='ocrx_word' id='word_1_702' title='bbox 3125 3807 3190 3856; x_wconf 89' lang='lat' dir='ltr'><strong>ut</strong></span> <span class='ocrx_word' id='word_1_703' title='bbox 3212 3803 3436 3858; x_wconf 77' lang='lat' dir='ltr'><strong>fideles</strong></span> <span class='ocrx_word' id='word_1_704' title='bbox 3457 3803 3804 3857; x_wconf 85' lang='lat' dir='ltr'><strong>abducerent</strong></span> <span class='ocrx_word' id='word_1_705' title='bbox 3823 3797 3880 3852; x_wconf 85' lang='lat' dir='ltr'><strong>ab</strong></span> 
     </span>
    </p>
   </div>
   <div class='ocr_carea' id='block_1_101' title="bbox 2232 3869 3880 3940">
    <p class='ocr_par' dir='ltr' id='par_1_101' title="bbox 2232 3869 3880 3940">
     <span class='ocr_line' id='line_1_104' title="bbox 2232 3869 3880 3940; baseline -0.001 -16"><span class='ocrx_word' id='word_1_706' title='bbox 2232 3873 2479 3939; x_wconf 86' lang='lat' dir='ltr'><strong>unitate,</strong></span> <span class='ocrx_word' id='word_1_707' title='bbox 2512 3889 2577 3928; x_wconf 86' lang='lat' dir='ltr'><strong>ac</strong></span> <span class='ocrx_word' id='word_1_708' title='bbox 2609 3873 2884 3927; x_wconf 89' lang='lat' dir='ltr'><strong>seductos</strong></span> <span class='ocrx_word' id='word_1_709' title='bbox 2913 3873 2970 3926; x_wconf 91' lang='lat' dir='ltr'><strong>in</strong></span> <span class='ocrx_word' id='word_1_710' title='bbox 2996 3872 3330 3930; x_wconf 86' lang='lat' dir='ltr'><strong>schismate</strong></span> <span class='ocrx_word' id='word_1_711' title='bbox 3365 3874 3733 3930; x_wconf 88' lang='lat' dir='ltr'><strong>detinerent:</strong></span> <span class='ocrx_word' id='word_1_712' title='bbox 3765 3869 3880 3940; x_wconf 81' lang='lat' dir='ltr'><strong>quis</strong></span> 
     </span>
    </p>
   </div>
   <div class='ocr_carea' id='block_1_102' title="bbox 2233 3939 3883 4018">
    <p class='ocr_par' dir='ltr' id='par_1_102' title="bbox 2233 3939 3883 4018">
     <span class='ocr_line' id='line_1_105' title="bbox 2233 3939 3883 4018; baseline -0.003 -21"><span class='ocrx_word' id='word_1_713' title='bbox 2233 3943 2510 4018; x_wconf 86' lang='lat' dir='ltr'><strong>nimirum</strong></span> <span class='ocrx_word' id='word_1_714' title='bbox 2569 3943 2627 4018; x_wconf 88' lang='lat' dir='ltr'><strong>in</strong></span> <span class='ocrx_word' id='word_1_715' title='bbox 2691 3943 3028 4009; x_wconf 87' lang='lat' dir='ltr'><strong>schismate,</strong></span> <span class='ocrx_word' id='word_1_716' title='bbox 3091 3947 3157 3999; x_wconf 88' lang='lat' dir='ltr'><strong>ut</strong></span> <span class='ocrx_word' id='word_1_717' title='bbox 3213 3945 3383 4001; x_wconf 84' lang='lat' dir='ltr'><strong>intra</strong></span> <span class='ocrx_word' id='word_1_718' title='bbox 3436 3939 3883 4018; x_wconf 26' lang='lat' dir='ltr'><strong>exponitur,’sibt</strong></span> 
     </span>
    </p>
   </div>
   <div class='ocr_carea' id='block_1_103' title="bbox 2229 4017 3883 4090">
    <p class='ocr_par' dir='ltr' id='par_1_103' title="bbox 2229 4017 3883 4090">
     <span class='ocr_line' id='line_1_106' title="bbox 2229 4017 3883 4090; baseline -0.003 -21"><span class='ocrx_word' id='word_1_719' title='bbox 2229 4017 2779 4090; x_wconf 61' lang='lat' dir='ltr'><strong>communicationem</strong></span> <span class='ocrx_word' id='word_1_720' title='bbox 2860 4018 3244 4090; x_wconf 83' lang='lat' dir='ltr'><strong>confessorum</strong></span> <span class='ocrx_word' id='word_1_721' title='bbox 3323 4017 3532 4090; x_wconf 34' lang='lat' dir='ltr'><strong>sequi’</strong></span> <span class='ocrx_word' id='word_1_722' title='bbox 3572 4017 3883 4090; x_wconf 55' lang='lat' dir='ltr'><strong>emerentur.</strong></span> 
     </span>
    </p>
   </div>
   <div class='ocr_carea' id='block_1_104' title="bbox 2233 4085 3881 4160">
    <p class='ocr_par' dir='ltr' id='par_1_104' title="bbox 2233 4085 3881 4160">
     <span class='ocr_line' id='line_1_107' title="bbox 2233 4085 3881 4160; baseline -0.004 -20"><span class='ocrx_word' id='word_1_723' title='bbox 2233 4086 2514 4160; x_wconf 87' lang='lat' dir='ltr'><strong>Quocirca</strong></span> <span class='ocrx_word' id='word_1_724' title='bbox 2545 4086 2870 4158; x_wconf 81' lang='lat' dir='ltr'><strong>Cyprianus</strong></span> <span class='ocrx_word' id='word_1_725' title='bbox 2925 4085 3096 4160; x_wconf 85' lang='lat' dir='ltr'><strong>epist.</strong></span> <span class='ocrx_word' id='word_1_726' title='bbox 3153 4104 3203 4142; x_wconf 79' lang='lat' dir='ltr'><strong>LI</strong></span> <span class='ocrx_word' id='word_1_727' title='bbox 3243 4105 3354 4144; x_wconf 89' lang='lat' dir='ltr'><strong>seu</strong></span> <span class='ocrx_word' id='word_1_728' title='bbox 3397 4085 3500 4144; x_wconf 65' lang='lat' dir='ltr'><strong>Liv</strong></span> <span class='ocrx_word' id='word_1_729' title='bbox 3526 4159 3535 4160; x_wconf 16' lang='grc' dir='ltr'>ί</span> <span class='ocrx_word' id='word_1_730' title='bbox 3561 4085 3881 4160; x_wconf 82' lang='lat' dir='ltr'><strong>gratulatur.</strong></span> 
     </span>
    </p>
   </div>
   <div class='ocr_carea' id='block_1_105' title="bbox 2231 4158 3885 4228">
    <p class='ocr_par' dir='ltr' id='par_1_105' title="bbox 2231 4158 3885 4228">
     <span class='ocr_line' id='line_1_108' title="bbox 2231 4158 3885 4228; baseline 0.002 -16"><span class='ocrx_word' id='word_1_731' title='bbox 2231 4159 2386 4228; x_wconf 90' lang='lat' dir='ltr'><strong>quod</strong></span> <span class='ocrx_word' id='word_1_732' title='bbox 2445 4174 2547 4214; x_wconf 83' lang='lat' dir='ltr'><strong>nec</strong></span> <span class='ocrx_word' id='word_1_733' title='bbox 2602 4160 2933 4227; x_wconf 67' lang='lat' dir='ltr'><strong>confessores</strong></span> <span class='ocrx_word' id='word_1_734' title='bbox 2967 4158 3190 4216; x_wconf 75' lang='lat' dir='ltr'><strong>Christi</strong></span> <span class='ocrx_word' id='word_1_735' title='bbox 3243 4163 3474 4216; x_wconf 82' lang='lat' dir='ltr'><strong>erroris</strong></span> <span class='ocrx_word' id='word_1_736' title='bbox 3503 4158 3671 4214; x_wconf 65' lang='lat' dir='ltr'><strong>duces</strong></span> <span class='ocrx_word' id='word_1_737' title='bbox 3701 4158 3885 4227; x_wconf 68' lang='lat' dir='ltr'><strong>ﬁerent.</strong></span> 
     </span>
    </p>
   </div>
   <div class='ocr_carea' id='block_1_106' title="bbox 2229 4229 3886 4300">
    <p class='ocr_par' dir='ltr' id='par_1_106' title="bbox 2229 4229 3886 4300">
     <span class='ocr_line' id='line_1_109' title="bbox 2229 4229 3886 4300; baseline -0.003 -16"><span class='ocrx_word' id='word_1_738' title='bbox 2229 4232 2328 4300; x_wconf 88' lang='lat' dir='ltr'><strong>qui</strong></span> <span class='ocrx_word' id='word_1_739' title='bbox 2382 4230 2606 4284; x_wconf 81' lang='lat' dir='ltr'><strong>virtutis</strong></span> <span class='ocrx_word' id='word_1_740' title='bbox 2661 4237 2716 4285; x_wconf 84' lang='lat' dir='ltr'><strong>et</strong></span> <span class='ocrx_word' id='word_1_741' title='bbox 2762 4229 2984 4285; x_wconf 78' lang='lat' dir='ltr'><strong>honoris</strong></span> <span class='ocrx_word' id='word_1_742' title='bbox 3023 4240 3278 4287; x_wconf 81' lang='lat' dir='ltr'><strong>auctores</strong></span> <span class='ocrx_word' id='word_1_743' title='bbox 3311 4233 3640 4288; x_wconf 76' lang='lat' dir='ltr'><strong>laudabile:</strong></span> <span class='ocrx_word' id='word_1_744' title='bbox 3665 4229 3886 4284; x_wconf 56' lang='lat' dir='ltr'><strong>exstiti}-</strong></span> 
     </span>
    </p>
   </div>
   <div class='ocr_carea' id='block_1_107' title="bbox 2227 4308 2364 4356">
    <p class='ocr_par' dir='ltr' id='par_1_107' title="bbox 2227 4308 2364 4356">
     <span class='ocr_line' id='line_1_110' title="bbox 2227 4308 2364 4356; baseline -0.015 0"><span class='ocrx_word' id='word_1_745' title='bbox 2227 4308 2364 4356; x_wconf 79' lang='lat' dir='ltr'><strong>sent.</strong></span> 
     </span>
    </p>
   </div>
   <div class='ocr_carea' id='block_1_108' title="bbox 2299 4370 3892 4444">
    <p class='ocr_par' dir='ltr' id='par_1_108' title="bbox 2299 4370 3892 4444">
     <span class='ocr_line' id='line_1_111' title="bbox 2299 4370 3892 4444; baseline -0.005 -18"><span class='ocrx_word' id='word_1_746' title='bbox 2299 4373 2411 4443; x_wconf 85' lang='lat'><strong>(20)</strong></span> <span class='ocrx_word' id='word_1_747' title='bbox 2443 4373 2599 4428; x_wconf 80' lang='lat' dir='ltr'><strong>Plebs</strong></span> <span class='ocrx_word' id='word_1_748' title='bbox 2631 4377 2684 4427; x_wconf 85' lang='lat' dir='ltr'><strong>et</strong></span> <span class='ocrx_word' id='word_1_749' title='bbox 2710 4372 3061 4444; x_wconf 79' lang='lat' dir='ltr'><strong>fraternitas.</strong></span> <span class='ocrx_word' id='word_1_750' title='bbox 3099 4371 3217 4443; x_wconf 88' lang='lat' dir='ltr'><strong>Ipsi</strong></span> <span class='ocrx_word' id='word_1_751' title='bbox 3255 4375 3651 4431; x_wconf 87' lang='lat' dir='ltr'><strong>confessores</strong></span> <span class='ocrx_word' id='word_1_752' title='bbox 3681 4370 3836 4444; x_wconf 87' lang='lat' dir='ltr'><strong>epist.</strong></span> <span class='ocrx_word' id='word_1_753' title='bbox 3866 4382 3892 4418; x_wconf 76' lang='grc' dir='ltr'><strong>ι,</strong></span> 
     </span>
    </p>
   </div>
   <div class='ocr_carea' id='block_1_109' title="bbox 2229 4443 3888 4516">
    <p class='ocr_par' dir='ltr' id='par_1_109' title="bbox 2229 4443 3888 4516">
     <span class='ocr_line' id='line_1_112' title="bbox 2229 4443 3888 4516; baseline -0.005 -18"><span class='ocrx_word' id='word_1_754' title='bbox 2229 4459 2329 4516; x_wconf 84' lang='lat' dir='ltr'><strong>sou</strong></span> <span class='ocrx_word' id='word_1_755' title='bbox 2381 4460 2477 4498; x_wconf 84' lang='lat' dir='ltr'><strong>LIII</strong></span> <span class='ocrx_word' id='word_1_756' title='bbox 2526 4444 2679 4514; x_wconf 88' lang='lat' dir='ltr'><strong>apud</strong></span> <span class='ocrx_word' id='word_1_757' title='bbox 2731 4443 3018 4516; x_wconf 71' lang='lat' dir='ltr'><strong>Cyprian.</strong></span> <span class='ocrx_word' id='word_1_758' title='bbox 3055 4459 3189 4498; x_wconf 89' lang='lat' dir='ltr'><strong>cum</strong></span> <span class='ocrx_word' id='word_1_759' title='bbox 3223 4445 3516 4502; x_wconf 82' lang='lat' dir='ltr'><strong>Cornelio</strong></span> <span class='ocrx_word' id='word_1_760' title='bbox 3547 4449 3608 4500; x_wconf 89' lang='lat' dir='ltr'><strong>et</strong></span> <span class='ocrx_word' id='word_1_761' title='bbox 3645 4443 3888 4516; x_wconf 79' lang='lat' dir='ltr'><strong>universo</strong></span> 
     </span>
    </p>
   </div>
   <div class='ocr_carea' id='block_1_110' title="bbox 2227 4513 3893 4586">
    <p class='ocr_par' dir='ltr' id='par_1_110' title="bbox 2227 4513 3893 4586">
     <span class='ocr_line' id='line_1_113' title="bbox 2227 4513 3893 4586; baseline -0.002 -19"><span class='ocrx_word' id='word_1_762' title='bbox 2227 4514 2380 4570; x_wconf 88' lang='lat' dir='ltr'><strong>clero</strong></span> <span class='ocrx_word' id='word_1_763' title='bbox 2412 4513 2610 4586; x_wconf 84' lang='lat' dir='ltr'><strong>pacem</strong></span> <span class='ocrx_word' id='word_1_764' title='bbox 2647 4513 2853 4570; x_wconf 75' lang='lat' dir='ltr'><strong>fecisse</strong></span> <span class='ocrx_word' id='word_1_765' title='bbox 2883 4531 2945 4569; x_wconf 87' lang='lat' dir='ltr'><strong>se</strong></span> <span class='ocrx_word' id='word_1_766' title='bbox 2976 4515 3327 4586; x_wconf 74' lang='lat' dir='ltr'><strong>significant</strong></span> <span class='ocrx_word' id='word_1_767' title='bbox 3356 4534 3493 4572; x_wconf 87' lang='lat' dir='ltr'><strong>cum</strong></span> <span class='ocrx_word' id='word_1_768' title='bbox 3522 4515 3729 4586; x_wconf 81' lang='lat' dir='ltr'><strong>gaudio</strong></span> <span class='ocrx_word' id='word_1_769' title='bbox 3750 4513 3893 4567; x_wconf 81' lang='lat' dir='ltr'><strong>etiam</strong></span> 
     </span>
    </p>
   </div>
   <div class='ocr_carea' id='block_1_111' title="bbox 2226 4588 3826 4663">
    <p class='ocr_par' dir='ltr' id='par_1_111' title="bbox 2226 4588 3826 4663">
     <span class='ocr_line' id='line_1_114' title="bbox 2226 4588 3826 4663; baseline 0.002 -23"><span class='ocrx_word' id='word_1_770' title='bbox 2226 4588 2778 4663; x_wconf 54' lang='lat' dir='ltr'><strong>universaelicrlesiav</strong></span> <span class='ocrx_word' id='word_1_771' title='bbox 2811 4603 2994 4663; x_wconf 64' lang='lat' dir='ltr'><strong>prona</strong></span> <span class='ocrx_word' id='word_1_772' title='bbox 3025 4590 3286 4663; x_wconf 73' lang='lat' dir='ltr'><strong>omnium</strong></span> <span class='ocrx_word' id='word_1_773' title='bbox 3319 4589 3639 4663; x_wconf 58' lang='lat' dir='ltr'><strong>charitate.</strong></span> <span class='ocrx_word' id='word_1_774' title='bbox 3654 4658 3668 4663; x_wconf 90' lang='lat'>_</span> 
     </span>
    </p>
   </div>
   <div class='ocr_carea' id='block_1_112' title="bbox 2298 4653 3891 4728">
    <p class='ocr_par' dir='ltr' id='par_1_112' title="bbox 2298 4653 3891 4728">
     <span class='ocr_line' id='line_1_115' title="bbox 2298 4653 3891 4728; baseline -0.005 -17"><span class='ocrx_word' id='word_1_775' title='bbox 2298 4659 2410 4728; x_wconf 88' lang='grc'>(21)</span> <span class='ocrx_word' id='word_1_776' title='bbox 2460 4659 2632 4728; x_wconf 80' lang='lat' dir='ltr'><strong>Hujus</strong></span> <span class='ocrx_word' id='word_1_777' title='bbox 2679 4660 2780 4712; x_wconf 90' lang='lat' dir='ltr'><strong>rei.</strong></span> <span class='ocrx_word' id='word_1_778' title='bbox 2811 4653 3110 4723; x_wconf 52' lang='lat' dir='ltr'><strong>&#39;Quamvis</strong></span> <span class='ocrx_word' id='word_1_779' title='bbox 3161 4659 3499 4715; x_wconf 85' lang='lat' dir='ltr'><strong>Manucius</strong></span> <span class='ocrx_word' id='word_1_780' title='bbox 3530 4665 3589 4714; x_wconf 91' lang='lat' dir='ltr'><strong>ct</strong></span> <span class='ocrx_word' id='word_1_781' title='bbox 3620 4653 3891 4728; x_wconf 84' lang='lat' dir='ltr'><strong>Morelliue</strong></span> 
     </span>
    </p>
   </div>
   <div class='ocr_carea' id='block_1_113' title="bbox 2227 4724 3893 4811">
    <p class='ocr_par' dir='ltr' id='par_1_113' title="bbox 2227 4724 3893 4811">
     <span class='ocr_line' id='line_1_116' title="bbox 2227 4724 3893 4811; baseline -0.004 -28"><span class='ocrx_word' id='word_1_782' title='bbox 2227 4724 2696 4811; x_wconf 49' lang='lat' dir='ltr'><strong>posuerint&#39;diei,</strong></span> <span class='ocrx_word' id='word_1_783' title='bbox 2729 4731 3002 4811; x_wconf 79' lang='lat' dir='ltr'><strong>quamvis</strong></span> <span class='ocrx_word' id='word_1_784' title='bbox 3032 4730 3238 4811; x_wconf 74' lang='lat' dir='ltr'><strong>eadem</strong></span> <span class='ocrx_word' id='word_1_785' title='bbox 3277 4731 3469 4788; x_wconf 87' lang='lat' dir='ltr'><strong>lectio</strong></span> <span class='ocrx_word' id='word_1_786' title='bbox 3501 4728 3820 4811; x_wconf 83' lang='lat' dir='ltr'><strong>reperiatur</strong></span> <span class='ocrx_word' id='word_1_787' title='bbox 3847 4724 3893 4777; x_wconf 88' lang='lat' dir='ltr'><strong>in</strong></span> 
     </span>
    </p>
   </div>
   <div class='ocr_carea' id='block_1_114' title="bbox 2229 4801 3895 4876">
    <p class='ocr_par' dir='ltr' id='par_1_114' title="bbox 2229 4801 3895 4876">
     <span class='ocr_line' id='line_1_117' title="bbox 2229 4801 3895 4876; baseline -0.001 -22"><span class='ocrx_word' id='word_1_788' title='bbox 2229 4801 2524 4876; x_wconf 80' lang='lat' dir='ltr'><strong>plerisque</strong></span> <span class='ocrx_word' id='word_1_789' title='bbox 2553 4801 2800 4854; x_wconf 85' lang='lat' dir='ltr'><strong>vetustis</strong></span> <span class='ocrx_word' id='word_1_790' title='bbox 2857 4801 3324 4876; x_wconf 83' lang='lat' dir='ltr'><strong>exemplaribus,</strong></span> <span class='ocrx_word' id='word_1_791' title='bbox 3374 4819 3510 4876; x_wconf 79' lang='lat' dir='ltr'><strong>ego</strong></span> <span class='ocrx_word' id='word_1_792' title='bbox 3542 4801 3738 4857; x_wconf 82' lang='lat' dir='ltr'><strong>tamen</strong></span> <span class='ocrx_word' id='word_1_793' title='bbox 3775 4811 3895 4876; x_wconf 60' lang='grc' dir='ltr'><strong>ριξωο</strong></span> 
     </span>
    </p>
   </div>
   <div class='ocr_carea' id='block_1_115' title="bbox 2228 4868 3896 4943">
    <p class='ocr_par' dir='ltr' id='par_1_115' title="bbox 2228 4868 3896 4943">
     <span class='ocr_line' id='line_1_118' title="bbox 2228 4868 3896 4943; baseline -0.002 -17"><span class='ocrx_word' id='word_1_794' title='bbox 2228 4868 2348 4928; x_wconf 75' lang='lat' dir='ltr'><strong>fero</strong></span> <span class='ocrx_word' id='word_1_795' title='bbox 2379 4868 2506 4927; x_wconf 76' lang='lat' dir='ltr'><strong>eam</strong></span> <span class='ocrx_word' id='word_1_796' title='bbox 2533 4889 2707 4943; x_wconf 87' lang='lat' dir='ltr'><strong>quam</strong></span> <span class='ocrx_word' id='word_1_797' title='bbox 2734 4876 2956 4926; x_wconf 88' lang='lat' dir='ltr'><strong>veteres</strong></span> <span class='ocrx_word' id='word_1_798' title='bbox 2973 4868 3266 4927; x_wconf 86' lang='lat' dir='ltr'><strong>editiones</strong></span> <span class='ocrx_word' id='word_1_799' title='bbox 3289 4868 3794 4943; x_wconf 83' lang='lat' dir='ltr'><strong>exhibent.quam</strong></span> <span class='ocrx_word' id='word_1_800' title='bbox 3811 4868 3896 4943; x_wconf 77' lang='lat' dir='ltr'><strong>de-</strong></span> 
     </span>
    </p>
   </div>
   <div class='ocr_carea' id='block_1_116' title="bbox 2229 4939 3900 5016">
    <p class='ocr_par' dir='ltr' id='par_1_116' title="bbox 2229 4939 3900 5016">
     <span class='ocr_line' id='line_1_119' title="bbox 2229 4939 3900 5016; baseline -0.003 -19"><span class='ocrx_word' id='word_1_801' title='bbox 2229 4943 2507 5016; x_wconf 85' lang='lat' dir='ltr'><strong>prehendi</strong></span> <span class='ocrx_word' id='word_1_802' title='bbox 2539 4939 2597 4998; x_wconf 82' lang='lat' dir='ltr'><strong>in</strong></span> <span class='ocrx_word' id='word_1_803' title='bbox 2629 4943 2820 4999; x_wconf 87' lang='lat' dir='ltr'><strong>tribus</strong></span> <span class='ocrx_word' id='word_1_804' title='bbox 2851 4943 3090 5016; x_wconf 88' lang='lat' dir='ltr'><strong>optimis</strong></span> <span class='ocrx_word' id='word_1_805' title='bbox 3120 4945 3448 5001; x_wconf 89' lang='lat' dir='ltr'><strong>codicibus</strong></span> <span class='ocrx_word' id='word_1_806' title='bbox 3476 4939 3900 5016; x_wconf 74' lang='lat' dir='ltr'><strong>antiquis,quia</strong></span> 
     </span>
    </p>
   </div>
   <div class='ocr_carea' id='block_1_117' title="bbox 2227 5009 3896 5087">
    <p class='ocr_par' dir='ltr' id='par_1_117' title="bbox 2227 5009 3896 5087">
     <span class='ocr_line' id='line_1_120' title="bbox 2227 5009 3896 5087; baseline -0.004 -19"><span class='ocrx_word' id='word_1_807' title='bbox 2227 5009 2401 5087; x_wconf 78' lang='lat' dir='ltr'><strong>paulo</strong></span> <span class='ocrx_word' id='word_1_808' title='bbox 2435 5021 2564 5087; x_wconf 88' lang='lat' dir='ltr'><strong>post</strong></span> <span class='ocrx_word' id='word_1_809' title='bbox 2590 5021 2829 5071; x_wconf 88' lang='lat' dir='ltr'><strong>sanctus</strong></span> <span class='ocrx_word' id='word_1_810' title='bbox 2863 5009 3078 5086; x_wconf 78' lang='lat' dir='ltr'><strong>Martyr</strong></span> <span class='ocrx_word' id='word_1_811' title='bbox 3109 5017 3206 5081; x_wconf 82' lang='lat' dir='ltr'><strong>ait,</strong></span> <span class='ocrx_word' id='word_1_812' title='bbox 3245 5017 3383 5070; x_wconf 79' lang='lat' dir='ltr'><strong>illic</strong></span> <span class='ocrx_word' id='word_1_813' title='bbox 3416 5018 3529 5071; x_wconf 86' lang='lat' dir='ltr'><strong>ubi</strong></span> <span class='ocrx_word' id='word_1_814' title='bbox 3551 5009 3896 5087; x_wconf 26' lang='lat' dir='ltr'><strong>res-ipsa’sub</strong></span> 
     </span>
    </p>
   </div>
   <div class='ocr_carea' id='block_1_118' title="bbox 2224 5084 3900 5159">
    <p class='ocr_par' dir='ltr' id='par_1_118' title="bbox 2224 5084 3900 5159">
     <span class='ocr_line' id='line_1_121' title="bbox 2224 5084 3900 5159; baseline -0.001 -18"><span class='ocrx_word' id='word_1_815' title='bbox 2224 5084 2396 5159; x_wconf 69' lang='lat' dir='ltr'><strong>oculis</strong></span> <span class='ocrx_word' id='word_1_816' title='bbox 2427 5084 2675 5159; x_wconf 82' lang='lat' dir='ltr'><strong>omnium</strong></span> <span class='ocrx_word' id='word_1_817' title='bbox 2707 5084 3029 5159; x_wconf 47' lang='lat' dir='ltr'><strong>gerebatur;</strong></span> <span class='ocrx_word' id='word_1_818' title='bbox 3055 5087 3155 5142; x_wconf 91' lang='lat' dir='ltr'><strong>Ubi</strong></span> <span class='ocrx_word' id='word_1_819' title='bbox 3179 5104 3292 5158; x_wconf 88' lang='lat' dir='ltr'><strong>pro</strong></span> <span class='ocrx_word' id='word_1_820' title='bbox 3317 5089 3636 5159; x_wconf 82' lang='lat' dir='ltr'><strong>gerebatur</strong></span> <span class='ocrx_word' id='word_1_821' title='bbox 3656 5084 3900 5158; x_wconf 78' lang='lat' dir='ltr'><strong>quinque</strong></span> 
     </span>
    </p>
   </div>
   <div class='ocr_carea' id='block_1_119' title="bbox 2225 5157 3223 5214">
    <p class='ocr_par' dir='ltr' id='par_1_119' title="bbox 2225 5157 3223 5214">
     <span class='ocr_line' id='line_1_122' title="bbox 2225 5157 3223 5214; baseline -0.002 -1"><span class='ocrx_word' id='word_1_822' title='bbox 2225 5157 2354 5214; x_wconf 92' lang='lat' dir='ltr'><strong>libri</strong></span> <span class='ocrx_word' id='word_1_823' title='bbox 2393 5163 2614 5213; x_wconf 87' lang='lat' dir='ltr'><strong>veteres</strong></span> <span class='ocrx_word' id='word_1_824' title='bbox 2647 5158 2864 5213; x_wconf 84' lang='lat' dir='ltr'><strong>habent</strong></span> <span class='ocrx_word' id='word_1_825' title='bbox 2892 5158 3223 5214; x_wconf 73' lang='lat' dir='ltr'><strong>celebratur.</strong></span> 
     </span>
    </p>
   </div>
   <div class='ocr_carea' id='block_1_120' title="bbox 2297 5229 3899 5302">
    <p class='ocr_par' dir='ltr' id='par_1_120' title="bbox 2297 5229 3899 5302">
     <span class='ocr_line' id='line_1_123' title="bbox 2297 5229 3899 5302; baseline 0 -19"><span class='ocrx_word' id='word_1_826' title='bbox 2297 5231 2408 5300; x_wconf 87' lang='grc'>(22)</span> <span class='ocrx_word' id='word_1_827' title='bbox 2437 5232 2498 5286; x_wconf 83' lang='lat' dir='ltr'><strong>In</strong></span> <span class='ocrx_word' id='word_1_828' title='bbox 2544 5231 2692 5285; x_wconf 72' lang='lat' dir='ltr'><strong>caelo.</strong></span> <span class='ocrx_word' id='word_1_829' title='bbox 2748 5231 2806 5284; x_wconf 90' lang='lat' dir='ltr'><strong>In</strong></span> <span class='ocrx_word' id='word_1_830' title='bbox 2840 5231 3040 5284; x_wconf 88' lang='lat' dir='ltr'><strong>eodem</strong></span> <span class='ocrx_word' id='word_1_831' title='bbox 3089 5246 3197 5284; x_wconf 86' lang='lat' dir='ltr'><strong>me.</strong></span> <span class='ocrx_word' id='word_1_832' title='bbox 3235 5229 3640 5285; x_wconf 81' lang='lat' dir='ltr'><strong>desideratur</strong></span> <span class='ocrx_word' id='word_1_833' title='bbox 3666 5239 3810 5302; x_wconf 71' lang='lat' dir='ltr'><strong>uno;</strong></span> <span class='ocrx_word' id='word_1_834' title='bbox 3841 5236 3899 5302; x_wconf 55' lang='lat' dir='ltr'><strong>g0</strong></span> 
     </span>
    </p>
   </div>
   <div class='ocr_carea' id='block_1_121' title="bbox 2224 5294 3898 5383">
    <p class='ocr_par' dir='ltr' id='par_1_121' title="bbox 2224 5294 3898 5383">
     <span class='ocr_line' id='line_1_124' title="bbox 2224 5294 3898 5383; baseline -0.005 -29"><span class='ocrx_word' id='word_1_835' title='bbox 2224 5294 2474 5383; x_wconf 77' lang='lat' dir='ltr'><strong>subinde</strong></span> <span class='ocrx_word' id='word_1_836' title='bbox 2507 5306 2720 5383; x_wconf 66' lang='lat' dir='ltr'><strong>exstat</strong></span> <span class='ocrx_word' id='word_1_837' title='bbox 2764 5310 2962 5383; x_wconf 65' lang='lat' dir='ltr'><strong>quanto</strong></span> <span class='ocrx_word' id='word_1_838' title='bbox 3017 5304 3190 5383; x_wconf 79' lang='lat' dir='ltr'><strong>magis</strong></span> <span class='ocrx_word' id='word_1_839' title='bbox 3225 5303 3429 5372; x_wconf 89' lang='lat' dir='ltr'><strong>(quod</strong></span> <span class='ocrx_word' id='word_1_840' title='bbox 3465 5295 3809 5383; x_wconf 86' lang='lat' dir='ltr'><strong>intepretari</strong></span> <span class='ocrx_word' id='word_1_841' title='bbox 3840 5294 3898 5348; x_wconf 89' lang='lat' dir='ltr'><strong>li-</strong></span> 
     </span>
    </p>
   </div>
   <div class='ocr_carea' id='block_1_122' title="bbox 2223 5374 3699 5444">
    <p class='ocr_par' dir='ltr' id='par_1_122' title="bbox 2223 5374 3699 5444">
     <span class='ocr_line' id='line_1_125' title="bbox 2223 5374 3699 5444; baseline -0.001 -17"><span class='ocrx_word' id='word_1_842' title='bbox 2223 5378 2314 5427; x_wconf 78' lang='lat' dir='ltr'><strong>cet</strong></span> <span class='ocrx_word' id='word_1_843' title='bbox 2347 5376 2549 5441; x_wconf 82' lang='lat' dir='ltr'><strong>quanto</strong></span> <span class='ocrx_word' id='word_1_844' title='bbox 2579 5374 2796 5443; x_wconf 84' lang='lat' dir='ltr'><strong>potiori</strong></span> <span class='ocrx_word' id='word_1_845' title='bbox 2823 5374 3059 5444; x_wconf 86' lang='lat' dir='ltr'><strong>ratione)</strong></span> <span class='ocrx_word' id='word_1_846' title='bbox 3091 5389 3204 5444; x_wconf 14' lang='lat' dir='ltr'><strong>pro,</strong></span> <span class='ocrx_word' id='word_1_847' title='bbox 3223 5383 3457 5443; x_wconf 83' lang='lat' dir='ltr'><strong>quanto</strong></span> <span class='ocrx_word' id='word_1_848' title='bbox 3489 5374 3699 5438; x_wconf 70' lang='lat' dir='ltr'><strong>maius.</strong></span> 
     </span>
    </p>
   </div>
   <div class='ocr_carea' id='block_1_123' title="bbox 2294 5437 3894 5571">
    <p class='ocr_par' dir='ltr' id='par_1_123' title="bbox 2294 5437 3894 5571">
     <span class='ocr_line' id='line_1_126' title="bbox 2294 5437 3894 5571; baseline -0.004 -70"><span class='ocrx_word' id='word_1_849' title='bbox 2294 5437 2411 5571; x_wconf 51' lang='lat' dir='ltr'><strong>(2a?)</strong></span> <span class='ocrx_word' id='word_1_850' title='bbox 2446 5437 2588 5517; x_wconf 66' lang='lat' dir='ltr'><strong>Opta</strong></span> <span class='ocrx_word' id='word_1_851' title='bbox 2609 5454 2678 5502; x_wconf 88' lang='lat' dir='ltr'><strong>te.</strong></span> <span class='ocrx_word' id='word_1_852' title='bbox 2731 5443 3004 5516; x_wconf 88' lang='lat' dir='ltr'><strong>Optatum</strong></span> <span class='ocrx_word' id='word_1_853' title='bbox 3043 5437 3454 5501; x_wconf 51' lang='lat' dir='ltr'><strong>&#39;istud&#39;deest</strong></span> <span class='ocrx_word' id='word_1_854' title='bbox 3501 5437 3713 5500; x_wconf 82' lang='lat' dir='ltr'><strong>inme.</strong></span> <span class='ocrx_word' id='word_1_855' title='bbox 3741 5437 3894 5495; x_wconf 85' lang='lat' dir='ltr'><strong>Com-</strong></span> 
     </span>
     <span class='ocr_line' id='line_1_127' title="bbox 2296 5533 2395 5570; baseline 0 0"><span class='ocrx_word' id='word_1_856' title='bbox 2296 5533 2330 5570; x_wconf 90' lang='lat' dir='ltr'><strong>n</strong></span> <span class='ocrx_word' id='word_1_857' title='bbox 2383 5557 2395 5570; x_wconf 92' lang='lat'><strong>.</strong></span> 
     </span>
    </p>
   </div>
   <div class='ocr_carea' id='block_1_124' title="bbox 2222 5533 2395 5588">
    <p class='ocr_par' dir='ltr' id='par_1_124' title="bbox 2222 5533 2395 5588">
     <span class='ocr_line' id='line_1_128' title="bbox 2222 5533 2395 5588; baseline -0.012 -16"><span class='ocrx_word' id='word_1_858' title='bbox 2222 5533 2395 5588; x_wconf 86' lang='lat' dir='ltr'><strong>penu.</strong></span> 
     </span>
    </p>
   </div>
  </div>
