4102 6172
228 287 352 352 ’189

1719 287 2148 354 EPISTOLE.

3519 290 3642 357 790

225 422 440 482 moveri
461 435 569 483 :ne
591 421 826 480 animus
854 421 1074 480 dubius
1095 425 1152 480 et
1179 421 1437 478 incertus
1455 421 1633 480 variis
1655 423 1879 496 opinio-
1907 425 1962 492 Α
1991 424 2349 497 quibusdam
2380 424 2450 482 ad
2481 439 2576 482 me
2613 423 2935 498 presbyteri
2966 429 3022 482 et
3050 426 3323 482 diacones
3363 427 3644 501 scripsis-

225 513 586 584 nibus,velut
613 513 970 586 quibusdam
991 517 1297 570 ventorum
1319 511 1748 569 incursantium
1782 514 1881 570 fla-

223 604 410 669 tibus,
441 604 783 674 frequenter
812 602 1084 674 agitetur,
1116 606 1173 658 et
1203 620 1237 657 a
1265 602 1563 674 proposito
1596 620 1702 658 suo
1741 619 1876 658 cum

222 695 482 765 quadam
513 693 534 727 ⁸
563 691 818 748 levitatis
849 691 1301 764 reprehensione
1323 695 1601 747 mutetur-
1636 693 1798 758 Quod
1820 696 1876 747 te

216 781 310 836 vel
343 781 499 853 apud
535 785 611 850 te,
644 781 734 837 vel
766 782 920 854 apud
948 797 1306 853 quemquam
1337 780 1640 837 Novatiani
1671 781 1873 838 littera

220 870 463 940 faciant,
497 874 560 926 ut
591 870 934 927 desiderasti
967 871 1162 940 frater,
1195 870 1482 925 rationem
1504 869 1721 935 rei,tibi
1744 871 1873 926 bre-

218 960 370 1016 viter
398 976 704 1032 exponam.
755 960 824 1014 Et
872 959 1111 1031 quidem
1161 958 1438 1030 primum,
1472 958 1750 1030 quoniam
1800 959 1872 1015 de

214 1065 346 1106 meo
377 1065 610 1121 quoque
639 1053 768 1104 actu
799 1049 912 1119 (92)
944 1051 1140 1103 motus
1188 1046 1437 1114 videris;
1474 1063 1604 1102 mea
1629 1047 1781 1118 apud
1812 1051 1869 1103 te

213 1142 270 1193 et
301 1153 556 1210 persona
589 1141 644 1192 et
672 1153 852 1192 causa
899 1137 1206 1208 purganda
1233 1139 1323 1190 est
1357 1152 1370 1190 :
1406 1152 1477 1190 ne
1519 1151 1612 1190 me
1653 1134 1866 1207 aliquis

209 1225 510 1282 existimet
530 1243 563 1280 a
584 1225 878 1298 proposito
902 1241 1031 1280 meo
1055 1223 1258 1280 leviter
1279 1223 1590 1280 recessisse
1614 1241 1627 1290 ;
1651 1229 1862 1280 etcum

205 1314 612 1387 evangelicum
643 1314 830 1386 primo
850 1313 1106 1386 vigorem
1134 1317 1192 1369 et
1220 1313 1374 1368 inter
1395 1312 1560 1368 initia
1589 1313 1862 1369 defende-

205 1403 343 1472 rim,
367 1403 749 1475 postmodum
769 1403 970 1458 videar
986 1403 1252 1458 animum
1273 1418 1472 1458 meum
1496 1419 1529 1457 a
1549 1400 1860 1474 disciplina

203 1497 262 1549 et
293 1508 548 1548 censura
576 1492 766 1564 priore
796 1491 1028 1547 ﬂexisse
1059 1507 1072 1547 :
1106 1495 1172 1546 ut
1200 1491 1452 1563 his,quis
1483 1490 1697 1546 libellis
1727 1507 1860 1546 con-

205 1579 520 1636 scientiam
535 1596 701 1636 suam
725 1579 836 1651 (93)
860 1572 1302 1644 ma'culaverint,
1330 1577 1421 1634 vel
1443 1579 1587 1635 765
1607 1579 1857 1634 nefanda

204 1669 500 1725 sacrificia
527 1667 948 1738 commiserint,
981 1667 1291 1724 laxandam
1322 1668 1341 1702 ⁷
1372 1683 1574 1738 pacem
1616 1671 1854 1739 putave-

1988 519 2137 570 sent.
2171 532 2270 570 eos
2303 515 2718 571 immoderatos
2749 532 2898 583 esse,
2939 521 2994 571 et
3033 517 3105 571 ad
3151 517 3633 574 communicatio-

1987 619 2121 659 nem
2155 603 2555 676 accipiendam
2588 604 2935 659 festinanter
2963 606 3520 674 urgere,rescribens
3552 607 3636 663 eis

1986 692 2047 747 in
2079 692 2327 764 epistola
2359 693 2400 727 ¹⁰
2431 709 2560 748 mea
2591 708 2719 764 quae
2767 697 3037 762 exstat,et
3060 693 3169 748 hoc
3195 694 3390 748 addidi
3424 711 3437 750 :
3473 718 3500 746 «
3525 697 3634 760 Qui

1986 780 2037 836 si
2068 780 2318 836 nimium
2351 780 2911 853 properant,babent
2942 781 3000 835 in
3035 799 3142 836 sua
3163 787 3446 854 potestate
3475 786 3628 856 quod

1982 868 2286 941 postulant
2312 873 2646 941 “,tempore
2664 869 2824 940 ipsos
2846 868 2955 924 sibi
2976 869 3107 940 plus
3130 887 3304 942 quam
3331 873 3630 942 postulant

1981 957 2284 1030 largiente.
2319 957 2489 1014 Acies
2519 957 2709 1012 adhuc
2741 958 2984 1028 geritur,
3019 962 3075 1012 et
3107 959 3150 994 ¹²
3182 976 3330 1030 agon
3362 961 3623 1031 quotidie

1979 1045 2306 1102 celebratur
2337 1063 2350 1100 :
2385 1045 2435 1102 si
2461 1046 2761 1101 commissi
2799 1063 2933 1102 vero
2964 1051 3018 1101 et
3063 1047 3307 1102 firmiter
3355 1050 3617 1121 poenitet,

1976 1140 2034 1190 et
2065 1135 2197 1190 fidei
2231 1135 2388 1190 calor
2414 1135 2700 1207 praevalet,
2733 1135 2832 1206 qui
2871 1136 3088 1190 diﬂ'erri
3127 1152 3243 1190 non
3277 1141 3485 1207 potest,
3521 1156 3620 1209 p0-

1970 1231 2087 1283 test
2116 1227 2436 1283 coronari.»
2467 1226 2545 1281 De
2574 1243 2639 1281 eo
2673 1231 2864 1280 tamen
2887 1226 3041 1297 quod
3073 1228 3447 1283 statuendum
3467 1235 3623 1284 esset

1971 1315 2125 1372 circa
2154 1331 2393 1371 causam
2421 1315 2720 1386 lapsorum
2748 1315 2866 1386 (94)
2899 1314 3106 1369 distuli
3139 1333 3152 1382 ;
3190 1320 3255 1369 ut
3286 1332 3421 1371 cum
3452 1318 3618 1388 quies

1968 1408 2027 1461 et
2057 1404 2455 1476 tranquillitas
2490 1405 2624 1459 data
2671 1408 2844 1470 esset,
2894 1408 2952 1458 et
2999 1403 3287 1476 episcopis
3339 1405 3397 1460 in
3429 1423 3614 1462 unum

1968 1493 2273 1550 convenire
2303 1491 2666 1565 indulgentia
2691 1491 2840 1546 766
2863 1491 3057 1547 divina
3087 1492 3614 1563 permitteret,tunc

1968 1581 2402 1636 communicato
2435 1585 2491 1636 et
2536 1580 2746 1636 librato
2791 1581 2833 1614 ιδ
2872 1581 2941 1635 de
2985 1580 3249 1635 omnium
3303 1581 3610 1638 collatione

1965 1670 2228 1738 consilio,
2263 1674 2656 1726 statueremus
2687 1669 2826 1740 quid
2856 1669 2979 1724 ﬁeri
3028 1672 3338 1740 oporteret,
3387 1669 3442 1724 Si
3476 1672 3609 1743 quis

201 1759 342 1814 rim.
375 1757 540 1824 Quod
561 1761 876 1828 utrumque
901 1774 1016 1812 non
1047 1757 1173 1813 sine
1191 1756 1403 1812 librata
1429 1757 1527 1811 diu
1551 1760 1608 1812 et
1637 1756 1853 1829 poude-
1881 1793 1929 1857 B
1963 1776 2097 1814 vero
2131 1764 2263 1814 ante
2293 1759 2602 1814 concilium
2630 1762 2898 1813 nostrum
2921 1762 2975 1813 et
2998 1761 3132 1813 ante
3152 1758 3503 1814 sententiam
3537 1761 3606 1814 de

200 1851 334 1903 rata
363 1847 588 1902 ratione
617 1863 652 1900 a
680 1862 772 1902 me
802 1848 1020 1901 factum
1051 1850 1160 1902 est.

274 1935 368 1992 IV.
407 1935 551 1992 Nam
583 1951 719 1990 cum
750 1935 904 1991 acies
933 1935 1125 1990 adhuc
1159 1935 1310 1990 inter
1339 1951 1552 1991 manus
1583 1939 1754 2002 esset,
1789 1939 1846 1991 et

193 2022 466 2095 praelium
497 2022 736 2094 gloriosi
769 2022 1110 2078 certaminis
1134 2022 1192 2077 in
1224 2024 1625 2094 persecutione
1659 2024 1844 2078 ferve-

189 2116 302 2180 ret,
355 2116 475 2168 toto
522 2111 754 2167 hortatu
803 2114 860 2167 et
896 2111 1066 2183 pleno
1116 2112 1339 2184 impetu
1389 2111 1644 2167 militum
1695 2113 1844 2168 vires

187 2201 427 2256 fuerant
471 2200 806 2268 excitandte,
859 2206 918 2256 et
963 2201 1216 2257 maxime
1271 2200 1570 2272 lapsorum
1616 2205 1843 2257 mentes

187 2288 440 2345 classico
466 2289 719 2361 quodam
749 2293 958 2344 nostrae
988 2289 1140 2346 vocis
1171 2290 1536 2356 animandm;
1570 2294 1635 2345 ut
1665 2290 1842 2346 amni-

185 2376 384 2433 tentiaa
417 2377 548 2433 vian
580 2394 694 2432 non
727 2377 916 2433 solum
950 2378 1219 2450 precibus
1242 2383 1299 2434 et
1326 2379 1844 2435 lamentationibus

185 2469 598 2538 sequerentur,
631 2466 731 2522 sed
761 2467 1038 2538 quoniam
1081 2468 1380 2540 repetendi
1420 2469 1758 2524 certaminis
1789 2472 1846 2524 et

187 2556 534 2628 reparanda
565 2555 775 2612 salutis
806 2557 1056 2612 dabatur
1085 2557 1332 2623 occasio,
1356 2559 1427 2613 ad
1460 2557 1843 2614 confessionis

185 2646 394 2718 potius
424 2645 692 2701 ardorem
723 2646 821 2701 8et
873 2646 1135 2718 martyrii
1191 2646 1435 2718 gloriam
1485 2646 1701 2703 nostris
1749 2647 1844 2701 in-

186 2734 396 2806 crepiti
431 2735 453 2769 ⁰
497 2735 737 2791 vocibus
786 2739 1256 2807 provocarentur.
1303 2735 1560 2807 Denique
1607 2752 1740 2791 cum
1773 2736 1843 2791 de

1962 1849 2230 1904 omnium
2253 1847 2497 1903 consilio
2519 1851 2800 1902 statutam
2825 1845 3073 1918 “lapsis
3098 1850 3314 1902 temere
3345 1863 3606 1904 commu-

1956 1939 2150 1994 nicare
2181 1937 2484 2004 voluisset,
2516 1936 2641 2008 ipse
2689 1953 2724 1990 a
2771 1935 3302 1992 communicatione
3345 1936 3601 1993 abstine-

1952 2030 2133 2082 retur.

2027 2116 2087 2170 ν.
2120 2115 2283 2180 Quod
2323 2114 2498 2170 etiam
2531 2115 2774 2169 Romam
2810 2115 2854 2148 ¹⁵
2884 2114 2955 2168 ad
2989 2112 3211 2168 clerum
3251 2117 3378 2169 tum
3410 2115 3599 2171 adhuc

1953 2203 2080 2259 sine
2111 2204 2383 2275 episcopo
2415 2207 2769 2275 agentem,et
2790 2203 2861 2258 ad
2888 2202 3249 2258 confessores
3281 2203 3602 2260 Maximum

1954 2293 2383 2365 presbyterum,
2416 2297 2473 2347 et
2511 2297 2746 2347 caeteros
2807 2292 2862 2345 in
2913 2291 3182 2346 custodia
3230 2293 3597 2359 constitutos,

1952 2397 2111 2437 nunc
2141 2383 2199 2436 in
2232 2381 2488 2437 Ecclesia
2515 2398 2648 2436 cum
2687 2380 3208 2450 Corneliojunctos
3259 2380 3600 2452 plenissime

1951 2470 2183 2541 scripsi.
2208 2470 2370 2534 Quod
2396 2486 2487 2525 me
2511 2469 2916 2540 scripsisse,de
2949 2484 3150 2524 eorum
3183 2468 3461 2541 rescripto
3483 2471 3596 2542 (95)

1952 2558 2168 2630 poteris
2201 2574 2437 2616 noscere
2469 2559 2510 2592 ¹⁶
2544 2576 2557 2614 :
2591 2574 2728 2613 nam
2762 2558 2818 2612 in
2859 2557 3106 2629 epistola
3136 2575 3243 2613 sua
3273 2557 3354 2614 ita
3387 2576 3598 2630 posue-

1951 2652 2089 2702 runt
2123 2665 2134 2703 :
2171 2671 2198 2698 ‹‹
2232 2651 2579 2720 Quanquam
2611 2646 2779 2701 nobis
2811 2647 2924 2718 (96)
2975 2646 3031 2700 in
3082 2650 3204 2702 tam
3245 2646 3471 2718 ingenti
3500 2665 3607 2704 ne-

1954 2736 2110 2808 gotio
2143 2735 2368 2808 placeat
2396 2736 2550 2809 quod
2578 2739 2643 2790 ut
2671 2739 2726 2790 te
2755 2734 2881 2806 ipse
2940 2733 3226 2801 tractasti,
3278 2735 3443 2806 prius
3477 2752 3607 2792 esse

1629 2879 1831 2939 Variae
1860 2878 2184 2940 lectiones.

260 2993 282 3074 ξ
309 2997 356 3075 Α
390 2991 954 3076 ειυοεψθρορρείίολ
980 2993 1420 3076 quartanas??-

187 3064 303 3137 tris
334 3063 884 3137 increpitationibus
914 3063 1045 3119 Boii.
1079 3066 1133 3120 3.
1214 3065 1258 3101 ¹⁰
1286 3063 1546 3137 Epistola
1576 3081 1711 3137 mea
1750 3081 1890 3137 qua;
1943 3065 2251 3136 expediant
2307 3065 2428 3118 Lin.

1675 3135 1718 3170 ’3
1747 3132 2075 3191 Deliberato
2108 3137 2260 3190 Lam.
2292 3137 2424 3190 Ben.
2458 3134 2589 3190 Bod.
2622 3138 2657 3188 2
2704 3133 2869 3188 Ebor.
2905 3132 2971 3169 7“
3023 3132 3409 3189 Constitutam
3459 3135 3612 3190 Lam.

183 3136 362 3207 Neap.
397 3136 514 3191 MR.
616 3138 661 3171 ¹²
689 3140 757 3190 Et
786 3137 938 3206 apud
972 3153 1078 3191 nos
1110 3137 1371 3207 quotidie
1408 3136 1566 3192 Corb.

1525 2993 1545 3026 ⁷
1577 2993 1913 3048 Laxandam
1945 3009 1980 3048 α
2008 3008 2100 3048 me
2129 2992 2267 3047 Bod.
2304 2994 2355 3046 1.
2432 2993 2452 3026 ⁸
2483 2989 2879 3046 Confessionis
2900 2990 3170 3045 ardorem
3188 2990 3344 3044 Lam.
3422 2991 3443 3024 9
3469 2989 3616 3046 Nos-

2535 3063 2574 3096 “
2636 3065 2823 3128 Quam
2881 3063 3038 3133 quod
3073 3060 3377 3133 postulant
3407 3062 3541 3117 Bod.
3577 3063 3605 3116 1

191 3207 324 3263 Bod.
359 3209 415 3263 3.
494 3208 540 3244 ¹⁸
567 3207 899 3263 Romanum
929 3208 1000 3262 ad
1033 3207 1255 3263 clerum
1291 3209 1456 3264 Corb.
1490 3209 1533 3243 ¹⁶
1563 3207 1762 3262 Potest
1793 3209 1957 3262 nosci
1991 3209 2143 3262 Lam.
2177 3207 2308 3263 Bod.
2337 3209 2391 3260 2.

1611 3351 1945 3412 Variorum
1976 3356 2167 3411 nota.

262 3476 382 3547 (92)
414 3475 478 3530 Et
506 3475 727 3546 quidem
757 3477 1004 3544 primum
1051 3477 1315 3548 quoniam
1361 3477 1428 3530 de
1471 3491 1590 3530 meo
1613 3490 1846 3548 iquoque
1876 3476 1918 3542 C
1960 3477 2032 3548 ut
2053 3471 2632 3548 Cyprianusibidem
2654 3469 2822 3525 testis
2845 3473 2953 3534 est,
2985 3469 3161 3548 it_a__se_
3192 3469 3343 3524 bona
3373 3471 3486 3548 fide
3506 3487 3603 3544 ge-

185 3556 337 3613 actu,
370 3551 481 3601 etc.
513 3548 1018 3610 Quemadmodum
1051 3547 1198 3602 satis
1240 3552 1468 3603 constat
1515 3565 1584 3602 ex
1611 3547 1760 3602 libro
1792 3550 1848 3601 ct

185 3617 463 3691 epistolis
494 3619 896 3691 superioribus
926 3620 998 3675 de
1033 3619 1253 3689 Lapsis,
1284 3624 1411 3674 erat
1438 3619 1626 3685 initio,
1651 3635 1849 3691 perse-

187 3689 434 3747 cutione
465 3690 656 3746 adhuc
689 3693 964 3756 fervente,
1005 3691 1206 3746 durior
1249 3691 1420 3761 paulo
1466 3707 1604 3760 erga
1650 3689 1848 3760 lapsos

185 3763 228 3818 C
277 3761 545 3834 prianus,
579 3767 780 3833 utpote
862 3762 920 3817 ui
943 3778 1057 3816 non
1091 3762 1202 3818 nisi
1251 3767 1450 3816 exacta
1507 3761 1850 3832 poenitentia

187 3781 270 3889 ag
300 3848 506 3889 pacem
538 3779 931 3889 admittengos
962 3833 1362 3889 censeret.nisi
1389 3834 1533 3888 forte
1553 3833 1624 3887 ad
1649 3849 1848 3889 preces

187 3833 263 3890 ad
300 3848 506 3905 pacem
538 3833 1362 3905 admittendoscenseret,nisi
1386 3834 1533 3905 forte
1553 3833 1624 3887 ad
1649 3849 1848 3901 preces

188 3904 520 3988 Martyrum
550 3907 806 3988 instante
831 3904 1088 3988 periculo
1120 3906 1346 3988 mortis,
1379 3904 1556 3988 idque
1591 3921 1717 3988 ‘non
1750 3920 1848 3985 s07

187 3978 322 4032 lum
353 3975 416 4030 in
449 3977 814 4043 sacriﬁcatis,
834 3975 949 4032 sed
982 3982 1038 4031 et
1069 3977 1127 4030 in
1175 3975 1508 4032 libellaticis
1554 3975 1847 4031 observari

189 4048 446 4105 volebat.
480 4048 624 4104 Pace
654 4053 849 4104 autem
876 4051 1002 4120 jam
1033 4047 1300 4102 Ecclesia:
1349 4048 1506 4118 data,
1561 4064 1692 4102 cum
1729 4049 1852 4118 pri--

192 4136 366 4176 mum
401 4120 709 4176 convenire
736 4119 924 4185 licuit,
957 4120 1014 4173 in
1047 4121 1453 4191 episcoporum
1480 4120 1681 4191 Africae
1711 4134 1846 4191 con-

191 4192 336 4248 cilio
368 4192 635 4247 nonnibil
664 4193 964 4248 moderata
991 4189 1203 4247 est—illa
1229 4189 1495 4256 censura,
1543 4195 1600 4246 et
1630 4189 1851 4262 placuit

189 4263 319 4319 illis
349 4263 642 4344 (utiinfra
668 4263 776 4319 bac
806 4265 1007 4344 eadem
1029 4263 1291 4344 epistola
1319 4262 1484 4344 dicit)
1504 4261 1850 4344 examinatis

191 4334 410 4407 causis
427 4334 793 4407 singularum
825 4334 1170 4391 libellaticos
1201 4334 1437 4407 interim
1466 4334 1724 4407 admitti,
1756 4351 1848 4388 sa-

192 4405 446 4463 crifiatis
500 4404 633 4463 vvere
683 4408 741 4461 in
775 4407 930 4462 exitu
976 4405 1289 4461 subveniri.
1340 4404 1624 4477 Culpabat
1652 4406 1851 4475 itaque

189 4477 549 4561 gyprianum
566 4479 1119 4561 Anto_nianus‘,.quod_
1133 4478 1496 4561 sententiam
1537 4481 1848 4561 mutasset,

193 4549 326 4633 ipse
353 4565 488 4633 vero
520 4549 993 4633 mutati‘consilii
1040 4549 1294 4631 rationes
1342 4549 1624 4633 adduci‘_;
1654 4565 1849 4633 neque

192 4621 310 4677 sibi
352 4621 463 4676 soli
495 4623 594 4677 sed
626 4626 683 4677 et
711 4621 862 4677 clero
893 4623 1154 4676 Romano
1206 4622 1462 4692 primum
1502 4639 1515 4687 ;
1549 4625 1615 4692 et
1637 4621 1847 4674 deinde

194 4693 496 4766 episcopis
525 4692 934 4766 compluribus
951 4691 1243 4764 placuisse
1266 4693 1416 4748 hanc
1435 4691 1845 4766 difﬁnitionem

194 4763 322 4820 imo
352 4781 488 4820 vero
509 4769 566 4820 et
586 4783 619 4819 a
638 4763 902 4820 Cornelio
924 4763 982 4820 in
1009 4766 1230 4836 synodo
1253 4769 1513 4819 Romana
1535 4763 1844 4836 conﬁrma-

1959 3541 2184 3610 rebant,
2216 3562 2348 3600 cum
2383 3544 2490 3598 hoc
2522 3543 2888 3610 licitum,nec
2916 3541 3272 3612 prohibitum
3306 3541 3600 3599 existima-

1959 3623 2105 3672 rent.
2139 3617 2337 3688 Neque
2365 3632 2497 3688 vero
2528 3614 2608 3669 rei
2645 3614 2913 3688 fuissent,
2967 3613 3037 3681 si,
3089 3613 3336 3688 pecunia
3383 3614 3598 3688 oblata,

1957 3688 2186 3743 libellos
2212 3684 2590 3758 accepissent,
2625 3685 2843 3755 quibus
2893 3701 2927 3738 a
2968 3684 3369 3758 persecutione
3399 3686 3604 3742 libera-

1957 3765 2179 3815 rentur.
2214 3759 2323 3815 Sed
2353 3756 2414 3812 in
2447 3759 2554 3812 hoc
2587 3773 2787 3811 eorum
2821 3760 2944 3811 erat
2979 3756 3220 3826 crimen,
3255 3758 3408 3828 quod
3442 3757 3601 3829 ipsos

1959 3832 2030 3886 ad
2063 3848 2192 3886 aras
2219 3830 2554 3897 accessisse,
2597 3833 2650 3883 et
2696 3829 3302 3901 propositisadversus
3350 3831 3604 3901 Evange-

1958 3904 2098 3958 lium
2125 3901 2214 3957 vel
2242 3902 2431 3958 edictis
2463 3902 2544 3955 vel
2588 3901 2804 3970 legibus
2849 3900 3221 3970 satisfecisse,
3261 3899 3371 3970 ipsi
3422 3899 3604 3956 libelli

1959 3969 2680 4042 constestabantur,idque
2710 3971 2920 4025 deinde
2951 3970 3182 4042 publice
3213 3969 3607 4042 legebatur,ut

1959 4051 2159 4101 narrat
2179 4045 2370 4100 clerus
2393 4041 2689 4099 Romanus
2712 4043 2867 4114 apud
2895 4041 3246 4113 Cyprianum
3269 4041 3600 4114 epist.xxx1.

1959 4118 2164 4172 Cousr.

2028 4189 2140 4260 (94)
2180 4187 2346 4260 Circa
2400 4201 2622 4260 causam
2681 4185 2983 4260 lapsorum.
3041 4180 3256 4251 Supple
3299 4181 3606 4242 decernere.

1957 4256 2100 4315 Vide
2124 4256 2344 4314 dictam
2375 4257 2682 4328 epistolam
2712 4273 2825 4310 XIV.
2859 4256 3178 4328 onsrsnr.

2029 4332 2142 4402 (95)
2172 4333 2246 4386 De
2291 4323 2479 4384 eorum
2521 4329 2842 4402 rescripto.__
2869 4325 2994 4402 Non
3037 4323 3312 4402 displicet
3347 4327 3515 4402 quod
3547 4327 3604 4382 in

1958 4394 2094 4470 edit,
2123 4394 2301 4468 Oxon,
2335 4405 2400 4456 ut
2440 4402 2498 4454 in
2532 4394 2886 4470 mss.-Co|b.
2921 4401 2978 4452 et
3030 4394 3197 4470 Corb.
3226 4394 3485 4470 legitur,
3519 4415 3605 4453 re-

1957 4466 2192 4544 scriptis.
2244 4466 2387 4527 N'am
2450 4472 2555 4544 etsi
2597 4469 2919 4544 Cyprianus
2982 4466 3106 4544 sola
3138 4466 3402 4544 epistolae
3447 4486 3600 4526 xxxr.

1957 4537 2095 4601 cieri
2121 4545 2364 4600 Romani
2396 4543 2570 4598 verba
2601 4537 2659 4596 in
2682 4537 2882 4596 medio
2911 4541 3110 4610 ponat,
3137 4537 3376 4595 laudare
3405 4544 3602 4598 tamen

1957 4618 2134 4672 simul
2168 4615 2394 4670 videtur
2441 4618 2496 4668 et
2545 4609 3352 4683 sententiam’Confessorum
3388 4611 3498 4683 ipsi
3530 4615 3601 4669 de

1957 4689 2158 4744 eadem
2194 4704 2272 4754 re,
2306 4685 2479 4757 epist.
2508 4701 2657 4749 xxvr,
2703 4681 3149 4757 rescribentium
3188 4698 3200 4736 :
3237 4682 3368 4757 Cum
3397 4681 3603 4754 grande

1955 4761 2231 4827 delictum,
2263 4762 2313 4812 et
2341 4753 2443 4828 per
2470 4762 2645 4812 tolum
2691 4771 2827 4826 pene
2847 4755 3030 4809 orbem
3053 4753 3409 4828 incredibile
3424 4762 3603 4812 vasta-

193 4838 547 4913 tum,Atque
569 4836 692 4893 hac
713 4838 784 4892 ad
807 4837 916 4893 loci
947 4826 1124 4906 huj'us
1147 4835 1509 4892 intellectum
1528 4834 1843 4890 sufﬁciant.
1884 4850 1931 4913 D
1963 4834 2116 4913 tione
2143 4826 2474 4913 grassatum,
2504 4844 2617 4913 non
2664 4829 2906 4913 θρονιραί
2948 4826 3172 4913 ηξδίζιξιι
3217 4828 3601 4913 ἱρεθηδσνὶὺίξ,

195 4909 421 4964 ΡΑΜιι.

271 4979 392 5051 (93)
426 4979 802 5035 Conscentiam
825 4995 1006 5035 suam.
1040 4979 1284 5044 Horum,
1314 4994 1460 5050 quos
1511 4992 1629 5034 uno
1651 5050 1656 5051 γ
1679 4976 1854 5051 verbo

197 5047 538 5106 libellaticos
566 5051 821 5122 appellat
849 5051 1193 5122 Cyprianus,
1224 5054 1281 5105 et
1309 5047 1510 5106 eorum
1561 5050 1661 5119 qui
1685 5047 1855 5122 idolis

198 5119 702 5190 sacrificaverunt,
754 5119 1016 5194 quos—'et
1063 5123 1394 5191 sacriﬁcatos
1442 5126 1626 5189 vocat,
1687 5119 1858 5194 longe

199 5195 493 5268 imparem
526 5191 918 5268 conditio—nem
948 5194 1021 5268 ad
1047 5193 1338 5268 diversum
1365 5197 1668 5268 peccatum
1700 5191 1856 5268 idem

199 5265 424 5395 Krésul
455 5267 513 5350 in
544 5265 729 5348 altera
747 5265 1017 5350 epistolae
1046 5265 1224 5348 bujus
1275 5269 1438 5337 parte
1469 5267 1852 5346 demonstrat.

255 5355 354 5394 am
389 5355 488 5395 qui
520 5336 815 5393 libellatrcl
848 5337 977 5392 ideo
1028 5337 1392 5395 dicebantur.
1446 5353 1585 5395 aura
1620 5351 1852 5395 DI‘EBmIO

255 5355 354 5394 am
389 5339 488 5407 qui
520 5335 815 5393 libellatici
848 5337 977 5392 ideo
1028 5335 1392 5403 dicebantur,
1446 5337 1585 5406 quia
1620 5335 1857 5407 praemio

204 5406 847 5481 magistratibusdato,
881 5425 997 5481 quo
1044 5413 1339 5481 tormenta
1383 5409 1756 5481 redimerent.
1790 5406 1858 5460 li-

204 5477 430 5539 bellum
465 5481 536 5537 ab
569 5480 716 5553 ipsis
745 5477 1126 5552 accipiebant,
1144 5480 1215 5553 ad
1247 5480 1627 5553 magistratus
1653 5477 1737 5533 vel
1763 5494 1859 5553 ve-

207 5556 443 5610 nientes
469 5554 580 5624 ipsi
597 5549 1094 5619 'testiﬁcabantur,
1126 5550 1214 5605 vel
1258 5549 1370 5606 alio
1419 5556 1591 5624 eunte
1624 5549 1862 5624 manda-

211 5627 380 5698 bant,
415 5642 469 5681 se
493 5621 837 5698 Christianos
869 5641 1001 5690 esse,
1032 5625 1346 5693 sacriﬁcare
1373 5623 1480 5698 sibi
1528 5638 1636 5678 non
1671 5621 1857 5698 licere,

214 5698 283 5753 ad
313 5693 442 5753 aras
472 5696 682 5753 diaboli
709 5713 766 5752 se
793 5698 980 5751 venire
1015 5711 1125 5752 non
1159 5710 1310 5766 posse
1327 5711 1348 5756 ,·
1379 5695 1535 5766 dare,
1556 5710 1623 5766 se
1667 5695 1731 5748 ob
1765 5693 1865 5747 hoc

217 5771 530 5846 prmium,
556 5785 626 5826 ne
650 5767 791 5842 quod
816 5784 928 5825 non
959 5768 1084 5826 licet
1111 5765 1340 5840 faciant.
1371 5767 1442 5822 Et
1483 5765 1568 5820 illi
1599 5766 1865 5838 quidem,

1962 4911 2120 4959 caute
2145 4897 2546 4970 'maderateque
2587 4897 2844 4965 tractari,
2891 4897 3156 4953 consultis
3202 4899 3459 4970 omnibus
3489 4901 3603 4969 epi-

1962 4975 2158 5045 scOpis,
2207 4969 2565 5045 presbyteris,
2593 4972 2886 5045 _(tiaconis,
2947 4969 3349 5045 confessoribus
3397 4970 3610 5045 et_ipsis

1962 5038 2232 5125 stantibus
2277 5038 2451 5125 luitis.
2503 5043 2708 5125 Cujus.
2738 5039 3304 5125 circumspectionis‘
3330 5038 3610 5125 iaudatus

1965 5118 2156 5174 clerus
2189 5117 2246 5171 in
2280 5117 2457 5171 citata
2503 5109 2750 5186 epistola
2799 5129 2952 5186 xxxi,
2998 5109 3148 5186 banc
3207 5109 3399 5166 reddit
3439 5112 3612 5167 ratio-

1967 5207 2100 5245 nem
2137 5206 2148 5244 :
2182 5191 2454 5260 Perquam
2485 5181 2634 5260 enim
2652 5185 2806 5241 nobis
2827 5192 2877 5240 et
2891 5181 3235 5260 invidiosum
3250 5185 3300 5237 et
3331 5197 3616 5260 onerosum

1967 5261 2199 5325 videtur,
2231 5253 2342 5316 no'n
2364 5275 2466 5331 per
2493 5259 2691 5313 mulus
2715 5255 3060 5331 examinare,
3089 5253 3228 5323 quod
3262 5267 3392 5331 _per_
3415 5256 3616 5331 multo:

1966 5333 2215 5389 videatur
2243 5327 2598 5386 commissum
2633 5330 2844 5399 fuisse;
2873 5329 2922 5381 et
2952 5340 3128 5378 unum
3154 5327 3485 5399 senteniiam
3521 5327 3612 5382 di-

1967 5421 2088 5461 cere
2120 5411 2385 5458 cumtum
2435 5397 2640 5471 grande
2685 5402 2904 5471 crimen
2943 5412 3041 5467 per
3087 5397 3285 5471 multos
3333 5397 3612 5470 diffusum,

1968 5479 2190 5532 notetur
2219 5476 2393 5530 exisse
2411 5467 2727 5543 {quoniam
2758 5485 2854 5523 nec
2875 5470 3099 5543 ﬁrmant
3144 5467 3417 5543 decretura
3447 5478 3615 5540 potest

1969 5564 2082 5603 esse
2136 5545 2276 5616 quod
2321 5561 2431 5598 non
2471 5538 2851 5614 plurimorum
2896 5538 3169 5595 videbitur
3214 5538 3468 5596 habuisse
3495 5557 3617 5597 con-

1970 5635 2208 5676 sensum.
2244 5622 2547 5671 Consum.

2045 5691 2173 5760 (96),
2207 5693 2539 5760 Quanquam
2596 5688 2774 5743 nobis.
2832 5685 3147 5756 Sumptum
3195 5686 3287 5739 est
3346 5683 3505 5742 istud
3554 5700 3622 5738 ex

1975 5759 2407 5836 epistola’xxn,
2439 5760 2638 5815 BALUZ.
