4102 6172
259 325 377 387 793

1746 325 2180 389 EPISTOLIE.

3551 328 3672 388 794

328 455 474 512 VIII.
501 453 686 510 Venio
705 455 833 526 jam
865 471 1041 512 nunc-
1073 455 1251 512 frater
1276 456 1645 528 cbarissime,
1679 458 1748 513 ad
1784 474 1910 528 per-
1941 462 1996 529 Α
2022 461 2239 527 motus,
2262 463 2317 513 et
2347 456 2402 512 in
2437 454 2649 512 divinis
2673 453 3288 513 administrationibus
3319 456 3502 512 Deum
3528 463 3680 530 siepe

259 561 461 601 sonam
496 545 541 579 ²¹
571 543 818 600 Cornelii
844 545 1077 617 collegae
1109 546 1294 600 nostri
1322 550 1421 601 :ut
1450 546 1779 603 Cornelium
1804 565 1911 602 no-

258 636 485 690 biscum
517 634 710 690 verius
739 634 986 704 noveris,
1031 652 1142 690 non
1178 636 1248 690 de
1297 635 1694 708 malignorum
1726 641 1781 692 et
1812 638 1910 692 de-

257 723 617 778 trahentium
672 723 993 790 mendacio,
1042 724 1141 778 sed
1203 724 1271 778 de
1326 724 1419 779 Dei
1463 724 1685 793 judicio
1735 726 1780 759 ²⁵
1811 725 1910 796 qui

254 813 601 883 episcopum
635 810 769 866 fecit
795 815 883 866 :et
903 811 1382 884 coepiscoporum
1408 812 1914 885 testimonio,quo-

255 917 381 954 rum
420 916 702 954 numerus
736 899 1042 954 universus
1079 917 1180 972 per
1211 904 1399 954 totum
1456 902 1745 956 mundum
1779 919 1912 956 cou-

253 988 413 1043 cordi
445 987 831 1043 unanimitate
863 989 1184 1044 consensit.
1210 989 1355 1044 Nam
1390 991 1540 1060 quod
1575 990 1908 1046 Cornelium

252 1076 667 1131 cbarissimum
703 1081 966 1132 nostrum
1005 1081 1114 1131 Deo
1163 1081 1220 1131 et
1270 1077 1501 1133 Christo
1551 1083 1606 1133 et
1645 1078 1911 1135 Ecclesiae

250 1165 402 1234 ejus,
431 1165 568 1220 item
592 1165 1107 1221 consacerdotibus
1139 1165 1367 1221 cunctis
1400 1165 1680 1221 laudabili
1702 1168 1908 1238 praedi-

249 1253 480 1308 catione
504 1253 1019 1321 commendat,non
1042 1253 1153 1308 iste
1185 1253 1256 1308 ad
1289 1253 1690 1325 episcopatum
1713 1255 1909 1310 subito

246 1341 551 1413 pervenit;
599 1341 700 1397 sed
755 1357 859 1413 per
887 1341 1088 1397 omnia
1116 1341 1524 1398 Ecclesiastica
1554 1343 1746 1398 officia
1776 1361 1910 1415 pro-

2021 547 2394 617 promeritus,
2427 547 2496 602 ad
2531 545 2839 601 sacerdotii
2861 545 3428 618 sublimefastigium
3451 547 3679 602 cunctis

2024 635 2324 708 religionis
2355 635 2637 708 gradibus
2667 634 3103 690 ascendit.Tum
3141 635 3349 691 deinde
3382 636 3678 707 episcopa-

2022 729 2146 778 tum
2181 724 2378 796 ipsum
2430 740 2532 779 nec
2564 722 2880 795 postulavit
2928 725 2992 793 2°,
3049 741 3152 779 nec
3197 723 3399 792 voluit,
3445 742 3572 793 nec,
3612 729 3676 780 ut

2021 813 2206 868 caeteri
2243 829 2390 884 quos
2425 811 2764 885 arrogantiae
2797 817 2854 867 et
2885 813 3173 884 superbiae
3203 831 3321 868 suae
3355 819 3549 869 tumor
3585 817 3674 869 in-

2021 903 2141 968 flat,
2173 901 2387 956 invasit
2417 917 2428 955 :
2465 901 2563 956 sed
2599 901 2834 972 quietus
2867 900 3010 956 alias
3044 901 3120 973 (5)
3161 906 3216 956 et
3260 905 3583 972 modestus,
3616 908 3674 958 et

2021 991 2223 1061 quales
2257 991 2406 1047 759
2439 1005 2566 1044 esse
2599 995 3026 1044 consueverunt
3057 989 3156 1061 qui
3189 991 3259 1044 ad
3293 990 3447 1045 hunc
3476 990 3668 1047 locum

2018 1079 2300 1134 divinitus
2347 1077 2674 1150 eliguntur,
2725 1094 2826 1149 pro
2890 1079 3111 1148 pudore
3175 1078 3476 1150 virginalis
3534 1097 3672 1135 con-

2019 1166 2276 1222 scientiae
2305 1168 2346 1200 ’7
2396 1167 2471 1238 (6)
2501 1183 2618 1220 suae
2649 1173 2705 1220 et
2736 1182 2838 1236 pro
2880 1165 3212 1220 humilitate
3245 1167 3514 1237 ingenitae
3557 1168 3675 1222 sibi

2018 1260 2074 1310 et
2102 1255 2406 1311 custodita
2437 1255 2818 1322 verecundiae,
2848 1271 2985 1318 non,
3019 1258 3083 1308 ut
3113 1255 3498 1325 quidam,vim
3531 1256 3673 1311 fecit

2021 1349 2083 1398 ul;
2112 1343 2422 1416 episcopus
2453 1342 2654 1410 ﬁeret;
2697 1343 2799 1397 sed
2831 1343 2956 1414 ipse
2985 1341 3102 1397 vim
3135 1358 3347 1413 passus
3394 1347 3485 1398 est
3513 1343 3557 1378 ³⁸
3590 1345 3670 1416 (7)

1667 1487 1869 1547 Varias
1913 1486 2252 1546 Lectiones.

324 1598 372 1670 ’ᾗ
401 1596 488 1670 A_d
520 1611 832 1668 personam
863 1595 1095 1670 collegas
1129 1597 1313 1670 nostri
1336 1598 1486 1654 Lam.
1523 1599 1660 1655 Bod.
1736 1599 1780 1634 '5
1811 1599 1922 1656 Sed
1954 1599 2179 1654 Domini
2221 1599 2315 1654 Dei
2335 1597 2558 1668 judicio
2608 1597 2778 1670 Oxon.
2812 1597 3005 1651 Batus.
3081 1598 3136 1670 7”»
3159 1597 3272 1654 Nec
3304 1598 3430 1670 ipse
3460 1603 3669 1670 postu-

248 1667 404 1740 lavit
427 1667 603 1740 0.2;on.
637 1671 836 1740 Ipsum
870 1685 973 1740 nec
993 1667 1177 1724 voluit
1210 1670 1360 1725 Lum.
1397 1673 1556 1726 Ebar.
1589 1671 1652 1726 Ν.
1686 1673 1745 1728 C.
1782 1673 1832 1726 1.

1910 1671 1954 1705 2⁷
1984 1671 2093 1726 Sic.
2148 1673 2262 1726 Ver.
2297 1672 2491 1726 Benec.
2541 1669 2671 1724 Bod.
2714 1670 2764 1723 1.
2795 1670 2850 1724 2.
2883 1673 3039 1724 Lam.
3074 1668 3236 1726 Ebor.
3267 1668 3344 1726 ΝΣ
3365 1669 3422 1725 C.

3496 1713 3509 1726 .
3542 1672 3667 1726 Lin.

241 1739 564 1813 Virginalis
594 1739 966 1796 continentiae
997 1743 1150 1796 Lam.
1185 1741 1344 1797 Ebor.
1374 1745 1446 1798 Ν.
1473 1745 1532 1798 C.
1570 1743 1620 1796 1.
1651 1742 1784 1798 Bod.
1819 1743 1871 1812 1,
1899 1742 1954 1811 2,
1986 1743 2040 1797 3.
2074 1743 2204 1797 Pem
2231 1743 2344 1798 Mli.
2422 1742 2466 1775 ²⁸
2487 1740 2618 1796 Nim
2653 1739 2787 1795 fecit
2813 1743 2968 1795 Lam.
3002 1740 3135 1796 Bod.
3178 1741 3234 1795 2.

1687 1867 2020 1928 Variorum
2052 1872 2238 1926 notia.

242 1989 470 2063 tionem
503 1987 664 2063 illam
697 1991 946 2063 veterem
981 2005 1111 2045 esse
1143 1991 1511 2055 mendosam,
1543 2006 1611 2045 ex
1640 1991 1732 2045 his
1764 1990 1911 2045 dua-
1943 1999 1989 2063 Β
2020 1991 2277 2045 cundum
2310 1988 2568 2060 epistolae
2613 1989 2681 2043 ad
2716 1988 2912 2063 Titum
2954 2006 2966 2043 :
3014 1990 3304 2063 Sciendum
3350 2004 3558 2060 quoque
3596 1997 3676 2045 est

241 2061 364 2115 bus
393 2059 635 2114 vocibus
667 2059 842 2113 simul
867 2061 1094 2130 junctis
1126 2062 1357 2116 fecisset
1384 2064 1776 2132 exploratione,
1810 2078 1912 2116 ex-

242 2147 521 2203 pungens
573 2131 848 2203 priorem,
891 2133 1148 2187 retinens
1193 2133 1391 2187 aliam.
1434 2131 1504 2188 At
1552 2150 1728 2200 nunc,
1775 2149 1908 2188 cum

241 2201 482 2257 videam
517 2201 587 2255 in
608 2201 856 2272 epistola
887 2220 1078 2266 vaul,
1111 2205 1168 2256 in
1211 2206 1409 2259 codice
1459 2205 1731 2265 Fuxensi.
1767 2205 1910 2259 scri-

245 2281 420 2346 ptum
455 2290 582 2327 esse
612 2275 857 2346 exemplo
886 2284 936 2329 et
965 2279 1207 2341 ratione,
1246 2281 1308 2329 ut
1348 2276 1464 2330 illic
1509 2276 1910 2341 annotabitur,

245 2344 360 2417 pro
392 2361 458 2398 eo
491 2347 645 2414 quod
678 2345 774 2398 alii
803 2344 933 2399 libri
965 2351 1020 2400 et
1067 2345 1351 2401 editiones
1407 2347 1621 2400 habent
1651 2348 1908 2413 explora-

245 2427 426 2482 tione,
462 2433 574 2488 non
607 2417 867 2488 dubitavi
901 2419 1042 2488 quin
1075 2417 1195 2471 haec
1238 2417 1404 2472 lectio
1437 2417 1512 2471 sit
1543 2419 1767 2472 melior.
1798 2419 1906 2472 Su-

247 2505 363 2560 pra
397 2487 610 2558 quippe
642 2488 698 2540 in
730 2487 977 2557 epistola
1007 2491 1279 2559 septima,
1305 2488 1517 2559 legitur
1547 2505 1559 2544 :
1594 2491 1912 2543 Persecutio

248 2562 364 2614 ista
396 2561 740 2613 examinatio
772 2563 846 2612 est
884 2563 1045 2629 atque
1073 2560 1378 2630 exploratio
1413 2563 1663 2630 pectoris.
1699 2560 1909 2614 BALUZ.

330 2631 412 2694 (5)
443 2631 673 2699 Quietus
723 2630 882 2683 alias.
920 2632 995 2684 Ex
1047 2635 1176 2684 octo
1229 2647 1374 2686 mss.
1429 2633 1487 2685 in
1538 2631 1717 2685 Oxon.
1769 2632 1909 2685 edit.

249 2701 567 2755 recensitis
598 2717 795 2755 vocem
828 2701 972 2756 alias
1001 2717 1361 2765 revocamus,
1391 2702 1718 2757 faventibus
1751 2703 1908 2756 Colb.

247 2776 318 2844 et
349 2771 520 2826 Corb.
546 2788 794 2843 quorum
821 2772 876 2825 in
901 2788 1016 2826 uno
1041 2773 1201 2840 alios,
1226 2773 1286 2827 in
1308 2773 1486 2827 altero
1515 2775 1644 2827 aliis
1675 2772 1907 2844 legitur.

247 2843 542 2897 Pluribus
571 2859 717 2911 opus
749 2859 860 2896 non
894 2849 1002 2909 est,
1037 2851 1100 2898 ut
1139 2844 1490 2914 Cyprianum
1521 2843 1579 2898 in
1613 2845 1684 2897 iis
1717 2843 1910 2898 omni-

245 2915 390 2981 bus,
421 2915 482 2968 in
513 2915 727 2986 quibus
757 2914 1003 2969 Cornelii
1028 2914 1369 2970 electionem
1401 2915 1793 2983 commendat,
1817 2932 1909 2970 or-

245 2985 618 3040 dinationem
655 2985 955 3039 Novatiani
990 2992 1055 3040 ut
1100 2987 1305 3040 iisdem
1349 2986 1780 3041 conditionibus
1810 2987 1909 3040 de-

241 3059 522 3112 stitutam
542 3074 609 3111 ex
631 3056 867 3127 obliquo
887 3056 1117 3128 pulsare
1140 3074 1205 3112 ac
1236 3060 1543 3127 reprohare
1566 3059 1911 3129 persuadea-

244 3145 423 3200 mus.
456 3130 579 3200 Imo
609 3133 665 3181 et
695 3129 929 3200 nomine
960 3129 1183 3199 quidam
1215 3146 1329 3182 non
1359 3129 1604 3200 obscure
1636 3129 1907 3200 designa-

239 3204 350 3254 tur
383 3199 758 3253 Novatianus.
796 3199 932 3253 Inde
963 3200 1137 3253 etiam
1172 3200 1378 3270 cuique
1409 3199 1905 3270 exploratum’cst,

239 3271 309 3325 id
347 3270 640 3340 prioribus
666 3270 894 3325 saeculis
924 3271 1079 3325 circa
1105 3271 1414 3326 electiones
1447 3271 1761 3342 praasulum
1797 3288 1906 3326 usu

2019 2063 2148 2132 quia
2177 2063 2515 2116 continentia
2545 2076 2652 2115 non
2684 2061 2862 2114 solum
2909 2063 2966 2114 in
2998 2062 3202 2123 carnis,
3235 2076 3397 2131 opere
3437 2070 3487 2114 et
3515 2063 3672 2115 omni

2017 2135 2471 2203 concupiscentia.
2500 2133 2590 2186 sed
2641 2133 2700 2185 in
2734 2133 2982 2185 omnibus
3036 2133 3196 2187 rebus
3233 2133 3544 2186 necessaria
3572 2134 3668 2202 sit,

2017 2221 2088 2257 ne
2114 2205 2340 2258 honores
2386 2203 2650 2256 indebitos
2681 2205 3019 2272 appetamus,
3059 2218 3128 2256 ne
3179 2203 3505 2258 accendatur
3535 2220 3666 2259 ava-

2021 2277 2176 2340 ritia,
2206 2290 2277 2328 ne
2305 2275 2420 2328 ulla
2445 2276 2698 2344 passione
2735 2289 3073 2342 superamur.
3123 2274 3265 2328 Vide
3313 2274 3665 2344 Cyprianum

2019 2347 2077 2399 in
2114 2346 2258 2399 libro
2289 2345 2354 2399 de
2393 2347 2592 2398 Habitu
2629 2345 2930 2413 Virginum,
2966 2360 3095 2415 pag.
3151 2346 3269 2399 174.
3326 2347 3669 2399 continentia

2018 2433 2164 2478 vero,
2196 2416 2476 2471 etc.A|ibi
2507 2415 2865 2469 continentia
2896 2421 3213 2487 usurpatur
3234 2432 3334 2487 pro
3365 2415 3665 2483 alimonia,

2024 2488 2078 2542 id
2137 2494 2225 2541 est
2281 2487 2433 2540 victu
2488 2487 2835 2553 necessario,
2890 2494 2953 2539 ut
2999 2487 3267 2542 observat
3327 2489 3667 2542 Franciscus

2022 2558 2294 2630 Pythtnus
2340 2559 2397 2611 in
2431 2557 2714 2630 glossario
2758 2559 2828 2611 ad
2867 2557 3165 2612 lulianum
3211 2565 3664 2614 antecessorem.

2020 2631 2227 2685 BALUZ.

2093 2702 2169 2768 (7)
2225 2701 2347 2766 Ipse
2400 2701 2516 2753 vim
2586 2715 2796 2768 passus.
2877 2699 3130 2753 Joannes
3205 2699 3666 2755 Saresberiensis

2019 2770 2120 2825 lib.
2151 2788 2272 2825 vm.
2303 2787 2429 2840 cap.
2463 2771 2552 2836 23,
2586 2770 2910 2824 Policratici
2945 2786 2957 2824 :
2992 2771 3216 2839 Antiqui
3243 2771 3514 2840 quondam
3545 2775 3666 2824 tra-

2022 2842 2293 2896 hebantur
2335 2843 2516 2906 inviti,
2549 2847 2601 2895 et
2629 2843 2794 2912 proni
2833 2841 2902 2895 ad
2930 2843 3282 2909 martyrium,
3323 2843 3531 2910 primas
3573 2857 3666 2896 ca-

2021 2913 2240 2967 thedras
2269 2927 2488 2966 carcere
2512 2913 2666 3036 pejus
2695 2916 2748 2966 et
2775 2927 2937 2966 couce
2962 2912 3260 2982 fugiebant.
3298 2913 3362 2966 Et
3383 2912 3666 2967 Justinia-

2021 3000 2132 3036 nus
2163 2985 2485 3036 Imperator
2538 3023 2550 3036 .
2584 3000 2634 3036 v.
2667 2983 2728 3036 Si
2761 2999 3075 3036 auanauam
3125 2983 3251 3036 cod.
3284 2985 3358 3036 De
3397 2984 3664 3036 eviscovis

2019 3000 2132 3038 nus
2163 2985 2485 3052 Imperator
2512 2983 2550 3036 I.
2584 3000 2634 3037 ν.
2667 2983 2728 3036 Si
2761 2999 3075 3053 quanquam
3125 2983 3251 3036 cod.
3284 2985 3358 3037 De
3397 2984 3664 3053 episcopis

2017 3063 2069 3108 et
2097 3056 2310 3109 clericis
2342 3056 2424 3108 ait
2455 3070 2466 3107 :
2503 3055 2750 3124 Profecto
2797 3053 2946 3109 enim
2996 3053 3256 3124 indignus
3302 3058 3378 3108 est
3425 3054 3668 3108 sacerdo-

2018 3128 2095 3180 tio
2124 3128 2238 3179 nisi
2258 3126 2434 3193 fuerit
2462 3124 2753 3179 ordinatus
2776 3127 3000 3179 invitus.
3025 3126 3412 3196 Hieronymus
3443 3125 3499 3178 in
3535 3125 3664 3196 Epi-

2021 3198 2220 3268 taphio
2253 3196 2554 3266 Nepotiani
2596 3214 2608 3250 :
2658 3197 2998 3262 Querebatur
3023 3213 3079 3250 se
3107 3201 3254 3268 ferre
3281 3213 3389 3252 non
3418 3212 3589 3267 posse,
3620 3204 3671 3252 et

2007 3267 2311 3340 juvenilem
2337 3276 2564 3324 aetatem
2583 3269 2941 3340 incongruam
2985 3267 3284 3322 sacerdotio
3312 3270 3664 3323 causabatur.

237 3339 436 3425 {luisse
468 3347 785 3425 receptum,
811 3343 963 3412 quod
999 3347 1199 3413 postea
1229 3339 1462 3414 scriptis
1483 3341 1711 3415 legibus
1742 3359 1906 3398 man-
1939 3359 1980 3425 ρ
2012 3339 2122 3394 Sea
2153 3343 2361 3422 quanto
2385 3341 2508 3425 plus
2533 3339 3078 3425 repugnabatntqnto
3105 3341 3280 3409 magis
3295 3340 3370 3425 'in
3398 3354 3454 3393 se
3480 3339 3669 3425 studia

239 3415 459 3468 datum
495 3418 602 3467 est.
629 3413 945 3468 Cous'rsu'r.

322 3484 404 3555 (6)
446 3485 741 3554 Virginalis
789 3485 1158 3540 conscientiae.
1202 3483 1358 3540 (lolb.
1411 3501 1523 3539 ms.
1565 3485 1909 3555 virginitatis

236 3562 303 3612 et
333 3557 707 3610 continentia.
741 3556 974 3627 Septem
1014 3556 1237 3626 Anglic.
1285 3557 1573 3627 vtrginalis
1613 3558 1910 3611 coniinen-

238 3629 346 3681 tim
381 3642 516 3680 sum.
541 3625 1136 3693 Quamvis’virginalis
1156 3625 1504 3682 conscientia;
1526 3627 1906 3691 retineamus,

237 3699 341 3752 his
376 3703 572 3751 tamen
605 3697 796 3752 verbis
828 3697 1158 3752 Cornelium
1203 3714 1317 3752 non
1351 3698 1422 3751 iis
1463 3703 1691 3752 tantum
1722 3699 1905 3752 virtu-

238 3772 434 3828 tibus.
467 3785 593 3839 quae
625 3769 883 3840 virgines
912 3769 1137 3835 decent,
1186 3771 1285 3823 sed
1319 3775 1375 3822 et
1413 3769 1748 3840 virginitate
1779 3771 1907 3840 ipsa

236 3845 522 3896 ornatum
556 3840 852 3910 praedicari
898 3856 1228 3895 censemus.
1271 3840 1587 3894 COUSTANT.
1622 3872 1689 3880 ——
1721 3841 1903 3911 Repo-

235 3913 334 3968 sui
371 3911 680 3965 lectionem
716 3928 889 3982 quam
924 3912 1113 3966 inveni
1147 3912 1204 3966 in
1235 3929 1332 3965 x1x
1363 3911 1526 3966 libris
1560 3912 1774 3965 nostris
1806 3928 1905 3966 ve-

237 3982 478 4038 teritus
509 3988 566 4036 et
597 3982 654 4036 in
688 3989 812 4038 octo
867 3983 1213 4054 Anglicanis.
1265 3982 1477 4037 Vocem
1528 3985 1902 4054 conscientiae,

237 4070 427 4124 quam
463 4056 778 4124 praeferunt
811 4053 1114 4117 editiOnes,
1150 4071 1263 4108 non
1302 4054 1489 4108 inveni
1523 4053 1634 4107 nisi
1667 4054 1725 4108 in
1759 4055 1899 4109 duo-

234 4126 356 4180 bus
387 4125 831 4195 antiquis.lnl'ra
851 4125 907 4178 in
935 4125 1042 4178 bac
1065 4126 1194 4196 ipsa
1221 4125 1466 4194 epistola
1488 4125 1770 4196 scriptum
1792 4132 1901 4192 est,

231 4199 604 4252 continentia
619 4200 984 4267 propositum.
1011 4197 1068 4250 In
1098 4197 1242 4268 libro
1272 4197 1341 4250 de
1362 4197 1562 4268 Habitu
1589 4197 1900 4268 Virginum,

235 4268 540 4339 pag.q171i,
585 4269 797 4339 legitur
831 4267 1255 4339 continentiam
1306 4267 1472 4337 sequi
1516 4267 1810 4323 Christum
1845 4274 1903 4324 et

230 4337 972 4410 virginitatem—destinari
1021 4355 1197 4410 regno
1251 4340 1366 4393 Dei.
1422 4340 1754 4393 Lactantius
1796 4339 1897 4394 lib.

229 4427 320 4477 vr,
362 4425 492 4479 cap.
534 4411 624 4475 23,
677 4411 758 4464 ait
810 4410 918 4464 hoc
957 4411 1328 4464 continentia;
1360 4426 1544 4475 genus
1575 4427 1702 4465 esse
1738 4411 1897 4466 t‘asti-

230 4481 404 4550 gium
439 4490 494 4535 et
525 4482 1087 4536 consummationem
1109 4481 1374 4535 omnium
1402 4483 1898 4544 virtutum.Quin-

228 4553 484 4606 tilianus
515 4551 1147 4622 lib.vm,cap.li,laudat
1176 4553 1444 4606 invictam
1481 4553 1896 4607 continentiam

229 4624 520 4679 Socratis.
542 4624 665 4679 Alia
694 4625 850 4678 enim
884 4623 1244 4679 continentia
1275 4624 1571 4692 significat
1600 4624 1896 4678 abstinen-

230 4695 384 4787 tiae}
412 4695 486 4787 5!:
512 4695 738 4787 οὲρθηθέ
787 4699 924 4787 ait."
961 4690 1906 4787 ueste--Ea'liamu'iéz
1933 4725 1978 4787 D

232 4768 290 4848 _1__.
327 4765 514 4848 etli
542 4783 597 4848 γ,
631 4783 755 4848 cap.
787 4770 823 4819 2
847 4767 904 4820 In
933 4837 942 4847 _
967 4765 1156 4821 libello
1179 4843 1188 4848 _
1205 4783 1439 4848 precum
1479 4765 1801 4848 ‘tllarcellini
1840 4765 1906 4821 iet

224 4836 496 4892 Faustini
542 4836 818 4893 laudatur
867 4837 1015 4890 mira
1063 4836 1425 4893 continentia
1476 4837 1707 4892 Macarii
1767 4853 1903 4907 pre-

226 4909 459 4979 sbyteri
491 4909 755 4978 Romani,
791 4910 943 4978 quod
979 4924 1082 4962 nec
1112 4908 1246 4963 vino
1277 4909 1645 4964 stomachum
1680 4908 1894 4963 revela-

226 4985 348 5045 ret,
385 4995 491 5034 nec
522 4981 713 5034 carnis
758 4979 1080 5035 esculentis
1109 4995 1324 5049 corpus
1352 4985 1602 5047 curaret,
1638 4981 1737 5034 sed
1771 4979 1896 5034 oleo

225 5051 364 5106 solo
396 5067 562 5105 escas
595 5051 918 5122 asperiores
959 5051 1259 5120 mitigans,
1303 5052 1547 5119 jejuniis
1597 5055 1652 5104 et
1683 5051 1899 5105 oratio-

223 5122 414 5176 nibus
436 5123 1078 5194 vacaretJlieronymus
1099 5122 1155 5175 in
1180 5122 1424 5192 epistola
1440 5125 1516 5175 ad
1535 5124 1799 5176 Lactetam
1825 5123 1896 5176 de

225 5194 616 5248 institutione
652 5195 780 5248 filias
806 5211 817 5247 :
847 5197 910 5248 In
939 5194 1360 5264 quadragesima
1388 5195 1746 5248 continentia?
1778 5194 1895 5247 vcta

216 5265 704 5336 pamlendasunt.
739 5266 883 5318 Vide
932 5263 1265 5336 Crssianur-i
1299 5265 1490 5331 collat,
1540 5280 1601 5332 ιι,
1652 5280 1778 5333 cap.
1830 5266 1895 5317 16

218 5335 290 5393 et
319 5338 413 5391 26.
447 5335 642 5392 Julius
673 5337 1036 5408 Capitolinus
1060 5337 1117 5390 in
1151 5335 1295 5390 iElio
1323 5336 1654 5390 Pertinace:
1687 5338 1892 5389 Exem-

215 5409 322 5480 plo
353 5411 536 5461 autem
582 5410 960 5478 Imperatoris,
1006 5423 1132 5480 cum
1179 5408 1283 5461 ille
1328 5409 1568 5480 parcius
1600 5422 1659 5460 se
1687 5413 1888 5475 ageret,

219 5477 302 5535 ea:
331 5482 612 5534 communi
635 5477 983 5534 continentia.
1011 5479 1198 5532 vilitas
1218 5482 1351 5532 nata
1382 5483 1476 5533 est.
1504 5477 1892 5547 Hieronymus

217 5553 288 5606 in
326 5556 505 5621 caput
531 5551 800 5621 quintum
838 5550 1110 5621 epistolae,
1145 5550 1213 5602 ad
1250 5549 1484 5604 Galatas
1519 5565 1530 5602 :
1568 5549 1684 5602 Non
1713 5549 1891 5602 solum

219 5620 418 5677 autem
453 5623 512 5674 in
544 5620 837 5675 desideriis
864 5627 913 5676 et
950 5620 1253 5691 cupiditate
1280 5622 1612 5674 continentia
1643 5635 1887 5674 necesse-

219 5696 326 5748 ria
356 5696 456 5760 est,
487 5694 582 5747 sed
611 5695 776 5747 etiam
803 5696 862 5747 in
893 5693 1068 5748 tribus
1099 5692 1327 5762 reliquis
1357 5691 1886 5762 perturbationibus,

222 5765 420 5820 dolore
449 5763 688 5832 scilicet,
721 5764 931 5831 latitia,
963 5768 1014 5818 et
1043 5765 1254 5818 timore.
1290 5762 1430 5819 Item
1481 5762 1542 5818 in
1593 5765 1766 5835 caput
1797 5781 1888 5823 se-

2015 3409 2260 3466 onmium
2307 3409 2635 3477 concitabat,
2667 3414 2718 3464 et
2746 3410 3058 3464 merebatur
3092 3409 3338 3480 negando
3384 3409 3525 3478 quod
3554 3425 3669 3465 esse

2014 3483 2421 3552 nolebat,eoque
2441 3482 2666 3550 dignior
2693 3489 2814 3535 erat
2842 3497 2949 3551 quo
2980 3496 3034 3535 se
3053 3481 3324 3552 clamabat
3353 3481 3664 3552 indignum,

2018 3554 2174 3608 Idem
2211 3554 2268 3607 in
2303 3551 2609 3624 Epitaphio
2632 3552 2819 3606 Paulae
2843 3553 2910 3606 ad
2939 3551 3316 3606 Eustochium
3344 3569 3356 3606 :
3383 3551 3663 3621 Fugiendo

2011 3625 2269 3693 gloriam,
2302 3625 2541 3689 gloriam
2573 3624 2904 3686 merebatur,
2940 3639 3060 3693 quae
3091 3625 3316 3677 virtutes
3346 3625 3512 3694 quasi
3539 3640 3662 3677 um-

2018 3696 2116 3749 bra
2144 3698 2410 3766 sequitur,
2443 3701 2495 3749 et
2533 3697 2861 3766 appetitores
2907 3697 2998 3748 sui
3019 3694 3266 3749 deserens
3301 3696 3510 3766 appetit
3537 3710 3665 3749 con-

2017 3765 2576 3836 temptores.Boetius
2607 3765 2663 3819 in
2695 3765 2844 3819 libro
2874 3766 3229 3830 secundo,de
3259 3765 3666 3821 Consolatione

2015 3837 2395 3908 philosophia;
2432 3855 2444 3892 :
2478 3840 2560 3892 Ita
2587 3837 2650 3906 ﬁt
2694 3845 2751 3890 ut
2779 3852 2888 3890 non
2937 3837 3232 3890 virtutibus
3261 3853 3333 3908 ea:
3370 3839 3664 3908 dignitate,

2012 3907 2103 3963 sed
2150 3925 2219 3963 ea:
2251 3907 2460 3962 virtute
2502 3909 2870 3977 dignitatibus
2911 3912 3082 3962 honor
3129 3907 3350 3962 accedat
3405 3909 3472 3962 Et
3520 3907 3661 3961 illud

2016 3981 2084 4033 de
2114 3983 2322 4034 Sancto
2364 3981 2654 4033 Honorato
2705 3979 2978 4050 episcopo
3026 3977 3347 4033 Arelatensi
3403 3979 3529 4050 :_Et
3571 3980 3666 4047 qui

2013 4053 2199 4105 venire
2226 4051 2296 4105 ad
2323 4051 2651 4120 dignitatem
2678 4048 3088 4117 detrectaverat,
3114 4050 3182 4103 ad
3215 4051 3395 4120 ipsum
3419 4048 3665 4120 dignitas

2013 4125 2184 4176 venit.
2217 4119 2466 4176 Sanctus
2501 4122 2651 4191 Papa
2680 4121 3012 4191 Gregorius,
3038 4120 3138 4174 lib.
3186 4137 3237 4181 ν,
3272 4119 3454 4190 Ερίει·
3489 4119 3666 4182 46,ait

2012 4209 2078 4248 ea
2107 4193 2259 4246 inter
2288 4193 2434 4246 alias
2465 4190 2688 4246 ratiOne
2720 4208 2782 4246 se
2801 4190 3107 4246 crdinasse
3131 4190 3662 4260 Marinianumepi-

2011 4281 2248 4335 scopum
2284 4265 2436 4334 quod
2494 4268 2783 4334 refugeret
2818 4263 3443 4335 episcopatum._quem
3480 4277 3662 4335 susce~

2004 4338 2092 4407 pit
2117 4331 2344 4390 invitus.
2385 4331 2652 4404 Dignum"
2680 4339 2768 4407 est
2815 4331 2928 4403 legi
2959 4331 3114 4407 quod
3166 4333 3221 4386 in
3253 4331 3514 4407 Gregorii
3549 4333 3663 4407 Na-

2010 4404 2267 4461 sianzeni
2316 4407 2574 4461 oratione
2605 4407 2674 4459 de
2707 4406 2908 4459 funere
2940 4405 3121 4473 patris
3154 4404 3436 4474 scriptum
3472 4409 3560 4458 est
3593 4405 3664 4459 de

2008 4479 2256 4533 Eusebio
2288 4477 2468 4532 electo
2525 4476 2858 4530 Caecariensi
2893 4475 3349 4545 archiepiscopo.
3403 4474 3545 4529 Vide
3594 4474 3664 4528 Ii-

2009 4551 2181 4602 brum
2211 4550 2486 4602 diurnum
2522 4548 2860 4619 pontiticum
2900 4546 3316 4619 Romanorum,
3347 4546 3404 4598 in
3432 4563 3542 4619 quo
3568 4545 3664 4619 ille

2007 4620 2222 4674 dicitur
2237 4619 2468 4688 dignior
2491 4618 2827 4690 episcopatu
2847 4619 2950 4690 qui
2979 4618 3315 4690 secet-.ultat
3335 4634 3406 4673 ne
3425 4618 3521 4672 flat
3539 4618 3662 4690 epi-

2009 4708 2243 4761 scopus.
2280 4691 2423 4743 Vide
2455 4691 2629 4743 etiam
2666 4688 3010 4743 Cresollium
3044 4689 3143 4744 lib.
3179 4707 3262 4755 In,
3297 4705 3422 4760 cap.
3458 4691 3509 4744 1.
3549 4688 3667 4760 My-

2010 4760 2257 4832 stagogi.
2295 4761 2510 4815 Verum
2545 4760 3010 4843 haecnelect‘urum
3045 4761 3452 4843 episcoporum
3491 4777 3660 4843 repu-

2007 4831 2410 4904 gnantiarara
2441 4837 2640 4903 postea
2667 4831 2970 4904 fuitaNam
3003 4847 3136 4887 cum
3169 4831 3420 4904 episcepi
3456 4832 3662 4902 coepis-

2009 4901 2140 4958 sent
2168 4905 2228 4959 in
2264 4901 2480 4958 honore
2502 4921 2650 4967 esse,
2670 4901 3102 4970 crevissentque
3123 4901 3662 4974 opes,episcopatus

2010 4981 2075 5030 ut
2100 4975 2385 5046 Sulpitius
2417 4977 2662 5030 Severus
2693 4974 2993 5046 ait.pravis
3018 4975 3435 5046 ambitionibus
3467 4974 3662 5046 appeti

2007 5045 2332 5116 cmperunt.
2375 5047 2498 5108 Qua
2527 5047 2582 5101 in
2612 5063 2791 5100 causa
2819 5045 3068 5100 videnda
3103 5052 3191 5100 est
3220 5045 3453 5116 elegans
3484 5049 3540 5116 et
3572 5045 3660 5116 di-

2007 5115 2162 5172 serta
2205 5117 2409 5172 Isitlori
2462 5118 2764 5171 Pelusiotie
2813 5116 3060 5187 epistola
3115 5134 3210 5170 xxx
3262 5115 3393 5169 libri
3427 5115 3658 5187 quinti,

2005 5189 2322 5261 Gregorius
2356 5189 2758 5244 Nazianzenus
2781 5185 3041 5242 oratione
3068 5187 3123 5261 in
3162 5187 3389 5240 laudem
3419 5185 3613 5261 Basilii
3643 5203 3655 5240 :

2003 5258 2304 5315 Nonvenim
2333 5264 2538 5314 virtute
2586 5263 2762 5326 magis
2793 5274 2958 5327 quam
2990 5259 3209 5311 malitia
3247 5266 3297 5311 et
3338 5258 3543 5324 fraude
3570 5274 3659 5311 sa-

2003 5334 2233 5386 cerdotii
2259 5332 2506 5400 dignitas
2536 5337 2788 5400 parat-ur,
2833 5344 2932 5383 nec
2969 5330 3221 5383 meliores
3250 5345 3315 5383 ac
3347 5328 3655 5399 digniores,

1999 5405 2091 5459 sed
2118 5406 2450 5474 potentiores
2485 5403 2696 5474 thronis
2728 5400 2982 5474 insident.

2075 5468 2146 5528 At
2179 5490 2290 5527 non
2325 5473 2512 5526 solum
2548 5472 2603 5525 in
2643 5470 2897 5526 Ecclesia
2929 5468 3138 5524 Christi
3172 5468 3360 5540 viguit
3389 5469 3499 5522 ista
3533 5483 3660 5524 ma-

1999 5562 2244 5630 gnorum
2277 5543 2542 5630 virorum.
2570 5540 3001 5630 modestimfed
3037 5540 3212 5630 etiam
3243 5541 3305 5630 in
3335 5540 3659 5620 republica,

1998 5611 2054 5671 in
2110 5615 2396 5686 imperio.
2429 5612 3040 5686 JuliugCapitolinus
3089 5612 3271 5686 refert
3313 5611 3654 5667 concionem

1997 5683 2400 5744 Clodii'Albini
2435 5685 2503 5739 ad
2539 5683 2780 5752 milites,
2805 5685 2975 5752 cujus
3010 5683 3114 5737 hoc
3149 5684 3387 5738 initium
3419 5687 3544 5736 est:
3575 5685 3660 5736 ln-

1996 5764 2171 5817 vitum
2208 5773 2311 5825 me,
2370 5756 2797 5823 commilitones,
2848 5758 3068 5812 ductum
3128 5753 3196 5808 ad
3256 5760 3559 5827 imperium
3621 5757 3671 5806 ct

4055 5131 4061 5228 l
