4102 6172
453 281 573 343 799

1790 280 1855 342 S.
1902 279 2269 344 CORNELII
2311 281 2540 343 PAPIE

3681 292 3778 358 800

525 410 615 467 IX.
647 411 796 466 Tum
829 411 1037 468 deinde
1066 415 1198 483 post
1227 411 1623 484 episcopatum
1663 428 1780 467 non
1838 412 2093 469 exambi-
2124 415 2178 482 Α
2209 413 2319 469 dus
2371 413 2506 470 est?
2556 412 2757 471 Nonne
2810 409 2962 467 inter
3011 409 3293 483 gloriosos
3356 415 3675 479 confessores
3733 430 3778 482 et

451 503 599 568 tum,
637 501 673 554 7
691 502 788 555 74
819 517 922 556 nec
947 506 1237 556 extortum
1260 503 1328 568 ³¹,
1351 503 1450 556 sed
1475 503 1546 556 de
1592 501 1714 572 Dei,
1770 501 1870 574 qui
1921 518 2104 557 sacer-

452 589 616 644 dotes
666 589 823 656 facit,
880 589 1179 645 voluntate
1225 595 1584 661 susceptum,
1618 596 1838 662 quanta
1865 590 1923 645 in
1975 591 2100 660 ipso

450 680 725 749 suscepto
755 677 1095 748 episcopatu
1148 694 1254 733 suo
1313 678 1521 746 virtus,
1584 683 1872 749 quantum
1924 679 2101 732 robur

454 764 660 828 animi,
697 765 888 836 qualis
923 766 1167 819 firmitas
1196 767 1240 800 ³³
1273 766 1429 834 ﬁdei,
1483 767 1637 839 quod
1680 783 1786 822 nos
1843 765 2098 837 simplici

453 855 624 910 corde
655 859 711 908 et
741 871 1068 926 perspicere
1118 854 1351 926 penitus
1403 859 1460 910 et
1507 855 1746 911 laudare
1795 855 2098 922 debemus,

451 942 675 997 sedisse
703 941 1060 1013 intrepidum
1109 946 1302 997 Roma
1331 943 1390 997 in
1423 943 1768 999 sacerdotali
1827 944 2102 999 cathedra

452 1047 518 1085 eo
540 1035 944 1100 temporecum
960 1033 1300 1102 tyrannus33
1314 1031 1564 1086 infestus
1579 1032 1977 1086 sacerdotibus
1999 1031 2099 1086 Dei

450 1118 628 1173 fanda
683 1124 854 1189 atque
910 1119 1149 1173 infanda
1205 1120 1860 1186 comminaretur;cum
1915 1119 2097 1174 multo

452 1206 770 1278 patientius
794 1208 1240 1262 ettoterabilius
1293 1209 1541 1276 audiret,
1593 1208 1765 1264 levari
1817 1209 2096 1263 adversus

452 1311 513 1350 se
543 1296 820 1351 amulum
853 1295 1170 1368 principem
1202 1297 1333 1368 (18),
1369 1314 1545 1368 quam
1575 1296 1852 1353 constitui
1903 1296 2095 1351 Romae

451 1383 551 1439 Dei
571 1385 929 1440 sacerdotem
953 1386 997 1419 3‘
1019 1385 1370 1456 (19)?Nonne
1394 1386 1509 1452 hic,
1534 1386 1708 1440 frater
1728 1385 2094 1453 charissime,

451 1488 687 1529 summo
715 1471 951 1529 virtutis
978 1479 1034 1528 et
1064 1473 1197 1528 fidei
1228 1473 1562 1529 testimonio
1597 1474 1741 1531 775
1776 1473 2096 1546 praedican-

2211 508 2495 574 martyres
2526 501 2921 574 deputandus,
2981 500 3081 571 qui
3115 503 3340 557 tantum
3395 508 3645 577 temporis
3693 513 3781 585 (20)

2211 590 2362 646 sedit
2412 596 2724 661 expectans
2755 588 3014 661 corporis
3044 588 3136 644 sui
3169 591 3461 648 carnifices
3502 595 3598 666 (21)
3642 603 3690 654 et
3713 606 3785 671 ty.

2209 677 2378 732 ranni
2408 678 2738 733 ferocientis
2771 677 3010 744 ultores,
3034 677 3135 748 qui
3189 679 3502 738 Cornelium
3551 687 3784 746 adversus

2209 767 2392 822 edicta
2423 765 2623 822 feralia
2654 766 3020 822 resistentem
3043 770 3101 822 et
3132 766 3319 822 minas
3347 773 3401 824 et
3449 772 3705 830 cruciatus
3747 781 3792 833 et

2209 858 2499 911 tormenta
2530 854 2663 910 fidei
2695 855 2890 927 vigore
2919 854 3239 909 calcantem
3297 854 3380 910 vel
3405 857 3582 929 gladio
3609 861 3793 918 invade-

2210 949 2356 1011 rent,
2391 943 2477 998 vel
2509 943 2935 1015 cruciﬁgerent,
2957 942 3046 998 vel
3067 943 3200 1014 igne
3233 947 3521 1017 terrerent,
3559 948 3635 1004 vel
3679 967 3794 1022 quo-

2206 1031 2349 1087 libet
2379 1033 2640 1088 inaudito
2661 1048 2869 1103 genere
2891 1032 3425 1103 pcenarumlviscera
3438 1035 3556 1105 ejus
3582 1041 3632 1092 et
3645 1054 3793 1094 mem-

2208 1121 2312 1175 bra
2343 1119 2631 1175 laniarent
2660 1121 2704 1154 ³⁵
2730 1119 2758 1174 ?
2791 1120 3030 1175 Etiamsi
3067 1124 3342 1190 majestas
3383 1123 3590 1178 Domini
3643 1132 3797 1196 prote-

2205 1209 2394 1279 gentis
2423 1215 2476 1264 et
2506 1208 3148 1278 bonitassacerdotem,
3184 1225 3355 1280 quem
3404 1210 3519 1265 ﬁeri
3570 1211 3728 1268 voluit
3763 1214 3799 1250 ³⁸

2206 1297 2424 1352 factum
2458 1313 2690 1369 quoque
2712 1296 2988 1367 protexit;
3012 1299 3208 1352 tamen
3228 1296 3538 1366 Cornelius,
3561 1305 3800 1371 quantum

2207 1385 2278 1440 ad
2297 1386 2425 1456 ejus
2455 1386 2821 1441 devotionem
2873 1385 3022 1440 776
3055 1384 3304 1456 pertinet
3331 1390 3386 1440 et
3417 1385 3662 1444 timorem
3713 1393 3802 1459 (22)

2207 1489 2420 1546 passus
2445 1474 2653 1546 est(23)
2666 1473 2952 1545 quidquid
2970 1473 3090 1546 pati
3104 1473 3375 1545 potuit,et
3389 1477 3678 1548 tyrannum
3699 1479 3806 1547 (24),

1891 1616 2097 1681 Variae
2126 1616 2447 1680 lectiones.

526 1723 567 1757 ³¹
599 1721 836 1778 Ambitu
869 1722 955 1779 vel
979 1725 1226 1796 extorto,
1250 1723 1350 1796 sed
1382 1723 1450 1778 de
1473 1721 1595 1789 Dei,
1629 1727 1767 1796 Lam
1793 1722 1922 1779 Bod.
1954 1725 2009 1796 2ἒ
2044 1724 2125 1796 Ex
2155 1727 2328 1794 sorte,
2363 1725 2496 1796 Fat).
2531 1723 2576 1758 "
2605 1725 2831 1796 Quanta
2863 1724 3107 1779 ﬁrmitas
3130 1723 3412 1780 ﬁdeiBod.
3435 1724 3487 1778 3.
3509 1725 3552 1758 ⁸³
3572 1726 3812 1796 Tempore

451 1810 565 1864 quo
597 1799 880 1866 tyrannus
909 1796 1062 1850 Lam.
1093 1794 1226 1850 Bod.
1258 1798 1312 1850 2.
1336 1795 1382 1829 ³⁸
1398 1797 1492 1851 Sic
1523 1799 1673 1852 Lam.
1706 1794 1865 1850 Ebor.
1898 1794 2028 1849 Bod.
2059 1795 2114 1860 1,
2143 1796 2196 1849 2.
2230 1797 2354 1850 Lin.
2388 1794 2497 1851 ΝΟ.
2543 1796 2592 1866 1.
2637 1794 2781 1866 Spir.
2819 1799 2940 1851 Vel.
2976 1797 3188 1852 Innom.
3246 1802 3404 1853 Erus.
3428 1795 3619 1851 Manut.
3648 1794 3808 1852 Remis

451 1865 728 1922 tumulum
768 1873 926 1922 Pam.
960 1867 1005 1901 ³⁸
1038 1867 1382 1923 Lacerarent
1409 1868 1559 1922 Lam.
1593 1866 1724 1923 Bod.
1754 1867 1808 1920 2.
1837 1866 2003 1922 Ebor.
2035 1866 2141 1921 NG.
2175 1867 2226 1922 1.
2257 1867 2301 1900 ⁸⁸
2325 1866 2443 1921 Pati
2477 1865 2886 1922 voluit’Benev.

1880 1990 2207 2052 Variorum
2241 1997 2430 2052 noue.

525 2099 638 2178 (18)
661 2099 939 2180 xEmulum
969 2100 1290 2180 principem.
1319 2096 1458 2180 goil.
1509 2096 2087 2180 Juliumﬁalentem,
2124 2103 2170 2168 Β
2199 2096 2730 2180 aliisutestimonii‘s.
2756 2097 2932 2180 Miror
2964 2101 3160 2153 autem
3199 2097 3514 2180 Eigaltium
3545 2096 3813 2180 retinuisse

452 2168 552 2240 qui
579 2187 734 2224 anno
764 2172 862 2224 251
901 2172 1092 2225 Romae
1128 2168 1435 2235 imperium
1483 2168 1806 2238 usurpavit,
1840 2169 1941 2223 sed
1974 2185 2089 2223 non

449 2241 547 2294 diu
601 2241 808 2300 tenuit.
834 2246 897 2294 ut
917 2242 1186 2296 Aurelius
1202 2241 1398 2295 Victor
1418 2242 1602 2295 docet.
1629 2241 1757 2294 Mox
1772 2240 2085 2306 Pamelius,

450 2328 554 2382 pro
586 2312 776 2366 verbis
809 2313 913 2366 Dei
939 2313 1286 2381 sacerdotem,
1319 2328 1387 2365 ex
1403 2328 1540 2366 mss.
1576 2313 1865 2382 At'l'iligen.
1883 2327 2084 2382 perpe-

441 2399 566 2436 ram
633 2383 938 2437 substituit
994 2385 1257 2438 wmnlum
1301 2383 1680 2438 sacerdotem:
1739 2383 1838 2437 sed
1897 2399 2086 2453 neque

441 2457 694 2508 mentem
716 2453 1017 2509 assecutus
1039 2455 1430 2525 estCypriani,
1448 2455 1588 2508 dum
1610 2453 1767 2508 hunc
1789 2453 1983 2509 locum
2009 2453 2086 2508 ita

437 2529 888 2594 interpretatur:
921 2527 1236 2580 Cornelium
1267 2527 1568 2595 patientius
1599 2527 1857 2580 tolerasse
1912 2541 2081 2580 semu-

438 2595 557 2668 lum_
605 2598 941 2668 principem,
996 2614 1161 2668 quam
1226 2598 1587 2668 Novatianum
1622 2598 1922 2668 famulum
1995 2612 2082 2649 sa-

431 2666 724 2721 cerdotem.
752 2667 831 2720 lbi
855 2666 1016 2721 enim
1027 2669 1268 2722 verbum
1289 2667 1504 2722 audiret
1527 2667 1597 2721 de
1621 2667 1789 2722 Decio
1812 2673 2076 2738 tyranno,

433 2753 548 2810 non
583 2739 652 2793 de
683 2737 944 2793 Cornelio
968 2739 1344 2810 praedicatur.
1399 2743 1710 2810 Cous'rm'r.
1738 2769 1802 2778 —
1844 2737 2084 2810 ’Luciter

433 2808 799 2864 Calaritanus
830 2809 890 2863 in
941 2808 1086 2864 libro
1127 2812 1197 2864 ad
1229 2809 1635 2864 Constantium
1668 2810 1738 2864 de
1789 2809 2081 2863 Moriendo

435 2896 539 2949 pro
571 2881 669 2934 Dei
695 2879 835 2934 Filio
862 2897 873 2934 :
895 2882 1195 2936 Adversum
1222 2896 1276 2934 se
1291 2882 1519 2937 aemulos
1539 2896 1761 2950 surgere
1785 2881 2076 2949 principes.

433 2951 558 3005 Non
590 2953 670 3005 ait
690 2951 1013 3023 Cyprianus
1045 2951 1321 3006 aemulum
1361 2952 1688 3023 principem
1724 2951 1901 3004 fuisse
1933 2951 2080 3023 leva-

432 3028 557 3076 tum
593 3022 870 3078 adversus
893 3025 1150 3088 Decium,
1185 3023 1283 3078 sed
1311 3023 1542 3077 Decium
1579 3022 1891 3092 patientius
1931 3022 2079 3076 fuis-

434 3110 494 3148 se
515 3093 776 3148 laturum
807 3093 980 3149 levari
1015 3095 1321 3149 adversum
1356 3110 1417 3148 se
1448 3095 1722 3148 tumulum
1757 3094 2078 3164 principem

433 3181 611 3234 quam
645 3166 918 3220 constitui
955 3167 1146 3220 Romae
1181 3165 1274 3219 Dei
1307 3165 1689 3228 sacerdotem,
1725 3165 1782 3218 in
1815 3181 1928 3234 quo
1957 3165 2080 3234 qui-

435 3237 566 3290 dem
599 3236 844 3292 Cornelii
876 3238 1144 3292 miranda
1183 3237 1534 3302 constantia,
1568 3237 1670 3294 oui
1729 3236 1967 3290 sedebat
1998 3238 2080 3290 in-

434 3308 692 3372 trepidus,
726 3313 1045 3378 exspectans
1065 3310 1308 3378 corporis
1337 3309 1425 3361 sui
1454 3308 1739 3378 carnifices
1769 3309 1819 3361 et
1851 3309 2081 3377 tyranni

434 3381 756 3448 ferocientis
784 3381 1006 3444 ultores,
1041 3384 1106 3433 ut
1136 3377 1216 3434 ait
1243 3379 1561 3448 Cyprianus
1592 3377 1647 3431 in
1693 3377 1954 3448 Epistula
2004 3394 2076 3432 ιιι

2198 2169 2526 2242 ineditione
2544 2186 2651 2224 sua
2671 2170 2979 2242 lectionem
2999 2185 3172 2240 quam
3200 2168 3328 2242 ipse
3350 2169 3429 2223 ait
3447 2169 3634 2242 procul
3662 2168 3811 2242 dubio

2198 2239 2406 2294 falsam
2465 2256 2613 2304 esse,
2648 2240 2732 2295 uti
2793 2257 2851 2294 re
2911 2239 3045 2295 vera
3098 2239 3462 2296 esthcnsus
3490 2241 3635 2294 enim
3662 2239 3814 2309 hujus

2198 2310 2308 2366 loci
2345 2315 2435 2367 est
2465 2312 2728 2377 Decium,
2787 2311 3014 2367 hostem
3070 2311 3342 2366 videlicet
3397 2320 3562 2366 sectis
3617 2318 3814 2374 nostrae,

2197 2399 2376 2453 quam
2410 2383 2746 2437 exscindere
2777 2385 3067 2454 cupiebat,
3105 2383 3564 2438 itaexhorruisse
3584 2381 3813 2454 sacerdo-

2199 2451 2316 2526 tem
2353 2454 2449 2507 Dei
2485 2455 2542 2508 in
2576 2456 2719 2509 urbe
2743 2451 2922 2509 Rome
2963 2455 3225 2526 principe
3270 2455 3520 2526 imperii,
3550 2459 3611 2526 ut
3662 2451 3817 2506 multo

2196 2525 2514 2595 patientius
2544 2531 2598 2579 et
2630 2525 2996 2581 tolerabilius
3028 2525 3262 2580 audiret
3299 2525 3472 2580 levari
3505 2525 3755 2595 adversus
3771 2539 3819 2576 se

2193 2594 2469 2650 inmulum
2526 2597 2843 2667 principem
2917 2613 3093 2668 quam
3149 2597 3433 2668 constitui
3491 2597 3672 2650 Roma:
3735 2594 3817 2649 Dei

2191 2668 2572 2740 sacerdotem,
2606 2673 2668 2722 ut
2700 2669 2813 2722 ista
2852 2667 3005 2740 reete
3040 2667 3294 2740 explicat
3334 2668 3628 2740 {Rigaltius
3658 2690 3671 2732 ;
3722 2682 3818 2720 non

2193 2740 2346 2863 quod
2379 2739 2630 2806 timeret,
2663 2744 2727 2793 ut
2773 2739 3009 2810 quidam
3069 2738 3467 2805 crediderunt,
3514 2738 3817 2810 episcopum

2243 2827 2542 2863 omanum.
2568 2811 2887 2863 hominem-
2913 2815 3194 2863 nuantnm
3221 2811 3509 2863 attinebat
3528 2809 3594 2863 ad
3615 2824 3817 2863 remnu-

2243 2827 2542 2872 omanum,
2568 2809 2887 2881 hominem,
2913 2815 3194 2881 quantum
3221 2811 3509 2865 attinebat
3528 2809 3594 2864 ad
3615 2824 3817 2881 rempu-

2190 2880 2424 2946 blicam,
2448 2881 2685 2936 minime
2708 2877 2954 2953 principi
2987 2884 3374 2936 metuendum
3398 2886 3510 2953 aut,
3529 2877 3821 2953 formidolo-

2190 2969 2344 3020 sum,
2380 2954 2479 3007 sed
2513 2953 2661 3024 quia,
2680 2951 2803 3007 erat
2842 2951 3119 3007 inimicus
3150 2954 3347 3008 crucis
3382 2951 3611 3024 Christi,
3635 2951 3818 3024 ardens

2191 3019 2478 3079 desiderio
2501 3019 2900 3095 opprimendae
2919 3024 3408 3090 Christianitatis,
3439 3028 3504 3078 ut
3524 3023 3604 3095 ait
3627 3022 3707 3075 vir
3725 3019 3820 3075 cla-

2189 3095 2462 3172 rissimus
2494 3094 2776 3172 Henricus
2815 3095 3170 3172 Dowvellus,
3229 3096 3401 3152 valde
3449 3094 3728 3172 cupiebat.
3759 3107 3816 3172 ne

2187 3166 2440 3222 Fabiano
2472 3183 2634 3236 papae
2671 3167 2944 3222 defuncto
2993 3167 3238 3222 daretur
3281 3166 3602 3231 successer,
3651 3166 3819 3220 existi-

2188 3254 2357 3292 mans
2377 3237 2711 3308 religionem
2737 3245 2995 3294 nostram
3018 3239 3420 3305 interituram,
3441 3237 3488 3293 si
3509 3239 3816 3309 episcopum

2189 3325 2303 3364 non
2332 3306 2588 3374 haberet,
2615 3309 3147 3386 timenspraaterea,
3183 3315 3253 3365 ut
3281 3310 3510 3381 opinor,
3533 3306 3821 3386 neinurbe

2185 3396 2380 3436 rerum
2412 3396 2694 3434 novarum
2725 3377 2896 3436 avida
2919 3377 3548 3451 augereturnumerus
3579 3377 3826 3451 Christia-

433 3447 504 3505 ad
536 3450 949 3533 Antonianum.
977 3456 1051 3533 ,Εἰ
1081 3447 1666 3533 ιαηιρηὶῐινερίίρυοι
1694 3447 1793 3533 qui
1819 3449 2078 3533 divinare
2108 3467 2149 3533 ο
2190 3467 2422 3516 nurum,
2455 3467 2702 3533 quorum
2738 3452 2957 3533 nimius
2988 3447 3046 3508 et
3074 3453 3380 3524 copiosus,
3411 3457 3476 3507 ut
3504 3452 3584 3506 ait
3613 3447 3821 3521 Cypria-

432 3526 784 3576 conarentur
811 3523 943 3591 quis
973 3527 1097 3575 tum
1131 3522 1396 3591 princeps
1420 3520 1641 3575 levatus
1687 3521 1762 3574 sit
1800 3521 2076 3575 adversus

433 3592 670 3646 Decium
705 3595 1094 3662 :scripserunt
1115 3597 1310 3646 autem
1337 3592 1578 3646 Lucium
1605 3593 1868 3646 Priscum
1900 3592 2083 3646 fuisse

432 3662 534 3732 qui
566 3665 789 3717 levatus
818 3671 906 3718 est
935 3664 1212 3717 adversus
1238 3681 1393 3731 eum,
1414 3665 1550 3733 quia
1582 3662 1854 3733 Aurelius
1889 3665 2084 3716 Victor

431 3733 492 3788 in
515 3733 662 3788 libro
694 3734 760 3788 de
792 3735 1106 3790 Caesaribus
1137 3735 1341 3789 scribit
1374 3732 1630 3788 delatum
1661 3732 1740 3787 illi
1760 3733 2079 3788 Gothorum

432 3820 720 3859 concursu
747 3806 1143 3871 dominatum,
1179 3810 1510 3875 postquam,
1543 3805 1791 3875 direptis
1819 3805 2081 3860 Thraciis

434 3875 697 3946 plerique
753 3876 850 3931 illo
909 3882 1530 3947 pervenerantzquam
1581 3878 1652 3930 ob
1712 3892 1949 3930 causam
2001 3878 2084 3930 ait

437 3947 668 4003 Decium
695 3947 806 4002 cito
826 3964 1000 4017 quam
1020 3948 1207 4018 potuit
1231 3947 1629 4001 maturissime
1654 3947 1834 4001 Roma
1855 3947 2082 4017 digres-

433 4035 588 4073 sum.
623 4020 731 4074 Sed
768 4036 882 4073 non
913 4035 1151 4089 possum
1183 4018 1451 4073 dicedere
1484 4021 1556 4072 ab
1597 4018 1701 4072 hoc
1760 4018 1884 4073 loco
1939 4019 2080 4088 quin

436 4094 709 4144 annotem
740 4091 1128 4145 temeritatem
1161 4089 1456 4151 Salmasii.
1488 4089 1584 4159 qui
1619 4090 1808 4159 capite
1829 4095 1988 4144 sexto
2019 4090 2084 4144 de

433 4164 694 4216 Primam
722 4162 903 4229 Papae,
938 4177 1070 4232 pag.
1106 4163 1194 4228 86,
1241 4167 1441 4214 contra
1497 4160 1785 4232 omnium,
1819 4166 2079 4232 veterum

432 4234 700 4288 codicum
733 4237 789 4286 et
816 4232 1135 4287 editionum
1169 4233 1341 4287 fidem
1373 4232 1670 4284 contendit
1696 4231 1955 4301 isticlegi
1986 4235 2080 4286 de-

433 4305 570 4358 bere
599 4304 812 4358 malum
842 4305 1150 4374 principem
1171 4319 1268 4374 pro
1287 4304 1549 4374 aemulum
1573 4321 1584 4357 :
1620 4302 1884 4372 hancque
1915 4320 2079 4358 suam

433 4377 828 4442 conjecturam
865 4374 1070 4428 nititur
1100 4375 1343 4444 probare
1373 4373 1726 4429 testimoniis
1756 4390 1956 4429 eorum
1990 4391 2081 4428 ve-

433 4453 622 4501 terum
657 4447 1006 4516 scriptorum
1039 4445 1138 4516 qui
1172 4446 1490 4515 loquuntur
1519 4445 1590 4498 de
1634 4445 1806 4499 malis
1868 4448 2081 4516 princi-

435 4520 564 4574 bus.
596 4520 891 4581 Quantum
923 4534 1000 4572 ein
1023 4516 1459 4572 observationes
1481 4517 1601 4570 sint
1631 4516 1866 4571 inutiles
1887 4517 1943 4570 in
1978 4517 2082 4571 ho-

433 4588 580 4643 loco.
619 4604 786 4642 nemo
821 4606 931 4643 non
966 4589 1137 4642 videt.
1176 4589 1315 4642 Nam
1353 4593 1626 4657 praeterea
1694 4604 1904 4642 sensus
1945 4605 2082 4642 con-

435 4668 588 4715 stare
621 4677 734 4714 non
761 4665 947 4728 potest
975 4676 1106 4714 cum
1135 4660 1466 4728 conjectura
1519 4658 1813 4714 Salmasii.
1874 4658 2080 4714 BALUZ.

503 4731 614 4799 (19)
652 4733 748 4784 Dei
777 4734 1134 4786 sacerdotem.
1198 4731 1354 4784 Hanc
1416 4730 1720 4785 lectionem
1781 4730 1969 4784 inveni
2025 4731 2082 4784 in

431 4819 526 4856 χιχ
553 4802 852 4894 codipi‘bjus
882 4803 1128 4894 nostris.1
1155 4801 1344 4894 in‘sex
1363 4800 1725 4894 ﬁtngcl‘icanis,
1744 4803 1896 4894 apud
1925 4801 2080 4894 Τὺοί
2114 4831 2160 4894 D

433 4889 590 4928 mam
634 4873 1003 4929 Waldensem
1060 4872 1152 4926 tit.
1213 4873 1297 4936 14,
1359 4872 1428 4924 de
1487 4873 1966 4927 Sacramentibus
2025 4877 2084 4927 et

433 4961 558 5015 cap.
591 4946 712 5010 123,
748 4947 806 5000 in
837 4944 1112 5015 omnibus
1142 4942 1497 5015 editionibus
1529 4959 1653 5010 quas
1685 4943 2079 4998 Pamelianam

431 5011 890 5072 antecesserunt.
923 5014 1109 5068 Aliam
1141 5029 1292 5077 vero,
1328 5029 1451 5081 quae
1486 5011 1660 5066 habet
1686 5015 1959 5068 aemulum
1991 5032 2082 5069 sa-

431 5089 709 5142 cerdotem
743 5102 918 5154 quam
950 5083 1246 5139 Pamelius
1265 5083 1654 5148 verissimam,
1674 5083 1957 5154 Higaltius
1990 5104 2081 5142 ve-

432 5177 495 5214 ro
520 5159 717 5223 procul
751 5157 930 5211 dubio
963 5155 1168 5210 falsam
1200 5171 1327 5210 esse
1359 5155 1582 5213 asserit.
1619 5156 1675 5209 in
1709 5173 1824 5210 uno
1855 5161 2083 5212 tantum

435 5232 634 5285 codice
663 5227 1061 5294 At‘ﬂigemensi
1094 5227 1379 5295 reperisse
1406 5245 1466 5282 se
1500 5232 1746 5280 testatur
1774 5227 1928 5281 idem
1989 5230 2086 5283 Pa-

434 5303 668 5360 melius,
705 5301 854 5352 sicut
911 5315 1013 5369 ego
1061 5313 1296 5368 quoque
1327 5315 1452 5353 eam
1488 5316 1599 5351 non
1635 5298 1819 5369 reperi
1854 5299 1964 5354 nisi
2026 5301 2084 5353 in

437 5389 554 5426 uno
586 5370 781 5424 codice
811 5370 905 5439 qui
949 5369 1057 5424 fuit
1086 5369 1371 5424 Francisci
1405 5369 1626 5423 Pithmi.
1661 5373 1725 5422 Et
1763 5373 1957 5424 tamen
2016 5371 2086 5424 il-

436 5441 833 5497 lustrissimus
865 5440 1179 5496 cardinalis
1211 5441 1516 5513 Perrcnius
1535 5440 1748 5513 advers
1763 5458 1830 5495 us
1889 5458 2083 5513 regem

433 5519 654 5578 Magnae
714 5513 1022 5567 Britanniis
1083 5528 1213 5581 pag.
1273 5514 1362 5579 99,
1396 5512 1476 5566 ait
1530 5511 1687 5565 illam
1719 5511 1979 5567 inveniri?
2025 5513 2084 5567 in

439 5585 869 5654 antiquioribus
899 5592 952 5639 et
997 5584 1491 5640 emendatioribus
1522 5583 1970 5654 exemplaribus.
2006 5585 2086 5639 Ad

442 5673 619 5728 quam
651 5673 772 5711 rem
843 5656 1199 5726 probandam
1255 5656 1456 5728 laudat
1503 5655 1562 5708 in
1615 5656 1878 5728 margine
1937 5656 2088 5728 codi-

446 5725 571 5785 cem
603 5725 1071 5799 Aftligemensem
1115 5731 1170 5782 et
1225 5727 1540 5782 editionem
1598 5726 1856 5796 Pamelii,
1908 5725 2088 5784 nullis

2192 3539 2325 3588 nus,
2359 3529 2484 3576 erat
2514 3522 2784 3593 populus.
2819 3523 3026 3578 BALUZ.

2265 3594 2368 3668 (20)
2405 3595 2633 3648 Tantum
2663 3597 2943 3668 temporis.
2964 3597 3289 3668 liancsane
3331 3593 3643 3668 lectionem
3689 3603 3826 3668 repe-

2191 3665 2238 3718 ri
2257 3665 2314 3717 in
2334 3669 2460 3718 octo
2481 3665 2727 3736 vetustis
2747 3666 3065 3721 codicibus.
3085 3664 3303 3735 Aliam,
3328 3682 3459 3736 quae
3483 3664 3654 3718 habet
3671 3664 3825 3715 tantis

2192 3737 2544 3806 temporibus,
2577 3735 2853 3791 exhibent
2882 3742 3101 3792 veteres
3133 3735 3433 3792 editiones
3465 3743 3598 3790 ante
3646 3736 3821 3786 Manu-

2191 3808 2438 3869 tianam,
2470 3813 2642 3862 etsex
2671 3806 2804 3862 libri
2835 3813 3076 3863 veteres.
3112 3812 3331 3864 BALUZ.

2263 3879 2370 3947 (21)
2431 3882 2826 3949 Exspectans...
2912 3879 3220 3947 carniﬁces.
3297 3878 3550 3949 Quippe,
3615 3872 3828 3949 Paciano

2190 3953 2336 4022 teste
2361 3947 2548 4022 ep.773,'
2566 3950 2783 4022 crebras
2837 3950 3241 4022 persecutiones
3277 3947 3433 4005 irati
3450 3947 3710 4019 principis
3733 3957 3829 4022 sus-

2193 4014 2419 4075 tinebat.
2453 4021 2616 4078 Unde
2646 4014 2947 4077 calumnia
2978 4021 3419 4076 convincuntur
3450 4014 3587 4090 ejus
3641 4014 3827 4090 aemuli,

2191 4092 2290 4217 aui
2323 4107 2457 4146 eum
2518 4091 2698 4147 libelli
2770 4091 2899 4148 labe
2955 4093 3434 4149 contaminatum
3487 4088 3828 4145 dictitabant.

2235 4179 2500 4217 ous'rm'r.

2219 4165 2402 4217 lous'rs
2412 4179 2500 4216 NT.

2259 4234 2374 4302 (22)
2403 4235 2466 4288 Et
2494 4236 2763 4289 timorem.
2790 4234 2931 4289 Vide
2962 4235 3355 4304 appendicem
3380 4229 3829 4304 Observationum

2195 4298 2429 4386 BigaItii
2462 4306 2533 4386 ad
2563 4298 3214 4386 Cyprianummbi'recte
3250 4307 3677 4376 interpretatur
3704 4298 3835 4352 hunc

2191 4375 2459 4431 timorem
2494 4375 2780 4448 Cypriani.
2821 4383 3018 4432 ΒΑιυι.

2264 4449 2367 4513 ('33)
2428 4438 2625 4502 Passus
2675 4450 2752 4503 est
2808 4449 2996 4516 Supra
3050 4447 3236 4518 Epist.
3316 4462 3535 4512 xxxvn,
3566 4458 3689 4514 pag.
3746 4438 3831 4492 50:

2191 4518 2374 4587 Neque
2409 4521 2557 4572 enim
2611 4524 2788 4574 virtus
2830 4535 3019 4574 eorum
3072 4528 3167 4573 aut
3194 4519 3385 4573 honor
3407 4520 3592 4572 minor
3623 4528 3724 4569 esse
3749 4522 3835 4580 quo

2195 4591 2375 4642 minus
2407 4590 2513 4660 ipsi
2544 4606 2748 4660 quoque
2775 4592 2920 4645 inter
2950 4592 3126 4644 beatos
3154 4594 3447 4660 martyres
3478 4590 3833 4658 aggregentur.

2193 4661 2343 4728 Quod
2373 4677 2432 4714 in
2460 4661 2577 4714 illis
2606 4667 2701 4727 est,
2729 4663 3099 4716 toleraverunt
3129 4661 3410 4731 quidquid
3429 4660 3667 4714 tolerare
3691 4667 3834 4731 para:

2191 4719 2236 4786 ti
2263 4734 2314 4785 ct
2339 4734 2583 4802 prompti
2601 4719 2848 4802 fuerunt.
2884 4734 2990 4800 Qui
3024 4749 3080 4787 se
3101 4719 3418 4786 tormentis
3467 4739 3519 4802 et
3559 4719 3837 4802 mortisub

2192 4796 2364 4857 oculis
2405 4796 2511 4858 Dei'
2543 4796 2754 4869 obtulit,
2813 4796 3007 4874 passus
3070 4812 3165 4874 est
3202 4801 3484 4873 quidquid
3515 4801 3647 4874 pati
3672 4796 3836 4874 uoluit-

2191 4875 2268 4928 Ad
2305 4874 2426 4929 haec
2457 4874 2582 4929 loca
2612 4867 2875 4948 Cypriani
2910 4867 3264 4948 respiciebat
3297 4867 3464 4948 haud
3495 4867 3670 4948 dubie
3695 4867 3840 4948 Eras-

2191 4963 2324 5001 mus
2345 4943 2727 5015 interpretans
2750 4945 2942 5000 locum
2965 4943 3098 4999 libri
3115 4944 3368 5013 Josephi
3402 4945 3476 4998 de
3505 4943 3740 5015 imperio
3768 4951 3842 5015 re:

2192 5017 2390 5079 tionis,
2427 5007 2524 5070 ub'i
2557 5015 2639 5071 sic
2669 5016 2882 5085 legitur
2915 5017 3010 5071 :Et
3034 5017 3083 5070 si
3110 5019 3225 5084 fors
3242 5007 3610 5086 percipiendi

2189 5089 2510 5158 facultatem
2553 5080 2780 5154 pertulit
2829 5092 3013 5142 tamen
3065 5080 3270 5141 cuncta
3325 5101 3461 5158 quae
3516 5084 3686 5158 uoluit
3728 5080 3844 5158 pali.

2193 5152 2414 5231 Etenim
2450 5152 2732 5229 martyres
2762 5176 2994 5230 quoque
3011 5152 3419 5231 censebantur
3440 5157 3544 5228 qui
3587 5152 3848 5231 tormenta

2194 5230 2371 5301 passi,
2436 5225 2631 5284 tamen
2690 5225 2863 5285 occisi
2901 5225 3038 5285 'non
3099 5225 3845 5306 l'uerant._CommodianUS

3390 5300 3770 5356 instructions

2265 5443 2354 5508 (24
2387 5443 2699 5512 Tyrannum
2738 5444 2960 5498 victam.
3001 5441 3254 5497 Ruﬁnus
3289 5441 3352 5496 in
3393 5441 3548 5514 psal.
3593 5454 3664 5493 ιιι
3691 5452 3706 5514 _:
3737 5431 3848 5514 Λυπ-

2193 5514 2259 5568 de
2312 5509 2493 5568 sancti
2509 5519 2786 5584 martyres
2807 5515 2974 5569 etiam
2995 5515 3051 5567 in
3074 5515 3185 5568 suis
3230 5509 3601 5584 passionious
3645 5509 3849 5584 victory;

2194 5587 2524 5639 exstiterunt
2548 5584 2568 5638 ἓ
2601 5573 2747 5654 Quia
2775 5587 2877 5640 etsi
2901 5589 3200 5655 potuerunt
3230 5573 3637 5656 'corporaliter
3678 5573 3848 5651 occidi.

2194 5672 2480 5731 nunquam
2510 5666 2699 5712 tamen
2727 5653 3237 5731 animo_potuerunt
3257 5653 3491 5731 frangi.
3523 5653 3616 5712 illi
3647 5659 3849 5718 veroqui

2193 5729 2517 5784 occiderunt
2537 5731 2677 5786 victi
2727 5733 2872 5785 sunt.
2908 5728 3113 5784 BALUZ.
