4102 6180
490 297 608 356 807

1830 289 1893 350 S.
1941 286 2304 352 CORNELII
2349 289 2580 352 PAPIE

3728 303 3818 369 808

491 433 551 484 et
571 433 772 484 caetera
797 423 1043 479 membra
1071 438 1092 485 ;
1122 425 1173 478 et
1199 424 1248 478 si
1309 423 1530 478 lwtatur
1586 439 1760 478 unum
1808 423 2140 479 membrum.
2171 424 2226 489 Α
2257 421 2664 478 schismaticos
2714 424 2964 494 rejectus
3022 424 3092 479 ab
3129 423 3377 480 Ecclesia
3404 431 3676 500 transeat;
3717 437 3817 502 ubi,

495 515 862 572 consctantur
888 521 940 568 et
969 512 1175 568 eadem
1204 511 1447 566 membra
1470 513 1516 584 (I
1545 512 1669 568 Cor.
1702 513 1935 584 x11,26).

565 603 708 660 XVI.
740 601 866 657 Alia
896 606 985 656 est
1018 599 1501 673 philosophorum
1537 605 1595 656 et
1616 601 1944 656 Stoicorum
1979 599 2149 671 ratio,

495 693 676 749 frater
705 689 1066 756 charissima,
1101 688 1203 760 qui
1235 689 1437 744 dicunt
1469 689 1667 745 omnia
1708 694 1941 761 peccata
1984 687 2150 760 paria

498 798 628 838 esse
658 784 714 835 et
756 779 944 834 virum
995 794 1227 849 gravem
1278 793 1393 832 non
1445 776 1613 832 facile
1657 777 1806 833 ﬂecti
1863 781 2146 849 oportere.

493 872 652 926 Inter
681 866 1043 924 Christianos
1075 870 1270 920 autem
1306 865 1687 937 philosophos
1711 865 2028 938 plurimum
2062 865 2143 919 di-

496 962 634 1016 stat.
669 957 898 1012 Etcum
951 953 1262 1026 Apostolus
1320 953 1495 1020 dicat,
1559 953 1734 1010 Videte
1780 970 1849 1008 ne
1904 955 2026 1024 quis
2059 969 2148 1008 vos

495 1046 848 1120 deprwdetur
875 1060 972 1116 per
997 1044 1402 1115 phiIOSOphiam
1457 1047 1508 1098 et
1567 1045 1799 1098 inanem
1850 1043 2148 1114 fallaciam

497 1137 719 1208 (Coloss.
754 1151 816 1202 ιι,
848 1135 924 1205 8),
957 1133 1193 1188 vitanda
1224 1137 1361 1187 sunt
1392 1149 1425 1188 a
1476 1131 1642 1187 nobis
1674 1149 1800 1203 quis
1856 1148 1968 1186 non
2002 1131 2046 1165 ⁵⁸
2077 1131 2148 1186 de

495 1225 594 1280 Dei
628 1221 939 1279 clementia
966 1221 1343 1288 veniunt,scd
1378 1221 1449 1276 de
1480 1219 1863 1292 philosophia:
1893 1218 2146 1274 durioris

496 1311 955 1386 praesumptione
986 1309 1368 1364 descendunt.
1405 1309 1483 1364 De
1535 1309 1731 1377 Moyse
1779 1312 1972 1363 autem
2002 1307 2146 1379 legi-

497 1415 632 1455 mus
665 1399 723 1452 in
773 1395 1089 1469 Scripturis
1129 1395 1349 1450 dictum
1408 1414 1420 1451 :
1472 1397 1534 1451 Et
1577 1398 1684 1467 fuit
1729 1397 1929 1468 Moyses
1993 1397 2148 1450 homo

502 1488 648 1543 lenis
675 1487 846 1542 nimis
867 1485 1053 1557 “(42)
1110 1485 1293 1555 (Num.
1356 1501 1456 1554 xu,
1515 1485 1593 1554 3),
1653 1488 1720 1539 Et
1773 1484 2054 1539 Dominus
2087 1484 2147 1538 in

495 1575 807 1648 Evangelio
841 1591 945 1629 suo
977 1573 1154 1641 dicit;
1199 1575 1386 1628 Estote
1418 1574 1795 1629 misericordes
1825 1574 1888 1641 ⁸ο,
1924 1574 2066 1628 sicut
2097 1576 2149 1628 et

495 1669 664 1721 Pater
690 1669 866 1718 vester
899 1664 1157 1717 misertus
1187 1671 1268 1717 est
1290 1663 1328 1696 ⁶¹
1366 1662 1477 1734 (43)
1518 1665 1684 1717 vestri
1740 1663 1886 1732 (Luc.
1922 1678 2002 1731 νι,
2033 1662 2144 1730 36).

496 1758 564 1808 Et
594 1753 807 1807 iterum
849 1771 867 1806 :
899 1753 1012 1806 Non
1034 1760 1116 1805 est
1153 1767 1286 1822 opus
1343 1752 1494 1806 sanis
1552 1751 1811 1817 medicus,
1878 1750 2026 1804 783
2056 1749 2148 1804 sed

496 1843 644 1898 male
668 1842 990 1896 habentibus
1023 1839 1231 1909 (Matth.
1268 1857 1344 1905 Ix,
1381 1841 1484 1911 12).
1534 1841 1715 1903 Quam
1769 1845 1959 1911 potest
1987 1855 2146 1893 exer-

499 1947 627 1986 cere
655 1930 1004 1986 medicinam
1039 1929 1137 2000 qui
1181 1929 1320 1983 dicit
1356 1930 1509 2001 :Ego
1551 1929 1710 1983 solus
1763 1945 1934 1983 sanos
1985 1944 2144 1997 curo,

502 2020 716 2092 quibus
769 2019 1030 2074 medicus
1078 2017 1444 2071 necessarius
1486 2034 1600 2071 non
1648 2025 1754 2085 est,
1815 2016 1992 2086 Opem
2045 2034 2147 2071 no-

500 2115 683 2164 stram
714 2106 1074 2174 “,medelam
1107 2111 1362 2160 nostram
1397 2105 1716 2160 vulneratis
1748 2105 2017 2160 exhibere
2048 2106 2147 2160 de-

499 2198 729 2253 bemus.
759 2195 875 2250 Nec
907 2199 1180 2266 putemus
1215 2198 1475 2249 mortuos
1507 2210 1654 2263 esse,
1705 2193 1805 2248 sed
1841 2193 2028 2264 magis
2059 2210 2148 2248 se-

505 2287 816 2341 mianimes
847 2285 1043 2354 jacere
1101 2299 1200 2338 eos
1257 2300 1405 2354 quos
1465 2282 1868 2353 persecutione
1919 2284 2152 2337 funesta

504 2374 798 2430 sauciatos
818 2373 862 2406 ⁸³
884 2371 1146 2426 videmus
1172 2387 1183 2426 :
1218 2372 1314 2441 qui
1349 2369 1398 2424 si
1424 2371 1481 2424 in
1507 2375 1694 2424 totum
1717 2371 1931 2424 mortui
1956 2376 2153 2424 essent

508 2478 813 2533 nunquam
845 2461 916 2514 de
948 2461 1168 2514 eisdem
1199 2460 1244 2493 ⁶⁴
1273 2461 1647 2530 postmodum
1690 2464 1746 2513 et
1788 2460 2151 2514 oont‘essores

520 2557 578 2606 et
609 2554 890 2619 martyres
922 2550 1146 2603 tierent.

581 2640 744 2695 XVII.
779 2639 888 2694 Sed
917 2636 1194 2709 quoniam
1228 2641 1316 2691 est
1354 2637 1410 2690 in
1445 2635 1562 2690 illis
1610 2635 1761 2706 quod
1815 2635 2154 2708 pmnitentia

507 2733 789 2800 sequente
817 2729 861 2762 ⁵⁵
894 2726 1208 2782 revalescat
1235 2728 1302 2779 ad
1343 2726 1538 2792 fidem,
1572 2731 1628 2779 et
1657 2726 1726 2779 ad
1776 2725 2048 2778 virtutem
2083 2725 2152 2777 de

507 2815 846 2890 pcenilentia
877 2818 1054 2870 robur
1081 2815 1125 2849 ⁶⁶
1157 2819 1440 2881 armatur,
1475 2814 1624 2883 quod
1657 2813 1869 2867 armari
1905 2829 2016 2866 non
2052 2830 2151 2884 po-

503 2908 660 2974 terit,
701 2904 750 2960 si
781 2903 914 2975 quis
961 2902 1367 2972 desperatione
1398 2901 1652 2964 deﬁciat,
1701 2901 1748 2955 si
1802 2902 1872 2956 ab
1906 2901 2156 2956 Ecclesia

506 2997 650 3052 dure
681 2999 737 3049 et
764 2991 1076 3048 crudeliter
1123 2995 1462 3062 segregatus
1511 2990 1582 3044 ad
1632 2989 1876 3059 gentiles
1931 3006 1992 3045 se
2032 2990 2154 3046 vias

507 3091 564 3140 et
594 3081 895 3139 saecularia
933 3096 1109 3151 Opera
1152 3083 1463 3145 convertat,
1497 3078 1584 3132 vel
1631 3079 1702 3132 ad
1753 3077 2052 3133 haereticos
2099 3084 2155 3133 et

2261 511 2370 566 etsi
2394 512 2621 568 occisus
2635 517 2870 584 propter
2889 514 3146 568 nomen"
3172 517 3523 584 postmodum
3543 519 3830 580 fueritextra

2261 599 2576 656 Ecclesiam
2612 601 2970 657 constitutus
3001 607 3057 656 et
3086 601 3156 656 ab
3188 601 3399 659 unitate
3445 610 3600 677 atque
3627 627 3658 664 a
3684 611 3834 667 chari-

2261 691 2375 744 tate
2403 689 2650 756 divisus,
2685 689 2949 746 coronari
2982 690 3042 744 in
3074 693 3257 746 morte
3288 707 3399 747 non
3431 697 3715 765 poterit.Et
3739 701 3835 757 ideo

2259 777 2532 849 placcuit,
2568 778 2744 834 frater
2771 777 3135 850 charissime,
3183 779 3519 838 examinatis
3547 786 3718 842 causis
3740 789 3834 843 sin-

2257 865 2549 938 gulorum,
2594 866 2942 924 libellaticos
2980 867 3214 923 interim
3267 869 3506 935 admitti,
3551 873 3837 933 sacriﬁcatis

2257 955 2316 1008 in
2350 956 2505 1009 exitu
2534 955 2834 1011 subveniri
2869 973 2882 1011 :
2916 973 3031 1026 qua
3061 956 3484 1029 Exomologesis
3506 961 3644 1031 apud
3665 961 3838 1021 inferos

2258 1059 2374 1098 non
2407 1049 2630 1113 est,nec
2661 1045 2733 1100 ad
2767 1044 3168 1117 paenitentiam
3202 1045 3331 1114 quis
3361 1063 3393 1101 a
3423 1048 3584 1103 nobis
3611 1051 3838 1122 compelli

2257 1137 2468 1204 potest,
2501 1133 2551 1188 si
2584 1134 2806 1188 fructus
2839 1133 3192 1204 paenitentia:
3224 1134 3615 1190 subtrahatur.
3653 1137 3706 1192 Si
3731 1155 3843 1210 prie-

2257 1221 2401 1276 lium
2433 1223 2476 1256 “
2509 1221 2671 1293 prius
2700 1222 2943 1293 venerit,
2977 1221 3384 1278 corroboratus
3440 1241 3472 1279 a
3527 1225 3680 1281 nobis
3719 1226 3844 1284 inve-

2258 1309 2420 1364 nitur
2449 1315 2714 1366 armatus
2743 1311 2789 1345 ⁶⁹
2815 1311 2884 1365 ad
2921 1309 3203 1382 praelium.
3239 1310 3300 1366 Si
3333 1327 3463 1367 vero
3487 1318 3611 1368 ante
3631 1313 3848 1384 praelium

2255 1398 2570 1454 inﬁrmitas
2604 1399 2818 1455 urserit
2846 1400 2910 1468 7°,
2936 1415 3070 1454 cum
3101 1398 3308 1456 solatio
3339 1400 3448 1472 (44)
3480 1401 3628 1473 pacis
3646 1406 3696 1458 et
3719 1418 3847 1458 com-

2257 1488 2674 1543 municationis
2713 1488 2994 1544 abscedit.

2325 1576 2521 1631 XVIII.
2575 1577 2774 1647 Neque
2839 1575 2994 1632 enim
3042 1577 3432 1647 praedicamus
3472 1577 3844 1648 Dominojudi-

2258 1679 2458 1720 caturo
2489 1665 2814 1736 quominus
2839 1664 2887 1720 si
2920 1664 3320 1736 pmnitentiam
3345 1664 3570 1737 plenam
3593 1670 3645 1720 et
3669 1666 3854 1738 justam

2256 1753 2578 1824 peccatoris
2608 1753 3055 1819 invenerit,tunc
3078 1758 3272 1809 ratum
3296 1753 3476 1808 taciat
3502 1755 3646 1824 quod
3675 1770 3706 1808 a
3724 1754 3861 1809 nobis

2259 1842 2434 1896 fuerit
2466 1842 2561 1896 hic
2593 1846 2878 1896 statutum
2911 1844 2978 1896 τί.
3012 1842 3070 1897 Si
3118 1859 3253 1897 vero
3307 1859 3412 1896 nos
3463 1842 3663 1913 aliquis
3709 1843 3856 1913 paeni-

2259 1931 2450 1986 tentiae
2491 1929 2866 1986 simulatione
2898 1931 3199 1998 deluserit,
3249 1930 3424 1996 Deus,
3477 1931 3572 2001 qui
3606 1948 3709 1985 non
3737 1931 3861 1984 deri-

2259 2021 2429 2075 detur
2473 2019 2612 2090 (Gal.
2645 2020 2747 2090 v1),
2775 2025 2830 2074 et
2860 2019 2959 2091 qui
2993 2037 3090 2074 cor
3131 2019 3388 2074 hominis
3419 2019 3666 2076 intuetur
3691 2020 3731 2090 (ι
3757 2019 3861 2088 Reg.

2257 2109 2397 2179 xvx),
2433 2108 2500 2162 de
2531 2107 2625 2163 his
2657 2125 2783 2178 qua:
2808 2125 2913 2163 nos
2945 2107 3141 2162 minus
3173 2107 3578 2179 perspeximus
3599 2107 3798 2177 judicet
3821 2112 3867 2161 et

2259 2214 2558 2252 servorum
2588 2196 2738 2251 784
2770 2213 3007 2252 suerum
3025 2196 3378 2252 sententiam
3403 2195 3675 2251 Dominus
3702 2210 3869 2267 emen-

2261 2287 2358 2342 det
2390 2303 2404 2353 ;
2439 2287 2576 2340 dum
2610 2291 2803 2340 tamen
2838 2301 2944 2340 nos
2977 2284 3528 2354 meminisse,frater
3545 2283 3869 2349 charissima,

2260 2373 2579 2428 debeamus
2611 2374 2894 2444 scriptum
2941 2389 3088 2438 esse,
3117 2377 3319 2428 Frater
3363 2373 3594 2445 fratrem
3641 2372 3872 2442 adjuvans

2260 2462 2617 2530 exattabitur,
2651 2462 2834 2530 (Prov.
2869 2477 3029 2530 xvm,
3061 2461 3148 2531 19)
3178 2466 3236 2516 et
3283 2459 3625 2532 Apostolum
3675 2474 3872 2530 quoque

2261 2549 2477 2604 dixisse
2511 2567 2523 2605 :
2560 2550 2620 2604 In
2651 2550 3110 2620 contemplatione
3131 2549 3398 2605 habentes
3419 2550 3788 2619 unusquisque,
3815 2563 3871 2600 ne

2261 2645 2314 2691 et
2341 2653 2429 2691 vos
2461 2638 2768 2702 tentemini,
2799 2637 3132 2692 alterutrum
3156 2653 3326 2692 onera
3358 2639 3402 2671 7'
3423 2638 3683 2692 sustinete
3714 2635 3872 2704 (53);!

2261 2727 2340 2778 sic
2393 2724 2765 2794 adimplebitis
2819 2726 2993 2794 legem
3049 2725 3263 2781 Christi
3312 2726 3459 2797 (Gal.
3519 2743 3591 2780 ιιι.
3636 2725 3708 2792 2),
3761 2724 3874 2776 item

2263 2814 2416 2884 quod
2450 2814 2735 2884 superbos
2765 2814 2808 2848 ⁷³
2839 2814 3193 2886 redarguens
3225 2819 3284 2868 et
3334 2811 3719 2885 arrogantiam
3750 2809 3870 2864 tran-

2263 2917 2426 2973 gans,
2462 2901 2518 2954 in
2550 2900 2799 2973 epistola
2830 2919 2938 2956 sua
2969 2907 3146 2972 ponat
3179 2920 3191 2957 :
3228 2904 3296 2958 Et
3328 2905 3426 2974 qui
3457 2919 3514 2957 se
3539 2905 3691 2972 putat
3731 2907 3872 2966 stare,

2264 2990 2443 3045 videat
2474 3007 2542 3045 ne
2561 2989 2720 3044 cadat
2751 2992 2795 3060 (Ι
2826 2991 2950 3046 Cor.
2984 3007 3040 3058 x,
3076 2991 3199 3061 l2);
3235 2997 3295 3046 et
3327 2989 3442 3045 alio
3477 2991 3534 3045 in
3566 2988 3685 3044 loco
3714 2987 3875 3041 dicat:

2267 3081 2337 3133 Tu
2367 3080 2486 3149 quis
2515 3095 2567 3132 es
2598 3081 2695 3150 qui
2713 3079 2934 3150 judicas
2965 3079 3214 3133 alienum
3242 3081 3516 3135 servum?
3544 3078 3762 3133 Domino
3802 3089 3881 3128 suo

1921 3194 2125 3255 Varia;
2154 3193 2476 3255 lectiones.

583 3306 627 3346 ⁸³
656 3304 747 3359 Sic
775 3305 929 3358 Lam.
966 3301 1096 3357 Bod.
1132 3301 1184 3354 3.
1219 3300 1381 3354 Ebor.
1413 3301 1536 3364 Lin,
1572 3303 1638 3354 N.
1673 3299 1728 3353 C.
1767 3300 1814 3352 1.
1841 3299 2095 3354 Vitanda

504 3421 763 3519 ίίΟρθιιι
799 3421 1073 3519 ιιυειιιέιιιξἼ
1089 3451 1148 3519 et
1179 3442 1463 3519 medelam
1499 3442 1815 3519 vulneratis
1833 3421 1976 3519 ﬁtted.
2001 3442 2053 3519 IA,

511 3595 575 3648 Ν.
611 3593 668 3644 6.
708 3591 728 3643 1
765 3590 895 3642 Boil.
928 3587 982 3639 2.
1019 3586 1374 3639 Pmnitentim
1409 3585 1586 3636 robur
1615 3590 1876 3637 armatur
1911 3583 2095 3637 Vatic..

773 3305 929 3392 Lam.
966 3301 1096 3357 Bod.
1132 3301 1184 3354 3.
1208 3300 1381 3380 _Ebolr.
1413 3301 1536 3392 Lin,
1671 3300 2095 3392 tl.‘)t.ryitanda
2125 3300 2600 3392 ιιιιιθΔιιοιινοωοη.

513 3381 566 3434 1.
673 3377 718 3412 ⁶⁰
749 3377 944 3430 Estote
975 3390 1112 3442 ergo
1139 3372 1547 3426 misericordes
1575 3370 1704 3425 Bod.
1739 3371 1788 3423 3.
1823 3370 2342 3434 Quomodo'Pater
2395 3373 2508 3440 Ver,
2611 3372 2652 3406 ⁸¹
2706 3371 3033 3426 Misericors
3075 3378 3166 3428 est
3216 3372 3354 3428 Bod.
3390 3375 3408 3426 Ξ

513 3454 552 3487 ⁵2
584 3449 763 3498 Onam
799 3454 1058 3498 nostram
1091 3451 1148 3497 et
1179 3442 1463 3496 medelam
1499 3442 1815 3495 vulneratis
1841 3442 1976 3496 liud.
2001 3442 2053 3498 4.
2158 3443 2202 3478 ⁸³
2233 3442 2473 3496 Saucios
2505 3447 2655 3497 Lam.
2691 3443 2820 3497 Bod.
2851 3446 2887 3496 2
2916 3445 3078 3497 Ebor.
3136 3443 3199 3496 Ν.
3255 3445 3315 3498 (1.
3354 3445 3408 3498 1.

514 3512 692 3576 iidem
726 3518 854 3573 Bod.
879 3517 931 3570 3.
1009 3515 1054 3548 ⁸⁵
1085 3515 1429 3567 I’mnitentia
1465 3518 1801 3583 frequenter
1830 3513 1988 3566 Lam.
2019 3513 2157 3568 Ebor

514 3595 575 3648 Ν.
611 3593 668 3644 6.
708 3591 728 3643 1
765 3590 895 3642 Boil.
928 3587 982 3639 2.
1019 3586 1374 3658 Pmnitentim
1409 3585 1586 3636 robur
1615 3590 1876 3658 armatur
1911 3583 2095 3658 Vatia.

2275 3531 2328 3566 η.
2363 3514 2424 3568 Ν.
2449 3512 2504 3567 C.
2542 3515 2592 3567 1.
2628 3513 2760 3568 Bod.
2794 3517 2846 3568 2.
2925 3515 2968 3548 ⁸⁸
2998 3519 3075 3568 De
3103 3515 3472 3585 poenitentiae
3521 3515 3719 3568 robore
3764 3512 3878 3564 Ebor

2275 3585 2473 3658 Iomen
2511 3584 2742 3658 Christi
2775 3584 2905 3658 Bod.
2937 3588 2989 3638 2.
3066 3585 3110 3618 ⁸⁸
3158 3586 3219 3658 Si
3271 3602 3414 3658 ergo
3465 3583 3878 3658 prmliiumubqﬂg

2703 3300 2748 3334 ”
2780 3300 3136 3356 Lenissimus
3157 3303 3316 3356 Lam.
3353 3303 3522 3357 Ebor.
3558 3299 3740 3354 Bod.2.
3769 3299 3822 3349 Ν.
3837 3294 3881 3349 ε.

2611 3372 2652 3406 ⁸¹
2706 3371 3033 3426 Misericors
3075 3378 3166 3428 est
3216 3372 3354 3428 Bod.
3390 3375 3444 3426 3.
3498 3372 3676 3426 iidem
3706 3367 3819 3424 Bod.
3849 3366 3890 3419 3.

2611 3459 2655 3496 νι.
2691 3443 2820 3497 Bod.
2851 3446 2887 3496 2
2916 3445 3078 3497 Ebor.
3136 3443 3199 3496 Ν.
3255 3445 3315 3497 (1.
3354 3445 3408 3497 1.
3517 3444 3563 3477 ⁸⁸
3620 3442 3892 3497 Nunquam

3803 3510 3893 3562 bar.

511 3664 671 3718 Ebur.
706 3663 768 3715 Ν.
802 3660 931 3712 (1.1.
1009 3657 1055 3689 ⁵⁸
1085 3656 1414 3708 invenietur
1441 3663 1498 3708 et
1529 3662 1791 3708 armatus
1825 3656 1978 3707 Lam.
2007 3656 2165 3708 Ebor.
2202 3656 2320 3710 Lin.
2346 3657 2409 3709 N.
2435 3655 2492 3709 6.
2569 3655 2615 3694 ⁷ο
2645 3656 2963 3710 lutirmitas
2995 3657 3218 3710 venerit
3253 3649 3412 3712 Lam.
3450 3649 3893 3712 Ebor.Lin.N.C.l.

514 3734 648 3787 Bod.
682 3733 735 3784 2.
812 3731 855 3765 τί
895 3727 1087 3782 Fuerit
1114 3732 1400 3782 statutum
1432 3729 1584 3781 Lam.
1622 3728 1780 3780 Ebor.
1815 3727 1877 3780 Ν.
1914 3727 1972 3780 C.
2008 3727 2056 3780 1.
2135 3726 2180 3759 ⁷²
2211 3725 2398 3782 Onera
2426 3732 2620 3780 vestra
2650 3731 2799 3781 Lam.
2838 3730 3008 3780 liber.
3040 3727 3102 3782 Ν.
3149 3727 3207 3782 C.
3254 3728 3298 3784 Ι.

512 3807 666 3860 Lam.
699 3801 866 3856 Ponit
895 3802 1044 3855 Lam.

3411 3729 3459 3762 ’⁷³
3491 3729 3633 3783 Item
3652 3722 3893 3796 superbos

1925 3895 2253 3955 Variorum
2287 3901 2472 3956 notes.

515 4009 615 4065 illa
647 4011 800 4062 recte
831 4004 1047 4060 dicitur
1075 4003 1234 4057 lassa
1264 4018 1388 4074 quis
1421 4000 1672 4074 multum
1719 4001 1965 4074 errando
2003 3999 2161 4074 labo-
2194 4007 2236 4073 ρ
2273 4002 2517 4074 tentiam
2548 3999 2708 4074 illam
2739 4000 2968 4074 videtur
2998 4017 3111 4074 non
3144 4002 3522 4072 approbasse
3580 4006 3806 4074 Seneca.
3829 3993 3900 4049 Ait

515 4085 761 4141 raverat,
796 4083 858 4131 ut
885 4074 1072 4130 verbis
1105 4079 1233 4127 utar
1265 4072 1592 4144 Hieronymi
1624 4073 1682 4125 in
1710 4072 1953 4142 epislola
1980 4073 2043 4126 de
2072 4073 2163 4126 Fi-

521 4155 598 4208 lio
625 4149 854 4222 prodigo
886 4149 953 4200 ad
987 4151 1203 4222 Papam
1239 4145 1577 4222 Damasum.
1615 4144 1800 4221 Bacuz

592 4211 707 4291 (Ill)
738 4211 973 4291 Peccata
1033 4211 1216 4291 paoia.
1269 4216 1657 4291 Hieronymus
1705 4211 2069 4291 in_epistola
2099 4213 2169 4291 ad

523 4284 967 4350 Pammachium
1002 4290 1071 4341 de
1100 4288 1444 4340 Dormitione
1477 4284 1748 4348 Paulinae,
1784 4285 1839 4337 in
1875 4286 2021 4338 libro
2056 4284 2170 4354 pri-

521 4383 616 4421 mo
647 4363 909 4419 adversus
957 4361 1264 4426 Pelagium.
1312 4365 1370 4411 et
1425 4357 1527 4426 lib,
1561 4374 1600 4409 ιι
1632 4355 1888 4409 adversus
1917 4357 2172 4410 Iovinia-

517 4453 677 4490 num.
711 4435 794 4488 ait
821 4431 1045 4486 Stoicos
1094 4429 1469 4484 contendisse
1540 4434 1771 4496 peccata
1805 4443 1933 4480 esse
1977 4428 2163 4497 paria.

515 4505 856 4562 Lactantius
902 4520 1030 4572 cap.
1069 4501 1139 4554 38
1174 4501 1489 4570 Epitomes,
1524 4498 1777 4572 loquens
1801 4498 1872 4552 do
1923 4501 2170 4562 Zenone,

523 4577 850 4633 Stoicorxm
912 4569 1194 4642 magistro
1221 4569 1240 4625 7:
1277 4572 1416 4625 Nam
1469 4569 1611 4640 quod
1669 4570 1800 4623 dicit
1852 4571 2014 4638 paria
2046 4583 2175 4642 esse

517 4657 737 4720 peccata
768 4638 1055 4720 emendem
1087 4646 1441 4720 immunitate:
1453 4638 1542 4720 est
1573 4657 1684 4720 qua
1738 4638 2174 4720 misericordiam

521 4709 668 4776 velut
722 4717 974 4770 morbum
1034 4716 1353 4766 insectatur.
1406 4709 1758 4766 Plutarchus
1815 4711 1873 4764 in
1920 4711 2066 4764 libro
2111 4709 2177 4764 de

526 4793 791 4846 toicorum
866 4785 1260 4854 Repugnantiis
1341 4783 1543 4836 scribit
1624 4798 1812 4851 neque
1873 4788 2173 4854 peccatum

524 4865 760 4934 peccato
789 4853 988 4934 majus
1019 4871 1147 4934 esse
1179 4871 1366 4923 neque
1398 4855 1666 4934 virtutem
1711 4853 1909 4934 virtuti
1942 4859 2177 4923 priests-

524 4923 605 4990 re.
641 4923 984 4989 Cassianus,
1019 4926 1117 4980 lib.
1161 4942 1212 4978 ν.
1247 4942 1373 4995 cap.
1423 4925 1477 4978 14
1513 4942 1533 4995 ς
1568 4923 1902 4977 Cunctarum
1940 4939 2178 4994 namque

523 5008 802 5062 virtutum
833 5010 883 5055 et
918 5015 1029 5052 una
1086 5005 1288 5048 natura
1320 4993 1443 5062 _est,
1502 4993 1629 5048 licet
1672 4997 1730 5048 in
1774 4996 1979 5048 multas
2003 4995 2180 5048 (lividi

525 5079 724 5146 species
775 5081 828 5146 et
883 5066 1156 5146 vocabula
1209 5066 1477 5146 videatur.
1506 5065 1756 5146 “Seneca
1795 5067 1994 5146 "epist,
2030 5068 2130 5120 120
2164 5082 2176 5120 ε

524 5137 660 5204 Sunt
685 5145 839 5200 enim
868 5140 1166 5195 virtutibus
1195 5139 1331 5190 vitia
1390 5137 1649 5204 conﬁnia.
1696 5137 1764 5189 Et
1793 5137 2180 5208 Hieronymus

524 5221 808 5275 adversus
840 5209 1241 5266 Luciferianos
1277 5225 1288 5262 :
1329 5208 1512 5262 Vicina
1541 5211 1668 5262 sunt
1697 5209 1833 5262 vitia
1862 5209 2178 5263 virtutibus.

525 5295 618 5345 Sic
649 5288 825 5341 etiam
861 5280 1260 5348 Quintilianus
1323 5278 1423 5333 lib.
1461 5295 1543 5346 ιιι,
1578 5295 1704 5350 cap.
1737 5281 1792 5344 7,
1842 5286 1899 5333 et
1929 5279 2029 5344 lib,
2060 5296 2180 5345 vm,

2280 4074 2434 4128 enim
2468 4072 2524 4125 in
2560 4071 2814 4142 Epistola
2845 4073 2915 4126 66
2949 4090 2961 4127 :
2998 4069 3276 4139 Quomodo
3309 4077 3547 4144 possunt
3591 4069 3901 4144 pariebant:

2279 4147 2430 4198 esse?
2461 4137 2856 4214 Ergo‘virtutes
2886 4137 3033 4198 inter
3060 4161 3116 4198 se
3133 4137 3320 4214 pares'
3335 4150 3470 4200 sunt
3496 4149 3518 4200 Ρ
3549 4137 3691 4198 Vide
3713 4140 3785 4197 ibi
3812 4137 3904 4193 Mu'

2280 4213 2668 4287 retum.AVide
2696 4216 2870 4287 etiam
2899 4216 3084 4287 sancti
3127 4213 3460 4287 Augustini
3513 4214 3906 4287 responsionem

2281 4286 2352 4360 ad
2421 4285 2728 4355 epistolam
2798 4285 3045 4340 Nectarii
3123 4285 3509 4360 de'negotio
3593 4285 3902 4342 Calamensi.

2285 4358 2500 4411 Bawz.

2355 4429 2468 4497 (42)
2502 4428 2662 4481 Lenis
2692 4426 2994 4497 nimis.rln
3055 4443 3153 4482 sex
3211 4427 3390 4483 libris
3445 4429 3666 4483 nostris
3693 4418 3912 4497 antiquis

2283 4502 2339 4574 et
2364 4496 2717 4574 'in_'quatuor
2747 4496 3096 4574 Anglicanis
3129 4500 3434 4574 scriptum
3483 4505 3587 4574 est
3613 4496 3913 4574 lenissima"!

2285 4570 2443 4632 Quod
2481 4565 2719 4640 propius
2776 4565 3000 4623 accedit
3031 4571 3100 4624 ad
3135 4565 3472 4626 editionem
3495 4571 3782 4641 vulgatam
3806 4565 3910 4619 libri

2283 4643 2670 4700 Numerorum.
2705 4656 2832 4710 quae
2865 4641 3038 4695 habet
3069 4643 3430 4696 mitissimus.
3471 4643 3681 4697 BALUZ.

2354 4711 2466 4782 (43)
2498 4713 2744 4785 Miserius
2785 4719 2882 4785 est.
2929 4712 3013 4766 lla
3066 4713 3304 4785 primus
3360 4713 3608 4785 scripsit
3654 4711 3913 4785 Erasmus.

2291 4775 2447 4836 Hanc
2479 4788 2672 4837 autem
2703 4782 3013 4855 lectionem
3046 4775 3422 4855 deprehendi
3457 4775 3517 4839 in
3553 4798 3751 4855 novem
3781 4775 3914 4855 codi-

2293 4855 2461 4907 cibus
2507 4854 2782 4925 antiquis.
2832 4854 2890 4908 ln
2925 4845 3138 4908 tribus.
3161 4855 3298 4910 aliis
3333 4863 3396 4910 et
3429 4857 3488 4910 in
3523 4845 3910 4925 antiquisedf-

2286 4926 2546 4979 tionibus
2597 4919 2810 4993 legitur
2861 4927 3170 4980 misericors
3248 4933 3356 4982 est.
3447 4931 3587 4992 Qua:
3647 4919 3732 4980 est
3782 4919 3918 4973 lectio

2286 4996 2533 5121 Bulgataa
2593 4995 2867 5051 editionis
2939 4996 3233 5068 Evangelii
3323 5001 3664 5053 secundum
3717 4995 3917 5048 Lucam.

2340 5084 2498 5121 ALUZ.

2340 5084 2498 5122 ΑιυΖ.

2363 5137 2648 5221 (li/ngam
2681 5136 2946 5221 solatio;
2988 5142 3073 5221 Ita
3129 5144 3367 5221 septem
3433 5141 3604 5221 libri.
3635 5128 3928 5221 veteres}?

2291 5198 2473 5264 editio
2501 5210 2854 5282 Manutiana.
2902 5210 3135 5264 Neteres
3195 5198 3420 5282 itaque
3463 5211 3745 5282 editiones
3773 5209 3820 5282 et
3847 5198 3925 5282 alii

2293 5287 2514 5350 septem
2549 5281 2678 5334 libri
2713 5287 2935 5334 veteres
2958 5273 3776 5352 habentconsolatio.Negatio
3795 5273 3930 5352 deest

529 5378 656 5430 cap,
689 5359 744 5411 3.
777 5345 994 5416 Cicero,
1039 5352 1140 5430 lib.
1174 5367 1234 5405 ιιι
1284 5351 1626 5430 _Of_ticiorum
1651 5345 1778 5430 ἐιΑ⁵
1807 5367 1894 5406 me
1925 5353 2039 5430 ipso
2067 5351 2151 5404 dis
2221 5368 2262 5430 ί)
2297 5345 2664 5430 i_n'quatu_or_
2688 5353 2966 5430 antiquis.
3032 5358 3086 5406 In
3124 5369 3240 5406 uno
3305 5371 3443 5408 meo
3506 5345 3783 5430 scriptum
3836 5345 3927 5430 eisi.

531 5421 803 5486 scitatum
832 5437 926 5490 est,
963 5425 1056 5494 qui
1077 5439 1244 5476 unam
1277 5422 1439 5476 habet
1469 5439 1656 5476 omnes
1686 5421 1884 5494 habere
1935 5424 2181 5476 virtutes.

529 5504 669 5556 Vide
712 5498 884 5553 etiam
941 5493 1252 5559 P’aradoxa,
1301 5494 1399 5548 ubi
1460 5495 1648 5548 fusius
1691 5493 1805 5547 ista
1837 5499 2180 5547 tractantur.

531 5575 598 5630 Et
632 5581 823 5626 tamen
855 5568 1006 5623 idem
1045 5568 1101 5620 in
1136 5565 1284 5620 libro
1331 5569 1520 5634 primo
1559 5566 1624 5618 de
1667 5567 1898 5621 Oratore
1947 5565 2184 5634 scripsit

529 5648 832 5718 spinosam
867 5637 1160 5718 etexilem
1193 5639 1514 5718 orationem
1547 5653 1745 5691 eorum
1782 5652 1911 5718 esse
1956 5636 2062 5718 qui
2088 5636 2178 5688 di-

532 5708 674 5776 cunt
705 5713 802 5788 qui
832 5712 1106 5769 virtutem
1138 5708 1351 5766 habeat
1379 5723 1514 5764 eum
1547 5723 1750 5768 omnes
1781 5708 2013 5764 habere.
2031 5708 2170 5780 Sen-

1141 5873 1162 5902 θ

2295 5426 2356 5477 in
2401 5413 2766 5478 consolatione
2805 5413 2956 5494 p'acis
3006 5433 3059 5478 et
3115 5413 3652 5480 communicationis
3703 5413 3924 5475 abscedit.

2296 5495 2501 5634 ΒΑὰἓῗ.
2535 5563 2832 5619 Sustinete.
2893 5565 3081 5620 Codex
3148 5566 3555 5630 Sobornicus,
3614 5560 3926 5634 sustinent?-

2294 5630 2860 5713 Fuxensisnportqte,
2895 5636 2962 5713 Et
2986 5637 3122 5713 haec
3134 5642 3224 5691 est
3259 5637 3450 5695 lectio
3484 5637 3731 5713 vulgate:
3761 5630 3932 5688 editio-

2290 5707 2383 5765 nis
2413 5705 2673 5782 epistolaa
2707 5707 2777 5765 ad
2809 5705 3051 5768 Galatas.
3087 5708 3304 5768 Bawz.
