4102 6180
179 127 185 130 _
213 115 224 128 δ
285 111 378 128 ⁸-ι.·“
429 113 552 130 μ,”,‹

268 319 373 386 813

269 458 601 532 peuitentiee
650 460 886 532 tempus
933 457 1128 529 datur,
1199 461 1254 515 et
1324 461 1728 534 penitentiam
1779 477 1893 515 non
1925 470 1977 530 Α
2082 460 2274 514 Xltlll.
2309 459 2594 515 Dominus
2627 476 2863 533 quoque
2899 458 2954 514 in
3003 460 3305 532 Evangelio
3337 479 3443 518 suo
3476 465 3666 535 pieta-

265 547 438 621 aganti
468 549 510 583 θί
544 549 826 605 Dominus
858 550 1255 605 comminatur
1306 565 1318 604 :
1375 550 1525 606 788
1559 550 1770 616 Habeo,
1809 549 1898 603 in-

267 635 394 707 quit,
422 636 682 692 adversus
723 641 775 693 te
813 638 1009 708 multa,
1044 638 1191 710 quod
1218 654 1451 694 uxorem
1481 648 1631 694 tuam
1659 637 1896 704 Iezabel,

267 750 375 805 qua
413 750 471 789 se
514 733 648 790 dicit
681 734 982 806 prapheten
1028 735 1097 804 99,
1129 737 1269 791 sinis
1318 737 1510 792 docere
1553 740 1604 791 et
1648 735 1902 792 seducere

266 839 425 879 servos
451 839 616 891 meos,
645 825 924 894 fornicari
960 832 1014 880 et
1041 825 1392 881 manducare
1420 826 1484 881 de
1513 827 1802 896 sacriﬁciis
1832 825 1896 892 ’3,

267 927 316 976 et
341 921 456 977 dedi
485 923 574 977 illi
601 925 813 993 tempus
843 925 902 976 ut
919 923 1304 994 paenitentiam
1328 927 1532 994 ageret,
1557 933 1606 979 et
1634 925 1901 995 paenitere

265 1026 367 1066 non
400 1011 516 1066 vult
560 1027 595 1066 a
621 1011 986 1082 fornicatione
1013 1027 1115 1066 sua
1153 1013 1214 1066 in
1241 1015 1553 1068 maximam
1581 1012 1898 1067 tribulatio-

263 1117 394 1168 nem,
425 1101 543 1156 nisi
583 1101 969 1172 paenitentiam
998 1103 1270 1172 gesserint
1319 1102 1364 1136 9‘
1391 1102 1505 1172 (53)
1547 1103 1616 1156 ab
1647 1101 1901 1172 Operibus

263 1197 565 1269 suis(Apoc.
593 1214 654 1264 ιι,
679 1197 770 1266 20,
803 1197 919 1268 22).
950 1199 1106 1264 Quos
1152 1197 1357 1271 utique
1385 1199 1456 1253 ad
1493 1197 1898 1270 penitentiam

263 1287 536 1341 Dominus
589 1303 702 1342 non
735 1286 1084 1355 hortaretur,
1132 1287 1245 1343 nisi
1291 1288 1428 1359 quia
1484 1288 1899 1359 penitentibus

261 1374 678 1445 indulgentiam
712 1374 1034 1447 pollicetur.
1071 1376 1139 1431 Et
1166 1375 1224 1430 in
1249 1375 1551 1447 Evangelio
1586 1394 1598 1432 :
1636 1376 1784 1442 Dico,
1821 1376 1902 1430 in-

261 1464 397 1536 quit,
428 1463 598 1529 vobis,
627 1467 708 1519 sic
755 1466 859 1519 erit
887 1463 1153 1533 gaudium
1184 1464 1294 1536 (5t)
1329 1467 1388 1520 in
1417 1465 1544 1520 caelo
1591 1481 1755 1535 super
1790 1481 1900 1520 uno

256 1566 525 1633 peccatore
553 1561 664 1632 (55)
691 1563 1075 1630 paenitentiam
1103 1567 1298 1632 agente
1328 1578 1492 1632 quam
1536 1578 1700 1632 super
1724 1578 1899 1616 nona-

259 1653 405 1719 ginta
433 1667 620 1707 novem
666 1651 849 1720 iustis,
893 1652 1087 1722 quibus
1129 1668 1243 1707 non
1281 1654 1360 1706 est
1399 1667 1534 1721 Opus
1577 1652 1900 1722 pwnitentia

258 1751 405 1818 (Luc.
423 1765 514 1815 xv,
534 1749 612 1818 7).
638 1748 783 1803 Nam
817 1766 951 1803 cum
983 1747 1269 1819 scriptum
1303 1750 1379 1804 sit
1401 1751 1467 1813 9⁵,
1498 1753 1640 1804 Deus
1667 1759 1899 1804 mortem

254 1854 363 1892 non
387 1839 531 1909 fecit,
563 1853 663 1892 nec
687 1836 995 1892 delectatur
1043 1839 1159 1908 (56)
1207 1839 1268 1892 in
1303 1837 1614 1907 perditione
1655 1839 1901 1893 vivorum
1932 1835 1977 1898 B

257 1928 401 1998 (Sap.
427 1943 461 1996 ι,
487 1927 594 1996 13),
631 1929 832 1996 utique
865 1927 963 1998 qui
1014 1926 1308 1981 neminem
1353 1927 1475 1981 vult
1504 1927 1691 1997 perire
1739 1928 1900 1998 cupit

257 2019 582 2088 peccatores
614 2015 1016 2085 penitentiam
1050 2032 1220 2085 agere
1249 2022 1306 2072 et
1350 2031 1453 2087 per
1498 2015 1898 2087 penitentiam

256 2115 441 2168 denuo
473 2113 544 2168 ad
570 2113 743 2167 vitam
779 2112 1130 2169 redire.[deo
1163 2119 1218 2168 et
1259 2114 1498 2184 perJocl
1552 2113 1897 2184 prophetam

254 2203 465 2257 clamat
493 2206 550 2256 et
595 2201 737 2256 dicit
784 2203 936 2268 (Joel.
990 2218 1052 2266 ιι,
1105 2203 1192 2270 12)
1231 2218 1243 2257 :
1291 2205 1365 2256 Et
1411 2218 1559 2257 nunc
1607 2202 1721 2257 hac
1767 2201 1901 2258 dicit

253 2293 516 2346 Dominus
545 2292 682 2344 Deus
711 2300 886 2345 vester
921 2307 932 2346 :
968 2293 1332 2346 Revertimini
1375 2293 1418 2326 9°
1466 2292 1536 2346 ad
1572 2307 1659 2345 me
1694 2308 1764 2346 ea:
1793 2295 1899 2346 toto

250 2381 404 2435 corde
432 2390 627 2444 vestro,
659 2380 932 2450 simulque
962 2388 1014 2435 et
1041 2381 1258 2451 jejunio
1305 2384 1355 2435 et
1385 2382 1520 2450 ﬂetu
1555 2389 1606 2436 et
1650 2381 1895 2450 planctu,

247 2487 300 2533 et
353 2479 646 2533 discindite
703 2480 745 2512 '7
802 2477 965 2534 corda
1036 2485 1245 2547 vestra,
1301 2489 1352 2534 et
1397 2495 1513 2535 non
1571 2481 1898 2534 vestimenta

251 2576 442 2633 vestra,
494 2576 546 2622 et
595 2569 948 2622 revertimini
984 2567 1055 2622 ad
1099 2569 1396 2623 Dominum
1431 2569 1597 2623 Deum
1637 2573 1894 2635 vestrum,

249 2666 382 2736 quia
407 2666 716 2719 misericors
745 2671 796 2719 et
827 2665 963 2735 pius
998 2669 1080 2718 est
1110 2669 1160 2720 et
1209 2667 1424 2735 patiens
1471 2668 1523 2720 et
1561 2665 1756 2720 multae
1785 2668 1894 2719 mi-

246 2756 568 2817 serationis,
601 2762 652 2808 et
682 2756 778 2824 qui
801 2754 1133 2808 sententiam
1157 2756 1345 2824 ﬂectat
1375 2755 1438 2822 9⁸,
1480 2753 1739 2809 adversus
1770 2771 1897 2808 ma-

247 2843 436 2897 litiam
465 2842 575 2913 (57)
609 2843 910 2910 irrogatam
947 2843 991 2876 ⁹⁹
1020 2843 1177 2913 (Joel.
1226 2859 1288 2906 ιι,
1322 2844 1409 2911 12,
1461 2843 1569 2913 13).
1620 2843 1682 2897 In
1736 2841 1894 2898 Psal-

249 2929 366 2986 mis
398 2930 544 2985 789
577 2932 751 2986 etiam
783 2930 1034 3003 legimus
1065 2947 1370 2987 censuram
1420 2931 1638 3004 pariter
1685 2936 1742 2987 et
1780 2931 1892 2987 cle-

247 3017 530 3074 mentiam
565 3019 663 3075 Dei
696 3018 1111 3075 comminantis
1140 3019 1318 3076 simul
1371 3027 1545 3091 atque
1579 3020 1892 3091 parcentis,

242 3117 544 3189 punientis
577 3121 642 3172 ut
672 3119 940 3186 corrigat,
991 3124 1049 3172 et
1078 3136 1212 3174 cum
1245 3119 1557 3174 correxerit
1587 3136 1894 3174 reservan-

1741 320 2169 388 EPISTOL/E.

3545 331 3665 392 8M

2007 553 2123 603 tem
2185 548 2284 603 Dei
2340 549 2524 604 Putris
2571 550 2885 604 ostendens
2940 550 3068 605 ait:
3108 552 3240 618 Quis
3284 561 3360 607 est
3417 569 3486 607 ea:
3517 555 3671 610 vobis

2008 636 2163 692 homo
2193 654 2352 710 quem
2379 639 2428 692 si
2443 639 2666 709 petierit
2693 640 2848 708 ﬁiius
2869 640 2992 710 ejus
3018 656 3240 710 panem,
3267 640 3510 711 lapidem
3531 658 3659 715 por-

2007 728 2151 796 rigat
2181 728 2272 781 illi
2289 744 2308 787 ;
2340 731 2436 782 aut
2465 729 2516 782 si
2558 728 2768 798 piscem
2812 729 3190 799 postulaverit,
3221 739 3524 802 serpentem
3571 733 3661 788 illi

2007 818 2254 887 porrigat
2282 819 2303 854 ⁹
2337 816 2397 870 Si
2424 833 2560 888 ergo
2593 833 2704 881 vos,
2737 834 2863 871 cum
2895 819 3018 872 sitis
3053 834 3310 890 nequam,
3340 821 3497 875 scitis
3528 820 3668 876 bona

2007 905 2133 960 data
2179 905 2313 959 dare
2363 907 2500 974 ﬁliis
2548 908 2762 974 vestris,
2811 909 3013 978 quanto
3057 909 3237 978 magis
3273 909 3438 964 Pater
3492 919 3668 966 vester

2009 995 2236 1049 celestis
2276 993 2424 1048 dabit
2469 995 2608 1049 bona
2653 995 3000 1065 poscentibus
3054 1000 3068 1029 ι
3125 1011 3249 1050 eum
3303 996 3508 1068 (Matth.
3560 1015 3661 1070 vn,

2007 1082 2043 1134 9
2072 1082 2206 1151 ll)?
2236 1083 2548 1154 Comparat
2590 1083 2682 1138 hic
2715 1083 2996 1138 Dominus
3027 1084 3315 1139 carnalem
3351 1090 3573 1158 patrem
3605 1093 3665 1143 et

2013 1172 2104 1227 Dei
2147 1171 2335 1227 Patris
2367 1176 2642 1227 aeternam
2695 1171 3032 1244 largumque
3083 1173 3379 1244 pietatem,
3413 1175 3568 1247 quod
3605 1175 3655 1230 si

2009 1261 2117 1316 iste
2150 1261 2208 1316 in
2240 1261 2412 1316 terris
2443 1278 2694 1332 nequam
2727 1266 2887 1331 pater
2909 1262 3165 1317 odensus
3196 1263 3448 1334 graviter
3477 1281 3511 1319 a
3542 1262 3662 1319 ﬁlio

2011 1354 2310 1423 peceatore
2345 1357 2402 1404 et
2432 1349 2610 1414 malo,
2642 1350 2688 1404 si
2726 1355 2922 1404 tamen
2964 1349 3234 1406 eumdem
3287 1352 3665 1423 postmodum

2008 1439 2219 1493 viderit
2236 1439 2614 1495 reformatum
2639 1442 2694 1494 et
2716 1439 2999 1510 depositis
3022 1439 3266 1512 prioris’
3285 1441 3413 1495 vite
3432 1440 3661 1498 delictis

2011 1527 2080 1582 ad
2114 1527 2339 1582 sobrios
2371 1532 2426 1582 et
2454 1527 2640 1582 bonos
2684 1545 2873 1583 mores
2907 1532 2963 1582 et
2995 1529 3066 1582 ad
3100 1527 3447 1584 innocentiae
3481 1529 3661 1585 disci-

2010 1616 2228 1689 plinam
2262 1615 2608 1689 penitentie
2643 1615 2838 1672 dolore
2861 1621 3185 1672 correctum
3207 1617 3247 1683 ⁸,
3272 1621 3328 1672 et
3355 1618 3572 1690 gaudet
3592 1622 3651 1675 et

2011 1705 2358 1778 gratulatur,
2417 1709 2472 1760 et
2522 1710 2885 1777 susceptum,
2945 1722 3074 1777 que
3124 1711 3258 1761 ante
3304 1707 3645 1777 projecerat,

2010 1811 2142 1849 cum
2175 1800 2303 1849 voto
2333 1799 2581 1866 paterae
2613 1793 3018 1850 exsultationis
3041 1793 3395 1866 ampletitur,
3421 1799 3647 1867 quanto

2009 1883 2197 1956 magis
2225 1900 2380 1938 unus
2403 1881 2500 1938 ille
2528 1887 2583 1937 et
2602 1899 2774 1938 verus
2798 1883 2966 1938 Pater
2995 1884 3204 1948 bonus,
3231 1882 3658 1951 misericors,et

2010 1973 2162 2044 pius,
2195 1971 2314 2028 imo
2366 1973 2490 2044 ipse
2538 1972 2770 2027 bonitas
2819 1973 2840 2006 ⁴
2886 1973 2999 2042 (60).
3048 1977 3106 2028 et
3155 1972 3554 2029 misericordia
3603 1976 3660 2029 et

2008 2059 2214 2132 pietas,
2246 2060 2474 2115 letatur
2505 2060 2561 2115 in
2597 2061 2934 2132 penitentia
2964 2059 3216 2116 ﬁliorum
3249 2077 3514 2129 suorum,
3550 2078 3655 2118 nec

2003 2151 2122 2218 jam
2144 2150 2560 2222 paenitentibus
2574 2153 2674 2204 aut
2691 2149 3105 2221 plangentibus
3124 2149 3657 2206 etlamentuntibus

2009 2256 2237 2310 penam
2263 2239 2789 2302 comminatur,sed
2814 2238 3039 2294 veniam
3063 2239 3248 2310 magis
3268 2243 3325 2293 et
3347 2237 3655 2310 indulgen-

2009 2328 2151 2382 tiam
2174 2326 2496 2398 pollicetur.
2517 2326 2679 2383 Unde
2700 2326 2985 2382 Dominus
3018 2327 3075 2381 in
3116 2326 3425 2400 Evangelio
3457 2327 3660 2383 beatos

2010 2416 2148 2471 dicit
2178 2416 2517 2489 plangentes
2545 2415 2755 2488 (Matth,
2799 2416 2875 2488 v),
2908 2417 3049 2488 quia
3079 2416 3175 2488 qui
3219 2415 3449 2488 plangit
3482 2417 3659 2472 mise-

2010 2506 2318 2560 ricordiam
2351 2509 2656 2577 provocat;
2692 2505 2791 2576 qui
2842 2505 3105 2577 pervicax
3136 2509 3193 2560 et
3224 2505 3516 2577 superbus
3549 2509 3660 2572 est,

2007 2595 2154 2651 iram
2182 2595 2295 2650 sibi
2327 2599 2385 2650 et
2415 2610 2645 2667 penam
2668 2594 2879 2667 judicii
2906 2595 3194 2651 venientis
3223 2599 3556 2667 exaggerat.
3589 2594 3661 2650 Et

2006 2684 2240 2754 idcirco,
2275 2683 2453 2739 frater
2480 2683 2848 2748 charissima.
2877 2684 3278 2756 penitentiam
3331 2700 3443 2739 non
3477 2699 3663 2754 agen-

2007 2778 2116 2838 tes,
2151 2789 2257 2828 nec
2285 2772 2541 2829 dolorem
2577 2772 2923 2828 delictorum
2957 2789 3200 2828 suorum
3235 2777 3355 2827 toto
3395 2773 3566 2828 corde
3604 2777 3662 2828 et

2009 2862 2319 2917 manifesta
2346 2861 2782 2918 lamentationis
2815 2879 2931 2916 sue
2963 2862 3323 2934 professione
3352 2865 3657 2932 testantes,

2006 2950 2400 3022 prohibendos
2430 2950 2670 3006 omnino
2702 2949 3042 3005 censuimus
3065 2968 3099 3005 a
3123 2966 3228 3021 spe
3258 2949 3655 3006 communica-

2005 3039 2181 3095 tionis
2213 3041 2364 3095 790
2395 3045 2451 3093 et
2483 3039 2664 3111 pacis,
2703 3039 2752 3094 si
2784 3039 2843 3094 in
2875 3038 3213 3094 inﬁrmitate
3254 3045 3428 3110 atque
3459 3039 3516 3093 in
3553 3055 3656 3111 pe-

2006 3129 2187 3182 riculo
2219 3127 2497 3199 ceperint
2538 3128 2835 3199 deprecari
2874 3127 3057 3199 ;quia
3103 3144 3306 3199 rogare
3353 3122 3488 3183 illos
3537 3142 3654 3182 non

242 3209 322 3262 tis
371 3207 503 3279 (68).
555 3206 819 3272 Visitabo,
885 3206 1098 3279 inquit,
1163 3211 1222 3263 in
1280 3210 1437 3278 virga
1482 3208 1593 3280 (59)
1639 3210 1895 3280 facinora
1927 3202 1967 3268 C
2008 3217 2199 3272 delicti
2242 3215 2602 3288 penitentia,
2632 3216 2732 3271 sed
2768 3216 2974 3271 mortis
3021 3217 3285 3287 urgentis
3330 3216 3654 3272 admonitio

235 3312 435 3352 eorum
479 3299 531 3350 et
575 3297 633 3351 in
665 3296 901 3366 ﬂagellis
941 3295 1148 3352 delicta
1195 3313 1407 3352 eorum.
1463 3296 1915 3353 Misericordiam

224 3403 420 3448 autem
456 3409 639 3449 meam
685 3410 794 3448 non
825 3392 1132 3464 dispergam
1156 3395 1224 3449 ab
1271 3397 1348 3449 eis
1396 3396 1572 3463 (Psal.
1635 3411 1910 3470 Lxxxvm,

231 3485 332 3551 33,
370 3482 481 3554 31.).

2023 3305 2450 3378 compellit,nec
2473 3305 2686 3376 dignus
2711 3305 2877 3360 estin
2908 3311 3090 3361 morte
3113 3306 3373 3377 accipere
3395 3304 3672 3361 solatium

2023 3398 2123 3466 qui
2157 3413 2218 3450 se
2249 3413 2360 3449 non
2398 3394 2671 3462 cogitavit
2700 3411 2828 3448 esse
2859 3394 3228 3449 moriturum.

2096 3483 2450 3546 XXIV.Quod
2479 3499 2610 3537 vero
2632 3484 2699 3537 ad
2730 3483 3032 3537 Novatiani
3057 3499 3364 3554 personam
3400 3483 3672 3554 pertinet,

1677 3585 1876 3644 Variae
1909 3585 2233 3646 Lectiones

312 3680 360 3714 ⁹¹
390 3678 514 3752 Non
573 3679 880 3752 agentibus
933 3681 1082 3735 Lam.
1140 3681 1273 3735 Bod.
1333 3682 1385 3735 2.
1437 3681 1604 3735 Ebor.
1681 3681 1727 3714 ⁰²
1776 3681 2215 3752 Prophetissam
2251 3679 2380 3734 Bod.
2422 3681 2474 3743 3,
2519 3679 2836 3752 (Prophetin
2891 3679 3050 3752 Vulg.
3088 3680 3406 3752 Propheten
3440 3681 3576 3736 Bod.
3613 3681 3668 3741 1,

230 3752 299 3806 2.
382 3751 438 3822 7“
469 3751 547 3805 De
579 3749 865 3805 sacriﬁcia
897 3752 1048 3806 Lam.
1075 3753 1236 3806 Ebor.
1269 3754 1333 3807 Ν.
1365 3755 1419 3806 S.
1457 3755 1479 3805 1
1519 3753 1720 3806 Manut.
1801 3753 1844 3787 νδ
1877 3749 2277 3807 Penitentiain
2309 3751 2601 3822 gesserint
2639 3749 2780 3815 'Bod,
2828 3753 2880 3816 l,
2927 3749 3086 3816 2.'3,
3141 3749 3292 3808 Lam.
3328 3751 3503 3806 ltbod.
3539 3752 3664 3822 Ling

238 3823 311 3877 Ν.
362 3821 419 3877 C.
457 3825 508 3876 1.
535 3822 824 3894 ίῐδθοειὶιιι
869 3825 1049 3879 Oxon.
1127 3824 1170 3857 ⁹⁶
1213 3823 1510 3894 Scriptum
1560 3825 1656 3888 sit,
1691 3824 1977 3879 Dominus
2026 3824 2181 3879 Deus
2213 3820 2364 3876 Lam.
2444 3823 2486 3857 ⁹⁶
2515 3825 2796 3877 Dominus
2827 3824 3001 3888 Deus,
3035 3824 3226 3877 venite
3258 3820 3668 3878 convertimini

234 3895 373 3948 Lin.
451 3894 492 3928 ⁵⁷
522 3893 778 3948 Scindite
813 3894 939 3948 Boil.
971 3896 1026 3948 2.
1104 3894 1148 3928 9⁸
1179 3893 1540 3950 Sententiam
1573 3899 1756 3949 vertat
1787 3897 1980 3950 Benev.
2059 3896 2102 3930 ⁹⁹
2131 3894 2226 3950 Sid
2261 3896 2394 3949 Ball.
2429 3899 2480 3948 1.
2516 3895 2666 3948 Lam.
2703 3896 2862 3949 Ebor.
2898 3894 2962 3962 Ν,
2991 3896 3048 3950 C.
3083 3898 3131 3950 1.
3168 3895 3423 3949 Malitias
3452 3893 3670 3964 irroga-

231 3971 338 4020 tas
370 3965 546 4020 Oxon.

647 3964 663 3998 ί
695 3965 1076 4020 Poscentibus
1103 3982 1164 4020 se
1196 3967 1370 4022 Oxon.
1451 3968 1470 4000 ²
1504 3967 1799 4020 Prioribus
1834 3966 1961 4020 Bod.
1995 3967 2048 4020 3.
2128 3967 2246 4020 3Ac
2273 3966 2695 4035 penitentiam,
2726 3983 2792 4020 ac
2825 3966 3022 4021 dolore
3053 3971 3382 4021 correctum
3414 3965 3566 4019 Man.
3645 3965 3667 3999 ’δ

226 4037 398 4108 Ipsa.
435 4035 662 4091 bonitas
695 4036 866 4092 Oxon.
903 4037 1187 4092 Bonitatis
1219 4044 1275 4092 et
1305 4039 1723 4093 misericordiae
1754 4044 1811 4092 et
1844 4038 2075 4109 pietatis
2106 4037 2235 4092 fons
2267 4037 2400 4091 Bod.
2433 4037 2486 4090 3.

1689 4149 2016 4209 Variorum
2053 4152 2238 4206 note.

296 4238 421 4311 (53)
452 4237 744 4308 Gesserint,
801 4243 956 4297 Hanc
999 4241 1306 4299 lectionem
1348 4245 1541 4299 inveni
1585 4245 1642 4300 in
1692 4246 1890 4300 decem

212 4311 542 4387 codicibus
569 4313 851 4387 antiquis.
884 4315 1054 4387 Angli
1107 4317 1379 4371 viderunt
1427 4332 1527 4370 sex
1571 4317 1628 4370 in
1676 4318 1892 4387 quibus

209 4383 414 4438 etiam
448 4382 729 4438 habetur.
751 4385 814 4439 In
846 4382 1064 4456 quique
1087 4405 1216 4442 vero
1247 4387 1380 4442 aliis
1405 4405 1438 4441 a
1462 4405 1554 4442 me
1585 4382 1725 4442 visis
1748 4389 1891 4442 scri-

209 4460 404 4526 ptum
435 4458 529 4529 est
555 4456 789 4529 egerint.
825 4461 958 4521 Quae
989 4463 1078 4513 est
1107 4458 1280 4514 lectio
1330 4459 1573 4529 vulgata:
1617 4459 1893 4514 editionis

206 4523 640 4596 Apocalypsis.
680 4531 891 4581 BALUZ.

293 4596 426 4670 (54)
459 4596 751 4670 Gaudium.
798 4599 985 4653 Codex
1044 4600 1343 4665 l’uxensis,
1387 4601 1652 4670 gaudium
1700 4618 1891 4656 coram

203 4668 454 4742 angelis
483 4669 581 4742 Dei
610 4670 671 4723 in
704 4671 854 4737 caelo,
881 4688 946 4725 ex
966 4670 1340 4740 glossemate,
1360 4668 1422 4726 ut
1444 4672 1887 4742 opiuor.Bsz.

294 4739 423 4809 (55)
474 4739 652 4806 Super
708 4757 814 4796 uno
865 4739 1156 4809 peccatore.
1234 4743 1385 4797 Nihil
1437 4739 1586 4798 volui
1643 4751 1888 4799 mutare.

203 4809 512 4882 quamvis
543 4812 726 4866 sciam
761 4811 1043 4883 plurimos
1073 4815 1326 4885 Optimos
1364 4816 1594 4869 codices
1627 4816 1892 4885 praeferre

200 4897 406 4956 super
436 4897 610 4956 unum
637 4888 999 4952 peccatorem.
1059 4887 1202 4940 Nam
1251 4886 1430 4941 editio
1462 4903 1635 4956 quam
1671 4889 1889 4942 retineo

199 4953 451 5029 pititur
507 4953 682 5029 etiam
717 4957 1059 5012 auctoritate
1093 4953 1769 5029 plurimoruniveternm
1821 4957 1888 5012 li-

195 5024 503 5080 brorum.
533 5025 741 5080 Bsuuz.

226 5165 243 5177 .
287 5094 423 5176 (5(5)
457 5095 784 5177 Delectatur.
820 5096 904 5177 Ita
933 5099 1219 5177 scriptum
1422 5099 1481 5154 in
1539 5098 1768 5177 multis”
1793 5115 1891 5153 an-

187 5167 444 5238 tiquis
477 5167 780 5224 codicibus
827 5175 885 5224 et
935 5170 992 5225 in
1046 5167 1463 5227 vetustioribus
1510 5169 1885 5226 editionibus.

175 5235 525 5313 Quinctius
555 5242 805 5313 mutavit
832 5246 891 5296 et
940 5243 1179 5313 scripsit
1227 5245 1468 5298 laetatur.
1503 5242 1655 5298 Sane
1708 5242 1890 5296 fateor

179 5309 546 5365 lectionem
581 5310 984 5370 Manutiauam
1018 5309 1246 5371 existere
1267 5315 1325 5369 in
1362 5313 1563 5368 multis
1586 5313 1888 5368 codicibus

181 5379 501 5462 antiquis
532 5387 589 5436 et
619 5383 678 5438 in
733 5385 988 5442 editione
1037 5387 1273 5462 vulgata
1317 5402 1494 5441 sacre
1551 5385 1883 5462 Scriptores.

176 5451 336 5508 Sed
388 5451 716 5531 illaesum
769 5473 885 5531 non
933 5475 1063 5514 esse
1111 5451 1460 5531 Cyprianum
1485 5451 1734 5510 constat.
1787 5456 1887 5511 lta-

174 5539 346 5596 que
369 5523 611 5596 praetuli
664 5524 970 5594 lectionem
1007 5523 1262 5585 veter'u'm
1295 5529 1641 5584 editionum.
1679 5531 1882 5583 BALUZ.

273 5595 412 5666 (57)
458 5595 747 5652 Malitiam.
800 5598 893 5653 Sic
940 5601 1238 5657 emendavi
1283 5605 1520 5656 secutus
1570 5601 1885 5655 auctorita-

165 5667 344 5730 tem
375 5669 647 5738 veterum
671 5668 995 5731 editionum
1029 5683 1086 5732 et
1110 5676 1379 5731 undecim
1408 5675 1664 5730 veterum
1696 5686 1888 5730 exem-

2006 4242 2258 4314 plarium
2295 4247 2630 4298 nostrorum
2665 4247 2721 4296 et
2748 4243 2927 4297 trium
2956 4240 3585 4312 Anglicanorum.Nam
3608 4243 3667 4296 et

2003 4321 2197 4369 textus
2231 4315 2551 4384 prophetiae
2607 4315 2726 4368 .Ioel
2762 4314 2938 4369 habet
2963 4315 3300 4384 praestabilis
3348 4328 3508 4384 super
3537 4328 3657 4366 ma-

2006 4387 2154 4441 litia.
2190 4382 2492 4440 Manutius
2529 4386 2718 4456 posuit
2746 4382 3014 4440 malitias.
3039 4386 3148 4440 Sed
3177 4401 3281 4455 ego
3305 4400 3430 4438 eam
3464 4382 3659 4456 lectio-

2008 4473 2140 4537 nem
2177 4474 2292 4511 non
2315 4456 2508 4537 reperi
2532 4455 2655 4511 nisi
2688 4457 2745 4537 in
2768 4457 3039 4537 quinque
3073 4456 3239 4510 libris
3271 4455 3658 4537 veteribusln

1925 4519 1969 4581 D
2007 4529 2325 4583 Veronensi
2360 4519 2664 4598 legebatur
2695 4519 3264 4596 injurias-irrogatas.
3296 4526 3442 4582 Vide
3478 4527 3659 4582 Fron-

2003 4601 2156 4655 tonis
2188 4599 2383 4652 Ducei
2412 4604 2579 4653 notas
2609 4600 2662 4652 in
2696 4598 2970 4653 humilius
2993 4600 3179 4654 sancti
3199 4599 3445 4654 Joannis
3476 4601 3654 4669 (lhry-

2004 4673 2270 4735 sostomi,
2304 4687 2434 4741 pag.
2468 4672 2554 4723 14.
2592 4671 2798 4725 ΒΑιυΖ.

2073 4742 2184 4813 (58)
2219 4739 2578 4797 lteservantis.
2634 4742 2695 4796 lu
2748 4759 2863 4796 uno
2904 4747 3092 4797 vetere
3142 4741 3290 4798 libro
3342 4758 3466 4797 meo
3510 4739 3656 4794 scri-

2001 4820 2167 4885 ptum
2199 4818 2288 4868 est
2317 4831 2442 4868 cum
2481 4816 2790 4885 correxerit
2835 4825 2893 4868 ut
2943 4815 3270 4868 misereatur
3299 4813 3654 4881 reservantis,

2001 4884 2059 4940 in
2088 4885 2421 4941 Divionensi
2448 4891 2506 4939 et
2539 4884 2597 4938 in
2625 4886 2942 4940 recentiore
3001 4885 3342 4956 Remigiano
3391 4885 3653 4938 miseren-

2001 4959 2070 5010 tis
2101 4961 2412 5010 reservatis.
2477 4956 2686 5010 BALUZ.

2072 5031 2182 5107 (59)
2221 5030 2402 5107 Virga.
2436 5029 2624 5107 Codex
2655 5027 3232 5107 GratianOpolitanus
3272 5031 3329 5080 et
3359 5025 3654 5107 Monaste-

2000 5093 2211 5154 riensis
2243 5093 2463 5153 addunt
2515 5102 2718 5169 ferrea.
2746 5099 2902 5153 lnl‘ra
2938 5093 3005 5152 in
3055 5097 3162 5152 hac
3210 5097 3339 5169 ipsa
3384 5093 3652 5166 epistola,

1997 5171 2195 5240 ﬁctilia
2218 5171 2285 5225 ab
2315 5187 2378 5226 eo
2405 5172 2497 5224 cui
2525 5171 2656 5225 data
2685 5178 2761 5225 est
2803 5173 3011 5240 ferrea,
3057 5171 3221 5239 virga
3294 5175 3650 5240 srangentur.

2000 5239 2249 5296 Itutinus
2283 5244 2337 5295 in
2374 5241 2522 5296 Psal.
2559 5259 2597 5295 ιι
2648 5259 2659 5296 :
2711 5244 2872 5309 Virga
2916 5243 3099 5311 ferrea
3130 5240 3408 5310 accipitur
3434 5239 3656 5307 iri/lexi-

2001 5315 2128 5368 bilis
2159 5314 2401 5385 justitia.
2436 5312 2646 5368 BALUZ.

2069 5377 2180 5456 (60)
2211 5387 2465 5439 Bonitas.
2516 5382 2684 5454 Angli
2738 5387 3094 5437 monuerunt
3145 5381 3203 5435 in
3240 5381 3454 5456 codice
3483 5377 3651 5456 ΔΒοάτ

1996 5451 2186 5512 leiano
2240 5460 2523 5526 scriptum
2576 5451 2730 5526 esse,
2759 5456 3020 5510 bonitatis
3060 5458 3113 5509 et
3169 5451 3570 5526 misericordiae
3599 5453 3655 5526 et

1992 5531 2218 5601 pietatis
2243 5523 2384 5601 fons.
2420 5531 2502 5579 Ita
2532 5527 2683 5581 enim
2720 5524 2778 5580 in
2803 5526 3124 5592 Pitheauo,
3145 5525 3256 5581 nisi
3289 5524 3445 5597 quod
3479 5523 3655 5580 deest

1996 5600 2104 5658 Vox
2132 5607 2274 5673 fons.
2308 5600 2381 5655 ΒΑ
2391 5615 2510 5654 LUZ.
