4102 6180
293 311 418 373 8"

1785 312 2218 376 EPISTOLAE.

3598 313 3715 378 818

293 446 551 504 stimans
597 441 710 502 sibi
761 440 906 502 satis
952 459 1081 502 esse
1128 445 1282 519 quod
1341 461 1459 503 non
1515 445 1949 517 sacriﬁcaverit,
1978 452 2032 519 Α
2061 462 2168 503 sua
2197 444 2624 504 asseveratione
2655 444 3035 516 contendunt,
3069 444 3335 503 excusari
3385 445 3709 504 secundum

292 553 493 594 errore
525 537 802 608 deceptus
833 535 910 590 sit
952 536 1015 606 1‘,
1062 535 1157 590 ille
1201 535 1556 593 matrimonii
1598 541 1957 609 expugnator
2065 553 2230 592 suam
2253 553 2449 592 vocem
2476 553 2586 592 non
2611 536 2836 609 possint
2857 535 3286 593 abidololatrim
3307 536 3710 605 crimine,cum

294 624 588 693 ulieni,vel
612 623 860 694 lupanar
879 624 1184 696 ingressus
1210 625 1276 679 ad
1304 625 1559 681 cloacam
1585 630 1642 681 et
1661 640 1951 680 caenosam

299 715 639 787 voraginem
672 713 856 786 vulgi,
887 714 1313 768 sanctificatum
1347 730 1557 782 corpus
1588 717 1645 770 et
1678 714 1772 769 Dei
1804 717 1953 767 tem-

296 805 465 876 plum
497 802 826 859 detestabili
875 801 1192 858 colluvione
1238 803 1556 872 violaverit,
1608 803 1763 858 sicut
1798 805 1950 874 Apo-

291 892 486 948 stolus
518 894 562 927 ¹²
592 891 772 946 dicit:
809 891 976 946 Omne
1014 895 1295 962 peccatum
1343 893 1715 965 quodcunque
1758 893 1952 963 fecerit

292 983 476 1046 homo,
505 989 670 1037 extra
698 996 891 1052 corpus
939 990 1058 1047 est;
1105 983 1202 1053 qui
1248 989 1426 1037 autem
1473 987 1772 1037 maechatur
1811 981 1947 1053 (66),

289 1073 358 1126 in
385 1087 578 1142 corpus
605 1087 771 1126 suum
798 1073 981 1140 peecat
1011 1071 1059 1141 (I
1087 1071 1213 1127 Cor.
1247 1088 1302 1125 vx
1337 1072 1444 1142 18).
1490 1072 1714 1135 Quibus
1750 1075 1946 1126 tamen

285 1165 354 1216 ct
398 1160 542 1232 ipsis
589 1159 930 1230 paenitentia
979 1159 1318 1214 conceditur
1365 1165 1420 1214 et
1469 1159 1826 1214 lamentandi
1881 1179 1946 1217 ac

284 1249 692 1306 satisfaciendi
714 1265 847 1321 spes
869 1249 1226 1320 relinquitur
1247 1250 1569 1304 secundum
1592 1251 1785 1321 ipsum
1799 1252 1945 1322 Apo-

283 1339 512 1396 stolam
563 1338 899 1394 dicentem:
942 1339 1118 1394 Timeo
1164 1354 1234 1393 ne
1279 1339 1424 1411 forte
1472 1341 1691 1394 veniens
1738 1339 1808 1393 ad
1857 1356 1944 1396 vos

283 1430 508 1498 lugeam
538 1429 736 1484 multos
782 1443 854 1483 ea:
899 1429 972 1482 iis
1019 1444 1113 1498 qui
1165 1436 1291 1483 ante
1335 1437 1694 1499 peccaverunt
1739 1431 1789 1482 et
1834 1445 1942 1484 non

277 1526 514 1590 egerunt
538 1518 917 1589 pamitmtiam
953 1516 1018 1572 de
1047 1517 1415 1573 immunditiis
1445 1534 1580 1588 quas
1608 1520 1850 1587 fecerunt
1892 1522 1943 1573 et

281 1607 748 1680 fornicationibus
777 1612 828 1662 et
854 1606 1181 1662 libidinibus
1209 1607 1320 1678 (67)
1342 1607 1389 1679 (Ι
1423 1607 1545 1662 Cor.
1578 1623 1677 1675 xu,
1705 1607 1794 1675 20,
1827 1608 1940 1678 2i).

365 1696 608 1752 XXVIII.
644 1696 758 1751 Nec
790 1695 903 1750 sibi
953 1695 1066 1765 (68)
1097 1696 1154 1750 in
1187 1695 1297 1751 hoc
1328 1695 1457 1750 novi
1489 1696 1745 1752 haeretici
1777 1696 1940 1752 blan-

286 1787 533 1842 diantur
561 1785 716 1856 quod
738 1801 800 1841 se
817 1784 1017 1840 dicant
1047 1783 1371 1841 idololatris
1395 1787 1504 1855 (69)
1523 1803 1636 1841 non
1662 1802 1934 1842 commu-

286 1875 508 1943 nicare,
533 1874 766 1947 quando
789 1874 1079 1946 sintapud
1102 1873 1235 1929 illos
1265 1877 1322 1929 et
1347 1874 1595 1930 adulteri
1626 1883 1680 1930 et
1709 1876 1941 1931 frauda-

284 1970 468 2031 tores,
492 1963 593 2036 qui
625 1966 935 2020 teneantur
962 1961 1304 2018 idololatriae
1335 1962 1940 2030 crimine,secundum

277 2053 633 2126 Apostolum
667 2051 955 2108 dicentem
991 2067 1005 2107 :
1039 2055 1154 2107 Hoc
1182 2055 1329 2106 enim
1359 2053 1545 2107 scitote
1573 2053 1940 2122 intelligenles

274 2146 421 2215 quia
453 2145 630 2198 omnis
655 2144 967 2212 fornicator
1008 2150 1105 2196 aut
1157 2141 1473 2196 immundus
1504 2146 1600 2196 aut
1628 2141 1936 2212 fraudator,

274 2232 421 2303 quod
449 2240 527 2288 est
558 2231 890 2296 idololatria,
913 2246 1020 2286 non
1043 2229 1202 2284 habet
1218 2231 1588 2285 hereditatem
1638 2232 1698 2285 in
1769 2247 1936 2300 regno

276 2322 492 2376 Christi
520 2324 571 2375 et
601 2321 698 2376 Dei
719 2320 931 2391 (Ephes.
965 2336 1020 2386 v,
1049 2319 1126 2389 5).
1160 2320 1227 2374 Et
1256 2320 1466 2374 iterum
1492 2321 1536 2354 ¹³
1569 2335 1581 2372 :
1614 2319 1936 2390 Mortificate

273 2414 468 2483 itaque
488 2410 740 2474 membra
769 2413 951 2463 vestra
982 2423 1106 2480 qua?
1136 2410 1196 2462 in
1226 2417 1375 2463 terra
1410 2418 1561 2476 sunt,
1611 2419 1936 2480 exponentes

267 2502 716 2572 fornicationem,
749 2497 1163 2552 immunditiam
1195 2502 1248 2552 et
1295 2500 1787 2570 concupiscentiam
1813 2517 1932 2555 ma-

275 2589 414 2656 lam,
439 2593 488 2644 et
517 2588 884 2661 cupiditatem,
915 2603 1034 2657 quae
1063 2590 1185 2640 sunt
1207 2586 1481 2642 idolorum
1509 2590 1746 2643 servitus
1775 2606 1932 2661 prop-

269 2683 361 2734 ter
407 2694 532 2751 quae
585 2679 732 2733 venit
780 2679 867 2731 ira
908 2675 1240 2746 Dei(Coloss.
1317 2691 1379 2746 ιι,
1412 2678 1468 2740 5,
1507 2679 1585 2746 6).
1616 2679 1760 2732 Nam
1794 2695 1926 2734 cum

271 2785 522 2839 corpora
554 2771 754 2822 nostra
785 2765 1052 2820 membra
1098 2765 1218 2820 sint
1249 2765 1484 2829 Christi,
1517 2771 1572 2821 et
1603 2767 1816 2834 singuli
1852 2769 1928 2824 si-

273 2875 414 2912 mus
445 2855 722 2928 templum
757 2855 878 2922 Dei,
903 2854 1170 2926 quisquis
1201 2853 1486 2910 adulterio
1518 2855 1800 2928 templum
1831 2858 1926 2910 Dei

265 2945 471 3014 violat,
502 2946 686 3000 Deum
719 2943 934 3009 violat;
966 2947 1023 2999 et
1052 2942 1151 3014 qui
1183 2942 1241 2997 in
1275 2943 1524 3014 peccatis
1556 2944 1927 3000 committen-

260 3035 360 3090 dis
391 3034 750 3089 voluntatem
785 3030 998 3087 diaboli
1026 3032 1180 3104 facit,
1204 3032 1510 3088 daemoniis
1532 3037 1588 3088 et
1611 3033 1780 3089 idolis
1803 3051 1922 3090 ser-

256 3123 364 3179 vit.
395 3124 594 3193 Neque
625 3123 779 3178 cnim
817 3121 970 3176 mala
1019 3122 1171 3176 facta
1203 3122 1272 3176 de
1317 3126 1516 3178 sancto
1568 3123 1782 3194 Spiritu
1826 3142 1924 3179 ve-

2063 630 2291 682 constet
2321 627 2391 681 de
2421 625 2752 697 Apostolica
2783 626 3125 696 probatione
3156 627 3411 682 moechos
3475 631 3529 682 et
3563 627 3716 683 frau-

2063 717 2316 781 datorcs,
2350 714 2565 786 quibus
2596 715 2676 769 illi
2706 715 3163 781 communicant,
3198 715 3534 771 idololatras
3565 732 3714 773 esse.

2062 803 2240 859 Nobis
2279 808 2472 858 autem
2515 805 2839 858 secundum
2887 805 3055 858 fidem
3101 809 3360 859 nostram
3399 809 3455 859 et
3504 805 3709 860 divinae

2059 893 2492 963 praedicationis
2511 893 2707 946 datam
2744 893 2985 946 formam
3020 892 3296 964 competit
3327 893 3472 948 ratio
3502 895 3711 950 verita-

2057 980 2156 1047 tis,
2190 997 2676 1052 unumquemque
2697 981 2752 1035 in
2780 985 3013 1052 peccato
3036 998 3141 1036 suo
3164 982 3358 1053 ipsum
3384 983 3565 1037 teneri
3592 982 3708 1054 (Π)

2057 1086 2161 1125 nec
2192 1086 2362 1141 posse
2393 1069 2642 1124 alterum
2670 1087 2772 1140 pro
2797 1069 2976 1124 altero
3001 1085 3165 1124 reum
3195 1071 3340 1138 ﬁeri,
3364 1071 3706 1127 cumDomi-

2055 1174 2166 1212 nus
2191 1162 2544 1229 prtemonoat
2559 1162 2614 1212 et
2637 1159 2788 1212 dicat
2817 1175 2828 1213 :
2852 1158 3234 1228 Justitiajusti
3250 1175 3414 1230 super
3433 1175 3558 1214 eum
3580 1165 3703 1232 erit,

2051 1251 2104 1302 et
2131 1248 2304 1301 scelus
2330 1249 2584 1302 scelerati
2611 1263 2774 1318 super
2799 1263 2924 1302 eum
2961 1249 3073 1302 erit
3133 1248 3354 1314 (Ezech.
3408 1264 3565 1315 XVIII,
3593 1251 3703 1321 20).

2053 1336 2120 1390 Et
2167 1335 2380 1390 iterum
2416 1353 2429 1389 :
2463 1335 2583 1391 Non
2631 1339 2938 1392 morientur
2983 1345 3161 1408 patres
3187 1353 3286 1408 pro
3322 1336 3486 1408 ﬁliis,
3519 1347 3570 1393 et
3599 1338 3711 1408 ﬁlii

2050 1440 2159 1479 non
2190 1427 2494 1480 morientur
2521 1441 2618 1496 pro
2673 1427 2950 1497 patribus.
2987 1427 3369 1497 Unusquisque
3397 1428 3453 1481 in
3485 1437 3703 1498 peccato

2049 1531 2146 1569 suo
2177 1517 2444 1570 morietur
2475 1515 2649 1583 (Deut.
2684 1532 2836 1582 xxrv,
2858 1516 2966 1586 16).
3000 1515 3160 1579 Quod
3194 1515 3448 1587 legentes
3478 1516 3705 1572 scilicet

2049 1605 2107 1656 et
2136 1606 2399 1658 tenentes
2430 1603 2724 1657 neminem
2758 1608 3035 1674 putamus
3066 1620 3100 1658 a
3129 1603 3317 1658 fructu
3351 1605 3702 1660 satisfactio-

2050 1691 2143 1747 nis
2192 1696 2249 1746 et
2306 1708 2409 1764 spe
2455 1692 2616 1763 pacis
2667 1693 3006 1756 arcendum,
3047 1709 3180 1747 cum
3229 1692 3486 1748 sciamus
3530 1693 3703 1764 juxta

2053 1780 2492 1852 Scripturarum
2525 1780 2856 1835 divinarnm
2906 1781 3102 1849 fidem,
3135 1785 3371 1837 auctore
3402 1786 3458 1836 et
3503 1782 3700 1838 horta-

2049 1873 2174 1925 tore
2205 1870 2332 1942 ipso
2369 1873 2563 1940 Deo,et
2594 1870 2663 1926 ad
2727 1871 3014 1942 agendam
3051 1868 3452 1942 pmnitentiam
3494 1887 3696 1943 pecca-

2047 1963 2203 2015 tores
2235 1959 2440 2031 redigi,
2474 1964 2532 2014 et
2559 1959 2786 2014 veniam
2839 1963 3015 2031 atque
3047 1959 3474 2032 indulgentiam
3515 1960 3700 2030 ι)ωοὶ-

2047 2049 2306 2104 tentibus
2337 2065 2454 2103 non
2485 2048 2783 2120 denegari.

2115 2137 2359 2192 XXVIII.
2391 2140 2577 2209 Atque
2606 2155 2640 2192 ο
2669 2138 3014 2193 frustrandze
3049 2137 3425 2194 fraternitatis
3459 2137 3649 2194 irrisio
3685 2142 3698 2198 ε

2044 2245 2076 2282 o
2099 2226 2446 2283 miserorum
2470 2227 2917 2283 lamentantium
2934 2228 3114 2298 (92)et
3135 2227 3456 2282 amentium
3480 2228 3699 2283 caduca

2043 2316 2339 2388 deceptiol
2373 2334 2404 2372 ο
2435 2317 2718 2372 haereticm
2749 2316 3142 2371 institutionis
3174 2316 3442 2372 inefficax
3472 2320 3530 2372 et
3548 2333 3699 2374 vana

2041 2407 2317 2461 traditio!
2352 2406 2571 2462 hortari
2605 2407 2675 2460 ad
2711 2405 3130 2461 satisfactionis
3156 2406 3617 2477 "paenitentiam
3643 2409 3699 2462 et

2042 2495 2394 2550 subtrahere
2425 2495 2494 2550 de
2529 2495 2924 2551 satisfactione
2956 2495 3330 2563 medicinam,
3362 2495 3551 2551 dicere
3584 2497 3700 2552 fra-

2041 2585 2234 2639 tribus
2267 2584 2483 2640 nostris
2511 2603 2523 2651 ;
2560 2608 2586 2636 «
2617 2584 2832 2655 Plange
2863 2593 2920 2638 et
2947 2583 3236 2657 lacrymas
3261 2586 3458 2650 funde,
3491 2590 3548 2641 et
3579 2585 3698 2641 die-

2040 2674 2151 2729 bus
2202 2690 2267 2728 ac
2316 2673 2588 2728 noctibus
2640 2673 2974 2744 ingemisce,
3026 2677 3084 2728 et
3133 2690 3235 2745 pro
3294 2673 3586 2730 abluendo
3635 2681 3694 2731 et

2041 2763 2346 2834 purgando
2379 2762 2588 2816 delicto
2631 2766 2730 2816 tuo
2775 2761 3016 2833 largiter
3063 2767 3119 2816 et
3171 2762 3501 2834 frequenter
3556 2781 3696 2834 ope-

2041 2870 2168 2907 rare
2225 2854 2360 2922 (73),
2412 2853 2511 2908 sed
2563 2857 2724 2906 extra
2792 2851 3106 2906 Ecclesium
3158 2857 3291 2924 post
3338 2854 3533 2908 omnia
3581 2854 3694 2910 ista

2039 2942 2306 2996 morieris
2347 2960 2359 3009 ;
2411 2957 2769 3012 quacunque
2791 2941 2861 2996 ad
2912 2956 3114 3012 pacem
3163 2941 3454 3013 pertinent
3485 2943 3684 3007 facies,

2037 3033 2136 3086 sed
2172 3029 2392 3086 nullam
2429 3047 2650 3102 pacem,
2681 3047 2855 3101 quam
2887 3029 3120 3102 quwris,
3155 3029 3476 3102 accipies“.
3504 3054 3529 3080 »
3553 3033 3693 3098 Quis

2036 3139 2150 3176 non
2185 3120 2380 3175 statim
2401 3125 2615 3192 pereat,
2643 3120 2775 3192 quis
2807 3137 2921 3174 non
2947 3121 3074 3192 ipsa
3094 3120 3501 3191 desperatione
3532 3123 3573 3157 ¹⁶
3589 3122 3688 3178 de-

255 3213 455 3279 niunt,
487 3213 585 3266 sed
619 3211 688 3266 de
721 3211 1033 3267 adversarii
1078 3210 1360 3266 instinctu
1411 3216 1468 3267 et
1497 3212 1566 3268 de
1606 3212 1913 3270 immundo
1945 3199 1986 3264 C
2029 3210 2202 3279 finiat,
2236 3209 2370 3280 quis
2402 3227 2514 3264 non
2550 3209 2812 3264 animum
2863 3226 3037 3264 suum
3071 3225 3104 3263 a
3145 3209 3439 3280 proposito
3470 3209 3691 3266 lamen‘

253 3301 471 3374 spiritu
505 3304 652 3356 natea
684 3300 1163 3372 concupiscentiae
1196 3306 1396 3356 contra
1427 3301 1609 3356 Deum
1647 3302 1830 3358 facere
1860 3308 1917 3360 et

253 3389 491 3446 diabolo
518 3389 730 3444 servire
761 3389 1139 3461 compellunt.
1179 3391 1262 3445 Ita
1294 3391 1356 3444 fit
1386 3395 1449 3446 ut
1480 3391 1529 3446 si
1573 3398 1804 3462 peccato
1831 3393 1911 3448 al-

253 3479 443 3534 terius
474 3477 770 3550 inquinari
804 3478 1053 3533 alterum
1088 3479 1198 3551 (70)
1229 3479 1432 3535 dicunt
1460 3485 1516 3536 et
1550 3483 1699 3537 793
1729 3482 1910 3538 idolo-

250 3566 490 3623 Iatriam
519 3565 916 3638 delinquentis
946 3568 1016 3623 ad
1050 3584 1166 3623 non
1197 3567 1633 3640 delinquentem
1661 3572 1913 3627 transire

2026 3299 2264 3354 tationis
2299 3299 2563 3354 avertat?
2593 3299 2828 3370 Operari
2860 3302 2923 3353 tu
2973 3299 3124 3353 794
3182 3303 3353 3369 putas
3396 3299 3714 3356 rusticum.

2025 3407 2215 3462 posse,
2240 3390 2286 3445 si
2321 3389 2536 3445 dixeris
2569 3406 2580 3442 :
2616 3413 2638 3437 ‹ι
2677 3391 2890 3460 Agrum
2928 3388 3135 3460 peritia
3151 3388 3308 3444 omni
3340 3389 3685 3446 rusticitatis

2025 3499 2244 3546 exerce,
2269 3480 2509 3536 calturis
2543 3479 2852 3552 diligenter
2875 3481 3115 3536 insiste:
3142 3481 3242 3536 sed
3275 3479 3498 3535 nullam
3531 3497 3681 3536 mes-

2024 3590 2146 3628 sem
2169 3570 2599 3639 metes,nullam
2624 3571 2977 3626 vindemiam
3002 3569 3454 3643 premes,nullos
3480 3570 3672 3628 oliveti

1677 3687 1879 3748 Varia:
1925 3690 2243 3750 Lectiones

327 3790 365 3826 “
399 3791 608 3865 Errore
634 3789 933 3865 deceptus,
967 3788 1062 3865 ille
1085 3792 1251 3865 _Lam.
1284 3791 1442 3865 E‘bor.
1477 3792 1541 3847 Ν.
1577 3792 1634 3847 Ο.
1671 3794 1720 3848 1.
1799 3796 1840 3830 ²¹
1877 3795 2210 3850 Secundum
2247 3794 2588 3865 Apostolum
2624 3799 2776 3850 Lam.
2809 3795 2970 3850 Ebor.
3025 3796 3088 3850 N.
3144 3794 3200 3848 C.
3245 3795 3295 3848 1.
3376 3796 3421 3830 ¹³
3453 3794 3520 3848 Et
3571 3796 3670 3849 ite-

249 3878 385 3916 rum
417 3861 555 3916 dicit
583 3862 736 3917 l,am.
766 3861 934 3916 IE‘bor.
967 3863 1032 3918 Ν.
1068 3862 1124 3916 C.
1164 3864 1212 3929 1,

247 3935 303 3990 1.
387 3938 431 3972 ιθ
455 3935 588 4004 Ipsa
612 3932 810 3989 statim
845 3933 1252 4005 desperatione
1284 3936 1440 3990 Lam.
1474 3937 1632 3992 Ebor.
1668 3939 1730 3992 Ν.
1765 3940 1822 3994 6.
1858 3939 1882 3992 1

1295 3863 1338 3898 ¹³
1370 3865 1598 3919 Ilortari
1633 3867 1702 3919 ad
1737 3867 2196 3923 satisfactionem
2232 3863 2361 3922 Bo‘d.
2421 3869 2472 3923 3.
2511 3868 2733 3934 Quaeris
2774 3867 3034 3922 invenies
3072 3868 3227 3922 Lam.
3272 3865 3442 3921 Ebor.
3496 3865 3561 3922 Ν.
3597 3868 3666 3921 0.

1696 4055 2026 4116 Variorum
2059 4061 2248 4115 notae.

327 4156 438 4227 (66)
471 4156 588 4226 Qui
615 4155 1152 4230 machatur._Multa
1174 4158 1244 4212 de
1273 4157 1384 4213 hoc
1415 4166 1765 4230 argumento
1797 4161 1910 4216 dici

248 4234 516 4301 possent,
546 4228 761 4298 quibus
813 4228 1099 4283 abstineo.
1151 4230 1258 4284 Sed
1304 4228 1510 4286 tamen
1546 4232 1690 4288 illud
1743 4233 1912 4289 silere

253 4317 372 4376 non
431 4315 672 4376 possum
731 4301 885 4376 quod
945 4301 1064 4356 scio
1095 4303 1553 4376 emendandum
1597 4321 1724 4360 esse
1755 4307 1907 4376 apud

253 4371 745 4448 Commodianum
781 4372 1049 4448 instruct.
1085 4373 1150 4425 10
1184 4377 1254 4448 et
1283 4375 1570 4444 sequenti,
1605 4377 1702 4430 ubi
1746 4371 1912 4448 repo-

253 4444 529 4519 nendum
560 4445 915 4519 estinwchus
945 4448 1013 4519 e_t_
1036 4444 1268 4519 mrecliia
1300 4462 1402 4519 pro
1433 4462 1500 4502 eo
1533 4450 1687 4517 quod
1718 4444 1910 4519 Rigal-

257 4517 384 4590 tius
417 4515 613 4590 posuit
641 4515 820 4590 Maius
863 4520 920 4570 et
946 4516 1124 4590 Aleia.
1160 4516 1259 4590 Sic;
1303 4517 1475 4572 etiam
1509 4515 1910 4590 reponendum

252 4589 315 4642 in
348 4586 730 4660 instructions
766 4588 849 4654 12,
896 4586 1003 4660 ubi
1049 4587 1339 4660 Rigaltius
1389 4586 1589 4660 posuit
1630 4593 1809 4647 Maria
1856 4597 1912 4647 et

255 4675 365 4787 ἕω
396 4658 620 4712 moecha.
665 4659 780 4730 Ego
813 4659 969 4712 enim
993 4659 1170 4715 altero
1202 4658 1481 4717 lectiones
1505 4662 1638 4717 libri
1671 4663 1903 4720 veteris.

307 4746 468 4784 ALUZ.

307 4746 468 4784 ALUZ.

330 4802 442 4871 (67)
472 4799 838 4871 Libidinibus.
881 4801 1070 4856 Codex
1120 4802 1402 4858 Fuxcnsis
1450 4807 1910 4871 turpitudinibus.

253 4874 324 4929 In
356 4870 605 4942 epistola
632 4873 704 4944 ad
735 4874 1010 4928 Donatum
1041 4890 1172 4944 pag.
1205 4873 1259 4927 4.
1296 4875 1424 4928 Tum
1454 4870 1690 4934 delectat
1720 4880 1774 4932 in
1807 4895 1912 4933 mi-

257 4945 372 5021 ηις.
405 4943 804 5021 turpitudinem
846 4943 1500 5021 plagisterio_Silvianus
1533 4947 1633 5004 lib.
1683 4967 1759 5015 γι,
1792 4967 1911 5021 cap.

262 5017 322 5086 8,
347 5016 470 5088 loca
500 5017 551 5069 et
581 5016 894 5088 habitacula
927 5017 1354 5088 turpitudinum.
1388 5020 1592 5074 BALUZ.

335 5086 743 5163 (68)_Nec_sibi.
764 5087 913 5163 Citat
947 5086 1100 5143 hunc
1126 5089 1316 5163 locum
1342 5091 1399 5145 S.
1425 5091 1791 5163 Augustinus
1815 5093 1914 5147 lib.

261 5175 334 5234 iv
352 5159 419 5214 de
451 5158 724 5234 Baptismo
755 5159 1010 5234 adversus
1038 5162 1374 5234 Donatistas,
1398 5158 1545 5233 cap:
1559 5165 1624 5231 5;
1659 5165 1919 5234 Itemque

265 5230 630 5307 Bincmai'us
669 5231 726 5286 in
767 5232 1050 5304 opusculo
1095 5249 1158 5286 LV
1209 5230 1767 5307 Capitulormncap.
1823 5230 1917 5303 '47,

269 5318 416 5375 pag.
439 5303 564 5375 663.
599 5303 803 5358 BALUZ.

339 5373 452 5442 (69)
485 5375 817 5431 ldololatris.
839 5374 1205 5430 Omneslibri
1237 5383 1460 5431 veteres
1489 5381 1545 5432 et
1573 5378 1924 5433 vetustiores

268 5443 558 5520 editiones
589 5451 656 5520 et
678 5447 770 5502 hic
800 5447 972 5520 paulo
1001 5451 1131 5520 post
1158 5447 1368 5502 habent
1394 5449 1673 5520 scriptum
1703 5450 1925 5504 idolola-

270 5517 381 5594 tris
410 5520 472 5594 et
491 5517 865 5594 idololatrige;
899 5517 1044 5594 nihil
1077 5524 1272 5574 tamen
1300 5517 1527 5594 mutare
1542 5522 1926 5594 volui,quam-

266 5589 358 5665 vis
391 5590 572 5645 sciam
602 5589 686 5644 ita
715 5591 888 5663 vulgo
906 5591 1200 5665 scriptum
1231 5608 1358 5647 esse
1389 5592 1446 5646 in
1479 5589 1926 5665 antiquis'codi-

273 5661 444 5717 cibus
493 5665 752 5719 veterum
804 5661 1158 5737 scriptorum
1188 5662 1527 5735 latinorum,
1561 5661 1638 5721 et‘
1661 5666 1929 5738 quamvis

2020 4160 2351 4232 exemplum
2383 4161 2465 4216 ita
2495 4161 2784 4216 scribendi
2818 4159 3064 4232 habeam
3090 4158 3319 4232 Antonii
3352 4159 3422 4232 de
3450 4158 3670 4232 Albone

2021 4229 2441 4304 archiepiscopi
2496 4230 3167 4304 Lugdunensis,_qui_ita
3188 4229 3432 4304 scripsit
3459 4231 3516 4284 in
3549 4231 3669 4304 edi-

2021 4305 2178 4360 tione
2209 4301 2316 4360 sua
2346 4301 2901 4360 commentariorum
2938 4302 3153 4356 Ruffini
3184 4302 3242 4355 in
3270 4301 3671 4357 Psalmos.Ha-

2021 4377 2248 4432 benrlus
2279 4392 2406 4431 esse
2439 4376 2743 4431 videbatur
2772 4375 2955 4428 honos
2985 4373 3463 4444 antiquitati.Sed
3497 4375 3669 4429 etiam

2024 4449 2505 4504 satisfaciendum
2550 4453 2673 4502 erat
2719 4445 2984 4500 delicatis
3022 4445 3274 4516 ingeniis
3322 4446 3425 4500 aevi
3459 4447 3667 4502 nostri.

2025 4521 2524 4662 Βλίῆῐδῗιηίμηῇανί
2553 4591 2815 4662 alterum.
2851 4587 3389 4662 Codex_Ft1xensis,
3439 4590 3674 4644 alterum

2020 4657 2317 4733 inquinari
2338 4661 2548 4716 dicunt.
2579 4660 2640 4714 In
2668 4660 2984 4716 Sorbonico
3016 4657 3066 4714 ei
3095 4659 3154 4714 in
3189 4676 3302 4714 uno
3337 4675 3483 4729 meo,
3507 4677 3671 4717 excu-

2021 4752 2136 4790 sari
2165 4735 2395 4788 alterum
2426 4734 2636 4788 dicunt.
2670 4733 2876 4787 BALUZ.

2095 4806 2206 4874 (7t)
2242 4807 2420 4874 Ipsum
2451 4805 2642 4858 teneri.
2699 4800 2928 4858 Prwtuli
2981 4801 3132 4856 hanc
3172 4801 3502 4874 lectionem,
3537 4804 3677 4874 quia

2026 4872 2406 4932 illam—inveni
2442 4876 2500 4930 in
2544 4893 2618 4930 xv
2659 4875 2824 4930 libris
2871 4873 3182 4929 veteribus.
3233 4872 3460 4943 Alioqui
3517 4872 3674 4928 enim

2026 4948 2191 5004 facile
2223 4953 2546 5002 mutassem
2580 4952 2644 5001 ut
2673 4963 2801 5002 eam
2850 4961 3175 5000 revocarem
3224 4961 3347 5014 quae
3394 4950 3582 5000 exstat
3617 4948 3674 4999 in

1973 5025 1976 5028 ’
2028 5019 2288 5090 antiquis
2319 5019 2695 5089 editionibus,
2730 5018 2826 5073 ubi
2859 5017 3074 5090 legitur
3113 5032 3265 5071 reum
3298 5017 3495 5070 teneri.
3528 5016 3674 5090 Nam

2027 5087 2418 5173 eam-quoque
2439 5087 2759 5173 lectionem
2794 5087 2980 5162 reperi
3010 5089 3067 5142 in
3101 5093 3354 5159 quatuor
3384 5087 3675 5159 exempla-

2030 5165 2192 5219 ribus
2227 5163 2504 5234 antiquis.
2541 5164 2741 5218 BALUZ.

2103 5235 2215 5306 (72)
2277 5229 2736 5290 Lamentantium.
2802 5238 2918 5287 Duo
2988 5229 3122 5284 libri
3181 5234 3403 5285 veteres
3464 5229 3682 5286 habent

2031 5309 2336 5362 amentium
2358 5311 2609 5361 tantum.
2647 5308 2851 5360 BALUZ.

2105 5379 2216 5448 (73)
2251 5384 2583 5448 Frequenter
2611 5393 2861 5444 operare.
2913 5373 2974 5428 Id
3027 5376 3134 5439 est,
3186 5377 3263 5448 ut
3290 5373 3684 5448 ego__quidem

2037 5443 2307 5516 arbitror,
2340 5443 2668 5518 frequenter
2697 5449 3147 5518 eleemosynam.
3199 5443 3343 5518 Vide
3377 5443 3588 5500 librum
3624 5446 3688 5499 de

2038 5523 2205 5590 Opere
2233 5515 2707 5590 et’li‘leeinosynis,
2763 5515 3219 5590 Commodianus
3271 5515 3539 5590 instruct.
3571 5519 3642 5590 55
3673 5534 3687 5572 :

2039 5588 2153 5648 Non.
2181 5609 2346 5664 Opera
2389 5588 2592 5660 facitis,
2627 5592 2683 5644 id
2731 5596 2817 5646 est
2864 5589 3281 5660 eleemosynas.
3316 5589 3465 5646 Vide
3517 5588 3692 5644 etiam

2041 5663 2311 5720 instruct.
2343 5663 2432 5718 69.
2467 5664 2674 5720 BALUZ.
