4102 6180
295 295 408 357 821

297 499 356 556 S.
393 501 637 558 Cornelii
655 501 1098 573 celebratorum.)

819 652 966 691 ANNO
1003 651 1222 690 CHRISTI
1262 652 1406 691 CCLII
1417 678 1427 690 .

866 793 1217 849 EPISTOLA
1255 795 1370 850 XII.

473 935 524 974 Β.
567 934 830 974 CYPRIANI
867 934 1352 974 CABTHAGINENSIS
1391 936 1648 976 EPISCOPI
1693 938 1765 974 AD

769 1007 832 1066 IS.
877 1006 1200 1045 CORNELIUM
1245 1009 1460 1046 PAPAM.

278 1122 506 1183 (Erasm.
533 1125 578 1178 l,
609 1124 668 1182 3;
701 1121 894 1185 Pamel.
917 1123 1102 1185 Rigalt.
1132 1123 1326 1178 Baluz.,
1361 1137 1423 1170 ιν
1447 1137 1458 1170 :
1486 1123 1638 1171 Paris
1657 1136 1755 1172 Liv.
1789 1124 1949 1185 Lips.,

281 1186 480 1243 Oxon.,
531 1198 650 1245 Lix;
703 1184 1224 1309 Constant.’|.36§(;l.
1277 1187 1399 1246 172;
1452 1185 1713 1245 Galland.,
1775 1184 1862 1249 m,’
1896 1201 1948 1249 p.

289 1372 444 1428 196
485 1387 557 1426 ne
593 1387 831 1434 QUINQUE
871 1387 1250 1426 PRESBYTEBIS
1289 1387 1354 1428 ET
1405 1386 1736 1427 FORTUNATO
1775 1389 1946 1427 pssu-

932 1459 1305 1499 DOBPISCOPO.

275 1587 359 1641 De
385 1585 599 1657 duplici
629 1584 872 1639 Cornelii
906 1583 1160 1656 epistola,
1212 1586 1396 1657 prima
1423 1601 1530 1656 qua
1551 1585 1947 1641 Felicissimum

354 1661 407 1712 et
437 1672 527 1713 eos
553 1658 650 1728 qui
696 1672 821 1710 cum
849 1658 970 1723 ipso
1019 1665 1281 1711 venerant
1329 1659 1574 1728 repulsos
1620 1660 1944 1718 nuntiavit;

356 1728 558 1795 altera,
590 1744 699 1798 qua
728 1743 786 1782 se
809 1729 982 1783 minis
1001 1729 1314 1783 earumdem
1331 1737 1540 1783 motum
1570 1729 1782 1783 litteras
1809 1745 1945 1798 quas

359 1800 662 1854 attulerant
694 1800 968 1870 accepisse
995 1800 1364 1869 signiﬁcabat.
1411 1802 1746 1870 Episcopum
1774 1801 1949 1856 malo-
1980 1806 2029 1870 B

356 1888 485 1927 rum
535 1878 690 1926 metu
736 1870 805 1942 ab
856 1871 1223 1926 ecclesiastica
1271 1870 1571 1942 disciplina
1612 1871 1816 1926 tuenda
1853 1872 1950 1927 de-

274 1944 500 2011 terreri
525 1958 636 1998 non
682 1941 902 1998 debere.
961 1943 1094 1997 Tum
1143 1941 1455 2015 Cyprianus
1496 1957 1608 1998 sese
1654 1944 1956 2014 legitimum

1787 295 2210 358 EPISTOLE.

279 427 441 502 ier
495 427 615 502 acta
690 427 1059 502 conciliorum
1133 425 1656 500 Carthaginensium
1723 436 1959 502 tempore
1983 433 2030 499 Α

3608 301 3724 364 822

2137 429 2467 502 episcopum,
2501 428 2861 506 Fortunatam
2911 447 3030 489 vero
3075 448 3108 489 a
3137 447 3374 506 qumque
3422 433 3690 506 episcopis

2137 518 2365 579 quorum
2413 509 2531 579 tres
2580 503 2844 579 damnati,
2897 503 3237 575 quartus—ab
3284 503 3532 579 episcﬁpo
3562 503 3720 562 dam-

2129 583 2278 648 nato,
2309 576 2369 648 in
2411 575 2606 629 haeresi
2645 576 2956 642 ordinatus,
3004 575 3322 647 postremus
3363 580 3419 634 in
3461 575 3718 648 persecu-

2137 647 2282 700 tione
2315 646 2499 717 lapsus
2527 650 2729 716 fuerat,
2763 665 2828 702 ac
2852 646 3049 718 paucis
3077 650 3184 703 sibi
3223 650 3365 704 male
3391 646 3627 706 consciis
3657 653 3720 704 in

2132 718 2437 787 episcopum
2484 722 2795 785 cooptatum
2840 734 2951 773 esse
2997 727 3241 774 enarrat.
3294 722 3440 776 Hinc
3481 722 3714 776 assecla-

2134 805 2256 842 rum
2291 789 2576 863 Fortunati
2620 791 2768 843 circa
2799 790 2974 859 lapsos
3026 805 3151 863 quae
3197 790 3438 846 doctrina
3482 793 3573 861 sit,
3607 809 3713 863 quo

2131 864 2286 928 pacto
2316 875 2439 933 cum
2479 861 2551 914 iis
2597 863 3004 933 communicare
3030 861 3156 916 non
3201 863 3475 931 desinant,
3507 880 3572 917 ac
3598 861 3716 933 paev

2132 932 2390 1006 nitentia?
2445 931 2668 1006 agendae
2736 933 3092 1006 intercedant,
3151 935 3418 1003 graphice
3472 931 3713 1006 exponit.

2130 1003 2358 1074 Frustra
2385 1018 2471 1057 eos
2503 1004 2751 1067 Romam,
2782 1009 2846 1057 ut
2891 1005 3341 1074 pseudoepiscopi
3387 1022 3420 1058 a
3451 1021 3510 1059 se
3536 1003 3719 1061 creati

2129 1073 2603 1144 conﬁrmationem
2644 1078 2850 1144 petant,
2881 1073 3222 1142 Contendere,
3258 1077 3336 1129 lbi
3367 1093 3585 1131 causam
3614 1095 3715 1132 au-

2131 1143 2383 1216 diendam
2417 1160 2531 1199 esse
2561 1143 2856 1216 decernunt
2889 1146 3026 1216 Afri,
3052 1147 3150 1200 ubi
3178 1149 3384 1201 crimen
3413 1148 3718 1203 admissum

2129 1223 2226 1290 est.
2258 1215 2474 1290 Quanta
2498 1215 2781 1290 [acilitate
2823 1217 3265 1290 ac_benignitate
3309 1219 3581 1290 suscipiat
3612 1221 3716 1290 Cy-

2127 1288 2361 1356 prianus
2389 1287 2458 1342 ad
2485 1287 2785 1342 Ecclesiam
2815 1287 3118 1344 redeuntes.

2129 1410 2170 1465 Ῑ.
2209 1410 2342 1483 Legi
2377 1410 2602 1467 litteras
2635 1414 2787 1480 tuas,
2823 1412 3003 1468 frater
3033 1412 3403 1484 charissima,
3438 1430 3585 1486 quas
3619 1433 3720 1486 per

2060 1499 2204 1554 797
2242 1500 2512 1572 Satyrum
2549 1500 2780 1556 fratrem
2808 1505 3075 1556 nostrum
3105 1502 3440 1575 acolythum
3462 1505 3574 1575 (78)
3600 1504 3713 1559 mi-

2056 1587 2208 1656 sisti,
2240 1591 2295 1643 et
2326 1586 2652 1643 dilectionis
2687 1589 2971 1658 fraternae,
3007 1593 3062 1644 et
3098 1590 3502 1646 ecclesiasticae
3536 1590 3712 1648 disci-

2053 1676 2245 1748 plina,
2271 1681 2328 1732 et
2351 1677 2727 1733 sacerdotalis
2750 1694 3008 1733 censurae
3065 1678 3210 1733 satis
3234 1679 3456 1750 plenas,
3494 1680 3712 1752 quibus

2057 1765 2402 1838 signiﬁcasti
2452 1765 2880 1822 Felicissimum
2915 1768 3027 1839 (79)
3050 1767 3275 1823 hostem
3330 1769 3536 1824 Christi
3597 1785 3712 1823 non

2064 1872 2302 1925 novum,
2335 1856 2437 1911 sed
2460 1855 2587 1926 jam
2639 1855 2864 1927 pridem
2907 1857 2978 1912 ob
3029 1855 3275 1912 crimina
3306 1876 3414 1914 sua
3463 1857 3718 1930 plurima

2063 1948 2119 1999 et
2149 1943 2494 2016 gravissima
2525 1943 2861 2000 abstentum
2909 1944 3043 2017 (80),
3074 1949 3132 2001 et
3179 1962 3293 2000 non
3328 1949 3552 2001 tantum
3589 1963 3717 2001 mea

1699 2059 2028 2121 Variorum
2083 2067 2272 2121 notae.

283 2166 368 2221 ris
392 2164 749 2248 jampridem
773 2165 840 2220 de
873 2164 1126 2245 Ecclesia
1148 2165 1427 2248 profugis,
1452 2172 1508 2221 et
1538 2167 1943 2248 episcoporum

285 2237 590 2308 sententia,
639 2252 811 2308 panno
872 2237 1080 2308 priore
1145 2237 1458 2292 damnatis.
1532 2237 1945 2308 Uictitaverant

288 2307 647 2380 schismatici
684 2306 1168 2380 vigintiquinque
1198 2308 1500 2380 episcopos
1523 2310 1592 2365 ad
1617 2309 1766 2364 hanc
1788 2307 1934 2363 ordi-

294 2379 588 2452 nationem
622 2379 1012 2452 peragendam
1042 2379 1352 2452 _venituros,
1385 2379 1482 2436 sed
1527 2381 1786 2452 quinque
1814 2386 1941 2452 tan-

291 2456 420 2506 tum
454 2450 788 2518 adfuerunt,
814 2450 973 2521 iique
999 2450 1266 2520 pluribus
1286 2450 1713 2506 infamiaa‘notis
1737 2451 1940 2506 inusti.

293 2522 389 2578 Sic
419 2522 722 2577 ordinatus
756 2523 1104 2577 Fortunatus
1154 2523 1398 2578 Romam
1449 2524 1606 2578 misit
1653 2524 1940 2578 Felicissi-

289 2610 457 2666 mum
487 2593 864 2666 cumplitteris
895 2593 964 2648 ad
989 2593 1339 2659 Cornelium,
1364 2594 1464 2665 qui
1486 2596 1675 2666 primo
1708 2594 1941 2666 quidem

288 2664 490 2738 rejecit
524 2663 973 2738 Felicissimum,
1007 2669 1070 2738 ut
1100 2682 1204 2738 par
1228 2677 1351 2738 erat
1372 2663 1397 2720 ;“
1420 2663 1520 2720 sed
1553 2663 1754 2738 postea
1781 2665 1942 2720 illius

291 2735 612 2819 mendaciis
643 2741 698 2819 et
723 2735 1007 2819 minisnae
1038 2735 1225 2819 ip‘sius
1248 2736 1423 2819 etiam
1453 2735 1744 2819 Cypriani,
1770 2738 1941 2819 cujus

289 2808 494 2862 littera:
525 2808 786 2862 nondum
821 2807 1052 2878 perlata;
1085 2807 1330 2870 fuerant,
1356 2807 1587 2863 silentio
1615 2813 1943 2863 commotus

290 2881 443 2934 duas
473 2880 544 2933 ad
571 2880 911 2949 episcopum
954 2879 1494 2949 Carthaginiensem
1545 2881 1770 2935 litteras
1800 2880 1940 2934 scri-

286 2951 431 3078 psit,
456 2967 708 3032 quarum
733 2949 789 3004 in
813 2949 1003 3021 prima
1023 2950 1257 3020 pulsum
1283 2968 1316 3006 a
1338 2967 1399 3005 se
1424 2951 1604 3006 fuisse
1635 2951 1944 3006 nuntiabat

333 3021 702 3078 elisstmum:
736 3021 794 3074 in
847 3021 1026 3076 altera
1076 3027 1272 3077 autem
1322 3022 1444 3078 inse
1489 3027 1844 3078 commotum
1879 3038 1940 3077 se

333 3021 702 3088 elissimum;
736 3021 794 3093 in
847 3021 1051 3093 altera
1076 3027 1272 3077 autem
1322 3022 1444 3093 ipse
1489 3027 1844 3078 commotum
1879 3038 1940 3077 se
1972 3025 2013 3093 C,

285 3109 419 3148 esse
451 3097 508 3146 et
539 3092 876 3146 exterritum
903 3091 1294 3164 significabat.
1315 3091 1415 3147 His
1449 3094 1622 3149 rebus
1653 3094 1940 3148 adductus

288 3165 400 3219 fuit
427 3164 748 3235 Cyprianus
792 3169 857 3218 ut
903 3165 1167 3218 Cornelio
1217 3165 1497 3219 scriberet
1543 3166 1694 3219 hanc
1724 3165 1945 3234 episto-

284 3235 407 3290 lam
441 3252 529 3307 ιν,
559 3235 627 3307 in,
645 3251 768 3307 qua
789 3236 1153 3290 demonstrat
1173 3237 1512 3307 episcopum
1537 3236 1758 3292 nullius
1788 3252 1947 3306 pror-

286 3324 393 3362 sus
414 3305 653 3378 periculi
687 3312 842 3378 metu
867 3308 1068 3378 terreri
1090 3305 1298 3378 debere
1323 3323 1334 3362 :
1361 3305 1753 3364 innocentiam
1779 3305 1944 3362 suam

287 3377 573 3435 adversus
623 3377 1131 3433 schismaticorum
1183 3377 1510 3433 calumnias
1559 3385 1794 3435 strenue
1847 3379 1936 3433 de-

288 3449 479 3505 fendit
526 3465 845 3521 eorumque
895 3466 1087 3504 mores
1135 3453 1190 3504 et
1248 3451 1529 3505 nefariam
1589 3450 1945 3520 conjuratio-

289 3537 427 3594 nem
477 3521 705 3594 egregie
743 3521 1047 3594 describit,
1101 3538 1166 3574 ae
1209 3523 1444 3577 tandem
1497 3523 1705 3594 prohat
1744 3539 1843 3576 eos
1873 3522 1941 3574 ad

286 3591 610 3648 Ecclesiam
667 3592 1070 3664 principalem,
1119 3594 1274 3648 unde
1323 3591 1704 3648 sacerdotalis
1753 3593 1948 3648 unitas

288 3668 489 3746 sporta
520 3667 610 3718 est
652 3663 924 3746 navigare
977 3679 1091 3746 non
1141 3665 1437 3746 debuisse,
1493 3681 1628 3746 cum
1661 3669 1945 3746 statutum

291 3736 392 3792 sit.
425 3738 482 3789 et
512 3751 740 3806 mquum
774 3735 851 3789 sit
880 3735 1097 3805 pariter
1139 3739 1194 3789 et
1232 3736 1484 3804 justum,
1521 3742 1584 3792 ut
1622 3752 1800 3792 causa
1828 3735 1948 3789 illic

286 3805 588 3874 audiatur,
615 3805 711 3861 ubi
743 3810 832 3861 est
871 3807 1092 3861 crimen
1142 3806 1492 3862 admissum.
1544 3807 1670 3862 Non
1702 3807 1946 3862 dubium

283 3885 378 3933 est
422 3879 562 3959 quin
611 3877 916 3958 Cornelius
966 3878 1058 3932 his
1112 3877 1325 3934 litteris
1363 3880 1624 4004 acceptis
1669 3895 1836 3946 aequa
1879 3879 1950 3933 de

287 3950 577 4004 Cvnriano
609 3954 878 4004 senserit.
914 3949 1157 4004 neciam
1190 3966 1360 4004 aures
1387 3966 1502 4004 ora:
1548 3950 1697 4004 uerit
1727 3953 1950 4004 imnro-

287 3949 577 4022 Cypriane
609 3949 878 4022 senserit,
914 3949 1157 4020 necjam
1190 3966 1360 4005 aures
1383 3949 1697 4022 praebuerit
1727 3953 1951 4022 impro-

287 4019 392 4076 bis
417 4019 828 4076 schismaticis.
846 4019 1055 4076 Biwz.

359 4091 475 4161 (78)
504 4091 632 4162 Legi
663 4093 878 4148 litteras
923 4100 1044 4147 luas
1084 4091 1267 4157 frater
1313 4090 1658 4157 charissime,
1690 4106 1828 4162 quas
1854 4106 1952 4162 per

287 4161 587 4219 Saturum’
615 4165 847 4233 fratrem
912 4167 1166 4218 nostrum
1240 4163 1580 4233 Acolythum.
1641 4161 1834 4217 Saturi
1891 4161 1950 4216 in

285 4234 565 4290 lectorem
597 4234 852 4289 ordinati
903 4235 969 4288 fit
1015 4250 1194 4304 supra
1245 4234 1460 4289 mentio
1508 4233 1771 4305 Epistula
1799 4251 1948 4301 xxxv,

286 4321 475 4376 quare
505 4322 620 4360 non
669 4307 859 4377 placet
911 4307 1018 4360 hoc
1066 4305 1190 4360 loco
1235 4305 1458 4361 Manut.
1506 4305 1712 4377 lectio:
1749 4306 1950 4360 Satur-

2054 2165 2240 2221 dictos
2271 2165 2506 2221 ordines
2539 2165 2971 2222 Ecclesiasticos
3004 2172 3281 2236 tanquam
3317 2173 3583 2223 recentes
3613 2185 3710 2223 ca-

2053 2237 2438 2294 lumniantur.
2457 2238 2628 2293 Porro
2649 2241 2938 2293 rectiusne
2951 2239 3306 2294 inscribatur
3321 2240 3613 2308 acolythus
3630 2258 3702 2295 an

2052 2311 2360 2376 acolulhus,
2389 2309 2604 2364 nescio.
2639 2310 2801 2364 Certe
2829 2327 2939 2364 ms.
2974 2311 3099 2365 cod.
3131 2327 3333 2364 omnes
3365 2318 3420 2364 et
3449 2310 3586 2365 dicti
3615 2329 3704 2366 ve-

2051 2385 2225 2451 teres,
2257 2381 2460 2453 synod.
2497 2397 2728 2452 quoque
2776 2380 3044 2504 Carthag.
3090 2384 3347 2435 Graecum
3383 2381 3700 2453 exemplar.

2053 2453 2227 2504 nriori
2273 2453 2444 2504 modo
2492 2451 2732 2504 legunt:
2787 2452 2961 2504 Idaue
3028 2452 3096 2504 πὸ
3129 2456 3221 2504 τοῦ
3253 2449 3508 2504 κωλύειν.
3544 2455 3697 2504 auod

2053 2449 2227 2524 priori
2273 2449 2444 2506 modo
2492 2449 2692 2522 legunt
2720 2470 2732 2506 :
2787 2452 2961 2522 quue
2991 2449 3096 2504 31:6
3129 2456 3221 2504 τοῦ
3253 2449 3508 2514 κωλύειν,
3544 2449 3698 2524 quod

2051 2531 2143 2606 est
2157 2525 2484 2606 prohibere,
2508 2529 2572 2605 ut
2595 2524 2824 2606 dicatur
2843 2524 3314 2606 nonprohihitus
3336 2525 3433 2577 sed
3468 2525 3698 2606 solutus

2053 2601 2109 2651 et
2132 2594 2299 2662 liber,
2359 2601 2417 2650 et
2472 2595 2564 2649 cui
2613 2597 2736 2664 jam
2797 2594 3042 2649 initiatio
3101 2597 3284 2650 sacris
3341 2612 3402 2649 se
3451 2598 3698 2652 miscere

2052 2667 2244 2732 liccat,
2279 2670 2476 2736 utpote
2520 2666 2618 2737 qui
2668 2666 3070 2737 hypodiacono
3120 2666 3414 2722 urceolum
3447 2685 3696 2723 vacuum

2052 2738 2422 2793 administret
2451 2737 2521 2790 ad
2554 2736 2752 2791 vinum
2778 2736 3295 2809 suppeditandum.
3322 2737 3426 2809 Alii
3458 2739 3558 2809 qui
3579 2757 3698 2795 aco-

2052 2810 2266 2866 luthum
2300 2809 2522 2879 legunt,
2583 2809 3038 2878 interpretantur
3092 2808 3196 2861 απὸ
3224 2811 3320 2860 τοῦ
3352 2808 3698 2877 ἀκολουθεῖν,

2053 2882 2110 2936 id
2143 2887 2232 2936 est
2261 2898 2293 2935 a
2323 2880 2638 2950 sequendo,
2675 2885 2738 2934 ut
2768 2880 2844 2934 sit
2873 2879 3040 2950 quasi
3073 2881 3465 2951 pedissequus
3499 2888 3557 2936 et
3587 2881 3702 2935 mi-

2054 2954 2239 3008 nister
2267 2951 2635 3022 superiorum
2667 2951 2939 3006 ordinum
2971 2956 3190 3005 PAMEL.

2123 3026 2409 3084 Saturum,
2457 3027 2630 3077 antea
2679 3022 2953 3078 lectorem
3006 3023 3390 3077 constitutum
3441 3040 3474 3077 a
3505 3025 3704 3079 sancto

2053 3094 2358 3167 Cypriane.
2389 3093 2532 3167 Vide
2561 3092 2732 3165 epist.
2768 3111 2923 3157 δίκην,
2954 3111 3104 3167 XX_‘.X.
3139 3111 3311 3148 xxxn.
3340 3094 3542 3149 BALUZ.

2125 3164 2468 3237 dcolythum.
2505 3164 2754 3220 Secutus
2783 3182 2914 3219 sum
2936 3164 3234 3237 vulgarem
3269 3165 3559 3220 scribendi
3584 3181 3707 3220 mo-

2054 3237 2218 3302 dum,
2253 3237 2523 3307 quamvis
2555 3238 2735 3291 seiam
2760 3238 3042 3308 scriptum
3066 3253 3193 3291 esse
3224 3239 3281 3290 in
3314 3238 3588 3292 omnibus
3613 3253 3708 3291 an-

2054 3309 2234 3379 tiquis
2286 3308 2718 3380 exemplaribus
2767 3315 2823 3362 et
2869 3308 3225 3380 editionibus
3257 3311 3542 3378 acolytum
3581 3310 3709 3380 sine

2053 3379 2554 3443 'aspiratione,’uti
2587 3380 2761 3434 etiam
2796 3379 3063 3434 scribunt
3109 3379 3215 3433 viri
3254 3380 3578 3434 doctissimi
3609 3379 3710 3434 Ja-

2055 3451 2236 3507 cobns
2263 3452 2432 3516 Goar,
2464 3451 2803 3506 Dominicus
2853 3451 3101 3516 Macrus,
3154 3455 3210 3504 et
3240 3451 3509 3521 Cangius.
3543 3451 3705 3506 Non-

2054 3525 2194 3577 dum
2236 3528 2429 3577 autem
2463 3521 3265 3590 convenitinterinterpretes
3309 3523 3462 3576 unde
3488 3521 3708 3576 deriva-

2055 3602 2182 3650 tum
2218 3593 2432 3649 sithoc
2478 3593 2851 3659 vocabulum,
2902 3599 2966 3648 ut
3012 3593 3143 3648 istic
3189 3594 3364 3648 etiam
3406 3594 3709 3649 annotavit

2057 3665 2370 3720 Pamelius.
2397 3665 2496 3720 Vir
2517 3665 2892 3720 doctissimus
2911 3665 3168 3720 Joannes
3198 3664 3458 3720 Morinus
3485 3665 3542 3720 in
3575 3681 3709 3736 ope-

2058 3755 2118 3793 re
2149 3738 2219 3791 de
2249 3738 2430 3793 sacris
2475 3736 2944 3808 ordinationibus
2983 3737 3064 3790 ait
3113 3736 3509 3808 acolythorum
3545 3754 3709 3792 men-

2059 3811 2276 3881 tionem
2298 3809 2570 3881 nuspiam
2597 3807 2716 3862 ﬁeri
2743 3808 2855 3862 nisi
2883 3812 3013 3878 post
3033 3807 3252 3862 annum
3275 3825 3309 3863 a
3327 3808 3556 3863 Christo
3579 3814 3710 3862 nato

2056 3882 2182 3936 250.
2217 3880 2429 3934 BALUZ.

2134 3950 2246 4022 (79)
2300 3948 3133 4022 FelissimumsAdversarium
3182 3948 3372 4022 sancti
3419 3948 3712 4022 Cypriani,

2059 4019 2150 4148 pti‘
2172 4019 2445 4146 Ipluribus
2479 4021 2736 4077 ostendit
2767 4021 3092 4092 Cyprianus
3116 4021 3177 4076 in
3209 4019 3318 4076 hac
3348 4019 3476 4090 ipsa
3504 4019 3714 4091 episto-

2083 4110 2135 4148 a.
2215 4111 2378 4148 ALUZ.

2083 4110 2135 4150 a.
2172 4097 2378 4148 BALUZ.

2130 4166 2242 4236 (80)
2275 4166 2610 4220 Abstenlum.
2657 4164 2787 4218 Htec
2819 4167 2924 4236 esti
2954 4179 3085 4217 vera
3115 4160 3305 4236 lectio;
3349 4177 3524 4236 quam
3557 4162 3712 4215 inve-

2060 4236 2118 4290 ni
2138 4232 2540 4291 in'codicibus
2569 4235 2850 4305 antiquis.
2899 4232 3630 4305 Recentiorﬂemigianus
3659 4237 3719 4287 et

2060 4308 2367 4364 Beccensis
2403 4308 2619 4362 habent
2650 4303 2935 4361 ostentum.
2969 4303 3107 4359 Octo
3157 4303 3252 4356 alii
3285 4308 3506 4358 veteres
3534 4310 3591 4358 et
3619 4320 3711 4357 ve-

287 4393 436 4459 nuom
467 4376 804 4460 acolythum
835 4393 966 4432 vero
997 4382 1199 4460 postea
1223 4379 1604 4458 ordinatum;
1644 4376 1783 4457 hinc
1807 4393 1949 4460 .per-
1981 4397 2026 4460 Β
2058 4385 2212 4460 teres
2261 4380 2555 4460 editiones.
2598 4382 2889 4460 ostensum.
2943 4378 3312 4460 Quanquam.
3339 4379 3535 4430 autem
3595 4391 3711 4460 non

286 4450 566 4518 spicuum
598 4450 680 4518 fit,
731 4454 908 4518 atque
956 4449 1100 4502 adeo
1150 4449 1312 4518 prius
1359 4450 1536 4503 etiam
1576 4447 1943 4502 exorcistam.

342 4536 439 4575 am
472 4519 804 4591 proximum
826 4520 1320 4591 Hypodiaconatui
1343 4523 1591 4591 gradum
1621 4519 1800 4572 fuisse
1822 4535 1950 4591 aco-

288 4589 658 4672 lythi,_pate_t
689 4608 755 4646 ex
788 4589 1026 4672 synodo
1052 4592 1217 4646 Rom.
1268 4589 1564 4672 Sylvestri,
1599 4606 1727 4645 can.
1759 4592 1814 4655 7,
1848 4589 1946 4644 ubi

288 4662 566 4734 e’pisCOpJ
597 4662 841 4734 obsequii
867 4663 1110 4728 jubetur
1134 4662 1452 4731 presbyter,
1477 4663 1756 4734 diaconus
1790 4677 1950 4734 pres-

289 4732 518 4807 bytero,
549 4732 790 4807 diacono
815 4733 1271 4807 hypodiaconus,
1305 4735 1439 4807 huic
1462 4750 1592 4807 vero
1610 4732 1948 4807 acolythus,

289 4803 562 4876 acolytho
590 4803 1022 4868 exorcista,'cui
1056 4805 1252 4860 lector.
1283 4805 1463 4870 Quale
1486 4805 1627 4876 quid
1657 4803 1829 4857 habet
1852 4803 1948 4876 Ni-

289 4873 495 4934 colaus
517 4878 535 4931 Ι
557 4877 627 4931 ad
648 4876 992 4932 Michaelem
1020 4877 1098 4931 lm
1110 4881 1287 4945 perat.
1314 4877 1382 4931 Et
1404 4873 1653 4946 utroque
1669 4873 1954 4946 vestutior

291 4947 602 5004 Cornelius
631 4949 888 5018 Epistola
920 4965 1070 5016 saepe
1102 4949 1279 5002 citata
1310 4949 1380 5002 ad
1411 4945 1652 5002 Fabium
1683 4945 1950 5001 Antioch.

291 5020 602 5084 Nesciebat,
633 5019 825 5091 inquit
856 5019 926 5074 de
965 5019 1281 5073 Novatiano
1324 5019 1594 5091 loquens.
1631 5019 1690 5072 in
1719 5018 1956 5072 Ecclesia

293 5108 474 5146 unum
502 5090 808 5161 episcOpum
853 5105 965 5144 esse
1010 5090 1220 5153 debere,
1271 5091 1368 5143 ubi
1416 5090 1629 5144 videbat
1668 5104 1781 5161 esse
1805 5104 1952 5158 pres-

295 5164 515 5234 byteros
545 5162 632 5231 46,
663 5163 918 5218 diaconos
959 5162 1017 5234 7,
1067 5161 1430 5234 subdiaconos
1459 5163 1514 5234 7,
1543 5160 1951 5234 acolythos/rz,

295 5229 596 5291 eiarcistas
613 5229 737 5288 cum
754 5232 1068 5300 lectoribus,
1090 5240 1140 5288 et
1156 5233 1404 5288 ostiariis
1421 5232 1510 5286 52.
1533 5229 1760 5287 Similia
1776 5229 1953 5286 etiam

295 5305 472 5362 Caius
486 5304 639 5374 Papa
657 5305 786 5372 eius
803 5303 1038 5358 nomine
1051 5304 1297 5374 primus,
1314 5304 1411 5358 ubi
1426 5303 1640 5370 gradus
1653 5305 1958 5357 enumerat

297 5375 517 5447 quibus
565 5375 636 5429 ad
688 5376 1088 5447 episcopatum
1142 5375 1572 5447 conscenditur.
1636 5374 1956 5447 Psalmistae

300 5445 425 5502 sive
455 5445 732 5502 Cantoris‘
765 5446 1152 5501 meminerant
1194 5447 1450 5515 lgnatius
1496 5445 1568 5500 ad
1601 5445 1867 5499 Antioch.
1902 5450 1960 5498 et

301 5536 432 5575 can.
468 5518 727 5590 Apostol.
759 5520 847 5573 42.
882 5518 1158 5574 Omnium
1187 5523 1380 5590 autem
1401 5517 1610 5590 horum
1643 5516 1835 5570 officia
1864 5517 1959 5590 de-

297 5587 711 5663 scribuntur}:
757 5589 990 5663 Synodo
1031 5607 1084 5644 iv
1106 5589 1374 5663 Carthag.
1409 5588 1502 5643 cui
1526 5589 1591 5644 D.
1635 5587 1953 5663 Augustin.

301 5661 595 5721 interfuit.
629 5661 759 5718 Haec
789 5659 962 5736 paulo
1003 5659 1307 5735 prolixius,
1338 5659 1571 5734 propter
1619 5677 1718 5717 eos
1751 5659 1852 5731 qui
1884 5676 1959 5716 vn

2065 4450 2326 4505 dubitem
2361 4450 2501 4519 quin
2544 4449 2628 4502 hae
2661 4447 3062 4519 lectionessint
3102 4445 3450 4519 falsissimaa,
3497 4461 3596 4501 eas
3627 4449 3713 4500 ta-

2059 4538 2187 4577 men
2221 4517 2491 4576 annotavi
2545 4524 2610 4574 ut
2640 4519 2774 4573 hinc
2802 4517 2996 4588 colligi
3041 4517 3206 4572 facile
3240 4517 3425 4588 possit
3455 4534 3710 4587 quonam

2059 4593 2230 4648 modo
2259 4593 2603 4646 introductae
2636 4591 2754 4645 sint
2801 4588 2957 4643 falsa:
2991 4589 3266 4644 lectiones
3317 4590 3378 4643 in
3413 4588 3593 4644 libros
3621 4606 3715 4644 νεο-

2060 4669 2248 4718 terum
2285 4667 2634 4730 scriptorum
2668 4679 2768 4731 per
2798 4661 3090 4715 inscitiam
3119 4665 3175 4715 et
3204 4660 3507 4716 audaciam
3545 4660 3716 4715 libra-

2061 4736 2304 4789 riorum.
2345 4736 2476 4790 Utar
2503 4741 2699 4787 autem
2733 4734 2840 4786 hac
2871 4733 3174 4788 occasione
3217 4736 3282 4786 ut
3312 4733 3558 4787 referam
3588 4747 3714 4786 ver-

2062 4822 2191 4860 sum
2226 4822 2294 4861 ex
2323 4805 2709 4860 instructione
2728 4804 2798 4857 59
2822 4804 3244 4868 Commodiani,
3271 4821 3384 4857 non
3417 4804 3718 4872 cuiusmo-

2062 4878 2118 4930 di
2145 4878 2348 4957 editus
2379 4882 2468 4957 est
2499 4893 2532 4930 a
2560 4875 2830 4957 Rigaltio,
2863 4875 2963 4957 qui
2993 4875 3160 4957 illum
3187 4874 3338 4957 male
3368 4875 3718 4957 emendavit,

2062 4950 2162 5003 sed
2196 4965 2262 5002 eo
2297 4949 2467 5003 modo
2500 4963 2613 5017 quo
2646 4947 2862 5017 legitur
2891 4946 2950 5000 in
2981 4946 3157 5001 veteri
3190 4946 3390 5017 codice
3420 4951 3719 5017 monaste~

2064 5019 2134 5074 rii
2165 5019 2350 5074 sancti
2387 5016 2579 5073 Albini
2611 5018 3069 5085 Andegavensis,
3117 5033 3186 5072 ex
3224 5033 3338 5085 quo
3371 5016 3721 5070 Sirmondus

2063 5091 2394 5174 descripsit.
2428 5091 2570 5145 Nam
2598 5090 2888 5174 .itigaltilus
2922 5089 3105 5144 edidit
3133 5105 3198 5174 e‘x
3233 5086 3569 5174 apographo
3600 5087 3717 5174 Sir-

2065 5157 2290 5232 mondi,
2325 5166 2380 5215 et
2413 5179 2523 5216 non
2557 5158 2700 5216 vidit
2745 5166 2906 5217 vetus
2955 5157 3279 5230 exemplar]
3320 5158 3413 5212 Sic
3444 5173 3579 5228 ergo
3611 5157 3721 5211 bii—-

2065 5234 2162 5288 bet
2191 5250 2395 5291 versus
2426 5233 2523 5288 ille
2551 5250 2563 5287 :

2231 5339 2439 5388 lnduite
2477 5342 2649 5387 vestes
2677 5351 2808 5400 quas
2839 5338 3048 5399 oportet
3071 5335 3238 5396 frigus
3274 5337 3329 5384 ut
3357 5337 3550 5393 ostent,

2067 5447 2286 5518 Optimo
2310 5462 2508 5499 sensu.
2529 5445 2950 5518 Ostarefrigus
2973 5442 3306 5518 estauferne
3326 5442 3412 5498 vel
3435 5441 3716 5512 impedire

2068 5513 2273 5646 gigas.
2310 5518 2492 5581 Unde,
2525 5516 2714 5585 inquit
2733 5513 3175 5586 Cangius,Ga|li
3209 5515 3526 5571 effecerunt
3547 5518 3713 5566 aster.

2115 5607 2272 5645 ALUZ.
