4102 6180
425 382 544 448 823

1764 379 1827 439 S.
1876 377 2021 439 COR
2035 371 2241 437 NELII
2287 373 2380 436 PA
2395 372 2516 434 PIE
3691 370 3793 432 824

427 515 527 574 sed
560 517 616 572 et
645 509 1032 587 plurimorum
1079 510 1554 586 coepiscoporum
1604 510 1897 569 sententia
1935 525 2070 566 con-
2103 514 2156 580 Α
2183 504 2328 563 Nam
2377 510 2434 562 et
2477 501 2731 562 Gentiles
2779 506 2838 560 et
2877 499 3060 560 Judaei
3121 498 3436 573 minantur,
3492 503 3546 559 et
3571 498 3777 561 haeretis

427 605 792 674 damnatum,
826 604 1100 674 rejectum
1135 608 1244 659 ate
1274 605 1320 638 ²²
1348 602 1466 658 illic
1487 619 1616 658 esse
1645 602 1708 669 ³³,
1743 607 1800 657 et
1830 617 1964 655 cum
1989 617 2078 656 ve-

427 695 613 751 nisset
642 694 892 765 stipatus
941 696 1169 748 caterva
1210 697 1267 747 et
1310 691 1558 748 factione
1611 692 2077 762 desperatorum,

426 784 621 855 vigore
652 782 845 854 pleno,
895 799 1012 854 quo
1032 783 1078 816 ²⁴
1123 781 1426 854 episcopos
1475 781 1588 852 (81)
1627 796 1796 852 agere
1828 784 2077 852 oportet,

428 873 665 944 pulsum
697 871 767 925 de
791 869 1043 925 Ecclesia
1063 871 1107 904 ²⁶
1130 887 1257 925 esse
1287 887 1298 925 :
1324 871 1394 924 de
1416 870 1674 940 quajam
1699 869 1921 939 pridem
1945 885 2076 922 cum

429 962 520 1016 sui
554 957 869 1025 similibus,
904 958 1002 1014 Dei
1058 959 1360 1028 majestate
1409 962 1466 1013 et
1517 957 1730 1012 Christi
1768 956 1994 1011 Domini
2025 961 2082 1011 et

343 1087 351 1106 ς
420 1047 644 1120 judicis
699 1047 880 1102 nostri
934 1046 1263 1114 severitate,
1314 1045 1596 1117 depulsus
1645 1050 1771 1111 est;
1823 1061 1895 1100 ne
1926 1044 2080 1100 schi-

429 1136 639 1194 smatis
673 1139 731 1190 et
758 1134 987 1190 dissidii
1011 1139 1230 1204 auctor,
1248 1149 1318 1188 ne
1342 1135 1597 1205 pecunias
1622 1134 1947 1188 commissa:
1970 1123 2080 1188 sibi

432 1226 750 1293 fraudator,
813 1241 883 1279 ne
941 1229 1241 1295 stuprator
1298 1224 1613 1294 virginum,
1676 1222 2081 1277 matrimonio-

432 1331 561 1372 rum
595 1313 915 1369 multorum
948 1310 1332 1384 depopulator
1381 1316 1554 1382 atque
1601 1317 1903 1382 corruptor
1935 1312 2086 1365 ultra

431 1403 624 1462 adhuc
653 1418 931 1475 sponsam
963 1400 1176 1456 Christi
1206 1401 1625 1472 incorruptam,
1660 1405 1944 1466 sanctam,
1978 1417 2082 1471 pu-

431 1493 645 1560 dicam,
679 1491 998 1564 praesentia:
1027 1507 1144 1546 sum
1191 1490 1471 1545 dedecore
1500 1496 1553 1544 et
1582 1489 1882 1562 impudica
1912 1491 2086 1559 atque

435 1583 659 1638 incesta
688 1579 1035 1652 contagione
1063 1577 1323 1633 violaret.

508 1669 579 1726 II.
615 1669 726 1724 Sed
753 1668 910 1723 enim
939 1666 1088 1722 lecta
1121 1665 1232 1722 alia
1262 1664 1509 1739 epistola
1540 1669 1660 1736 tua,
1695 1665 1891 1730 frater,
1911 1681 2083 1736 quam

437 1757 645 1832 primis
676 1757 886 1814 litteris
908 1755 1288 1828 subjunxisti,
1314 1757 1460 1811 satis
1483 1755 1730 1810 miratus
1753 1771 1883 1810 sum
1912 1772 1925 1822 ;
1955 1771 2084 1809 cum

438 1846 982 1902 animadvertissem
1007 1845 1139 1917 (82),
1161 1850 1216 1899 te
1235 1844 1412 1899 nimis
1435 1861 1498 1899 ac
1521 1844 1842 1898 terroribus
1863 1860 2086 1908 eorum,

442 1936 542 2009 qui
565 1938 862 2003 venerant,
887 1933 1254 2005 aliquantum
1279 1949 1408 1989 esse
1430 1936 1788 1988 commotum
1817 1951 1830 2001 ;
1855 1949 1988 1987 cum
2008 1937 2084 2001 te,

442 2025 769 2081 secundum
827 2023 980 2095 quod
1039 2021 1349 2094 scripsisti,
1410 2021 1629 2092 agressi
1679 2024 1895 2091 essent,
1954 2038 2086 2076 cum

435 2130 672 2170 summa
703 2111 1109 2184 desperatione
1130 2110 1578 2176 comminantes,
1602 2111 1756 2182 quod
1785 2110 1832 2166 si
1867 2109 2089 2165 litteras

435 2219 583 2275 quas
613 2203 726 2274 (83)
760 2200 1094 2266 attulerant,
1130 2217 1242 2253 non
1278 2199 1624 2270 accepisses,
1658 2198 1886 2270 publice
1914 2199 1958 2234 ’⁸
1990 2215 2089 2254 eas

435 2289 767 2357 recitarent,
795 2287 944 2342 708
976 2292 1035 2342 et
1064 2286 1250 2341 multa
1278 2286 1474 2358 turpia
1503 2301 1569 2340 ac
1599 2287 1881 2358 probrosa
1905 2289 1962 2341 et
1991 2302 2089 2341 ore

434 2393 542 2436 suo
573 2376 748 2448 digna
798 2376 1142 2448 proferrent.
1194 2375 1355 2440 Quod
1405 2375 1454 2428 si
1500 2374 1584 2429 ita
1631 2391 1723 2430 res
1770 2379 1880 2441 est,
1913 2375 2091 2430 frater

433 2465 800 2535 charissima,
825 2467 890 2518 ut
910 2463 1406 2534 nequissimorum
1441 2462 1718 2518 timeatur
1746 2463 2011 2533 audacia,
2033 2469 2090 2520 ot

436 2555 586 2626 quod
622 2551 757 2609 mali
782 2553 915 2624 jure
945 2557 1120 2624 atque
1147 2553 1416 2624 equitate
1448 2569 1564 2608 non
1602 2556 1871 2624 possunt,
1906 2557 2086 2608 teme-

437 2643 606 2698 ritate
638 2659 704 2698 ac
735 2640 1136 2714 desperatione
1168 2641 1490 2713 perficiant,
1522 2644 1716 2696 actum
1748 2645 1837 2696 est
1866 2641 1936 2696 de
1965 2641 2086 2713 epi-

438 2735 712 2804 scopatus
742 2731 936 2803 vigore
967 2733 1023 2785 et
1043 2730 1114 2784 de
1135 2729 1398 2784 Ecclesiae
1425 2729 1816 2800 gubernanda:
1847 2729 2088 2784 sublimi

437 2837 505 2876 ac
535 2820 730 2874 divina
762 2821 1042 2890 potestate
1067 2834 1078 2872 :
1111 2833 1215 2872 nec
1236 2817 1548 2872 Christiani
1574 2816 1728 2872 ultra
1747 2821 1847 2873 aut
1878 2819 2089 2873 durare

435 2914 539 2966 aut
567 2923 695 2964 esse
719 2909 843 2978 jam
885 2923 1222 2978 possumus,
1256 2907 1306 2962 si
1353 2907 1426 2962 ad
1459 2905 1568 2961 hoc
1614 2910 1852 2962 ventum
1884 2911 1990 2972 est,
2025 2911 2090 2962 ut

435 2997 794 3072 perditorum
828 2995 1022 3052 minas
1061 2999 1240 3068 atque
1288 2993 1534 3051 insidias
1582 2995 2084 3068 pertimescamus.

2141 641 2147 646 .
2187 601 2361 669 atque
2391 611 2615 660 omnes,
2649 609 2899 662 quorum
2945 597 3176 665 pectora
3205 596 3261 646 et
3313 595 3528 646 mentes
3557 591 3797 649 diabolus

2187 685 2431 753 obsedit,
2464 688 2805 739 venenatam
2857 683 3077 737 rabiem
3111 697 3279 736 suam
3311 679 3561 751 quotidie
3605 681 3796 737 furiosa

2187 791 2323 830 voce
2355 777 2680 828 testantur:
2715 789 2827 826 non
2851 776 3045 826 tamen
3095 769 3310 824 idcirco
3360 769 3670 824 cedendum
3705 778 3796 835 est,

2190 863 2328 936 quia
2359 863 2693 917 minantur:
2751 864 2852 916 aut
2894 861 2935 895 ²⁴¹
2976 859 3102 915 ideo
3162 858 3525 913 adversarius
3555 858 3798 913 inimicus

2191 953 2380 1023 major
2408 969 2440 1006 a
2469 949 2717 1017 Christo,
2752 950 2892 1021 quia
2910 953 3138 1004 tantum
3159 947 3268 1003 sibi
3296 946 3544 1001 vindicat
3570 951 3624 1002 et
3653 963 3801 1002 assu-

2194 1043 2299 1096 mit
2328 1039 2384 1094 in
2419 1039 2630 1094 saeculo
2669 1040 2734 1092 ²⁸.
2787 1039 3018 1094 Mancre
3066 1037 3219 1108 apud
3270 1052 3377 1090 nos
3425 1036 3611 1104 debet,
3655 1035 3805 1090 frater

2193 1130 2556 1194 charissima,
2591 1128 2722 1183 fidei
2755 1129 2934 1183 robur
2957 1124 3290 1181 immobile:
3325 1129 3382 1180 et
3412 1123 3632 1180 stabilis
3661 1129 3806 1195 atque

2193 1219 2540 1274 inconcussa
2567 1218 2753 1271 virtus
2785 1220 2985 1271 contra
3011 1231 3214 1270 omnes
3242 1213 3516 1268 incursus
3533 1216 3694 1284 atque
3713 1212 3805 1266 im-

2195 1313 2362 1380 petus
2384 1306 2798 1361 oblatrantium
2822 1305 3130 1369 fluctuum,
3148 1302 3307 1357 velut
3328 1305 3500 1374 petrae
3522 1301 3809 1371 objacentis

2195 1396 2536 1451 fortitudine
2567 1399 2624 1450 et
2679 1393 2850 1460 mole,
2883 1393 3054 1448 debet
3099 1391 3404 1448 obsistere.
3453 1390 3565 1445 Nec
3599 1389 3813 1446 interest

2196 1486 2351 1540 unde
2381 1485 2652 1555 episcopo
2684 1487 2786 1538 aut
2814 1487 2999 1537 terror
3023 1485 3123 1536 aut
3141 1479 3465 1552 periculum
3490 1477 3707 1547 veniat;
3728 1480 3814 1550 qui

2196 1573 2521 1630 terroribus
2550 1576 2606 1628 et
2633 1571 2908 1644 periculis
2946 1571 3085 1625 vivit
3116 1569 3426 1637 obnoxius,
3469 1571 3526 1623 et
3554 1573 3734 1623 tamen
3759 1568 3814 1622 fit

2197 1663 2268 1719 de
2298 1663 2444 1734 ipsis
2491 1660 2815 1716 terroribus
2865 1677 2928 1716 ac
2978 1658 3252 1732 periculis
3297 1657 3606 1732 gloriosus.
3640 1657 3814 1728 Neque

2197 1751 2353 1807 enim
2388 1749 2543 1807 solas
2568 1749 2887 1806 Gentilium
2908 1747 2994 1804 vel
3012 1749 3352 1803 Judaaorum
3381 1747 3571 1802 minas
3591 1747 3814 1817 cogitare

2197 1845 2254 1896 et
2282 1844 2542 1912 spectare
2583 1840 2905 1905 debemus;
2955 1854 3088 1892 cum
3136 1837 3464 1902 videamus,
3509 1836 3694 1908 ipsum
3721 1835 3815 1890 Do-

2198 1929 2424 1985 minum
2451 1935 2718 1984 nostrum
2749 1927 2795 1962 ³⁹
2840 1945 2873 1982 a
2916 1925 3194 1982 fratribus
3241 1941 3373 1982 esse
3403 1926 3693 1980 detentum
3725 1925 3819 1997 (84)

2196 2020 2384 2088 (Maro.
2418 2035 2502 2086 ιιι,
2546 2017 2637 2088 21)
2667 2022 2722 2072 et
2752 2017 2822 2072 ab
2854 2032 2940 2086 eo,
2973 2031 3146 2088 quem
3187 2015 3339 2070 inter
3376 2015 3523 2069 799
3555 2013 3820 2085 apostolos

2197 2108 2323 2180 ipse
2352 2106 2666 2178 delegerat,
2715 2105 3014 2178 proditum
3074 2103 3282 2176 (Matth.
3343 2119 3497 2175 xxvx,
3547 2103 3823 2175 14);inter

2197 2195 2365 2251 initia
2416 2211 2648 2267 quoque
2698 2193 2905 2250 mundi
2953 2193 3093 2250 Abel
3133 2195 3365 2265 justum
3416 2191 3642 2248 nonnisi
3675 2193 3825 2248 frater

2198 2285 2475 2342 occiderit
2505 2285 2617 2356 (85)
2647 2283 2798 2355 (Gen.
2832 2300 2906 2351 ιν,
2938 2283 2992 2354 8)
3019 2299 3032 2350 ;
3075 2287 3133 2337 et
3159 2283 3337 2338 Jacob
3374 2281 3682 2355 fugientem
3713 2297 3825 2353 per-

2197 2378 2434 2430 secutus
2465 2373 2543 2430 sit
2573 2373 2751 2428 frater
2779 2373 3028 2428 infestus
3072 2371 3224 2443 (Gen.
3275 2388 3456 2439 xxvn,
3504 2371 3625 2443 4|);
3665 2374 3716 2426 et
3740 2371 3823 2427 Jo-

2197 2464 2339 2535 seph
2362 2464 2407 2499 3°
2437 2463 2828 2518 venumdatus
2851 2461 2928 2517 sit
2949 2478 2982 2517 a
3010 2460 3290 2516 fratribus
3312 2460 3431 2531 (86)
3463 2459 3610 2532 (Gen.
3633 2476 3823 2526 xxxvu,

2194 2552 2288 2622 23)
2317 2577 2331 2619 ;
2358 2552 2417 2607 in
2441 2549 2749 2622 Evangelio
2774 2552 2950 2606 etiam
2972 2548 3237 2621 legamus
3258 2565 3394 2605 esse
3417 2548 3744 2620 praedictum
3762 2548 3820 2613 δι,

2197 2641 2386 2712 magis
2417 2640 2771 2696 domesticos
2820 2639 3091 2694 inimicos
3129 2639 3360 2694 futuros
3412 2637 3616 2710 (Matth.
3647 2655 3698 2708 x,
3726 2635 3821 2706 30),

2195 2733 2252 2786 et
2281 2730 2375 2800 qui
2411 2729 2572 2801 prius
2604 2729 2855 2800 copulati
2889 2732 3254 2783 sacramento
3284 2725 3688 2782 unanimitatis
3717 2726 3820 2780 fue-

2197 2817 2334 2885 rint,
2363 2817 2523 2891 ipsos
2566 2819 2812 2873 invicem
2845 2816 3180 2872 tradituros.
3232 2815 3395 2870 Nihil
3447 2817 3683 2871 interest
3708 2815 3822 2887 quis

2195 2907 2390 2962 tradat
2421 2911 2524 2961 aut
2553 2905 2770 2975 saeviat,
2823 2921 2957 2960 cum
3007 2909 3158 2960 Deus
3205 2905 3360 2959 tradi
3402 2906 3446 2938 ³³
3485 2903 3747 2976 permittit
3778 2906 3828 2957 et

2196 2995 2462 3051 coronari
2495 2996 2626 3066 (87).
2657 2995 2854 3066 Neque
2885 2993 3054 3050 nobis
3096 2994 3142 3028 ⁸³
3174 2992 3508 3066 ignominia
3554 2997 3641 3049 est
3667 2990 3772 3064 pati
3799 3006 3827 3045 a

1853 3139 2058 3201 Variae
2101 3139 2423 3200 lectiones.

510 3255 557 3290 ²²
583 3254 661 3310 Te
691 3255 750 3309 in
776 3253 985 3310 duobus
1015 3271 1141 3309 mss.
1179 3254 1331 3309 Colb.
1363 3254 1414 3308 el
1463 3253 1679 3322 Anglic.
1714 3254 1864 3308 Pem.
1917 3253 2050 3308 Bod.
2101 3255 2151 3308 3.
2195 3262 2246 3308 te
2273 3256 2334 3309 in
2380 3254 2511 3308 aliis
2559 3252 2849 3309 nonnullis
2889 3253 2978 3308 hic
3023 3253 3303 3325 additur:
3346 3254 3499 3325 quod
3528 3267 3827 3325 superpaoao

438 3343 627 3382 neum.
705 3326 750 3360 ²³
804 3332 849 3378 Α
907 3331 985 3392 te,
1044 3329 1101 3380 et
1158 3325 1288 3380 Bod.
1353 3325 1403 3393 1,
1479 3325 1532 3378 2.

1593 3328 1741 3380 Lam.
1819 3325 1977 3379 Ebor.
2039 3327 2112 3380 Ν.

438 3398 593 3469 quod
625 3396 758 3452 Bod.
793 3399 841 3451 1.
875 3467 882 3469 _
921 3396 966 3469 9'?
994 3397 1079 3451 Ab
1104 3395 1352 3469 ecclesia
1382 3394 1741 3469 prohibitum
1765 3397 1900 3469 _Ver.
1975 3396 2145 3469 “AUt

2169 3328 2232 3381 Ο.
2308 3326 2358 3379 4.

2442 3327 2739 3393 Rejectum
2799 3329 2857 3379 et
2935 3342 2970 3380 a
3042 3342 3104 3381 se
3163 3324 3282 3379 illic
3340 3323 3496 3380 ésse.
3576 3326 3622 3358 ²⁴
3676 3323 3826 3377 Pleno

2196 3395 2425 3468 publice
2469 3398 2612 3468 Bod.
2665 3398 2718 3450 3.
2796 3397 2840 3430 ³⁷
2874 3395 3019 3461 Quia
3067 3396 3397 3467 minantur,
3427 3413 3531 3451 nec
3561 3396 3690 3451 inde
3719 3396 3823 3468 Lin.

438 3465 506 3525 Ν.
543 3470 600 3524 C.
634 3470 688 3523 2.
722 3472 840 3522 Aut
871 3467 1005 3522 inde
1038 3473 1193 3522 Lam.
1225 3468 1289 3522 Ν.
1317 3465 1458 3522 6Ῐ1.
1490 3467 1650 3524 Ebor.
1684 3467 1830 3522 Colb.
1883 3468 1935 3521 1.
2011 3465 2055 3501 ²⁸
2086 3472 2151 3522 In
2198 3465 2316 3524 isto
2349 3467 2554 3522 saeculo
2608 3468 2734 3522 Bod.
2770 3468 2820 3521 1.
2900 3469 2945 3503 ²⁹
2975 3468 3250 3522 Nostrum
3281 3465 3437 3524 deest
3467 3470 3530 3521 in
3561 3468 3722 3524 Oxon.
3787 3465 3827 3506 ³ο

437 3540 656 3611 Joseph
687 3539 1104 3611 puervenierit
1133 3538 1521 3594 vendentibus
1553 3538 1866 3611 fratribus:
1891 3538 2041 3611 VEdit.
2087 3541 2432 3608 castigantur
2477 3556 2549 3594 ex
2586 3539 2972 3611 vetustioribus
2995 3556 3123 3594 mss.
3204 3541 3245 3574 ³¹
3281 3541 3588 3611 Legamus,
3612 3536 3824 3611 praedic-

435 3608 748 3666 tum—Lam.
783 3610 1001 3683 Lin.A_N.
1056 3610 1122 3683 C._
1149 3613 1225 3683 2._
1279 3611 1324 3644 3’
1355 3612 1424 3683 In
1444 3611 1679 3679 vulgatis
1712 3609 2034 3677 Permittat,
2069 3611 2508 3683 quosdisponit
2535 3610 2819 3683 coronari.
2852 3609 3050 3681 Neque
3081 3611 3258 3683 enim.
3290 3608 3468 3667 Ιδιῖιιί.
3501 3608 3676 3683 enim,
3704 3608 3825 3663 sicut

438 3686 488 3737 et
518 3687 688 3737 antea
719 3698 862 3751 quos
893 3681 1176 3752 disponit,
1208 3681 1267 3736 in
1296 3681 1456 3735 nullo
1486 3691 1802 3736 nostrorum
1831 3697 1962 3735 mss.
1995 3681 2189 3737 exstat.
2224 3681 2430 3736 Tradit
2462 3681 2743 3752 permittit
2792 3686 2847 3736 et
2880 3682 3143 3738 coronari
3176 3688 3376 3738 Benev.
3421 3686 3534 3739 l’er.
3570 3681 3639 3738 Ut
3664 3685 3717 3736 et
3741 3696 3824 3734 co-

435 3753 629 3810 ronari
665 3755 804 3809 Voss.
837 3753 892 3807 2.
927 3753 1062 3810 Bod.
1105 3754 1155 3808 1.
1235 3753 1281 3787 ³³
1311 3753 1507 3823 Neque
1538 3752 1706 3808 nobis
1736 3753 1889 3807 Lam.
1922 3753 2079 3809 Ebor.
2111 3755 2175 3809 Ν.
2212 3753 2269 3809 C.
2306 3755 2354 3808 1.
2387 3755 2441 3808 2.
2476 3754 2599 3808 Lin.

1859 3877 2192 3941 Variorum
2239 3883 2426 3939 nota).

508 3994 622 4065 (8|)
654 3994 992 4066 Episcopum.
1025 3997 1106 4066 tta
1150 3995 1370 4066 veteres
1407 3993 1695 4066 editiones
1725 3997 1784 4066 et
1816 3992 2087 4048 undecim
2119 3995 2162 4062 α
2202 3992 2481 4065 indigere.
2517 3994 2583 4048 Et
2613 3998 2809 4050 tamen
2842 3992 3081 4066 illi,qui
3111 3993 3382 4050 sciebant
3407 3993 3643 4051 Abelem
3672 3991 3829 4066 acal-

437 4064 631 4122 vetera
659 4064 1031 4136 exemplaria.
1058 4064 1257 4135 Neque
1279 4065 1482 4120 dubito
1502 4064 1642 4136 quin
1675 4081 1742 4120 ea
1778 4065 1942 4120 lectio
1966 4080 2088 4120 me-

440 4138 548 4194 lior
577 4137 653 4193 sit
683 4135 858 4208 quam
889 4153 955 4190 ea
987 4153 1112 4208 quae
1135 4136 1308 4190 habet
1336 4135 1633 4206 episcopos,
1664 4141 1861 4191 tamen
1892 4135 2092 4192 etsi‘ea

439 4207 1025 4282 quoque_reperiatur
1053 4208 1113 4261 in
1145 4207 1501 4282 quibusdam
1527 4207 1772 4282 vetustis
1802 4207 2090 4282 exempla-

439 4279 622 4336 ribus.
659 4279 803 4335 Nam
836 4279 1010 4350 paulo
1044 4286 1174 4350 post
1203 4279 1376 4352 dicit:
1405 4281 1510 4334 Nec
1540 4280 1761 4352 interest
1801 4279 1942 4334 unde
1970 4283 2087 4352 epi-

437 4367 592 4422 scOpo
619 4355 720 4407 aut
749 4349 930 4407 terror
960 4349 1058 4406 aut
1083 4349 1401 4422 periculum
1431 4352 1633 4406 veniat.
1668 4350 1877 4405 BALUZ.

530 4423 621 4494 82)
654 4423 789 4476 Cum
837 4423 1364 4478 animadvertissem.
1417 4422 1545 4476 Hinc
1593 4422 1781 4477 omitti
1825 4425 2093 4494 poterant

439 4493 658 4564 absque
690 4493 806 4548 ullo
836 4494 1162 4565 dispendio.
1190 4494 1412 4550 Desunt
1432 4499 1627 4548 autem
1652 4493 1711 4548 in
1738 4493 2092 4564 quibusdam

440 4565 740 4621 codicibus
788 4566 1066 4636 antiquis.
1121 4565 1494 4621 Retinuimus
1546 4569 1766 4632 tamen,
1816 4565 2091 4636 quiaex-

440 4641 601 4692 stant
618 4636 676 4689 in
699 4635 954 4705 antiquis
973 4636 1330 4692 editionibus
1351 4643 1404 4691 et
1424 4637 1484 4691 in
1507 4637 1861 4707 quibusdam
1887 4635 2095 4690 codici-

439 4709 552 4763 bus
588 4707 1024 4779 manuscriptis.
1056 4709 1262 4779 Batus.

512 4779 627 4850 (83)
650 4777 907 4834 Litteras
920 4795 1074 4850 quas.
1100 4785 1144 4831 A
1170 4777 1560 4850 schismaticis
1586 4777 1868 4832 nimirum
1890 4781 1946 4832 et
1971 4795 2097 4850 pro-

451 4849 624 4915 fanis,
659 4855 723 4904 ut
745 4850 895 4906 dicet
917 4849 1087 4904 infra.
1122 4849 1358 4920 Scriptis
1380 4849 1596 4920 quippe
1625 4855 1790 4904 erant
1818 4849 2095 4904 adversus

443 4921 822 5050 gytprgtnum.
857 4923 925 4977 Et
954 4921 1082 4977 ideo
1122 4920 1425 4975 Cornelius
1455 4937 1552 4974 eas
1600 4921 1858 4990 accipere
1889 4937 2093 4976 renue-

484 5010 517 5049 a
551 5035 562 5047 .
645 5009 806 5049 sz.

484 4999 562 5049 at.
600 4999 806 5049 Bsz.

518 5061 1109 5146 (84)_Esse_tletentam.
1161 5061 1437 5146 quamvis
1476 5060 1558 5115 ita
1605 5061 1888 5146 scriptum
1933 5063 2010 5117 sit
2034 5062 2094 5118 in

442 5132 736 5191 veteribus
767 5135 936 5191 libris
967 5139 1023 5188 et
1053 5134 1111 5187 in
1143 5132 1520 5198 editionibus,
1555 5138 1697 5204 puto
1719 5139 1912 5188 tamen
1945 5151 2096 5190 erro-

447 5224 569 5262 rem
601 5223 728 5263 esse
777 5206 834 5259 in
867 5205 975 5260 hoc
1024 5204 1148 5276 loco
1178 5210 1232 5259 et
1278 5204 1587 5276 legendum
1638 5221 1765 5260 esse
1806 5205 2092 5262 desertum.

446 5279 591 5334 Nam
627 5282 847 5333 certum
879 5281 968 5331 est
1005 5275 1300 5330 Christum
1334 5275 1447 5331 non
1499 5277 1680 5332 fuisse
1735 5277 2030 5332 detentum
2063 5295 2096 5332 a

2202 4081 2275 4120 no
2311 4063 2580 4137 occisum
2630 4066 2830 4133 fuisse,
2879 4063 3054 4122 istius
3105 4081 3316 4122 nomen
3371 4065 3468 4122 hic
3525 4063 3827 4137 posuerein

2199 4136 2556 4207 quibusdam
2582 4138 2901 4192 codicibus.
2925 4137 3069 4193 Nam
3093 4137 3450 4194 Sorbonicus
3474 4134 3648 4192 habet
3666 4134 3824 4203 scrip-

2199 4213 2321 4262 tum
2347 4207 2484 4262 Abel
2496 4211 2711 4279 justum
2731 4208 2865 4264 Cain
2895 4225 3002 4264 non
3031 4211 3149 4265 nisi
3173 4212 3354 4280 frater
3380 4209 3660 4266 occiderit.
3693 4207 3828 4280 Unus
3873 4266 3880 4268 _

2201 4295 2367 4352 meus
2394 4278 2564 4352 vetus
2590 4297 2602 4336 :
2637 4281 2763 4336 Abel
2783 4282 2996 4350 justum
3026 4296 3138 4352 non
3164 4278 3294 4352 nisi
3337 4281 3481 4337 Cain
3512 4285 3686 4352 frater
3709 4278 3826 4333 occi-

2199 4351 2356 4405 derit.
2392 4351 2621 4422 Reliqui
2657 4352 2885 4407 codices
2934 4368 3047 4407 non
3082 4351 3300 4407 habent
3345 4353 3462 4408 hoc
3493 4353 3826 4422 additamen-

2200 4427 2348 4493 tum,
2392 4421 2580 4493 neque
2625 4429 2847 4478 veteres
2895 4424 3201 4478 editiones.
3253 4424 3332 4480 De
3384 4425 3496 4480 hoc
3542 4421 3826 4478 fratricidio

2201 4492 2328 4620 Iride
2347 4509 2486 4620 gum
2517 4495 2793 4550 dicuntur
2819 4495 2973 4550 infra
3003 4496 3075 4550 ad
3097 4495 3314 4551 librum
3345 4497 3420 4551 de
3453 4497 3606 4551 Bono
3637 4493 3826 4566 patien-

2228 4581 2312 4619 tes.
2392 4583 2544 4620 ALUZ.

2202 4565 2312 4620 tiae.
2347 4565 2544 4621 BALUZ.

2273 4637 2605 4709 (86)]οιςρρ1ῑ
2632 4639 2823 4709 frater.
2859 4639 2928 4692 Et
2958 4636 3051 4692 hic
3082 4652 3317 4709 quoque
3364 4637 3533 4694 locus
3564 4631 3829 4709 subjaouit

2203 4708 2458 4762 audaciae
2489 4707 2880 4764 librariorum.
2939 4709 3004 4764 In
3040 4707 3235 4764 codice
3283 4709 3532 4765 Thuano
3563 4713 3618 4764 et
3645 4707 3698 4761 in
3729 4717 3824 4758 uno

2203 4778 2516 4834 Bodleiano
2565 4779 2872 4851 scriptum,
2920 4785 3030 4844 est,
3076 4781 3264 4851 Joseph
3314 4784 3662 4837 venundatus
3703 4779 3763 4851 sit
3800 4792 3826 4826 ιι

2202 4853 2489 4919 fratribus.
2524 4851 2585 4906 In
2625 4849 2959 4922 Serbonico,
3004 4849 3204 4922 Ioseph
3244 4855 3458 4908 venerit
3505 4849 3828 4922 vendenlibw

2201 4922 2482 4992 fratribus
2513 4923 2571 4976 in
2602 4925 2918 4994 Aigyptum.
2946 4921 3014 4978 In
3059 4921 3428 4990 Mi’chaelino,
3461 4923 3652 4994 Ioseph
3678 4921 3828 4989 Αἰσυ-

2198 4996 2597 5066 ρῑπιγηγυρηρνίι
2639 4995 3082 5066 persequentibus
3126 4995 3414 5066 fratribus.
3460 4997 3520 5050 ln
3555 5009 3666 5048 uno
3696 5005 3824 5056 meo,

2202 5065 2390 5190 .lgoseph
2420 5068 2730 5135 pervenerit
2758 5065 3116 5122 vendentibus
3141 5067 3416 5138 fratribus
3436 5069 3495 5122 in
3527 5067 3822 5138 .Egyptum.

2249 5153 2410 5190 ALUZ.

2249 5153 2410 5190 ALUZ.

2275 5207 2387 5280 (87)
2418 5210 2708 5264 Permittat
2739 5224 2888 5280 quos.
2944 5208 3179 5266 Variant
3208 5209 3267 5264 in
3315 5209 3424 5264 hoc
3456 5208 3580 5263 loco
3610 5203 3824 5277 quidam

2204 5278 2337 5334 libri
2368 5283 2610 5334 veteres.
2644 5280 2704 5334 In
2742 5278 2855 5336 uno
2889 5296 3016 5336 meo
3045 5280 3276 5353 legitur,
3306 5282 3585 5352 permittat
3611 5287 3663 5333 et
3695 5286 3827 5353 coro-

448 5350 734 5433 fratribus.
758 5348 884 5433 sine
934 5347 1237 5433 discipulis
1270 5349 1414 5433 suis,
1466 5348 1632 5433 sede
1661 5347 1899 5433 Jugmis.
1938 5349 2097 5433 Unde
2126 5369 2170 5433 Ι)
2204 5354 2709 5433 τιανςφνονηίςσζίε.
2737 5353 2799 5433 In
2823 5353 2935 5408 alio
2957 5347 3151 5433 autem
3178 5347 3325 5433 meo,
3349 5352 3827 5433 inﬂeneventam,

445 5421 596 5475 infra
625 5419 908 5490 scriptum
933 5425 1018 5474 est
1042 5419 1337 5475 Christum
1360 5419 1698 5476 derelictum
1724 5420 1904 5475 fuisse
1928 5437 1961 5475 a
1981 5421 2096 5474 dis-

449 5492 659 5562 cipulis
691 5491 834 5545 suis.
869 5491 1060 5546 BALUZ.
1827 5541 1829 5544 .

515 5564 629 5634 (85)
659 5565 849 5618 Frater
899 5563 1181 5618 occiderit.
1239 5562 1506 5617 Notanda
1554 5566 1642 5617 est
1700 5562 1757 5616 in
1811 5562 1920 5616 hoc
1968 5561 2092 5634 loco

446 5643 704 5689 veterum
739 5634 1108 5690 librariorum
1140 5634 1404 5689 audacia.
1438 5639 1664 5688 Certum
1700 5639 1787 5688 est
1820 5634 1973 5687 hunc
2005 5633 2092 5688 lo-

446 5721 600 5771 cum,
638 5707 720 5764 uti
745 5708 922 5778 jacet,
955 5721 1164 5762 sanum
1188 5722 1315 5782 esse
1345 5710 1402 5760 et
1422 5704 1586 5760 nulla
1613 5705 2093 5776 interpretatione

2206 5420 2262 5475 in
2315 5416 2649 5488 Véronsnsi,
2681 5428 2737 5478 et
2768 5425 2825 5479 in
2853 5441 2968 5479 uno
2994 5416 3386 5479 Bodleiano'et
3408 5423 3689 5478 Vossiano
3717 5416 3827 5470 lau-

2205 5493 2359 5568 datis
2392 5494 2447 5548 in
2478 5494 2730 5550 editione
2760 5495 3098 5566 Anglicana,
3129 5500 3186 5551 et
3215 5497 3272 5551 in
3296 5494 3424 5549 aliis
3455 5498 3694 5568 septem,
3719 5502 3826 5568 ρηςτ

2201 5567 2371 5618 mittit
2400 5570 2449 5619 et
2478 5569 2752 5622 coronari.
2780 5564 3258 5638 In‘Burgundico,
3283 5564 3548 5637 permittit
3573 5564 3666 5636 qui
3690 5564 3824 5638 novit

2200 5645 2251 5690 et
2281 5653 2557 5690 coronare.
2594 5638 2655 5692 In
2707 5639 2944 5694 Metensi
2987 5633 3179 5694 sancti
3227 5633 3514 5708 Arnuphi,
3554 5633 3676 5691 cam
3703 5633 3826 5688 Deut

2200 5707 2347 5762 tradi
2370 5711 2640 5779 permittit
2665 5718 2717 5766 et
2740 5717 2986 5767 coronat.
3021 5711 3228 5767 Bsz.
