4102 6180
219 391 337 456 825

1705 385 2130 447 EPlSTOL/E.

3505 381 3622 440 826

216 528 498 585 fratribus
529 525 684 600 quod
718 541 930 599 passus
960 527 1050 582 est
1069 523 1378 582 Christus:
1413 537 1517 579 nec
1549 519 1668 579 illis
1686 519 1869 596 gloria
1895 520 1954 590 Α
1983 537 2214 594 pinnam
2243 519 2544 593 Scriptura
2589 517 2787 578 divina
2831 517 2958 578 loco
2991 515 3102 576 alio
3144 513 3538 574 comminatur
3566 514 3623 569 et

217 622 305 675 est
354 618 540 673 facere
597 616 753 688 quod
814 615 946 671 fecit
996 614 1183 670 Judas
1231 614 1297 669 3‘.
1349 613 1482 677 Quae
1541 616 1734 669 autem
1773 611 1862 667 sui

1975 611 2116 666 dicit
2149 627 2161 666 :
2196 612 2319 667 Dies
2348 613 2498 668 enim
2531 612 2753 668 Domini
2810 612 3048 668 Sabaoth
3087 626 3252 682 super
3279 624 3498 664 omnem
3528 607 3622 662 in-

217 706 391 762 elatio
423 710 530 773 est,
565 723 692 777 qua:
725 704 1211 760 comminantium
1234 707 1472 757 tumens
1505 705 1561 756 et
1589 701 1790 756 inﬂata
1812 705 1870 757 et
1963 701 2250 772 juriosum
2277 705 2329 756 et
2366 700 2684 774 superbum,
2751 709 2802 757 et
2847 719 3014 774 super
3063 716 3276 756 omnem
3321 699 3529 754 elatum
3570 699 3624 751 et

215 813 370 852 vana
393 794 638 866 jactatio
668 811 682 864 ;
713 793 831 848 illic
862 793 1088 848 absenti
1123 791 1332 846 minari
1363 791 1639 864 (88),cum
1669 789 1869 846 hieme

215 885 477 940 habeant
507 883 564 938 in
597 886 882 956 potestate
915 885 1259 954 praesentem
1281 880 1308 935 ?
1345 878 1614 934 Convicia
1643 895 1866 947 eorum,

216 974 437 1046 quibus
472 988 533 1027 se
565 977 622 1027 et
677 972 852 1026 vitam
886 987 1056 1026 suam
1109 969 1368 1041 quotidie
1415 968 1691 1035 lacerant,
1751 985 1867 1023 non

215 1063 497 1118 timemus
525 1086 540 1128 ς
574 1061 758 1116 fustes
784 1065 840 1116 et
863 1058 1087 1132 lapides
1121 1063 1178 1114 et
1224 1057 1470 1130 gladios,
1504 1073 1648 1127 quos
1678 1056 1870 1112 verbis

223 1149 990 1224 parricidalibusjactitant,
1024 1164 1136 1203 non
1169 1145 1689 1220 perhorrescimus.
1709 1147 1871 1212 Quod

217 1241 275 1295 in
307 1239 430 1294 illis
463 1243 569 1309 est,
594 1237 901 1294 homicidae
933 1241 1073 1293 sunt
1122 1237 1275 1309 apud
1308 1235 1494 1292 Deum
1542 1235 1725 1291 tales:
1777 1251 1875 1290 ne-

221 1342 354 1381 care
377 1331 573 1380 tamen
600 1341 716 1378 non
748 1328 1017 1396 possunt,
1072 1323 1186 1379 nisi
1230 1323 1315 1379 eis
1354 1320 1636 1378 Dominus
1667 1337 1872 1377 nccare

218 1414 576 1486 permiserit.
639 1414 704 1467 Et
762 1430 895 1468 cum
929 1413 1097 1468 nobis
1142 1411 1325 1469 semel
1357 1411 1725 1467 moriendum
1774 1411 1871 1480 sit,

219 1503 301 1559 illi
335 1510 531 1559 tamen
565 1502 696 1558 odio
719 1506 775 1557 et
800 1501 989 1558 verbis
1020 1501 1323 1558 etdelictis
1354 1500 1477 1557 suis
1500 1500 1759 1574 quotidie
1781 1515 1874 1573 pe-

215 1593 470 1648 rimunt.

289 1680 392 1736 III.
434 1680 546 1735 Sed
598 1696 710 1734 non
759 1679 996 1747 idcirco,
1053 1679 1228 1734 frater
1273 1679 1639 1746 charissime,
1700 1677 1872 1734 relin-

217 1769 457 1841 quenda
483 1773 572 1824 est
591 1767 987 1824 ecclesiastica
1008 1767 1340 1840 disciplina,
1365 1773 1466 1823 aut
1495 1766 1873 1823 sacerdotalis

1975 789 2391 862 e.rcelsum(Isa.
2435 791 2630 862 11,29).
2665 790 2746 845 De
2775 806 2873 845 ore
2923 791 3118 861 itaque
3177 805 3242 843 ac
3302 788 3373 842 de
3429 785 3622 842 verbis

1977 878 2102 934 suis
2137 879 2544 952 unusquisque
2567 879 2769 935 statim
2814 879 3104 951 proditur,
3135 881 3191 931 et
3233 879 3430 932 utrum
3463 874 3623 929 Chri-

1977 972 2137 1023 stum
2169 967 2224 1022 in
2258 969 2428 1023 corde
2451 985 2580 1038 suo,
2626 986 2698 1023 an
2746 984 2875 1024 vero
2933 966 3356 1022 Antichristum
3390 965 3619 1033 habeat,

1979 1055 2269 1128 loquendo
2293 1057 2585 1128 detegitur
2616 1074 2629 1112 :
2663 1057 2988 1111 secundum
3049 1055 3203 1127 quod
3252 1053 3529 1108 Dominus
3562 1052 3619 1107 in

1978 1145 2284 1215 Evangelio
2317 1163 2422 1200 suo
2458 1147 2599 1200 dicit
2630 1163 2642 1201 :
2679 1146 2965 1215 Progenies
2995 1147 3327 1213 viperarum.
3359 1140 3622 1214 quomodo

1978 1236 2197 1306 potestis
2230 1234 2366 1290 bona
2389 1235 2686 1307 loqui,cum
2715 1236 2841 1290 sitis
2870 1236 3150 1306 nequam?
3180 1232 3246 1287 de
3277 1230 3626 1288 abundantia

1979 1325 2131 1380 enim
2160 1324 2337 1380 cordis
2367 1341 2426 1379 os
2458 1325 2660 1380 emittit
2691 1323 2752 1379 ⁸³.
2799 1324 2982 1379 Bonus
3034 1323 3194 1378 homo
3224 1322 3294 1378 de
3343 1322 3477 1377 bono
3507 1321 3624 1375 the-

1980 1429 2147 1468 sauro
2179 1414 2226 1448 “
2256 1415 2455 1470 emittit
2505 1413 2664 1481 bona,
2709 1423 2762 1469 et
2808 1429 3042 1485 nequam
3079 1413 3234 1467 homo
3279 1410 3343 1466 de
3382 1427 3625 1481 nequam

1981 1501 2238 1558 thesauro
2259 1504 2460 1559 emittit
2500 1519 2734 1574 nequam
2785 1502 2995 1572 (Matth.
3049 1519 3150 1568 x11,
3211 1502 3323 1567 34).
3384 1499 3548 1556 Unde
3572 1502 3629 1556 et

1983 1591 2143 1648 dives
2172 1590 2268 1646 ille
2290 1595 2579 1664 peccator,
2611 1591 2712 1663 qui
2754 1592 2822 1646 de
2862 1591 3076 1646 Lazaro
3110 1591 3166 1645 in
3218 1589 3350 1644 sinu
3381 1588 3624 1644 Abrahae

1983 1679 2193 1751 posito,
2241 1685 2417 1752 atque
2475 1680 2534 1735 in
2583 1679 2882 1753 refrigerio
2948 1679 3288 1746 constituto,
3353 1677 3630 1750 implorat

1984 1768 2285 1837 auxilium,
2318 1785 2453 1824 cum
2484 1768 2543 1823 in
2577 1769 2884 1824 tormentis
2909 1767 3344 1824 cruciabundus
3377 1766 3626 1822 flammas

217 1858 504 1914 solvenda
534 1875 802 1924 censura,
836 1857 1115 1929 quoniam
1177 1857 1454 1912 conviciis
1502 1857 1870 1923 infestamur,
1909 1893 1952 1956 Β
1981 1858 2300 1913 crementis
2356 1858 2505 1913 801
2544 1857 2853 1913 ardoribus
2891 1857 3175 1912 aduratur
3230 1857 3274 1891 ‘5
3322 1857 3476 1924 (Luc.
3509 1871 3626 1921 xvx,

219 1951 324 2002 aut
356 1946 676 2002 terroribus
707 1946 1040 2017 quatimur;
1077 1947 1311 2016 quando
1344 1951 1613 2001 occurrat
1660 1951 1717 2001 et
1752 1963 1874 2001 mo-

222 2039 364 2092 neat
394 2036 439 2070 ³⁵
465 2035 763 2103 Scriptura
792 2034 986 2088 divina
1034 2033 1234 2090 dicens
1261 2053 1273 2090 :
1307 2035 1407 2090 Illo
1455 2051 1581 2090 vero
1612 2036 1709 2106 qui
1730 2049 1878 2106 prae-

222 2125 396 2179 sumit
426 2133 478 2180 et
505 2127 806 2180 contumax
836 2127 914 2180 est
941 2124 1006 2191 ³⁸,
1029 2125 1116 2178 vir
1134 2126 1224 2178 sui
1232 2123 1632 2194 jactans,nihil
1658 2126 1880 2180 omnino

221 2214 492 2286 perﬁciet,
526 2215 623 2284 qui
649 2213 902 2268 dilatavit
931 2221 1192 2284 tanquam
1214 2215 1258 2248 ³⁷
1281 2215 1534 2282 infernus
1563 2214 1605 2247 ³⁸
1635 2215 1882 2269 animam

221 2319 390 2358 suam
416 2303 640 2375 (Hebae.
679 2319 740 2368 ιι,
772 2302 847 2374 5).
910 2303 978 2356 Et
1019 2305 1232 2357 iterum
1267 2305 1372 2358 :Et
1424 2302 1590 2358 verba
1618 2305 1729 2358 viri
1755 2319 1878 2373 pec-

219 2393 428 2448 catoris
455 2408 526 2447 ne
571 2393 892 2462 timueritis,
936 2392 1070 2464 quia
1119 2392 1304 2462 gloria
1349 2393 1466 2464 ejus
1525 2393 1586 2446 in
1639 2401 1883 2448 stercora

221 2480 384 2537 800
416 2481 525 2535 erit
548 2489 598 2536 et
634 2481 694 2534 in
731 2495 940 2535 vermes
982 2481 1028 2514 ³²
1083 2479 1213 2551 (89).
1276 2481 1451 2536 Hodie
1488 2481 1796 2549 eatolletur,
1827 2490 1883 2535 et

223 2586 350 2624 cras
381 2587 492 2625 non
533 2570 847 2624 invenietur
876 2586 895 2629 ;
924 2570 1182 2640 quoniam
1229 2584 1523 2624 conversus
1575 2579 1654 2625 est
1683 2572 1741 2624 in
1771 2574 1882 2625 ter-

221 2675 351 2714 ram
383 2659 498 2728 (90)
527 2675 712 2723 suam,
748 2662 798 2712 et
829 2659 1082 2729 cogitatio
1111 2659 1228 2729 ejus
1256 2659 1456 2729 peribit
1489 2659 1533 2693 ‘0
1564 2659 1612 2730 (Ι
1638 2659 1883 2715 Machab.

224 2763 292 2816 ιι,
347 2748 468 2818 62).
525 2751 592 2802 Et
650 2748 863 2802 iterum
916 2762 928 2800 :
1000 2747 1120 2801 Vidi
1165 2748 1400 2818 impium
1447 2748 1775 2820 exaltatum,
1833 2753 1886 2804 et

223 2838 426 2893 extolli
452 2851 614 2908 super
642 2836 830 2891 cedro:
862 2835 1100 2897 Libani;
1138 2843 1191 2891 et
1233 2835 1486 2902 transivi,
1533 2838 1585 2890 et
1629 2852 1746 2892 ecce
1773 2853 1884 2892 non

219 2927 374 2996 fuit;
403 2928 456 2980 et
484 2926 880 2998 quaesivieum,
914 2933 964 2979 et
990 2940 1102 2979 non
1130 2929 1207 2978 est
1249 2925 1510 2979 inventus
1565 2925 1712 2980 locus
1766 2927 1885 2997 ejus

223 3013 405 3086 (Psal.
428 3029 620 3081 xxxvx,
653 3013 762 3085 37).
786 3012 1070 3069 Exaltatio
1101 3016 1158 3068 et
1177 3011 1485 3080 inflatio,et
1516 3029 1795 3086 arrogans
1819 3030 1885 3070 ac

222 3120 296 3160 su
307 3103 490 3175 perba
493 3102 736 3173 jactatio
753 3119 865 3158 non
882 3101 1169 3158 deChristi
1184 3102 1520 3174 magisterio
1539 3103 1638 3174 qui
1656 3102 1886 3159 humili-

223 3196 413 3247 tatem
448 3192 634 3257 docet,
669 3191 770 3246 sed
801 3191 871 3246 de
889 3189 1234 3246 Antichristi
1265 3192 1474 3263 spiritu
1502 3193 1884 3260 nascitur,cui

226 3280 550 3352 exprobrat
577 3254 630 3316 ἠ’
655 3297 756 3351 per
787 3280 1130 3352 prephetam
1162 3254 1468 3345 Dominus,
1508 3286 1566 3336 et
1597 3281 1737 3337 dicit
1811 3283 1886 3337 Tu
1915 3254 1958 3322 C

227 3372 424 3424 autem
453 3369 649 3423 dixisti
679 3370 737 3423 in
766 3371 952 3424 animo
992 3377 1086 3423 tuo
1137 3386 1150 3423 :
1194 3370 1256 3424 In
1311 3367 1513 3424 cae/um
1568 3371 1884 3438 ascendam,

219 3474 400 3530 super
452 3457 643 3512 stellas
689 3458 788 3512 Dei
839 3473 1047 3526 ponam
1101 3457 1277 3513 sedem
1325 3476 1550 3527 meam;
1592 3461 1787 3516 sedebo
1828 3461 1889 3515 in

223 3550 420 3602 monte
448 3547 583 3613 alto,
615 3562 780 3618 super
805 3555 1017 3602 montes
1046 3547 1190 3601 altos
1217 3548 1602 3618 inaquilonem
1629 3551 1676 3584 ⁸³
1699 3567 1887 3606 ascen-

230 3635 369 3690 dam
400 3650 566 3706 super
590 3636 781 3700 nubes,
847 3650 939 3691 ero
993 3635 1199 3690 similis
1255 3636 1537 3693 Altizsimo
1585 3637 1711 3710 (Isa.
1772 3657 1885 3708 xw,

227 3725 303 3780 13
333 3728 393 3778 et
415 3724 523 3794 14).
566 3723 631 3778 Et
691 3722 918 3778 addidit
965 3723 1216 3780 dicens:
1252 3725 1326 3780 Tu
1380 3741 1504 3780 vero
1559 3727 1633 3782 ad
1680 3730 1888 3799 inferos

223 3813 523 3869 descendes
549 3813 607 3866 in
635 3811 1000 3886 fundamenta
1056 3817 1243 3883 terrae,
1289 3822 1342 3870 et
1393 3817 1489 3886 qui
1528 3817 1786 3874 videbunt
1816 3823 1888 3886 te,

222 3901 598 3957 mirabuntur
624 3917 789 3974 super
808 3909 860 3956 te
891 3901 1051 3974 (Ibid.
1085 3902 1195 3974 15).
1239 3902 1402 3963 Unde
1437 3920 1635 3976 parem
1669 3907 1888 3966 talibus

1985 1946 2101 2014 23),
2132 1945 2286 2002 inter
2315 1962 2520 2002 omnes
2547 1944 2806 2018 corporis
2838 1951 3031 2018 partes
3064 1944 3252 2018 magis
3300 1961 3365 2001 os
3394 1944 3524 2015 ejus
3572 1948 3630 1999 et

1985 2033 2191 2107 lingua
2217 2051 2418 2108 pmnas
2449 2036 2550 2091 dat
2581 2053 2594 2105 ;
2629 2035 2764 2107 quia
2793 2034 2924 2108 plus
2946 2033 3167 2091 scilicet
3196 2033 3402 2108 lingua
3429 2050 3539 2090 sua
3575 2035 3633 2088 et

1989 2139 2088 2180 ore
2121 2129 2474 2197 peccaverat.

2063 2307 2156 2357 IV.
2187 2302 2332 2358 Nam
2363 2318 2499 2358 cum
2531 2301 2814 2374 scriptum
2847 2302 2924 2357 sit
2955 2317 2967 2356 :
2999 2303 3179 2374 Neque
3224 2300 3492 2356 maledici
3546 2316 3632 2356 re-

1990 2409 2156 2462 gnum
2186 2393 2290 2447 Dei
2316 2401 2714 2464 consequentur
2757 2392 2802 2426 “
2861 2391 2909 2462 (l
2931 2390 3054 2448 Cor.
3079 2408 3154 2455 vx,
3187 2391 3298 2461 10),
3333 2393 3392 2445 et
3421 2389 3636 2444 iterum

1991 2482 2276 2537 Dominus
2307 2481 2364 2535 in
2397 2481 2705 2552 Evangelio
2737 2497 2842 2535 suo
2875 2481 3030 2535 dicat
3062 2497 3074 2535 :
3103 2481 3208 2549 Qui
3231 2480 3440 2534 dixerit
3468 2481 3640 2551 fratri

1991 2587 2109 2638 suo,
2146 2571 2350 2633 Fatue;
2389 2579 2439 2626 et
2481 2573 2578 2640 qui
2617 2570 2822 2625 dixerit
2849 2588 2869 2623 .·
2903 2576 3070 2640 .ttaca,
3122 2586 3247 2624 reus
3293 2571 3402 2624 erit
3444 2571 3500 2623 in
3540 2584 3636 2640 ge-

1993 2660 2228 2716 hennam
2255 2661 2297 2693 ‘7
2329 2660 2474 2727 ignis
2491 2660 2698 2727 (Matth.
2735 2676 2814 2727 Ill,
2866 2662 2982 2726 22),
3041 2658 3333 2729 quomodo
3391 2661 3641 2728 possunt

1993 2765 2300 2805 censuram
2333 2748 2562 2802 Domini
2598 2747 2804 2802 ultoris
2833 2748 2878 2782 ‘3
2907 2747 3168 2816 evadere,
3203 2748 3299 2818 qui
3335 2746 3442 2800 alia
3477 2746 3635 2818 inge-

1994 2843 2134 2893 runt
2182 2854 2296 2892 non
2343 2835 2532 2891 solum
2584 2835 2882 2901 fratribus,
2939 2837 3037 2890 sed
3097 2840 3154 2889 et
3193 2835 3632 2901 sacerdotibus;

1993 2926 2206 2999 quibus
2239 2925 2423 2981 honor
2452 2928 2650 2980 tantus
2681 2925 2749 2979 de
2780 2924 2878 2979 Dei
2912 2923 3248 2995 dignatione
3279 2923 3638 2987 conceditur,

1994 3021 2059 3070 ut
2092 3014 2360 3088 quisquis
2391 3012 2678 3069 sacerdoti
2709 3013 2837 3083 ejus
2883 3017 2942 3068 et
2971 3013 3040 3068 ad
3094 3015 3326 3084 tempus
3365 3011 3460 3066 hic
3483 3011 3640 3082 judi-

1993 3105 2147 3160 cauti
2179 3121 2294 3159 non
2315 3103 2766 3174 obtemperaret,
2801 3101 3000 3158 statim
3020 3105 3323 3157 necaretur
3354 3103 3456 3156 Pin
3490 3101 3637 3156 Deu-

1993 3192 2318 3251 teronomio
2337 3191 2597 3264 loquitur
2627 3191 2911 3247 Dominus
2936 3191 3088 3247 Deus
3119 3190 3318 3247 dicens
3352 3208 3365 3246 :
3398 3191 3461 3246 Et
3483 3191 3639 3247 homo

1995 3284 2309 3354 quicunque
2330 3282 2521 3353 fecerit
2554 3282 2614 3335 in.
2644 3279 2924 3351 superbia,
2985 3283 3043 3334 ut
3101 3295 3210 3334 non
3256 3278 3520 3334 exaudiat
3547 3296 3637 3332 sa-

1996 3372 2274 3428 cerdotem
2317 3378 2413 3424 aut
2458 3369 2695 3438 iudicem
2751 3370 3060 3442 quicunque
3109 3369 3281 3438 fuerit
3337 3369 3396 3422 in
3447 3366 3639 3422 diebus

1998 3460 2139 3527 illis,
2169 3459 2441 3515 morietur
2468 3459 2624 3514 homo
2656 3458 2752 3514 ille
2780 3474 2802 3520 ,·
2833 3463 2884 3513 et
2916 3458 3096 3513 omnis
3123 3457 3358 3529 populus
3385 3473 3510 3512 cum
3537 3473 3638 3511 au.

1997 3550 2188 3619 dierit,
2224 3549 2438 3604 timebit
2453 3564 2473 3608 ;
2504 3550 2554 3603 et
2578 3563 2688 3602 non
2720 3554 2880 3616 agent
2909 3547 3077 3618 impie
3095 3547 3262 3601 etiam
3290 3562 3436 3601 nunc
3460 3546 3638 3617 (Deut.

1996 3655 2136 3707 xvn,
2172 3639 2280 3706 12).
2315 3639 2458 3693 Item
2493 3637 2565 3692 ad
2598 3636 2954 3705 Samuelem,
2991 3652 3125 3691 cum
3175 3652 3208 3690 a
3231 3634 3449 3691 Judasis
3479 3652 3641 3707 sper-

1999 3733 2253 3798 neretur,
2305 3727 2459 3782 Deus
2508 3724 2696 3782 dicit:
2753 3726 2869 3781 Non
2923 3731 2975 3781 te
3020 3733 3365 3798 spreverunt,
3411 3725 3503 3781 sed
3558 3741 3644 3780 me

1997 3821 2318 3891 spreverunt
2347 3817 2395 3888 (l
2417 3817 2539 3886 Reg.
2572 3831 2695 3884 νιιι,
2751 3816 2828 3886 7).
2864 3815 2930 3870 Et
2975 3815 3262 3872 Dominus
3319 3831 3554 3886 quoque
3584 3815 3643 3870 in

1998 3907 2342 3981 Evangelio:
2377 3906 2492 3978 Qui
2519 3905 2682 3961 audit
2710 3920 2821 3976 vos,
2853 3903 3064 3977 inquit,
3099 3920 3182 3960 me
3206 3904 3367 3959 audit
3396 3904 3439 3938 ‘9
3459 3903 3572 3975 (91)
3595 3908 3648 3958 et

1668 4033 1871 4095 Variae
1900 4035 2219 4097 lectiones.

301 4142 352 4177 “
377 4141 528 4217 Fecit
551 4140 735 4217 Judas
771 4143 904 4217 Ver:
927 4143 1261 4217 Lam._Ebo_r.
1296 4143 1346 4198 Ν
1375 4143 1430 4199 C.
1457 4145 1515 4217 ,1.
1551 4146 1596 4180 ³⁵
1626 4149 1685 4202 In
1717 4157 1895 4205 vetere
1923 4167 2027 4206 ms.
2055 4149 2202 4205 Cotb.
2255 4147 2598 4203 desideratur
2627 4143 2930 4217 Scriptura
2980 4144 3196 4199 divina.
3227 4144 3271 4179 ³⁸
3319 4143 3647 4198 Contumax

227 4217 346 4289 est,
380 4211 603 4289 viribus
634 4213 758 4289 suis
789 4212 918 4289 Bod.
957 4214 1161 4289 1.‘Lin.
1194 4215 1244 4270 N
1273 4217 1328 4270 ϐ.
1351 4217 1414 4289 71.
1448 4216 1490 4289 i7
1522 4217 1828 4289 Tanquam
1863 4221 2033 4278 inferi
2053 4224 2206 4276 Lam.
2235 4221 2357 4275 Lin.
2389 4219 2548 4274 Ebor.
2583 4217 2706 4273 NG.
2743 4211 2792 4272 1'.
2845 4216 2900 4289 3‘?
2939 4217 3004 4289 In
3057 4217 3243 4271 eodem
3302 4232 3424 4289 ηις.Δ
3467 4218 3644 4289 exstat

221 4285 496 4340 inferus:
530 4285 591 4338 in
612 4285 783 4339 altero
812 4287 954 4339 utin
999 4284 1135 4340 Corb
1209 4293 1260 4342 et

345 4300 514 4367 trusi
530 4286 591 4338 in
612 4286 799 4367 alterq
812 4293 872 4339 ut
895 4287 954 4339 in
999 4286 1168 4367 Corb_
1209 4293 1277 4367 et.
1303 4286 1830 4367 pluribus_A_nglic.
1883 4292 2075 4367 inferi.
2110 4294 2155 4367 3?
2188 4291 2258 4367 U_t
2307 4307 2533 4367 vermes
2576 4289 2746 4367 hodie
2792 4287 2946 4367 βοάζ
3084 4289 3128 4367 ξο
3184 4286 3468 4367 ﬂagitatis
3517 4287 3645 4367 ejuﬁ

227 4355 452 4436 peribit
478 4355 729 4436 09901..“
761 4358 941 4419 Quem
976 4355 1464 4436 exprobratDod.
1489 4355 1870 4436 3._"_Montes
1901 4363 2191 4436 aquilonis
2223 4365 2380 4436 Lam.
2413 4363 2572 4418 Ebor.
2595 4361 2645 4436 Ii:
2693 4361 2748 4436 (_2.
2795 4361 2849 4436 _1.
2885 4359 3054 4436 ‘Bodt
3088 4360 3142 4436 _2.
3220 4355 3274 4436 ’f“
3305 4357 3397 4436 _Os
3431 4355 3611 4436 _loq’ui

2910 4359 3039 4414 Bod.
3088 4360 3142 4413 2.
3220 4359 3264 4394 ⁸³
3322 4357 3397 4413 Os
3457 4357 3646 4428 loqui-

222 4425 332 4482 tur
352 4428 480 4481 Lin.
512 4427 558 4461 “
604 4425 903 4483 Thesauro
927 4425 1120 4483 cordis
1175 4431 1300 4486 Lin.
1335 4431 1378 4464 ⁴⁵
1441 4432 1762 4490 Ardoribus
1812 4425 2082 4493 aduritur
2127 4437 2281 4490 Lam.
2309 4435 2470 4490 Ebor.
2527 4437 2574 4489 N
2607 4431 2663 4486 Β.
2697 4432 2718 4488 l
2785 4430 2915 4486 Bod.
2946 4431 2994 4484 1.
3031 4430 3394 4486 Adurebaiur
3425 4425 3555 4486 Bodl
3590 4429 3643 4485 l.

225 4501 276 4576 ff
308 4498 411 4576 Dei
441 4498 1012 4576 _possidebu_nt_N§.
1045 4501 1099 4576 2,
1136 4497 1245 4576 _lin.
1288 4501 1330 4535 ‘7
1375 4505 1525 4558 Reus
1579 4505 1858 4576 gehennae
1917 4510 2053 4564 Voss.
2086 4508 2139 4562 2.
2193 4506 2331 4562 Bod.
2363 4506 2418 4571 3,
2469 4505 2510 4539 ⁵⁸
2573 4501 2877 4558 υοῐηίηἱοω
2939 4501 3179 4558 ultionis
3256 4501 3386 4557 Bod.
3446 4502 3500 4556 3.

220 4572 276 4606 ‘°
301 4571 403 4626 Sic
431 4571 586 4625 Lam.
613 4571 734 4625 Lin.
761 4570 892 4625 Bod.
939 4572 996 4628 2.
1025 4572 1204 4626 Audit
1233 4577 1290 4627 et
1321 4589 1454 4629 eum
1491 4570 1716 4646 quime
1749 4579 1910 4635 misit
1940 4581 2058 4651 Rig.

1682 4703 2012 4764 Variorum
2046 4707 2236 4764 notae.

309 4800 426 4873 (88)
448 4801 957 4878 (Absentiminari.
991 4802 1893 4878 gyprianonimirum.Felicissi-
1924 4810 1973 4874 D
2007 4810 2183 4865 nibus
2216 4807 2432 4864 nostris
2465 4823 2607 4862 mss.
2643 4806 3253 4878 restituimuperibit,
3277 4807 3430 4878 quod
3463 4811 3519 4862 et
3547 4806 3650 4863 lib.

227 4871 378 4929 mus
409 4871 591 4948 et_alii
623 4873 884 4948 quicum
909 4889 974 4948 eo
1007 4871 1248 4930 Romam
1284 4878 1522 4948 profecti
1553 4879 1892 4935 erantmul—

227 4950 300 5025 Ea
330 4943 530 5025 turpia
546 4949 602 5000 et
615 4943 896 5025 probrosa
908 4945 1188 5025 adversus
1201 4943 1333 5025 eum
1355 4948 1720 5025 protulerant
1737 4952 1893 5025 apud

221 5014 816 5081 Corneliumfminas
846 5016 1020 5072 etiam
1042 5014 1622 5077 intentantesMirari
1656 5039 1716 5076 se
1749 5014 1892 5078 scri-

354 5087 677 5168 Cyprianus
709 5088 862 5168 quod
895 5087 1005 5154 illi,
1027 5089 1280 5168 quicum
1295 5100 1492 5168 essent
1520 5094 1890 5168 Carthagine,

222 5158 364 5214 illic
399 5158 531 5214 eum
567 5158 860 5214 habebant
908 5158 1275 5230 praesentem,
1315 5165 1556 5219 Romam
1612 5158 1893 5222 adversus

220 5245 377 5306 eum
403 5230 802 5306 navigaverint
831 5234 888 5286 et
919 5232 990 5306 ad
1055 5233 1206 5288 Petri
1247 5235 1444 5306 sedem
1503 5242 1676 5306 atque
1710 5239 1892 5293 eccle-

216 5301 391 5358 siam
425 5301 831 5374 principalem,
865 5303 1180 5374 utipestea
1227 5304 1400 5366 dicet.
1438 5324 1470 5361 a
1501 5301 1895 5364 schismalicis

217 5377 293 5429 et
324 5373 587 5444 profanis
612 5373 836 5428 litteras
883 5373 1181 5430 tulissent.
1235 5377 1328 5433 Sic
1373 5377 1620 5434 Ruﬁnus
1651 5380 1707 5433 in
1744 5380 1894 5436 libro

216 5442 659 5522 épblogiarum
705 5462 947 5522 suarum
1006 5447 1287 5504 adversus
1342 5449 1756 5522 Hieronymum
1792 5453 1891 5513 ait.

216 5517 506 5594 Elegisset
536 5517 807 5570 absentem
835 5517 1077 5594 Lacerare
1102 5536 1262 5591 quem
1285 5523 1470 5592 potuit
1499 5517 1732 5594 gravius
1763 5541 1891 5579 con-

213 5587 436 5664 futare
463 5596 811 5664 praesentem.
837 5587 969 5664 BAL.

314 5659 429 5729 (89)
463 5661 523 5712 In
563 5667 803 5714 stercora
845 5662 952 5716 erit
999 5664 1049 5716 et
1102 5664 1162 5716 in
1205 5679 1428 5718 vermes.
1492 5663 1659 5719 Corb.
1717 5683 1830 5720 ms.
1864 5683 1899 5720 a

213 5730 506 5790 secunda
535 5746 736 5798 manu,
765 5737 828 5786 ut
852 5735 1108 5803 stercora,
1134 5738 1195 5789 ut
1221 5751 1452 5792 vermes.
1492 5735 1646 5792 Infra
1681 5753 1751 5794 ex
1772 5753 1896 5794 om-

2006 4899 2068 4938 ni
2099 4880 2416 4936 Testimou.
2450 4896 2501 4934 c.
2533 4881 2591 4943 5,
2625 4879 2723 4934 ubi
2753 4878 2904 4933 idem
2938 4878 3099 4934 locus
3130 4898 3164 4934 a
3201 4880 3487 4950 Cypriane
3510 4879 3649 4934 cita-

2007 4958 2122 5022 tur,
2156 4953 2213 5008 in
2247 4951 2719 5024 plerisquemss.
2756 4950 2980 5024 _haberi
3027 4950 3382 5024 Oxonienses
3424 4954 3650 5024 notant,

2005 5021 2273 5098 quamvis
2306 5021 2603 5079 cum‘aliis
2633 5021 2804 5078 editis
2826 5023 2995 5092 periit
3013 5023 3324 5094 utrobique
3345 5021 3650 5076 retineant.

2006 5099 2214 5152 Cousr.

2076 5169 2188 5237 (90)
2235 5166 2532 5222 Conversus
2578 5173 2657 5220 est
2705 5166 2766 5220 in
2820 5168 3045 5219 terram.
3099 5165 3288 5220 Codex
3341 5163 3650 5220 Gratiano-

2009 5239 2326 5308 politanus,
2359 5241 2662 5294 Conversus
2705 5243 2784 5292 est
2843 5239 2903 5291 in
2957 5251 3271 5292 aerumnam
3321 5240 3373 5290 et
3417 5239 3650 5290 terram.

2007 5312 2214 5367 BALUZ.

2075 5384 2204 5453 (9t)
2232 5382 2311 5436 Me
2351 5379 2527 5435 audit.
2584 5382 2645 5435 In
2695 5377 2865 5453 edit._
2894 5379 3073 5434 Oxon.
3135 5379 3229 5433 hic
3285 5378 3520 5434 additur
3555 5380 3655 5453 qui

2005 5470 2096 5509 me
2124 5449 2305 5520 audit,
2339 5457 2395 5507 et
2428 5468 2561 5504 mox
2595 5454 2726 5522 post
2754 5451 2928 5505 verba
2953 5467 3041 5506 me
3096 5453 3296 5521 rejicit,
3335 5468 3471 5506 cum
3500 5449 3650 5522 (aliis

2007 5525 2342 5594 subjicitur,
2375 5523 2468 5593 qui
2496 5521 2843 5594 me’rejicit,
2898 5523 3101 5594 rejicit.
3157 5523 3341 5593 Magis
3397 5521 3510 5578 sibi
3554 5537 3650 5594 co-

2005 5591 2493 5676 hiererqvisu—enst
2517 5591 2709 5676 lectio,
2750 5591 3054 5676 quam'ex
3091 5591 3290 5676 vetere
3325 5611 3434 5650 ms.
3487 5591 3646 5676 qub.

2005 5669 2098 5722 cui
2123 5674 2176 5722 et
2204 5665 2372 5724 Corb.
2416 5666 2587 5734 favet,
2621 5665 3026 5735 exprimimus.
3087 5667 3418 5723 Consum;
3442 5697 3507 5706 --—
3538 5666 3654 5718 An-

2006 5739 2084 5812 gli
2127 5740 2211 5795 sic
2251 5738 2408 5793 hunc
2458 5736 2654 5794 locum
2710 5741 3032 5808 posuerunt
3088 5737 3146 5793 in
3195 5753 3305 5794 sua
3351 5737 3658 5795 editione:
