4102 6180
335 317 450 376 833

1825 313 2250 379 ΕΡΙΒΤΟΜΕ.

3622 333 3740 396 834

333 447 632 519 spondens
684 445 836 502 801
892 445 975 502 ait
1007 459 1018 491 τ
1056 445 1304 515 Domine,
1356 445 1432 502 ad
1453 463 1614 520 quem
1663 446 1866 503 ibim-us
1897 451 1986 502 79?
2011 461 2062 528 Α
2097 455 2305 518 struat,
2355 453 2601 511 dicens:
2637 456 2700 512 Si
2740 456 3058 515 hominibus
3109 460 3152 496 ⁷⁷
3192 463 3485 536 placerem,
3531 464 3740 523 Christ:

333 536 497 590 verba
528 537 657 591 vita?
685 541 914 592 mla-nae
941 535 1142 600 habes;
1169 539 1220 590 et
1249 552 1346 591 nos
1375 537 1665 605 credimus,
1697 541 1751 592 et
1781 554 1979 606 cogno-

332 627 512 680 vimus
542 626 804 696 quoniam
838 628 897 679 tu
927 641 980 680 es
1013 626 1184 680 Filius
1223 625 1320 680 Dei
1368 627 1478 680 vivi
1527 626 1601 698 (9)
1653 627 1869 698 (Joann.
1904 644 1978 697 Vi,

331 715 424 784 69)
461 732 473 768 :
508 713 850 785 significans
890 713 1109 769 scilicet
1158 719 1213 768 et
1263 715 1578 770 ostendens
1628 731 1746 786 eos,
1801 716 1900 788 qui
1952 732 1984 770 a

334 801 560 858 Christo
610 802 978 873 recesserint,
1029 801 1202 873 culpa
1247 819 1356 858 sua
1404 803 1631 876 perire;
1666 803 1981 860 Ecclesiam

335 895 527 946 tamen
553 907 680 962 quae
701 890 762 946 in
784 891 1079 946 Christum
1094 890 1378 962 credat,et
1399 907 1526 962 quae
1549 891 1730 948 semel
1750 892 1808 947 id
1825 891 1982 964 quod

333 979 666 1052 cognoverit
697 983 904 1048 teneat,
946 995 1250 1051 nunquam
1308 979 1381 1034 ab
1423 996 1488 1035 eo
1519 980 1758 1037 omnino
1789 981 1982 1036 disce-

337 1068 480 1124 dere
510 1069 592 1136 73;
625 1073 681 1124 et
710 1085 809 1124 eos
856 1084 984 1124 esse
1033 1066 1372 1139 Ecclesium,
1417 1067 1518 1139 qui
1559 1068 1616 1123 in
1665 1069 1837 1126 domo
1882 1069 1982 1125 Dei

335 1160 722 1228 permanent;
773 1156 1196 1228 plantationem
1244 1173 1378 1213 vero
1426 1156 1748 1230 plantatam
1793 1175 1826 1214 a
1867 1158 1981 1213 Deo

333 1246 506 1302 Patre
531 1262 646 1301 non
678 1262 806 1301 esse
835 1244 1042 1318 (Matth.
1075 1263 1166 1312 xv,
1202 1246 1313 1317 13),
1346 1262 1493 1317 quos
1546 1247 1813 1303 videmus
1866 1264 1982 1304 non

334 1335 614 1390 frumenti
645 1335 962 1390 stabilitate
991 1335 1251 1407 solidari,
1302 1336 1403 1390 sed
1453 1340 1736 1408 tanquam
1786 1336 1982 1408 paleas

333 1423 684 1494 dissipantis
711 1423 932 1479 inimici
965 1423 1175 1495 spiritu
1215 1423 1506 1492 ventilari,
1559 1425 1629 1480 de
1678 1425 1895 1498 quibus
1925 1429 1982 1482 et

330 1510 590 1568 Joannes
622 1512 680 1567 in
728 1511 982 1584 Epistola
1003 1529 1125 1596 sua
1171 1511 1318 1567 dixit
1351 1527 1363 1568 :
1391 1514 1475 1569 Ex
1519 1513 1674 1570 nobis
1703 1515 1982 1599 exierunt,

331 1601 427 1657 sed
455 1617 567 1658 non
594 1607 822 1673 [uerunt
852 1617 922 1657 ex
950 1589 1150 1670 nobis;
1177 1603 1229 1656 si
1255 1602 1408 1658 enim
1446 1603 1682 1674 [uissent
1706 1620 1778 1660 ex
1803 1589 1980 1675 nobis,

334 1695 666 1747 mansissent
694 1691 975 1747 nobiscum
1005 1690 1119 1763 (10)
1153 1691 1203 1764 (Ι
1220 1691 1449 1757 Ιοαη.ιι,
1509 1693 1616 1764 19).
1653 1694 1796 1749 Item
1827 1698 1983 1751 Pau-

333 1779 432 1836 lus
464 1785 664 1836 monet
694 1797 820 1848 nos,
866 1797 1000 1836 cum
1050 1778 1195 1836 mali
1235 1781 1304 1836 de
1353 1780 1613 1837 Ecclesia
1642 1786 1886 1854 pereunt
1914 1784 1980 1852 7‘,

336 1887 456 1926 non
508 1869 747 1937 moveri,
785 1886 887 1926 nec
929 1869 1335 1926 recedentibus
1382 1870 1619 1942 perfidis
1664 1871 1839 1928 fidem
1873 1872 1980 1928 mi-

339 1960 440 2014 nui
479 1976 492 2014 :
525 1959 669 2028 Quid
697 1960 866 2026 enim,
902 1958 1113 2030 inquit,
1143 1961 1196 2014 si
1215 1959 1534 2015 exciderunt
1564 1977 1597 2015 a
1625 1959 1731 2031 ﬁde
1761 1960 1983 2033 quidam

334 2065 547 2116 eorum,
575 2048 824 2120 nunquid
849 2048 1156 2118 inﬁdelitas
1194 2049 1419 2104 illorum
1467 2049 1624 2120 ﬁdem
1658 2051 1756 2106 Dei
1783 2051 1828 2085 ⁷⁵
1855 2067 1978 2107 θυα-

334 2140 520 2194 cuavz’t
547 2138 743 2193 .9Absit
771 2154 789 2191 :
820 2141 899 2194 est
943 2140 1092 2193 enim
1139 2139 1276 2193 Deus
1320 2154 1509 2206 verax,
1560 2141 1738 2196 omnis
1788 2151 1982 2197 autem

332 2229 492 2284 homo
523 2227 760 2282 mendax
790 2227 963 2299 (Rom.
999 2243 1079 2296 ui,
1111 2227 1184 2298 4).

407 2317 552 2372 Vili.
599 2317 760 2383 Quod
795 2333 830 2371 a
860 2331 966 2371 nos
997 2315 1227 2386 attinet,
1277 2315 1644 2373 conscientia)
1694 2323 1907 2376 nostris
1935 2321 1979 2356 ⁷⁵

331 2405 624 2472 convenit,
661 2406 836 2460 frater
864 2403 1230 2472 ebarissime,
1271 2406 1410 2461 dare
1439 2423 1696 2478 operam,
1742 2425 1813 2464 ne
1845 2410 1978 2480 quis

332 2495 506 2569 culpa
536 2499 738 2550 nostra
767 2493 838 2549 de
869 2492 1123 2549 Ecclesia
1143 2494 1424 2565 pereat.Si
1446 2499 1642 2552 autem
1675 2497 1806 2568 quis
1827 2496 1976 2554 ultro

335 2590 395 2641 et
427 2583 672 2640 crimine
701 2599 808 2639 suo
841 2583 1159 2654 perierit,et
1187 2583 1585 2654 paenitentiam
1613 2602 1782 2658 agere
1802 2592 1978 2659 atque

335 2675 408 2730 ad
460 2671 776 2729 Ecclesium
829 2673 1016 2728 redire
1065 2671 1338 2742 noluerit,
1390 2691 1497 2729 nos
1546 2674 1602 2729 in
1653 2675 1976 2746 diejudieii

336 2763 665 2836 inculpatos
715 2763 962 2831 futuros,
995 2762 1095 2833 qui
1146 2762 1512 2818 consulimus
1555 2764 1813 2831 sanitati,
1847 2766 1974 2822 illos

332 2854 394 2908 in
430 2852 615 2925 pcenis
648 2868 1041 2919 remansuros,
1073 2851 1171 2923 qui
1207 2851 1499 2907 noluerint
1534 2853 1762 2908 consilii
1796 2855 1977 2910 nostri

335 2942 686 2998 salubritate
718 2939 1054 2995 sanari.Nec
1089 2956 1314 2994 movere
1338 2957 1442 2996 nos
1473 2942 1687 2996 debent
1718 2945 1978 3000 convicia

334 3030 717 3103 perditorum,
751 3028 904 3083 808
935 3027 1252 3099 quominus
1284 3047 1318 3084 a
1348 3029 1438 3084 via
1485 3035 1642 3085 recta
1670 3035 1726 3086 et
1757 3050 1790 3087 a
1819 3038 1977 3089 certe.

335 3119 538 3193 regula
589 3135 705 3174 non
749 3119 1112 3188 recedamus,
1162 3118 1395 3188 quando
1441 3122 1498 3174 et
1543 3120 1855 3191 Apostolus
1885 3123 1972 3179 in-

2092 557 2277 597 servus
2303 559 2412 598 non
2439 561 2609 602 essem
2638 545 2840 618 (Galat.
2877 565 2894 604 1
2926 551 3033 623 10).
3068 550 3317 611 Interest
3347 560 3546 615 utrum
3606 560 3739 632 quis

2091 629 2359 687 homines
2392 637 2730 705 promereri,
2767 655 2837 692 an
2871 643 3048 696 Deum
3079 642 3362 715 cupiat.Si
3393 646 3737 707 hominibus

2093 719 2371 791 placetur,
2407 723 2690 781 Dominus
2720 726 3036 784 offenditur
3066 751 3080 797 ς
3125 732 3172 787 si
3205 749 3335 790 vero
3367 734 3424 791 id
3457 737 3739 795 enitimur

2091 812 2149 864 et
2177 808 2548 869 elaboramus
2579 818 2644 869 ut
2675 815 2970 887 possimus
2991 819 3106 876 Deo
3138 821 3449 894 placere,et
3477 827 3737 885 convicia

2092 903 2150 954 et
2179 898 2491 958 maledicta
2520 903 2803 960 debemus
2836 906 3090 964 humana
3119 917 3510 971 contemnere.

2163 987 2428 1052 [Χουθᾶ
2461 994 2656 1047 autem
2689 993 2793 1049 tibi
2825 995 2895 1050 de
2931 997 3240 1056 Fortunato
3270 1001 3382 1074 (11)
3415 1003 3526 1060 isto
3557 1022 3730 1078 pseu-

2093 1076 2502 1150 doepiscopo,a
2529 1081 2730 1152 paucis
2760 1087 2818 1139 et
2844 1083 3181 1144 inveteratis
3211 1089 3496 1150 haereticis
3517 1076 3736 1154 consti-

2089 1169 2239 1232 tuto,
2273 1184 2386 1223 non
2418 1170 2618 1226 statim
2652 1171 2882 1244 scripsi,
2917 1175 3094 1231 frater
3123 1178 3487 1252 charissima,
3522 1201 3635 1241 non
3667 1202 3736 1243 ea

2091 1271 2184 1309 res
2212 1260 2355 1322 erat,
2390 1273 2518 1328 quis
2550 1258 2608 1314 in
2668 1262 2937 1318 notitiam
2986 1268 3152 1322 tuam
3209 1267 3448 1325 deberet
3498 1289 3599 1344 per
3629 1291 3734 1332 nos

2093 1342 2366 1402 festinato
2399 1347 2594 1403 statim
2612 1350 2779 1420 quasi
2797 1360 3117 1423 magnaaut
3138 1360 3451 1416 metuenda
3469 1342 3732 1434 perferri;

2091 1432 2343 1490 maxime
2399 1438 2630 1509 quando
2678 1444 2735 1494 et
2801 1440 3100 1498 Fortunati
3154 1462 3364 1503 nomen
3406 1432 3534 1520 jam
3564 1432 3737 1510 satis

2092 1539 2318 1591 nosses,
2353 1525 2452 1596 qui
2485 1530 2574 1581 est
2603 1544 2757 1584 unus
2805 1546 2874 1584 ex
2921 1531 3181 1604 quinque
3232 1539 3583 1612 presbyteris
3605 1543 3733 1614 jam

2093 1611 2318 1684 pridem
2361 1614 2433 1670 de
2485 1616 2736 1672 Ecclesia
2785 1620 3046 1692 protugis
3077 1624 3209 1694 (i2).
3261 1633 3318 1681 et
3375 1611 3664 1687 sententia
3690 1633 3734 1668 ⁷⁸

2092 1703 2568 1775 coepiscoporum
2600 1711 2960 1779 nostrorum,
2994 1711 3314 1770 multorum
3365 1722 3419 1772 et
3449 1721 3732 1791 gravissi-

2094 1808 2324 1847 morum
2357 1793 2613 1852 virorum
2647 1814 2832 1868 nuper
2853 1798 3138 1857 abstentis
3163 1819 3176 1870 ;
3201 1804 3300 1875 qui
3328 1823 3506 1879 super
3533 1809 3642 1866 hae
3673 1829 3734 1870 re

2094 1880 2284 1952 priore
2315 1899 2466 1939 anno
2499 1885 2570 1940 ad
2603 1891 2657 1941 te
2686 1885 2907 1943 litteras
2938 1888 3200 1947 fecerunt
3229 1910 3242 1948 :
3277 1895 3414 1952 item
3451 1898 3735 1958 Felieissi-

2093 1986 2254 2025 mum
2304 1971 2649 2044 signiferum
2701 1976 3003 2033 seditionis
3055 1996 3514 2054 recognosceres,
3547 1991 3644 2061 qui
3678 1996 3734 2049 et

2091 2058 2214 2130 ipse
2243 2059 2304 2115 in
2336 2061 2544 2117 iisdem
2577 2065 3053 2137 coepiscoporum
3100 2077 3432 2130 nostrorum
3463 2058 3632 2135 factis
3659 2083 3732 2138 ad

2088 2151 2144 2202 te
2176 2149 2402 2220 pridem
2439 2150 2647 2210 litteris
2695 2156 3026 2211 continetur
3059 2175 3072 2213 :
3100 2160 3201 2230 qui
3252 2179 3365 2218 non
3398 2169 3627 2224 tantum
3660 2171 3733 2226 ab

2089 2235 2161 2294 iis
2191 2238 2323 2294 istic
2353 2241 2679 2311 abstentus,
2707 2245 2807 2298 sed
2836 2249 2892 2300 et
2921 2246 3024 2302 abs
3055 2253 3110 2302 te
3139 2248 3258 2305 illic
3290 2269 3477 2325 nuper
3529 2259 3598 2313 de
3628 2259 3731 2316 Ec-

2088 2326 2266 2384 clesia
2297 2327 2502 2400 pulsus
2534 2335 2642 2386 est.
2677 2331 2818 2387 Cum
2849 2333 2970 2389 hzee
3000 2335 3058 2390 in
3075 2339 3280 2395 notitia
3310 2345 3410 2396 tua
3439 2359 3565 2402 esse
3595 2364 3733 2406 cono

2088 2416 2348 2484 ﬁderem,
2384 2422 2440 2473 et
2470 2435 2572 2489 pro
2591 2425 2748 2476 certo
2773 2420 2987 2478 haerere
3011 2428 3303 2482 memoriae
3331 2433 3387 2485 et
3411 2432 3731 2507 disciplina:

2086 2508 2197 2560 tuas
2231 2506 2442 2562 scirem
2478 2524 2490 2562 :
2527 2509 2920 2566 necessarium
2956 2529 3071 2568 non
3121 2517 3344 2587 putavi,
3382 2506 3648 2580 celeriter
3673 2531 3732 2584 et

2088 2599 2361 2665 urgenter
2405 2595 2805 2653 haereticorum
2871 2599 2974 2655 tibi
3029 2602 3279 2675 ineptias
3349 2612 3731 2676 nuntiandas.

2085 2683 2284 2754 Neque
2312 2683 2467 2739 enim
2499 2687 2570 2739 ad
2603 2687 2900 2743 catholicas
2933 2690 3198 2747 Ecclesiae
3227 2696 3596 2766 majestatem
3632 2723 3730 2776 pa-

2087 2776 2226 2828 riter
2257 2789 2321 2828 ac
2353 2773 2696 2844 dignitatem
2732 2778 3019 2848 pertinere
3067 2782 3257 2848 debet,
3311 2788 3451 2856 quid
3484 2773 3646 2862 apud
3670 2813 3732 2853 se

2085 2862 2487 2918 haeretleorum
2521 2867 2576 2918 et
2604 2863 3086 2923 ebismaticorum
3120 2873 3270 2926 809
3322 2877 3598 2935 moliatur
3625 2900 3732 2942 au-

2086 2951 2271 3007 dacia.
2304 2951 2448 3006 Nam
2481 2957 2536 3006 et
2566 2970 2701 3023 pars
2734 2954 3030 3011 Novatiani
3074 2959 3118 2993 79
3145 2962 3460 3022 Maximum
3493 2972 3731 3045 presby-

2084 3043 2492 3112 terum,nuper
2521 3042 2592 3096 ad
2629 3059 2734 3098 nos
2765 3061 2796 3098 a
2829 3045 3146 3102 Novotiano
3169 3049 3423 3122 legatum
3459 3042 3727 3135 missum,

2086 3132 2260 3200 atque
2277 3148 2310 3185 a
2333 3143 2532 3186 nostra
2553 3133 3080 3191 communicatione
3103 3140 3406 3214 rejectum,
3427 3163 3582 3206 nunc
3597 3132 3732 3210 iam}

1758 3226 1959 3290 Varia:
1989 3230 2305 3295 lectiones.

400 3323 444 3356 ⁷³
474 3321 557 3377 Ad
592 3337 767 3392 quem
801 3319 957 3375 imus
987 3320 1144 3376 Dum.
1168 3320 1334 3392 ,Ebor.
1370 3321 1490 3376 Lz'n.
1539 3321 1604 3378 N.
1640 3320 1696 3377 C.
1751 3325 1799 3379 1.

329 3399 545 3450 exeunt
575 3391 728 3447 Lam.
763 3392 926 3446 Ebor.
958 3392 1022 3446 Ν.
1060 3393 1116 3446 (ἰ.
1152 3391 1203 3446 ιΙ.
1237 3392 1367 3448 Bod.
1404 3393 1455 3446 1.

1876 3325 1922 3361 ’⁷³
1964 3328 2048 3383 Ab
2081 3345 2146 3385 eo
2195 3331 2490 3388 discedere
2542 3333 2694 3389 Lam.
2744 3335 2906 3391 Ebor.
2956 3339 3019 3394 Ν.
3066 3339 3122 3398 C.
3157 3341 3208 3400 ~l.

1531 3394 1575 3427 75
1607 3394 1761 3451 Corb.
1796 3413 1895 3452 ms.
1932 3403 2179 3457 evaeuit.
2219 3403 2392 3459 Vetus.
2428 3405 2584 3460 Coro.
2635 3408 2957 3464 evacuabit.

3287 3345 3332 3380 7‘
3363 3347 3444 3405 De
3476 3351 3732 3412 Ecclesia

3035 3411 3080 3446 ⁷⁸
3108 3416 3478 3477 conscientia
3511 3411 3725 3484 nostras

327 3467 484 3521 Lam.
515 3465 579 3520 Ν.
615 3463 1112 3556 ςδιῖΕὺονᾌροιί.
1146 3464 1199 3556 13;
1246 3465 1408 3556 "77‘Si
1434 3464 2010 3556 h’pminibusﬂinquit
2045 3475 2198 3556 ngn.
2251 3475 2420 3531 Ebor.
2463 3477 2525 3531 N.
2585 3479 2644 3535 C.
2677 3479 2728 3547 1,
2787 3463 3018 3536 Placere
3065 3463 3478 3549 véiié'xif
3511 3463 3731 3556 "dash?

330 3541 387 3592 et
418 3534 726 3592 sententiis
759 3535 907 3590 Lam.
941 3535 1207 3608 Ebor.‘N.
1243 3535 1298 3590 ο.
1335 3537 1382 3592 1.
1454 3537 1498 3570 79
1530 3537 1731 3593 Parem
1765 3534 2064 3598 Novatiani
2102 3545 2222 3602 Ver.

1757 3646 2088 3711 Variorum
2120 3658 2311 3714 nota.

334 3736 1149 3816 sulere_.caeteros_apostolos
1198 3753 1290 3816 ae_
1320 3754 1522 3816 rogare
1570 3755 1838 3816 quaenam
1885 3759 1976 3799 es-
2009 3749 2050 3816 C

335 3816 468 3867 sent
514 3807 749 3865 illorum
783 3807 1003 3883 Ade'ea
1033 3826 1118 3883 _re
1169 3807 1472 3865 sententiae
1527 3807 1604 3867 ac
1649 3813 1972 3883 opiniones.

335 3883 495 3939 Satis
545 3881 702 3937 enim
770 3881 952 3936 fuisse
990 3880 1219 3936 Christo
1286 3883 1519 3937 Petrum
1591 3880 1769 3939 fuisse
1816 3884 1980 3942 locu-

335 3963 464 4010 tum
515 3958 570 4008 et
615 3952 753 4012 quid
807 3953 880 4007 de
927 3953 1041 4008 {ide
1089 3955 1461 4009 sentiendum
1528 3961 1682 4010 esset
1748 3955 1978 4012 clavum

337 4028 553 4081 ﬁxisse.
597 4024 726 4079 Haec
757 4024 1095 4080 diverticula
1125 4030 1181 4080 et
1217 4029 1540 4086 anl'raetus,
1595 4034 1656 4081 ut
1684 4027 1765 4081 ait
1795 4030 1977 4092 Quin-

333 4099 600 4160 tilianus,
659 4096 939 4167 suifragia
1008 4100 1149 4176 sunt
1209 4096 1590 4176 inﬁrmitatis.
1643 4101 1978 4176 Eiiplieatio

329 4171 492 4225 enim
525 4169 623 4222 illa
651 4167 1196 4253 longiusareessita
1225 4174 1334 4253 est,
1369 4173 1424 4223 et
1456 4167 1842 4253 paraphrasis.
1870 4173 1977 4253 Ba-

329 4242 482 4296 ronii
515 4239 1049 4314 parumAiirmitatis
1080 4240 1252 4314 habet
1282 4240 1338 4294 in
1371 4239 1560 4314 verbis
1581 4239 1974 4314 Evangelistae.

331 4313 486 4368 Illud
518 4309 702 4366 unum
735 4309 873 4364 hinc
904 4310 1096 4382 colligi
1128 4315 1337 4382 potest,
1371 4311 1605 4366 Petrum
1640 4309 1789 4369 recte
1820 4315 1976 4371 locu-

331 4391 459 4439 tum
488 4388 881 4465 esse,c_aeteros
913 4384 1208 4468 apostolos
1240 4382 1386 4438 nihil
1429 4390 1733 4468 propterea
1763 4387 1980 4468 dinisse

329 4463 387 4512 et
407 4455 808 4510 taciturnitate
829 4471 936 4526 sua
963 4455 1240 4526 probasse
1262 4471 1387 4526 qua:
1409 4472 1442 4509 a
1474 4459 1638 4511 Petro
1663 4458 1805 4512 bene
1823 4459 1978 4512 dicta

327 4534 518 4583 erant.
550 4527 658 4580 Sed
693 4543 805 4579 non
838 4525 972 4580 inde
1011 4525 1416 4595 sequitur’non
1450 4527 1706 4596 potuisse
1738 4535 1975 4585 caeteros

328 4598 680 4654 sententiam
704 4613 872 4682 suam
897 4597 1604 4682 dicere,nequeepiseopis
1628 4617 1828 4682 eorum
1852 4618 1978 4656 suc-

328 4671 663 4727 cessoribus
683 4669 847 4723 adem
861 4674 1015 4738 ptam
1035 4685 1162 4740 esse
1179 4668 1819 4740 facultatem’promendi
1844 4690 1975 4728 sen-

329 4760 436 4798 sus
470 4758 608 4796 suos
640 4741 696 4794 in
729 4757 905 4794 causa
937 4739 1296 4811 iidethaque
1329 4739 1461 4795 hinc
1485 4739 1642 4797 salva
1660 4748 1747 4797 est
1778 4750 1976 4799 aucto-

329 4815 476 4869 ritas
507 4813 1089 4884 episcoporum,cum_
1108 4829 1176 4884 ex
1207 4829 1272 4867 eo
1304 4814 1456 4882 quod
1481 4812 1639 4868 solus
1676 4815 1874 4870 Petrus
1898 4816 1978 4871 lo-

327 4893 506 4958 cutus
536 4882 832 4958 sit,eisteri
863 4882 1115 4958 apostoli
1152 4884 1656 4958 tacuerint,eolligi
1693 4902 1806 4940 non
1839 4904 1977 4958 pos-

328 4959 408 5012 sit
437 4955 703 5010 inutilem
730 4957 985 5009 t'uturam
1023 4954 1200 5008 fuisse
1241 4955 1589 5010 sententiam
1607 4954 1973 5014 'cmterorum

326 5028 728 5100 apostolorum
761 5032 819 5100 et
849 5026 1080 5100 unicam
1113 5043 1273 5100 papa:
1312 5027 1664 5100 sententiam
1707 5031 1976 5086 sufﬁcere

325 5097 383 5152 in
420 5099 673 5154 Ecclesia
707 5098 800 5152 Dei
831 5097 1066 5153 etillius
1091 5098 1265 5151 unius
1288 5099 1635 5152 sententiam
1671 5103 1976 5169 praevalere

324 5173 536 5226 debere
565 5171 842 5224 adversus
874 5169 1216 5224 concordem
1251 5185 1316 5224 ac
1348 5176 1800 5226 consentaneam
1833 5172 1974 5229 alio-

325 5259 458 5297 rum
492 5241 894 5313 episcoporum
924 5240 1558 5313 diversesentieatium
1603 5245 1973 5302 sententiam.

321 5310 560 5384 Alioqui
589 5312 812 5367 inutilis
844 5316 998 5384 esset
1028 5310 1337 5384 celebratio
1369 5313 1769 5382 conciliorum,
1803 5315 1853 5371 si
1886 5333 1978 5372 so-

324 5385 444 5441 lius
477 5381 635 5456 papa:
667 5381 984 5456 auctoritas
1015 5383 1308 5456 sufficeret
1332 5401 1432 5455 pro
1447 5385 1718 5441 finiendis
1749 5393 1978 5444 contro-

332 5453 699 5528 versiis'quaa
731 5455 1002 5528 oriuntur
1027 5453 1086 5509 in
1122 5453 1375 5528 Ecclesia
1406 5456 1526 5510 Dei.
1574 5458 1698 5512 Non
1730 5457 1810 5513 ita
1843 5477 1980 5515 sen-

328 5535 534 5586 serunt
563 5525 804 5594 veteres,
840 5526 938 5598 qui
971 5525 1350 5604 conciliorum
1395 5528 1842 5604 celebrationem
1877 5549 1982 5604 pu-

329 5607 532 5658 tarunt
562 5615 690 5656 esse
711 5599 1094 5679 necessariam
1118 5600 1395 5679 adversus
1419 5602 1664 5660 haereses
1684 5599 1980 5679 emergen-

328 5677 438 5736 tes.
475 5671 639 5731 istud
673 5669 872 5745 negari
904 5686 1020 5729 non
1049 5674 1260 5750 potest.
1295 5670 1496 5733 BALUZ.

2006 5123 2054 5188 Ι)
2087 5112 2144 5160 et
2175 5125 2307 5162 mox
2333 5127 2371 5188 ’ξι
2410 5114 2665 5188 secunda
2709 5112 2883 5188 manu
2934 5118 3232 5188 abslcntus,
3284 5112 3432 5177 licet.
3465 5141 3498 5179 a

2160 3748 2343 3837 (92”Tu
2379 3751 2726 3837 estlirislus.
2782 3755 3005 3837 Vocem
3033 3759 3333 3837 _(_.‘hristus,r
3365 3783 3489 3837 qua:
3541 3769 3739 3828 deerat

2091 3819 2148 3901 in
2169 3819 3734 3908 aliiseditionibus,_nos_addidimus,quia1illamwinve:

2092 3891 2290 3985 nimus
2317 3893 2374 3948 in
2407 3894 2630 3976 aliquot
2662 3891 2907 3985 vetustis
2955 3891 3290 3985 codicibus;
3311 3891 3375 3964 et
3399 3891 3734 3985 iiIi-£1.58-

2091 3964 2240 4018 ritur
2270 3965 2328 4019 in
2361 3964 2545 4052 capite
2567 3974 2726 4052 sexto
2755 3971 3048 4043 Evangelii
3076 3964 3400 4052 secundum
3416 3964 3732 4052 litua—niuem,

2091 4051 2156 4090 ex
2209 4052 2324 4128 quo
2374 4036 2690 4128 loqusni'ste
2741 4036 3017 4128 sumpius
3060 4051 3167 4128 est,
3215 4055 3275 4128 et
3318 4051 3390 4128 in
3425 4036 3736 4128 Evangelii;

2089 4109 2414 4200 secundum
2448 4109 3288 4200 hia’t‘thieumEt'tamendeest
3316 4124 3492 4180 etiam
3528 4109 3737 4200 incepi:-

2089 4179 2236 4234 stola
2269 4197 2393 4235 wa
2422 4182 2490 4236 ad
2518 4184 2880 4242 Florentium.

2159 4251 2272 4332 (19)
2303 4254 2624 4336 illausissent
2670 4259 2968 4336 notiiscum.
3019 4259 3150 4336 ῌωο
3198 4265 3370 4336 verba
3416 4285 3543 4336 sua,
3579 4268 3737 4326 Fecit

2090 4320 2318 4397 Flaviae
2331 4341 2362 4377 u
2391 4324 2698 4397 episcopus
2744 4320 3439 4397 Constantinopolitanae
3456 4320 3736 4397 scribens

2087 4395 2156 4446 ad
2192 4400 2460 4481 sanctum
2515 4395 2731 4481 Rapum
2794 4402 3040 4481 Leonem
3076 4423 3090 4460 :
3121 4395 3259 4463 Sunt
3319 4409 3544 4481 quidam
3589 4395 3736 4468 veste

2087 4481 2189 4518 sua
2217 4482 2340 4520 aves
2383 4470 2786 4556 significantes,
2838 4474 3070 4556 interius
3113 4483 3296 4535 autem
3329 4470 3463 4554 ἰιιρὶ
3486 4500 3734 4556 rapaces,

2088 4552 2218 4620 quos
2269 4553 2338 4623 ea;
2382 4541 2653 4623 fructious
2688 4558 2895 4623 eorum
2953 4545 3207 4623 debemus
3265 4541 3576 4623 agnoscere.
3635 4541 3737 4612 Isti

2087 4609 2283 4693 primu
2309 4613 2490 4679 fronte
2519 4611 2771 4693 videntur
2798 4617 2992 4693 esse‘de
3019 4635 3250 4678 numero
3279 4609 3482 4693 nostro,
3500 4609 3603 4683 sed
3621 4609 3733 4684 non

2084 4683 2215 4756 sunt
2246 4679 2310 4734 de
2358 4697 2583 4756 numero
2629 4688 2833 4740 nostro.
2887 4688 2946 4741 Si
2992 4693 3140 4746 enim
3186 4694 3252 4748 de
3293 4679 3733 4756 numerati—ostro

2084 4750 2338 4819 fuissent,
2373 4752 2652 4808 nobiscum
2682 4759 3035 4816 mansissent.
3075 4763 3285 4821 BALUZ.

2157 4821 2274 4900 (11).
2312 4824 2628 4900 Fortunato,
2697 4827 2837 4884 Vide
2883 4847 3008 4900 quas
3059 4851 3164 4888 nos
3224 4839 3294 4893 de
3343 4838 3578 4896 homine
3618 4839 3730 4896 isto

2087 4894 2416 4976 notavimus
2437 4897 2518 4976 .ad
2544 4902 2722 4976 caput
2753 4901 2816 4953 10
2847 4894 2977 4957 libri
3008 4907 3183 4976 primi
3220 4909 3285 4966 de
3322 4894 3613 4967 concordia
3629 4894 3731 4967 Vsa—-

2085 4963 2316 5020 cerdoni
2343 4971 2396 5021 et
2425 4963 2664 5037 imperii.
2693 4970 2894 5027 BALUZ.

2158 5038 2268 5107 (12)
2303 5040 2371 5092 De
2401 5041 2646 5134 Ecclesia
2674 5046 2945 5113 profugis.
2980 5045 3052 5134 [Iul
3078 5065 3188 5134 ms.
3223 5052 3726 5134 Gorb._pro,’ugus;

3580 5140 3732 5180 len

2087 5141 2144 5160 ω.
2175 5141 2307 5162 unua
2339 5141 2371 5163 ‹ι
2410 5141 2665 5168 acuuuuu
2709 5141 2883 5170 mauu
2934 5141 3232 5188 uuswmus,
3284 5141 3418 5177 licet.
3465 5141 3498 5179 ο,
3542 5141 3732 5194 prima

2087 5196 2202 5249 prae
2235 5198 2296 5235 se
2326 5183 2487 5266 [erat
2501 5185 2788 5266 abs-tentis.
2821 5188 2901 5266 Eg:
2925 5189 3188 5266 quinque
3235 5196 3583 5266 presbyteris
3614 5193 3732 5252 illis

2089 5257 2403 5336 quatuorna
2448 5253 2758 5336 Cypria_no_
2791 5253 2976 5336 epist;
3009 5261 3066 5327 ϐ,
3093 5253 3727 5336 ’ροιιᾶἱηειι-ῗνίᾶθῑιιωδ,

2089 5321 2312 5405 scilicet
2339 5321 2588 5406 Donat-us
2615 5330 2696 5406 et“
2717 5321 3064 5406 Fortunatus,
3096 5335 3348 5406 Novatus
3395 5347 3446 5392 et
3480 5321 3730 5406 (tardius,

2133 5394 2530 5473 ui__nimi_ru1_n_
2576 5397 2936 5473 ordinationi
2995 5394 3183 5473 ipsius
3255 5394 3728 5466 intercesserant:

2133 5411 2189 5448 ui
2237 5412 2514 5450 nimirum
2576 5410 2924 5454 ordinationi
2995 5410 3183 5473 ipsius
3255 5410 3728 5466 intercesserant.

2090 5410 2310 5553 ﬁnibus
2342 5467 2391 5545 si
2423 5469 2675 5553 addatur
2704 5467 2871 5553 Gaius
2907 5472 3192 5553 Diddensis
3225 5481 3729 5553 presbyter,quem

2089 5538 2562 5634 Carthaginensis
2591 5538 2803 5623 clerus,
2835 5546 3113 5634 Cypriane
3161 5538 3330 5634 epist.
3378 5538 3587 5634 {xm};
3624 5568 3732 5625 ap-

2088 5609 2392 5699 problanlte,
2419 5627 2453 5665 a
2481 5609 2895 5699 communione
2913 5609 3446 5699 sub_movit,ho_rum
3472 5609 3733 5699 quisque

2088 5681 2558 5759 presbyterorum
2592 5684 2836 5746 nomine.
2865 5681 3256 5756 habebuntur.
3286 5681 3616 5759 Gous'riur.
