  <div class='ocr_page' id='page_1' title='image "/cluster/home/n/w/nwhite01/storage/ocr_20150623/3/hvd.32044073549586/478.png"; bbox 0 0 2051 3090; ppageno 0'>
   <div class='ocr_carea' id='block_1_1' title="bbox 170 179 997 209">
    <p class='ocr_par' dir='ltr' id='par_1_1' title="bbox 170 179 997 209">
     <span class='ocr_line' id='line_1_1' title="bbox 170 179 997 209; baseline -0.001 0"><span class='ocrx_word' id='word_1_1' title='bbox 170 179 228 209; x_wconf 70' lang='grc'>849</span> <span class='ocrx_word' id='word_1_2' title='bbox 924 179 997 209; x_wconf 74' lang='lat' dir='ltr'>EPIE</span> 
     </span>
    </p>
   </div>
   <div class='ocr_carea' id='block_1_2' title="bbox 1055 179 1879 209">
    <p class='ocr_par' dir='ltr' id='par_1_2' title="bbox 1055 179 1879 209">
     <span class='ocr_line' id='line_1_2' title="bbox 1055 179 1879 209; baseline 0.001 -2"><span class='ocrx_word' id='word_1_3' title='bbox 1055 179 1137 208; x_wconf 64' lang='lat' dir='ltr'>tL.’E.</span> <span class='ocrx_word' id='word_1_4' title='bbox 1820 180 1879 209; x_wconf 73' lang='lat'>850</span> 
     </span>
    </p>
   </div>
   <div class='ocr_carea' id='block_1_3' title="bbox 168 245 1880 282">
    <p class='ocr_par' dir='ltr' id='par_1_3' title="bbox 168 245 1880 282">
     <span class='ocr_line' id='line_1_3' title="bbox 168 245 1880 282; baseline 0 -9"><span class='ocrx_word' id='word_1_5' title='bbox 168 245 377 274; x_wconf 83' lang='lat' dir='ltr'>conscientiam</span> <span class='ocrx_word' id='word_1_6' title='bbox 395 245 496 273; x_wconf 88' lang='lat' dir='ltr'>multis</span> <span class='ocrx_word' id='word_1_7' title='bbox 504 245 795 281; x_wconf 84' lang='lat' dir='ltr'>delictorumlaqueis</span> <span class='ocrx_word' id='word_1_8' title='bbox 808 246 932 274; x_wconf 87' lang='lat' dir='ltr'>vinctam</span> <span class='ocrx_word' id='word_1_9' title='bbox 940 245 995 282; x_wconf 87' lang='grc'>(55)</span> <span class='ocrx_word' id='word_1_10' title='bbox 1010 246 1037 279; x_wconf 84' lang='grc' dir='ltr'><strong>Α</strong></span> <span class='ocrx_word' id='word_1_11' title='bbox 1055 246 1088 273; x_wconf 90' lang='lat' dir='ltr'>de</span> <span class='ocrx_word' id='word_1_12' title='bbox 1105 246 1263 273; x_wconf 79' lang='lat' dir='ltr'>schismate</span> <span class='ocrx_word' id='word_1_13' title='bbox 1280 246 1484 273; x_wconf 81' lang='lat' dir='ltr'>revertuntur!</span> <span class='ocrx_word' id='word_1_14' title='bbox 1502 245 1613 272; x_wconf 79' lang='lat' dir='ltr'>videres</span> <span class='ocrx_word' id='word_1_15' title='bbox 1629 245 1694 280; x_wconf 84' lang='lat' dir='ltr'>quis</span> <span class='ocrx_word' id='word_1_16' title='bbox 1710 245 1782 272; x_wconf 87' lang='lat' dir='ltr'>mihi</span> <span class='ocrx_word' id='word_1_17' title='bbox 1799 245 1880 273; x_wconf 87' lang='lat' dir='ltr'>labor</span> 
     </span>
    </p>
   </div>
   <div class='ocr_carea' id='block_1_4' title="bbox 164 290 999 327">
    <p class='ocr_par' dir='ltr' id='par_1_4' title="bbox 164 290 999 327">
     <span class='ocr_line' id='line_1_4' title="bbox 164 290 999 327; baseline 0 -9"><span class='ocrx_word' id='word_1_18' title='bbox 164 290 269 326; x_wconf 86' lang='lat' dir='ltr'>judicii</span> <span class='ocrx_word' id='word_1_19' title='bbox 285 290 331 318; x_wconf 89' lang='lat' dir='ltr'>sui</span> <span class='ocrx_word' id='word_1_20' title='bbox 347 299 440 327; x_wconf 82' lang='lat' dir='ltr'><strong>nuper</strong></span> <span class='ocrx_word' id='word_1_21' title='bbox 455 291 596 327; x_wconf 80' lang='lat' dir='ltr'>gravitate</span> <span class='ocrx_word' id='word_1_22' title='bbox 613 291 801 318; x_wconf 82' lang='lat' dir='ltr'>damnarunt.</span> <span class='ocrx_word' id='word_1_23' title='bbox 821 292 885 319; x_wconf 87' lang='lat' dir='ltr'>.lam</span> <span class='ocrx_word' id='word_1_24' title='bbox 910 299 999 319; x_wconf 82' lang='lat' dir='ltr'>causa</span> 
     </span>
    </p>
   </div>
   <div class='ocr_carea' id='block_1_5' title="bbox 167 334 997 371">
    <p class='ocr_par' dir='ltr' id='par_1_5' title="bbox 167 334 997 371">
     <span class='ocr_line' id='line_1_5' title="bbox 167 334 997 371; baseline 0 -8"><span class='ocrx_word' id='word_1_25' title='bbox 167 343 269 363; x_wconf 88' lang='lat' dir='ltr'>eorum</span> <span class='ocrx_word' id='word_1_26' title='bbox 284 334 401 371; x_wconf 85' lang='lat' dir='ltr'>cognita</span> <span class='ocrx_word' id='word_1_27' title='bbox 415 337 476 364; x_wconf 89' lang='lat' dir='ltr'>est:</span> <span class='ocrx_word' id='word_1_28' title='bbox 489 336 553 370; x_wconf 77' lang='lat' dir='ltr'>jam</span> <span class='ocrx_word' id='word_1_29' title='bbox 570 335 605 363; x_wconf 85' lang='lat' dir='ltr'>de</span> <span class='ocrx_word' id='word_1_30' title='bbox 621 335 663 363; x_wconf 80' lang='lat' dir='ltr'>eis</span> <span class='ocrx_word' id='word_1_31' title='bbox 681 335 760 363; x_wconf 86' lang='lat' dir='ltr'>dicta</span> <span class='ocrx_word' id='word_1_32' title='bbox 776 335 922 363; x_wconf 75' lang='lat' dir='ltr'>sententia</span> <span class='ocrx_word' id='word_1_33' title='bbox 942 337 997 368; x_wconf 87' lang='lat' dir='ltr'>est,</span> 
     </span>
    </p>
   </div>
   <div class='ocr_carea' id='block_1_6' title="bbox 168 379 999 416">
    <p class='ocr_par' dir='ltr' id='par_1_6' title="bbox 168 379 999 416">
     <span class='ocr_line' id='line_1_6' title="bbox 168 379 999 416; baseline -0.001 -8"><span class='ocrx_word' id='word_1_34' title='bbox 168 388 221 408; x_wconf 89' lang='lat' dir='ltr'>nec</span> <span class='ocrx_word' id='word_1_35' title='bbox 230 388 359 407; x_wconf 64' lang='lat' dir='ltr'>censurae</span> <span class='ocrx_word' id='word_1_36' title='bbox 371 379 505 416; x_wconf 82' lang='lat' dir='ltr'>congruit</span> <span class='ocrx_word' id='word_1_37' title='bbox 515 380 701 408; x_wconf 80' lang='lat' dir='ltr'>sacerdotum</span> <span class='ocrx_word' id='word_1_38' title='bbox 714 379 834 407; x_wconf 91' lang='lat' dir='ltr'>mobilis</span> <span class='ocrx_word' id='word_1_39' title='bbox 857 382 943 415; x_wconf 84' lang='lat' dir='ltr'>atque</span> <span class='ocrx_word' id='word_1_40' title='bbox 954 380 999 407; x_wconf 90' lang='lat' dir='ltr'>in-</span> 
     </span>
    </p>
   </div>
   <div class='ocr_carea' id='block_1_7' title="bbox 169 423 999 460">
    <p class='ocr_par' dir='ltr' id='par_1_7' title="bbox 169 423 999 460">
     <span class='ocr_line' id='line_1_7' title="bbox 169 423 999 460; baseline -0.001 -8"><span class='ocrx_word' id='word_1_41' title='bbox 169 423 333 452; x_wconf 81' lang='lat' dir='ltr'>constantia</span> <span class='ocrx_word' id='word_1_42' title='bbox 349 424 440 451; x_wconf 87' lang='lat' dir='ltr'>animi</span> <span class='ocrx_word' id='word_1_43' title='bbox 456 423 573 452; x_wconf 78' lang='lat' dir='ltr'>levitate</span> <span class='ocrx_word' id='word_1_44' title='bbox 584 424 768 460; x_wconf 84' lang='lat' dir='ltr'>reprehendi,</span> <span class='ocrx_word' id='word_1_45' title='bbox 779 432 844 452; x_wconf 91' lang='lat' dir='ltr'>cum</span> <span class='ocrx_word' id='word_1_46' title='bbox 856 424 999 451; x_wconf 81' lang='lat' dir='ltr'>Dominus</span> 
     </span>
    </p>
   </div>
   <div class='ocr_carea' id='block_1_8' title="bbox 168 468 999 503">
    <p class='ocr_par' dir='ltr' id='par_1_8' title="bbox 168 468 999 503">
     <span class='ocr_line' id='line_1_8' title="bbox 168 468 999 503; baseline -0.002 -6"><span class='ocrx_word' id='word_1_47' title='bbox 168 469 272 497; x_wconf 82' lang='lat' dir='ltr'>doceat</span> <span class='ocrx_word' id='word_1_48' title='bbox 286 470 315 497; x_wconf 85' lang='lat' dir='ltr'>et</span> <span class='ocrx_word' id='word_1_49' title='bbox 330 469 426 496; x_wconf 86' lang='lat' dir='ltr'>dicat:</span> <span class='ocrx_word' id='word_1_50' title='bbox 440 468 481 496; x_wconf 79' lang='lat' dir='ltr'>Sil</span> <span class='ocrx_word' id='word_1_51' title='bbox 495 477 584 496; x_wconf 84' lang='lat' dir='ltr'><strong><em>sermo</em></strong></span> <span class='ocrx_word' id='word_1_52' title='bbox 598 471 695 503; x_wconf 81' lang='lat' dir='ltr'><strong><em>vester,</em></strong></span> <span class='ocrx_word' id='word_1_53' title='bbox 711 470 762 496; x_wconf 76' lang='lat' dir='ltr'>Est</span> <span class='ocrx_word' id='word_1_54' title='bbox 785 473 833 503; x_wconf 77' lang='lat' dir='ltr'>est,</span> <span class='ocrx_word' id='word_1_55' title='bbox 858 471 919 497; x_wconf 87' lang='lat' dir='ltr'>Non</span> <span class='ocrx_word' id='word_1_56' title='bbox 942 477 999 496; x_wconf 84' lang='lat' dir='ltr'>non</span> 
     </span>
    </p>
   </div>
   <div class='ocr_carea' id='block_1_9' title="bbox 168 513 397 550">
    <p class='ocr_par' dir='ltr' id='par_1_9' title="bbox 168 513 397 550">
     <span class='ocr_line' id='line_1_9' title="bbox 168 513 397 550; baseline -0.009 -9"><span class='ocrx_word' id='word_1_57' title='bbox 168 513 273 550; x_wconf 78' lang='lat' dir='ltr'>(Matth.</span> <span class='ocrx_word' id='word_1_58' title='bbox 290 522 320 541; x_wconf 91' lang='lat' dir='ltr'>v.</span> <span class='ocrx_word' id='word_1_59' title='bbox 341 513 397 549; x_wconf 74' lang='grc'>37).</span> 
     </span>
    </p>
   </div>
   <div class='ocr_carea' id='block_1_10' title="bbox 203 557 999 593">
    <p class='ocr_par' dir='ltr' id='par_1_10' title="bbox 203 557 999 593">
     <span class='ocr_line' id='line_1_10' title="bbox 203 557 999 593; baseline -0.001 -8"><span class='ocrx_word' id='word_1_60' title='bbox 203 558 265 586; x_wconf 82' lang='lat' dir='ltr'>XV.</span> <span class='ocrx_word' id='word_1_61' title='bbox 281 558 310 586; x_wconf 93' lang='lat' dir='ltr'>Si</span> <span class='ocrx_word' id='word_1_62' title='bbox 326 566 437 591; x_wconf 89' lang='lat' dir='ltr'>eorum,</span> <span class='ocrx_word' id='word_1_63' title='bbox 455 557 504 593; x_wconf 88' lang='lat' dir='ltr'>qui</span> <span class='ocrx_word' id='word_1_64' title='bbox 521 558 557 585; x_wconf 90' lang='lat' dir='ltr'>de</span> <span class='ocrx_word' id='word_1_65' title='bbox 574 557 632 585; x_wconf 81' lang='lat' dir='ltr'>illis</span> <span class='ocrx_word' id='word_1_66' title='bbox 649 558 744 593; x_wconf 79' lang='lat' dir='ltr'>priore</span> <span class='ocrx_word' id='word_1_67' title='bbox 761 566 837 585; x_wconf 85' lang='lat' dir='ltr'>anno</span> <span class='ocrx_word' id='word_1_68' title='bbox 848 557 999 593; x_wconf 84' lang='lat' dir='ltr'>judicave-</span> 
     </span>
    </p>
   </div>
   <div class='ocr_carea' id='block_1_11' title="bbox 167 602 999 639">
    <p class='ocr_par' dir='ltr' id='par_1_11' title="bbox 167 602 999 639">
     <span class='ocr_line' id='line_1_11' title="bbox 167 602 999 639; baseline -0.002 -8"><span class='ocrx_word' id='word_1_69' title='bbox 167 605 249 637; x_wconf 88' lang='lat' dir='ltr'>runt,</span> <span class='ocrx_word' id='word_1_70' title='bbox 267 603 344 631; x_wconf 72' lang='lat'><strong>823</strong></span> <span class='ocrx_word' id='word_1_71' title='bbox 361 611 503 630; x_wconf 87' lang='lat' dir='ltr'>numerus</span> <span class='ocrx_word' id='word_1_72' title='bbox 518 611 585 630; x_wconf 89' lang='lat' dir='ltr'>cum</span> <span class='ocrx_word' id='word_1_73' title='bbox 615 603 792 639; x_wconf 81' lang='lat' dir='ltr'>presbyteris</span> <span class='ocrx_word' id='word_1_74' title='bbox 817 605 845 630; x_wconf 88' lang='lat' dir='ltr'>ct</span> <span class='ocrx_word' id='word_1_75' title='bbox 868 602 999 630; x_wconf 85' lang='lat' dir='ltr'>diaconis</span> 
     </span>
    </p>
   </div>
   <div class='ocr_carea' id='block_1_12' title="bbox 169 647 998 683">
    <p class='ocr_par' dir='ltr' id='par_1_12' title="bbox 169 647 998 683">
     <span class='ocr_line' id='line_1_12' title="bbox 169 647 998 683; baseline -0.001 -8"><span class='ocrx_word' id='word_1_76' title='bbox 169 649 368 683; x_wconf 88' lang='lat' dir='ltr'>computetur,</span> <span class='ocrx_word' id='word_1_77' title='bbox 385 647 484 683; x_wconf 83' lang='lat' dir='ltr'>plures</span> <span class='ocrx_word' id='word_1_78' title='bbox 500 649 572 675; x_wconf 89' lang='lat' dir='ltr'>tunc</span> <span class='ocrx_word' id='word_1_79' title='bbox 588 648 747 675; x_wconf 87' lang='lat' dir='ltr'>adfuerunt</span> <span class='ocrx_word' id='word_1_80' title='bbox 763 647 875 683; x_wconf 86' lang='lat' dir='ltr'>judicio</span> <span class='ocrx_word' id='word_1_81' title='bbox 900 650 929 674; x_wconf 86' lang='lat' dir='ltr'>et</span> <span class='ocrx_word' id='word_1_82' title='bbox 951 656 998 674; x_wconf 91' lang='lat' dir='ltr'>co-</span> 
     </span>
    </p>
   </div>
   <div class='ocr_carea' id='block_1_13' title="bbox 168 691 999 729">
    <p class='ocr_par' dir='ltr' id='par_1_13' title="bbox 168 691 999 729">
     <span class='ocr_line' id='line_1_13' title="bbox 168 691 999 729; baseline 0 -10"><span class='ocrx_word' id='word_1_83' title='bbox 168 692 307 729; x_wconf 84' lang='lat' dir='ltr'>gnitioni,</span> <span class='ocrx_word' id='word_1_84' title='bbox 324 700 413 728; x_wconf 86' lang='lat' dir='ltr'>quam</span> <span class='ocrx_word' id='word_1_85' title='bbox 427 693 499 719; x_wconf 88' lang='lat' dir='ltr'>sunt</span> <span class='ocrx_word' id='word_1_86' title='bbox 513 691 603 720; x_wconf 89' lang='lat' dir='ltr'>iidem</span> <span class='ocrx_word' id='word_1_87' title='bbox 620 692 680 726; x_wconf 86' lang='lat' dir='ltr'>isti,</span> <span class='ocrx_word' id='word_1_88' title='bbox 697 692 824 728; x_wconf 91' lang='lat' dir='ltr'>quicum</span> <span class='ocrx_word' id='word_1_89' title='bbox 842 692 999 719; x_wconf 81' lang='lat' dir='ltr'>Fortunato</span> 
     </span>
    </p>
   </div>
   <div class='ocr_carea' id='block_1_14' title="bbox 168 736 997 772">
    <p class='ocr_par' dir='ltr' id='par_1_14' title="bbox 168 736 997 772">
     <span class='ocr_line' id='line_1_14' title="bbox 168 736 997 772; baseline 0 -8"><span class='ocrx_word' id='word_1_90' title='bbox 168 745 249 765; x_wconf 90' lang='lat' dir='ltr'>nunc</span> <span class='ocrx_word' id='word_1_91' title='bbox 263 736 399 764; x_wconf 88' lang='lat' dir='ltr'>videntur</span> <span class='ocrx_word' id='word_1_92' title='bbox 414 744 477 764; x_wconf 87' lang='lat' dir='ltr'>esse</span> <span class='ocrx_word' id='word_1_93' title='bbox 501 736 661 772; x_wconf 83' lang='lat' dir='ltr'>conjuncti.</span> <span class='ocrx_word' id='word_1_94' title='bbox 693 737 773 764; x_wconf 86' lang='lat' dir='ltr'>Scire</span> <span class='ocrx_word' id='word_1_95' title='bbox 795 736 873 764; x_wconf 89' lang='lat' dir='ltr'>enim</span> <span class='ocrx_word' id='word_1_96' title='bbox 899 736 997 770; x_wconf 82' lang='lat' dir='ltr'>debes,</span> 
     </span>
    </p>
   </div>
   <div class='ocr_carea' id='block_1_15' title="bbox 169 780 1001 817">
    <p class='ocr_par' dir='ltr' id='par_1_15' title="bbox 169 780 1001 817">
     <span class='ocr_line' id='line_1_15' title="bbox 169 780 1001 817; baseline -0.002 -8"><span class='ocrx_word' id='word_1_97' title='bbox 169 782 260 809; x_wconf 83' lang='lat' dir='ltr'>frater</span> <span class='ocrx_word' id='word_1_98' title='bbox 274 780 456 816; x_wconf 85' lang='lat' dir='ltr'>charissime,</span> <span class='ocrx_word' id='word_1_99' title='bbox 486 788 564 814; x_wconf 88' lang='lat' dir='ltr'>eum,</span> <span class='ocrx_word' id='word_1_100' title='bbox 590 783 692 816; x_wconf 86' lang='lat' dir='ltr'>postea</span> <span class='ocrx_word' id='word_1_101' title='bbox 712 789 800 816; x_wconf 87' lang='lat' dir='ltr'>quam</span> <span class='ocrx_word' id='word_1_102' title='bbox 829 781 1001 817; x_wconf 88' lang='lat' dir='ltr'>pseudocpi-</span> 
     </span>
    </p>
   </div>
   <div class='ocr_carea' id='block_1_16' title="bbox 168 825 1000 861">
    <p class='ocr_par' dir='ltr' id='par_1_16' title="bbox 168 825 1000 861">
     <span class='ocr_line' id='line_1_16' title="bbox 168 825 1000 861; baseline -0.001 -8"><span class='ocrx_word' id='word_1_103' title='bbox 168 833 275 861; x_wconf 79' lang='lat' dir='ltr'>scepus</span> <span class='ocrx_word' id='word_1_104' title='bbox 286 825 322 852; x_wconf 90' lang='lat' dir='ltr'>ab</span> <span class='ocrx_word' id='word_1_105' title='bbox 335 825 476 853; x_wconf 70' lang='lat' dir='ltr'>haereticis</span> <span class='ocrx_word' id='word_1_106' title='bbox 489 825 582 853; x_wconf 82' lang='lat' dir='ltr'>factus</span> <span class='ocrx_word' id='word_1_107' title='bbox 593 827 647 858; x_wconf 85' lang='lat' dir='ltr'>est,</span> <span class='ocrx_word' id='word_1_108' title='bbox 657 826 718 860; x_wconf 87' lang='lat' dir='ltr'>jam</span> <span class='ocrx_word' id='word_1_109' title='bbox 732 833 803 861; x_wconf 87' lang='lat' dir='ltr'>pene</span> <span class='ocrx_word' id='word_1_110' title='bbox 815 825 851 852; x_wconf 89' lang='lat' dir='ltr'>ab</span> <span class='ocrx_word' id='word_1_111' title='bbox 862 825 1000 852; x_wconf 88' lang='lat' dir='ltr'>omnibus</span> 
     </span>
    </p>
   </div>
   <div class='ocr_carea' id='block_1_17' title="bbox 168 869 999 905">
    <p class='ocr_par' dir='ltr' id='par_1_17' title="bbox 168 869 999 905">
     <span class='ocr_line' id='line_1_17' title="bbox 168 869 999 905; baseline -0.001 -8"><span class='ocrx_word' id='word_1_112' title='bbox 168 877 235 897; x_wconf 85' lang='lat' dir='ltr'>esse</span> <span class='ocrx_word' id='word_1_113' title='bbox 249 869 409 897; x_wconf 84' lang='lat' dir='ltr'>desertum.</span> <span class='ocrx_word' id='word_1_114' title='bbox 430 869 563 905; x_wconf 79' lang='lat' dir='ltr'>Namque</span> <span class='ocrx_word' id='word_1_115' title='bbox 580 869 610 903; x_wconf 88' lang='lat' dir='ltr'>ii,</span> <span class='ocrx_word' id='word_1_116' title='bbox 632 869 741 905; x_wconf 85' lang='lat' dir='ltr'><strong>quibus</strong></span> <span class='ocrx_word' id='word_1_117' title='bbox 765 869 795 896; x_wconf 90' lang='lat' dir='ltr'>in</span> <span class='ocrx_word' id='word_1_118' title='bbox 820 869 999 905; x_wconf 76' lang='lat' dir='ltr'>praeteritum</span> 
     </span>
    </p>
   </div>
   <div class='ocr_carea' id='block_1_18' title="bbox 169 913 1039 967">
    <p class='ocr_par' dir='ltr' id='par_1_18' title="bbox 169 913 1039 967">
     <span class='ocr_line' id='line_1_18' title="bbox 169 913 1039 967; baseline -0.001 -26"><span class='ocrx_word' id='word_1_119' title='bbox 169 913 323 967; x_wconf 56' lang='lat' dir='ltr'>praestigiae</span> <span class='ocrx_word' id='word_1_120' title='bbox 340 914 585 967; x_wconf 72' lang='lat' dir='ltr'>obtendebantur,</span> <span class='ocrx_word' id='word_1_121' title='bbox 601 915 629 963; x_wconf 80' lang='lat' dir='ltr'>et</span> <span class='ocrx_word' id='word_1_122' title='bbox 644 914 791 941; x_wconf 79' lang='lat' dir='ltr'>dabantur</span> <span class='ocrx_word' id='word_1_123' title='bbox 806 914 899 967; x_wconf 41' lang='lat' dir='ltr'>verba.</span> <span class='ocrx_word' id='word_1_124' title='bbox 914 913 1000 941; x_wconf 82' lang='lat' dir='ltr'>falla—</span> <span class='ocrx_word' id='word_1_125' title='bbox 1015 934 1039 967; x_wconf 82' lang='grc' dir='ltr'><strong>Β</strong></span> 
     </span>
    </p>
   </div>
   <div class='ocr_carea' id='block_1_19' title="bbox 169 957 998 994">
    <p class='ocr_par' dir='ltr' id='par_1_19' title="bbox 169 957 998 994">
     <span class='ocr_line' id='line_1_19' title="bbox 169 957 998 994; baseline -0.002 -8"><span class='ocrx_word' id='word_1_126' title='bbox 169 958 226 994; x_wconf 84' lang='lat' dir='ltr'>cia,</span> <span class='ocrx_word' id='word_1_127' title='bbox 242 958 320 994; x_wconf 92' lang='lat' dir='ltr'>quod</span> <span class='ocrx_word' id='word_1_128' title='bbox 336 957 426 985; x_wconf 84' lang='lat' dir='ltr'>simul</span> <span class='ocrx_word' id='word_1_129' title='bbox 441 958 477 985; x_wconf 85' lang='lat' dir='ltr'>ad</span> <span class='ocrx_word' id='word_1_130' title='bbox 503 957 661 985; x_wconf 87' lang='lat' dir='ltr'>Ecclesiam</span> <span class='ocrx_word' id='word_1_131' title='bbox 686 958 847 993; x_wconf 81' lang='lat' dir='ltr'>regressuri</span> <span class='ocrx_word' id='word_1_132' title='bbox 872 958 998 985; x_wconf 88' lang='lat' dir='ltr'>diceren-</span> 
     </span>
    </p>
   </div>
   <div class='ocr_carea' id='block_1_20' title="bbox 169 1002 998 1039">
    <p class='ocr_par' dir='ltr' id='par_1_20' title="bbox 169 1002 998 1039">
     <span class='ocr_line' id='line_1_20' title="bbox 169 1002 998 1039; baseline 0 -9"><span class='ocrx_word' id='word_1_133' title='bbox 169 1005 236 1037; x_wconf 87' lang='lat' dir='ltr'>tur;</span> <span class='ocrx_word' id='word_1_134' title='bbox 254 1004 354 1038; x_wconf 86' lang='lat' dir='ltr'>postea</span> <span class='ocrx_word' id='word_1_135' title='bbox 374 1010 463 1038; x_wconf 84' lang='lat' dir='ltr'>quam</span> <span class='ocrx_word' id='word_1_136' title='bbox 479 1003 613 1030; x_wconf 88' lang='lat' dir='ltr'>viderunt</span> <span class='ocrx_word' id='word_1_137' title='bbox 629 1002 688 1030; x_wconf 91' lang='lat' dir='ltr'>illic</span> <span class='ocrx_word' id='word_1_138' title='bbox 717 1003 998 1039; x_wconf 89' lang='lat' dir='ltr'>pseudoepiscopum</span> 
     </span>
    </p>
   </div>
   <div class='ocr_carea' id='block_1_21' title="bbox 169 1047 997 1083">
    <p class='ocr_par' dir='ltr' id='par_1_21' title="bbox 169 1047 997 1083">
     <span class='ocr_line' id='line_1_21' title="bbox 169 1047 997 1083; baseline 0.001 -9"><span class='ocrx_word' id='word_1_139' title='bbox 169 1047 291 1081; x_wconf 80' lang='lat' dir='ltr'>factum,</span> <span class='ocrx_word' id='word_1_140' title='bbox 307 1047 464 1075; x_wconf 75' lang='lat' dir='ltr'>frustratos</span> <span class='ocrx_word' id='word_1_141' title='bbox 480 1049 508 1074; x_wconf 86' lang='lat' dir='ltr'>et</span> <span class='ocrx_word' id='word_1_142' title='bbox 523 1047 660 1083; x_wconf 81' lang='lat' dir='ltr'>deceptos</span> <span class='ocrx_word' id='word_1_143' title='bbox 684 1055 715 1075; x_wconf 86' lang='lat' dir='ltr'>se</span> <span class='ocrx_word' id='word_1_144' title='bbox 737 1055 802 1075; x_wconf 87' lang='lat' dir='ltr'>esse</span> <span class='ocrx_word' id='word_1_145' title='bbox 824 1047 997 1081; x_wconf 80' lang='lat' dir='ltr'>didicerunt,</span> 
     </span>
    </p>
   </div>
   <div class='ocr_carea' id='block_1_22' title="bbox 170 1091 997 1128">
    <p class='ocr_par' dir='ltr' id='par_1_22' title="bbox 170 1091 997 1128">
     <span class='ocr_line' id='line_1_22' title="bbox 170 1091 997 1128; baseline 0 -9"><span class='ocrx_word' id='word_1_146' title='bbox 170 1093 201 1119; x_wconf 88' lang='lat' dir='ltr'>et</span> <span class='ocrx_word' id='word_1_147' title='bbox 216 1093 346 1119; x_wconf 86' lang='lat' dir='ltr'>remeant</span> <span class='ocrx_word' id='word_1_148' title='bbox 361 1091 501 1127; x_wconf 85' lang='lat' dir='ltr'>quotidie,</span> <span class='ocrx_word' id='word_1_149' title='bbox 519 1094 606 1127; x_wconf 87' lang='lat' dir='ltr'>atque</span> <span class='ocrx_word' id='word_1_150' title='bbox 620 1092 653 1119; x_wconf 83' lang='lat' dir='ltr'>ad</span> <span class='ocrx_word' id='word_1_151' title='bbox 671 1091 829 1119; x_wconf 71' lang='lat' dir='ltr'>Ecclesium</span> <span class='ocrx_word' id='word_1_152' title='bbox 859 1092 997 1128; x_wconf 80' lang='lat' dir='ltr'>pulsant:</span> 
     </span>
    </p>
   </div>
   <div class='ocr_carea' id='block_1_23' title="bbox 168 1136 997 1172">
    <p class='ocr_par' dir='ltr' id='par_1_23' title="bbox 168 1136 997 1172">
     <span class='ocr_line' id='line_1_23' title="bbox 168 1136 997 1172; baseline 0.001 -9"><span class='ocrx_word' id='word_1_153' title='bbox 168 1136 255 1164; x_wconf 88' lang='lat' dir='ltr'>nobis</span> <span class='ocrx_word' id='word_1_154' title='bbox 272 1138 379 1171; x_wconf 84' lang='lat' dir='ltr'>tamen,</span> <span class='ocrx_word' id='word_1_155' title='bbox 397 1144 414 1163; x_wconf 87' lang='lat' dir='ltr'>a</span> <span class='ocrx_word' id='word_1_156' title='bbox 428 1136 536 1172; x_wconf 85' lang='lat' dir='ltr'>quibus</span> <span class='ocrx_word' id='word_1_157' title='bbox 552 1136 625 1164; x_wconf 84' lang='lat' dir='ltr'>ratio</span> <span class='ocrx_word' id='word_1_158' title='bbox 641 1136 764 1164; x_wconf 88' lang='lat' dir='ltr'>Domino</span> <span class='ocrx_word' id='word_1_159' title='bbox 781 1137 929 1164; x_wconf 85' lang='lat' dir='ltr'>reddenda</span> <span class='ocrx_word' id='word_1_160' title='bbox 943 1139 997 1170; x_wconf 85' lang='lat' dir='ltr'>est,</span> 
     </span>
    </p>
   </div>
   <div class='ocr_carea' id='block_1_24' title="bbox 167 1180 998 1217">
    <p class='ocr_par' dir='ltr' id='par_1_24' title="bbox 167 1180 998 1217">
     <span class='ocr_line' id='line_1_24' title="bbox 167 1180 998 1217; baseline 0 -9"><span class='ocrx_word' id='word_1_161' title='bbox 167 1181 254 1209; x_wconf 83' lang='lat' dir='ltr'>anxie</span> <span class='ocrx_word' id='word_1_162' title='bbox 265 1180 497 1216; x_wconf 84' lang='lat' dir='ltr'>ponderantibus</span> <span class='ocrx_word' id='word_1_163' title='bbox 512 1182 540 1208; x_wconf 90' lang='lat' dir='ltr'>et</span> <span class='ocrx_word' id='word_1_164' title='bbox 555 1180 678 1209; x_wconf 80' lang='lat' dir='ltr'>sollicite</span> <span class='ocrx_word' id='word_1_165' title='bbox 693 1181 998 1217; x_wconf 85' lang='lat' dir='ltr'>examinantibus,qui</span> 
     </span>
    </p>
   </div>
   <div class='ocr_carea' id='block_1_25' title="bbox 167 1224 997 1261">
    <p class='ocr_par' dir='ltr' id='par_1_25' title="bbox 167 1224 997 1261">
     <span class='ocr_line' id='line_1_25' title="bbox 167 1224 997 1261; baseline 0 -8"><span class='ocrx_word' id='word_1_166' title='bbox 167 1225 259 1261; x_wconf 85' lang='lat' dir='ltr'>recipi</span> <span class='ocrx_word' id='word_1_167' title='bbox 274 1227 303 1252; x_wconf 90' lang='lat' dir='ltr'>et</span> <span class='ocrx_word' id='word_1_168' title='bbox 312 1224 428 1252; x_wconf 80' lang='lat' dir='ltr'>admitti</span> <span class='ocrx_word' id='word_1_169' title='bbox 444 1225 478 1252; x_wconf 84' lang='lat' dir='ltr'>ad</span> <span class='ocrx_word' id='word_1_170' title='bbox 496 1224 656 1252; x_wconf 74' lang='lat' dir='ltr'>Ecclesium</span> <span class='ocrx_word' id='word_1_171' title='bbox 668 1226 802 1253; x_wconf 85' lang='lat' dir='ltr'>debeant.</span> <span class='ocrx_word' id='word_1_172' title='bbox 816 1226 997 1258; x_wconf 84' lang='lat' dir='ltr'>Quibusdam</span> 
     </span>
    </p>
   </div>
   <div class='ocr_carea' id='block_1_26' title="bbox 165 1268 998 1305">
    <p class='ocr_par' dir='ltr' id='par_1_26' title="bbox 165 1268 998 1305">
     <span class='ocr_line' id='line_1_26' title="bbox 165 1268 998 1305; baseline 0 -8"><span class='ocrx_word' id='word_1_173' title='bbox 165 1270 249 1297; x_wconf 88' lang='lat' dir='ltr'>cnim</span> <span class='ocrx_word' id='word_1_174' title='bbox 264 1269 305 1297; x_wconf 87' lang='lat' dir='ltr'>ita</span> <span class='ocrx_word' id='word_1_175' title='bbox 319 1270 370 1296; x_wconf 84' lang='lat' dir='ltr'>aut</span> <span class='ocrx_word' id='word_1_176' title='bbox 385 1268 510 1296; x_wconf 87' lang='lat' dir='ltr'>crimina</span> <span class='ocrx_word' id='word_1_177' title='bbox 525 1277 579 1297; x_wconf 88' lang='lat' dir='ltr'>sua</span> <span class='ocrx_word' id='word_1_178' title='bbox 593 1269 751 1305; x_wconf 86' lang='lat' dir='ltr'>obsistunt,</span> <span class='ocrx_word' id='word_1_179' title='bbox 775 1272 825 1297; x_wconf 84' lang='lat' dir='ltr'>aut</span> <span class='ocrx_word' id='word_1_180' title='bbox 858 1270 960 1298; x_wconf 77' lang='lat' dir='ltr'>fratres</span> <span class='ocrx_word' id='word_1_181' title='bbox 977 1271 998 1288; x_wconf 84' lang='grc'>¹⁰</span> 
     </span>
    </p>
   </div>
   <div class='ocr_carea' id='block_1_27' title="bbox 165 1313 997 1350">
    <p class='ocr_par' dir='ltr' id='par_1_27' title="bbox 165 1313 997 1350">
     <span class='ocr_line' id='line_1_27' title="bbox 165 1313 997 1350; baseline 0.001 -9"><span class='ocrx_word' id='word_1_182' title='bbox 165 1314 313 1342; x_wconf 81' lang='lat' dir='ltr'>obstinate</span> <span class='ocrx_word' id='word_1_183' title='bbox 328 1315 357 1341; x_wconf 88' lang='lat' dir='ltr'>et</span> <span class='ocrx_word' id='word_1_184' title='bbox 372 1313 495 1341; x_wconf 82' lang='lat' dir='ltr'>ﬁrmiter</span> <span class='ocrx_word' id='word_1_185' title='bbox 510 1314 688 1347; x_wconf 83' lang='lat' dir='ltr'>renituntur,</span> <span class='ocrx_word' id='word_1_186' title='bbox 709 1316 742 1341; x_wconf 89' lang='lat' dir='ltr'>ut</span> <span class='ocrx_word' id='word_1_187' title='bbox 769 1315 857 1350; x_wconf 88' lang='lat' dir='ltr'>recipi</span> <span class='ocrx_word' id='word_1_188' title='bbox 878 1315 997 1342; x_wconf 83' lang='lat' dir='ltr'>omnino</span> 
     </span>
    </p>
   </div>
   <div class='ocr_carea' id='block_1_28' title="bbox 165 1358 995 1395">
    <p class='ocr_par' dir='ltr' id='par_1_28' title="bbox 165 1358 995 1395">
     <span class='ocr_line' id='line_1_28' title="bbox 165 1358 995 1395; baseline 0.002 -10"><span class='ocrx_word' id='word_1_189' title='bbox 165 1367 226 1386; x_wconf 87' lang='lat' dir='ltr'>non</span> <span class='ocrx_word' id='word_1_190' title='bbox 242 1358 356 1394; x_wconf 81' lang='lat' dir='ltr'>possint</span> <span class='ocrx_word' id='word_1_191' title='bbox 367 1358 424 1393; x_wconf 82' lang='lat'>(56)</span> <span class='ocrx_word' id='word_1_192' title='bbox 441 1366 507 1385; x_wconf 90' lang='lat' dir='ltr'>cum</span> <span class='ocrx_word' id='word_1_193' title='bbox 523 1358 661 1386; x_wconf 83' lang='lat' dir='ltr'>seandalo</span> <span class='ocrx_word' id='word_1_194' title='bbox 687 1359 708 1376; x_wconf 77' lang='grc'>¹⁹</span> <span class='ocrx_word' id='word_1_195' title='bbox 732 1359 787 1395; x_wconf 87' lang='grc'>(57)</span> <span class='ocrx_word' id='word_1_196' title='bbox 812 1361 841 1386; x_wconf 92' lang='lat' dir='ltr'>et</span> <span class='ocrx_word' id='word_1_197' title='bbox 865 1359 995 1395; x_wconf 90' lang='lat' dir='ltr'>periculo</span> 
     </span>
    </p>
   </div>
   <div class='ocr_carea' id='block_1_29' title="bbox 167 1402 997 1439">
    <p class='ocr_par' dir='ltr' id='par_1_29' title="bbox 167 1402 997 1439">
     <span class='ocr_line' id='line_1_29' title="bbox 167 1402 997 1439; baseline 0.001 -9"><span class='ocrx_word' id='word_1_198' title='bbox 167 1402 375 1439; x_wconf 89' lang='lat' dir='ltr'>plurimorum.</span> <span class='ocrx_word' id='word_1_199' title='bbox 392 1404 492 1438; x_wconf 85' lang='lat' dir='ltr'>Neque</span> <span class='ocrx_word' id='word_1_200' title='bbox 507 1402 584 1430; x_wconf 89' lang='lat' dir='ltr'>enim</span> <span class='ocrx_word' id='word_1_201' title='bbox 601 1403 642 1430; x_wconf 88' lang='lat' dir='ltr'>sic</span> <span class='ocrx_word' id='word_1_202' title='bbox 659 1405 809 1438; x_wconf 80' lang='lat' dir='ltr'>putamina</span> <span class='ocrx_word' id='word_1_203' title='bbox 821 1404 843 1421; x_wconf 64' lang='grc' dir='ltr'>ε’)</span> <span class='ocrx_word' id='word_1_204' title='bbox 854 1403 910 1439; x_wconf 84' lang='lat'>(58)</span> <span class='ocrx_word' id='word_1_205' title='bbox 923 1413 997 1439; x_wconf 63' lang='lat' dir='ltr'>qum-</span> 
     </span>
    </p>
   </div>
   <div class='ocr_carea' id='block_1_30' title="bbox 164 1446 998 1483">
    <p class='ocr_par' dir='ltr' id='par_1_30' title="bbox 164 1446 998 1483">
     <span class='ocr_line' id='line_1_30' title="bbox 164 1446 998 1483; baseline 0 -8"><span class='ocrx_word' id='word_1_206' title='bbox 164 1448 237 1475; x_wconf 84' lang='lat' dir='ltr'>dam</span> <span class='ocrx_word' id='word_1_207' title='bbox 253 1446 419 1483; x_wconf 86' lang='lat' dir='ltr'>colligenda</span> <span class='ocrx_word' id='word_1_208' title='bbox 433 1447 490 1482; x_wconf 77' lang='grc'>(59)</span> <span class='ocrx_word' id='word_1_209' title='bbox 505 1449 585 1480; x_wconf 84' lang='lat' dir='ltr'>sunt,</span> <span class='ocrx_word' id='word_1_210' title='bbox 608 1449 639 1474; x_wconf 90' lang='lat' dir='ltr'>ut</span> <span class='ocrx_word' id='word_1_211' title='bbox 655 1455 720 1483; x_wconf 65' lang='lat' dir='ltr'>quae</span> <span class='ocrx_word' id='word_1_212' title='bbox 735 1447 849 1483; x_wconf 78' lang='lat' dir='ltr'>integra</span> <span class='ocrx_word' id='word_1_213' title='bbox 873 1451 902 1475; x_wconf 85' lang='lat' dir='ltr'>et</span> <span class='ocrx_word' id='word_1_214' title='bbox 926 1456 998 1475; x_wconf 87' lang='lat' dir='ltr'>sana</span> 
     </span>
    </p>
   </div>
   <div class='ocr_carea' id='block_1_31' title="bbox 164 1491 997 1528">
    <p class='ocr_par' dir='ltr' id='par_1_31' title="bbox 164 1491 997 1528">
     <span class='ocr_line' id='line_1_31' title="bbox 164 1491 997 1528; baseline 0 -9"><span class='ocrx_word' id='word_1_215' title='bbox 164 1494 240 1520; x_wconf 83' lang='lat' dir='ltr'>sunt</span> <span class='ocrx_word' id='word_1_216' title='bbox 252 1491 461 1519; x_wconf 89' lang='lat' dir='ltr'>vulnerentur:</span> <span class='ocrx_word' id='word_1_217' title='bbox 479 1498 531 1519; x_wconf 90' lang='lat' dir='ltr'>nec</span> <span class='ocrx_word' id='word_1_218' title='bbox 546 1491 626 1519; x_wconf 87' lang='lat' dir='ltr'>utilis</span> <span class='ocrx_word' id='word_1_219' title='bbox 643 1494 693 1518; x_wconf 86' lang='lat' dir='ltr'>aut</span> <span class='ocrx_word' id='word_1_220' title='bbox 708 1492 862 1519; x_wconf 90' lang='lat' dir='ltr'>consultus</span> <span class='ocrx_word' id='word_1_221' title='bbox 872 1494 916 1519; x_wconf 87' lang='lat' dir='ltr'>est</span> <span class='ocrx_word' id='word_1_222' title='bbox 929 1501 997 1528; x_wconf 86' lang='lat' dir='ltr'>pas-</span> 
     </span>
    </p>
   </div>
   <div class='ocr_carea' id='block_1_32' title="bbox 164 1535 997 1572">
    <p class='ocr_par' dir='ltr' id='par_1_32' title="bbox 164 1535 997 1572">
     <span class='ocr_line' id='line_1_32' title="bbox 164 1535 997 1572; baseline 0 -8"><span class='ocrx_word' id='word_1_223' title='bbox 164 1539 226 1569; x_wconf 90' lang='lat' dir='ltr'>tor,</span> <span class='ocrx_word' id='word_1_224' title='bbox 243 1536 292 1572; x_wconf 89' lang='lat' dir='ltr'>qui</span> <span class='ocrx_word' id='word_1_225' title='bbox 308 1536 349 1563; x_wconf 87' lang='lat' dir='ltr'>ita</span> <span class='ocrx_word' id='word_1_226' title='bbox 359 1535 508 1563; x_wconf 77' lang='lat' dir='ltr'>morbidus</span> <span class='ocrx_word' id='word_1_227' title='bbox 524 1537 553 1563; x_wconf 87' lang='lat' dir='ltr'>et</span> <span class='ocrx_word' id='word_1_228' title='bbox 567 1537 715 1563; x_wconf 85' lang='lat' dir='ltr'>contactas</span> <span class='ocrx_word' id='word_1_229' title='bbox 731 1536 752 1553; x_wconf 81' lang='grc'>²¹</span> <span class='ocrx_word' id='word_1_230' title='bbox 769 1544 835 1564; x_wconf 87' lang='lat' dir='ltr'>oves</span> <span class='ocrx_word' id='word_1_231' title='bbox 850 1537 930 1572; x_wconf 82' lang='lat' dir='ltr'>gregi</span> <span class='ocrx_word' id='word_1_232' title='bbox 946 1537 997 1564; x_wconf 87' lang='lat' dir='ltr'>ad-</span> 
     </span>
    </p>
   </div>
   <div class='ocr_carea' id='block_1_33' title="bbox 166 1580 995 1616">
    <p class='ocr_par' dir='ltr' id='par_1_33' title="bbox 166 1580 995 1616">
     <span class='ocr_line' id='line_1_33' title="bbox 166 1580 995 1616; baseline 0.001 -9"><span class='ocrx_word' id='word_1_233' title='bbox 166 1580 285 1613; x_wconf 83' lang='lat' dir='ltr'>miscet,</span> <span class='ocrx_word' id='word_1_234' title='bbox 301 1581 335 1607; x_wconf 89' lang='lat' dir='ltr'>ut</span> <span class='ocrx_word' id='word_1_235' title='bbox 349 1588 467 1616; x_wconf 85' lang='lat' dir='ltr'>gregem</span> <span class='ocrx_word' id='word_1_236' title='bbox 483 1581 577 1607; x_wconf 89' lang='lat' dir='ltr'>totum</span> <span class='ocrx_word' id='word_1_237' title='bbox 595 1580 664 1607; x_wconf 88' lang='lat' dir='ltr'>mali</span> <span class='ocrx_word' id='word_1_238' title='bbox 679 1580 851 1608; x_wconf 68' lang='lat' dir='ltr'>cohaerentis</span> <span class='ocrx_word' id='word_1_239' title='bbox 871 1580 995 1608; x_wconf 79' lang='lat' dir='ltr'>afflicta-</span> 
     </span>
    </p>
   </div>
   <div class='ocr_carea' id='block_1_34' title="bbox 1054 290 1880 326">
    <p class='ocr_par' dir='ltr' id='par_1_34' title="bbox 1054 290 1880 326">
     <span class='ocr_line' id='line_1_34' title="bbox 1054 290 1880 326; baseline 0 -9"><span class='ocrx_word' id='word_1_240' title='bbox 1054 290 1093 317; x_wconf 87' lang='lat' dir='ltr'>sit</span> <span class='ocrx_word' id='word_1_241' title='bbox 1122 291 1296 326; x_wconf 81' lang='lat' dir='ltr'>persuadere</span> <span class='ocrx_word' id='word_1_242' title='bbox 1325 290 1496 325; x_wconf 76' lang='lat' dir='ltr'>patientiam</span> <span class='ocrx_word' id='word_1_243' title='bbox 1528 290 1665 317; x_wconf 84' lang='lat' dir='ltr'>fratribus</span> <span class='ocrx_word' id='word_1_244' title='bbox 1700 290 1819 323; x_wconf 85' lang='lat' dir='ltr'>nostris,</span> <span class='ocrx_word' id='word_1_245' title='bbox 1837 292 1880 324; x_wconf 86' lang='lat' dir='ltr'>ut,</span> 
     </span>
    </p>
   </div>
   <div class='ocr_carea' id='block_1_35' title="bbox 1054 334 1882 370">
    <p class='ocr_par' dir='ltr' id='par_1_35' title="bbox 1054 334 1882 370">
     <span class='ocr_line' id='line_1_35' title="bbox 1054 334 1882 370; baseline 0 -8"><span class='ocrx_word' id='word_1_246' title='bbox 1054 335 1144 362; x_wconf 86' lang='lat' dir='ltr'>animi</span> <span class='ocrx_word' id='word_1_247' title='bbox 1161 335 1258 362; x_wconf 87' lang='lat' dir='ltr'>dolore</span> <span class='ocrx_word' id='word_1_248' title='bbox 1271 335 1374 370; x_wconf 84' lang='lat' dir='ltr'>sopito,</span> <span class='ocrx_word' id='word_1_249' title='bbox 1392 334 1565 370; x_wconf 72' lang='lat' dir='ltr'>recipiendis</span> <span class='ocrx_word' id='word_1_250' title='bbox 1582 334 1667 361; x_wconf 86' lang='lat' dir='ltr'>malis</span> <span class='ocrx_word' id='word_1_251' title='bbox 1686 335 1882 370; x_wconf 66' lang='lat' dir='ltr'>curantlisque</span> 
     </span>
    </p>
   </div>
   <div class='ocr_carea' id='block_1_36' title="bbox 1053 379 1880 414">
    <p class='ocr_par' dir='ltr' id='par_1_36' title="bbox 1053 379 1880 414">
     <span class='ocr_line' id='line_1_36' title="bbox 1053 379 1880 414; baseline 0 -8"><span class='ocrx_word' id='word_1_252' title='bbox 1053 380 1245 407; x_wconf 66' lang='lat' dir='ltr'>consentiant.</span> <span class='ocrx_word' id='word_1_253' title='bbox 1263 379 1395 414; x_wconf 79' lang='lat' dir='ltr'>Namque</span> <span class='ocrx_word' id='word_1_254' title='bbox 1411 382 1442 405; x_wconf 89' lang='lat' dir='ltr'>ut</span> <span class='ocrx_word' id='word_1_255' title='bbox 1458 379 1585 414; x_wconf 74' lang='lat' dir='ltr'>gaudent</span> <span class='ocrx_word' id='word_1_256' title='bbox 1604 383 1631 406; x_wconf 90' lang='lat' dir='ltr'>et</span> <span class='ocrx_word' id='word_1_257' title='bbox 1656 380 1792 406; x_wconf 64' lang='lat' dir='ltr'>laetantur</span> <span class='ocrx_word' id='word_1_258' title='bbox 1813 387 1880 406; x_wconf 86' lang='lat' dir='ltr'>cum</span> 
     </span>
    </p>
   </div>
   <div class='ocr_carea' id='block_1_37' title="bbox 1054 423 1880 458">
    <p class='ocr_par' dir='ltr' id='par_1_37' title="bbox 1054 423 1880 458">
     <span class='ocr_line' id='line_1_37' title="bbox 1054 423 1880 458; baseline -0.001 -7"><span class='ocrx_word' id='word_1_259' title='bbox 1054 424 1218 451; x_wconf 75' lang='lat' dir='ltr'>tolerabiles</span> <span class='ocrx_word' id='word_1_260' title='bbox 1234 426 1261 451; x_wconf 85' lang='lat' dir='ltr'>et</span> <span class='ocrx_word' id='word_1_261' title='bbox 1278 424 1374 451; x_wconf 77' lang='lat' dir='ltr'>minus</span> <span class='ocrx_word' id='word_1_262' title='bbox 1391 423 1551 458; x_wconf 69' lang='lat' dir='ltr'>culpabiles</span> <span class='ocrx_word' id='word_1_263' title='bbox 1567 424 1700 457; x_wconf 78' lang='lat' dir='ltr'>redeunt,</span> <span class='ocrx_word' id='word_1_264' title='bbox 1718 424 1757 450; x_wconf 83' lang='lat' dir='ltr'>ita</span> <span class='ocrx_word' id='word_1_265' title='bbox 1779 426 1880 451; x_wconf 84' lang='lat' dir='ltr'>contra</span> 
     </span>
    </p>
   </div>
   <div class='ocr_carea' id='block_1_38' title="bbox 1055 467 1882 503">
    <p class='ocr_par' dir='ltr' id='par_1_38' title="bbox 1055 467 1882 503">
     <span class='ocr_line' id='line_1_38' title="bbox 1055 467 1882 503; baseline -0.001 -8"><span class='ocrx_word' id='word_1_266' title='bbox 1055 470 1181 495; x_wconf 71' lang='lat' dir='ltr'>fremunt</span> <span class='ocrx_word' id='word_1_267' title='bbox 1197 471 1224 495; x_wconf 78' lang='lat' dir='ltr'>rt</span> <span class='ocrx_word' id='word_1_268' title='bbox 1240 468 1428 500; x_wconf 75' lang='lat' dir='ltr'>reluctantur,</span> <span class='ocrx_word' id='word_1_269' title='bbox 1457 468 1570 503; x_wconf 80' lang='lat' dir='ltr'>quoties</span> <span class='ocrx_word' id='word_1_270' title='bbox 1599 467 1828 495; x_wconf 84' lang='lat' dir='ltr'>inemendabiles</span> <span class='ocrx_word' id='word_1_271' title='bbox 1853 470 1882 495; x_wconf 92' lang='lat' dir='ltr'>et</span> 
     </span>
    </p>
   </div>
   <div class='ocr_carea' id='block_1_39' title="bbox 1054 512 1881 549">
    <p class='ocr_par' dir='ltr' id='par_1_39' title="bbox 1054 512 1881 549">
     <span class='ocr_line' id='line_1_39' title="bbox 1054 512 1881 549; baseline -0.001 -9"><span class='ocrx_word' id='word_1_272' title='bbox 1054 513 1190 549; x_wconf 87' lang='lat' dir='ltr'>protervi,</span> <span class='ocrx_word' id='word_1_273' title='bbox 1207 515 1234 539; x_wconf 88' lang='lat' dir='ltr'>et</span> <span class='ocrx_word' id='word_1_274' title='bbox 1249 512 1291 539; x_wconf 84' lang='lat' dir='ltr'>vel</span> <span class='ocrx_word' id='word_1_275' title='bbox 1309 512 1461 539; x_wconf 75' lang='lat' dir='ltr'>adulteriis</span> <span class='ocrx_word' id='word_1_276' title='bbox 1486 512 1529 539; x_wconf 92' lang='lat' dir='ltr'>vel</span> <span class='ocrx_word' id='word_1_277' title='bbox 1560 512 1711 539; x_wconf 79' lang='lat' dir='ltr'>sacriﬁciis</span> <span class='ocrx_word' id='word_1_278' title='bbox 1738 513 1881 539; x_wconf 84' lang='lat' dir='ltr'>contami-</span> 
     </span>
    </p>
   </div>
   <div class='ocr_carea' id='block_1_40' title="bbox 1054 556 1880 593">
    <p class='ocr_par' dir='ltr' id='par_1_40' title="bbox 1054 556 1880 593">
     <span class='ocr_line' id='line_1_40' title="bbox 1054 556 1880 593; baseline -0.001 -9"><span class='ocrx_word' id='word_1_279' title='bbox 1054 558 1124 587; x_wconf 82' lang='lat' dir='ltr'>nati,</span> <span class='ocrx_word' id='word_1_280' title='bbox 1142 560 1167 584; x_wconf 89' lang='lat' dir='ltr'>et</span> <span class='ocrx_word' id='word_1_281' title='bbox 1184 560 1248 593; x_wconf 77' lang='lat' dir='ltr'>post</span> <span class='ocrx_word' id='word_1_282' title='bbox 1265 557 1324 584; x_wconf 75' lang='lat' dir='ltr'>hrec</span> <span class='ocrx_word' id='word_1_283' title='bbox 1339 557 1434 583; x_wconf 76' lang='lat' dir='ltr'>adhuc</span> <span class='ocrx_word' id='word_1_284' title='bbox 1448 557 1567 591; x_wconf 77' lang='lat' dir='ltr'>insuper</span> <span class='ocrx_word' id='word_1_285' title='bbox 1582 558 1609 583; x_wconf 87' lang='lat' dir='ltr'>et</span> <span class='ocrx_word' id='word_1_286' title='bbox 1627 557 1755 591; x_wconf 82' lang='lat' dir='ltr'>superbi,</span> <span class='ocrx_word' id='word_1_287' title='bbox 1775 556 1816 583; x_wconf 89' lang='lat' dir='ltr'>sic</span> <span class='ocrx_word' id='word_1_288' title='bbox 1844 557 1880 583; x_wconf 83' lang='lat' dir='ltr'>ad</span> 
     </span>
    </p>
   </div>
   <div class='ocr_carea' id='block_1_41' title="bbox 1054 600 1881 634">
    <p class='ocr_par' dir='ltr' id='par_1_41' title="bbox 1054 600 1881 634">
     <span class='ocr_line' id='line_1_41' title="bbox 1054 600 1881 634; baseline 0 -7"><span class='ocrx_word' id='word_1_289' title='bbox 1054 600 1211 628; x_wconf 77' lang='lat' dir='ltr'>Erclrsiam</span> <span class='ocrx_word' id='word_1_290' title='bbox 1228 603 1367 632; x_wconf 78' lang='lat' dir='ltr'>remeant,</span> <span class='ocrx_word' id='word_1_291' title='bbox 1386 603 1417 627; x_wconf 92' lang='lat' dir='ltr'>ut</span> <span class='ocrx_word' id='word_1_292' title='bbox 1433 600 1508 627; x_wconf 83' lang='lat' dir='ltr'>bona</span> <span class='ocrx_word' id='word_1_293' title='bbox 1524 600 1602 626; x_wconf 88' lang='lat' dir='ltr'>intus</span> <span class='ocrx_word' id='word_1_294' title='bbox 1620 600 1734 634; x_wconf 78' lang='lat' dir='ltr'>ingenia</span> <span class='ocrx_word' id='word_1_295' title='bbox 1751 608 1881 627; x_wconf 88' lang='lat' dir='ltr'>corrum-</span> 
     </span>
    </p>
   </div>
   <div class='ocr_carea' id='block_1_42' title="bbox 1054 644 1881 680">
    <p class='ocr_par' dir='ltr' id='par_1_42' title="bbox 1054 644 1881 680">
     <span class='ocr_line' id='line_1_42' title="bbox 1054 644 1881 680; baseline -0.001 -8"><span class='ocrx_word' id='word_1_296' title='bbox 1054 648 1134 680; x_wconf 76' lang='lat' dir='ltr'>pant.</span> <span class='ocrx_word' id='word_1_297' title='bbox 1152 645 1228 672; x_wconf 56' lang='grc' dir='ltr'>δἐι</span> <span class='ocrx_word' id='word_1_298' title='bbox 1244 645 1295 671; x_wconf 73' lang='lat' dir='ltr'>Vix</span> <span class='ocrx_word' id='word_1_299' title='bbox 1322 644 1398 679; x_wconf 83' lang='lat' dir='ltr'>plebi</span> <span class='ocrx_word' id='word_1_300' title='bbox 1427 645 1597 679; x_wconf 82' lang='lat' dir='ltr'>persuadeo,</span> <span class='ocrx_word' id='word_1_301' title='bbox 1629 644 1686 670; x_wconf 89' lang='lat' dir='ltr'>imo</span> <span class='ocrx_word' id='word_1_302' title='bbox 1715 646 1881 678; x_wconf 84' lang='lat' dir='ltr'>extorqueo,</span> 
     </span>
    </p>
   </div>
   <div class='ocr_carea' id='block_1_43' title="bbox 1054 688 1882 725">
    <p class='ocr_par' dir='ltr' id='par_1_43' title="bbox 1054 688 1882 725">
     <span class='ocr_line' id='line_1_43' title="bbox 1054 688 1882 725; baseline -0.001 -8"><span class='ocrx_word' id='word_1_303' title='bbox 1054 692 1086 717; x_wconf 88' lang='lat' dir='ltr'>ut</span> <span class='ocrx_word' id='word_1_304' title='bbox 1102 690 1173 717; x_wconf 84' lang='lat' dir='ltr'>tales</span> <span class='ocrx_word' id='word_1_305' title='bbox 1190 689 1337 725; x_wconf 84' lang='lat' dir='ltr'>patiantur</span> <span class='ocrx_word' id='word_1_306' title='bbox 1362 689 1496 715; x_wconf 82' lang='lat' dir='ltr'>admitti:</span> <span class='ocrx_word' id='word_1_307' title='bbox 1525 691 1553 716; x_wconf 89' lang='lat' dir='ltr'>et</span> <span class='ocrx_word' id='word_1_308' title='bbox 1578 688 1687 723; x_wconf 88' lang='lat' dir='ltr'>justior</span> <span class='ocrx_word' id='word_1_309' title='bbox 1717 688 1809 716; x_wconf 80' lang='lat' dir='ltr'>factus</span> <span class='ocrx_word' id='word_1_310' title='bbox 1837 690 1882 716; x_wconf 90' lang='lat' dir='ltr'>est</span> 
     </span>
    </p>
   </div>
   <div class='ocr_carea' id='block_1_44' title="bbox 1056 733 1881 768">
    <p class='ocr_par' dir='ltr' id='par_1_44' title="bbox 1056 733 1881 768">
     <span class='ocr_line' id='line_1_44' title="bbox 1056 733 1881 768; baseline -0.001 -7"><span class='ocrx_word' id='word_1_311' title='bbox 1056 734 1246 761; x_wconf 77' lang='lat' dir='ltr'>fraternitatis</span> <span class='ocrx_word' id='word_1_312' title='bbox 1262 734 1343 760; x_wconf 88' lang='lat' dir='ltr'>dolor</span> <span class='ocrx_word' id='word_1_313' title='bbox 1358 742 1391 760; x_wconf 70' lang='lat' dir='ltr'>ex</span> <span class='ocrx_word' id='word_1_314' title='bbox 1407 742 1449 764; x_wconf 83' lang='lat' dir='ltr'>co,</span> <span class='ocrx_word' id='word_1_315' title='bbox 1472 734 1548 768; x_wconf 90' lang='lat' dir='ltr'>quod</span> <span class='ocrx_word' id='word_1_316' title='bbox 1575 741 1651 760; x_wconf 88' lang='lat' dir='ltr'>unus</span> <span class='ocrx_word' id='word_1_317' title='bbox 1677 736 1763 768; x_wconf 88' lang='lat' dir='ltr'>atque</span> <span class='ocrx_word' id='word_1_318' title='bbox 1792 733 1881 766; x_wconf 81' lang='lat' dir='ltr'>alius,</span> 
     </span>
    </p>
   </div>
   <div class='ocr_carea' id='block_1_45' title="bbox 1054 778 1879 813">
    <p class='ocr_par' dir='ltr' id='par_1_45' title="bbox 1054 778 1879 813">
     <span class='ocr_line' id='line_1_45' title="bbox 1054 778 1879 813; baseline 0 -8"><span class='ocrx_word' id='word_1_319' title='bbox 1054 779 1203 806; x_wconf 85' lang='lat' dir='ltr'>obnitente</span> <span class='ocrx_word' id='word_1_320' title='bbox 1219 779 1241 795; x_wconf 58' lang='lat'>‘2‘</span> <span class='ocrx_word' id='word_1_321' title='bbox 1253 778 1334 813; x_wconf 86' lang='lat' dir='ltr'>plebe</span> <span class='ocrx_word' id='word_1_322' title='bbox 1350 780 1377 805; x_wconf 89' lang='lat' dir='ltr'>et</span> <span class='ocrx_word' id='word_1_323' title='bbox 1393 778 1617 811; x_wconf 85' lang='lat' dir='ltr'>contradicente,</span> <span class='ocrx_word' id='word_1_324' title='bbox 1635 786 1699 805; x_wconf 85' lang='lat' dir='ltr'>mea</span> <span class='ocrx_word' id='word_1_325' title='bbox 1716 780 1811 805; x_wconf 87' lang='lat' dir='ltr'>tamen</span> <span class='ocrx_word' id='word_1_326' title='bbox 1839 778 1879 805; x_wconf 85' lang='lat' dir='ltr'>fa-</span> 
     </span>
    </p>
   </div>
   <div class='ocr_carea' id='block_1_46' title="bbox 1055 821 1882 858">
    <p class='ocr_par' dir='ltr' id='par_1_46' title="bbox 1055 821 1882 858">
     <span class='ocr_line' id='line_1_46' title="bbox 1055 821 1882 858; baseline 0.001 -9"><span class='ocrx_word' id='word_1_327' title='bbox 1055 823 1163 850; x_wconf 80' lang='lat' dir='ltr'>cilitate</span> <span class='ocrx_word' id='word_1_328' title='bbox 1180 823 1318 857; x_wconf 71' lang='lat' dir='ltr'>suscepti,</span> <span class='ocrx_word' id='word_1_329' title='bbox 1347 823 1458 857; x_wconf 70' lang='lat' dir='ltr'>pejores</span> <span class='ocrx_word' id='word_1_330' title='bbox 1478 822 1652 849; x_wconf 79' lang='lat' dir='ltr'>exstiterunt</span> <span class='ocrx_word' id='word_1_331' title='bbox 1681 830 1769 857; x_wconf 86' lang='lat' dir='ltr'>quam</span> <span class='ocrx_word' id='word_1_332' title='bbox 1801 821 1882 858; x_wconf 88' lang='lat' dir='ltr'>prius</span> 
     </span>
    </p>
   </div>
   <div class='ocr_carea' id='block_1_47' title="bbox 1056 867 1882 902">
    <p class='ocr_par' dir='ltr' id='par_1_47' title="bbox 1056 867 1882 902">
     <span class='ocr_line' id='line_1_47' title="bbox 1056 867 1882 902; baseline -0.001 -8"><span class='ocrx_word' id='word_1_333' title='bbox 1056 869 1170 895; x_wconf 80' lang='lat' dir='ltr'>fuerant</span> <span class='ocrx_word' id='word_1_334' title='bbox 1187 868 1218 899; x_wconf 58' lang='lat'>‘35,</span> <span class='ocrx_word' id='word_1_335' title='bbox 1237 876 1287 894; x_wconf 86' lang='lat' dir='ltr'>nec</span> <span class='ocrx_word' id='word_1_336' title='bbox 1305 868 1390 893; x_wconf 77' lang='lat' dir='ltr'>{idem</span> <span class='ocrx_word' id='word_1_337' title='bbox 1404 867 1578 902; x_wconf 68' lang='lat' dir='ltr'>pmnitentize</span> <span class='ocrx_word' id='word_1_338' title='bbox 1590 875 1702 893; x_wconf 85' lang='lat' dir='ltr'>servare</span> <span class='ocrx_word' id='word_1_339' title='bbox 1713 868 1882 902; x_wconf 89' lang='lat' dir='ltr'>potuerunt,</span> 
     </span>
    </p>
   </div>
   <div class='ocr_carea' id='block_1_48' title="bbox 1056 912 1704 948">
    <p class='ocr_par' dir='ltr' id='par_1_48' title="bbox 1056 912 1704 948">
     <span class='ocr_line' id='line_1_48' title="bbox 1056 912 1704 948; baseline -0.002 -10"><span class='ocrx_word' id='word_1_340' title='bbox 1056 913 1124 948; x_wconf 85' lang='lat' dir='ltr'>quia</span> <span class='ocrx_word' id='word_1_341' title='bbox 1141 921 1192 939; x_wconf 80' lang='lat' dir='ltr'>nec</span> <span class='ocrx_word' id='word_1_342' title='bbox 1208 921 1273 939; x_wconf 86' lang='lat' dir='ltr'>cum</span> <span class='ocrx_word' id='word_1_343' title='bbox 1291 920 1357 938; x_wconf 86' lang='lat' dir='ltr'>vera</span> <span class='ocrx_word' id='word_1_344' title='bbox 1374 912 1542 947; x_wconf 74' lang='lat' dir='ltr'>pomitcntia</span> <span class='ocrx_word' id='word_1_345' title='bbox 1557 914 1704 938; x_wconf 83' lang='lat' dir='ltr'>venerant.</span> 
     </span>
    </p>
   </div>
   <div class='ocr_carea' id='block_1_49' title="bbox 1090 955 1881 991">
    <p class='ocr_par' dir='ltr' id='par_1_49' title="bbox 1090 955 1881 991">
     <span class='ocr_line' id='line_1_49' title="bbox 1090 955 1881 991; baseline 0 -8"><span class='ocrx_word' id='word_1_346' title='bbox 1090 957 1157 983; x_wconf 78' lang='lat' dir='ltr'>XVI.</span> <span class='ocrx_word' id='word_1_347' title='bbox 1180 957 1219 983; x_wconf 81' lang='lat' dir='ltr'>De</span> <span class='ocrx_word' id='word_1_348' title='bbox 1236 956 1299 983; x_wconf 86' lang='lat' dir='ltr'>istis</span> <span class='ocrx_word' id='word_1_349' title='bbox 1314 965 1378 983; x_wconf 85' lang='lat' dir='ltr'>vero</span> <span class='ocrx_word' id='word_1_350' title='bbox 1396 956 1464 991; x_wconf 86' lang='lat' dir='ltr'>quid</span> <span class='ocrx_word' id='word_1_351' title='bbox 1484 955 1592 988; x_wconf 78' lang='lat' dir='ltr'>dicam,</span> <span class='ocrx_word' id='word_1_352' title='bbox 1613 956 1661 990; x_wconf 87' lang='lat' dir='ltr'>qui</span> <span class='ocrx_word' id='word_1_353' title='bbox 1693 963 1771 982; x_wconf 87' lang='lat' dir='ltr'>nunc</span> <span class='ocrx_word' id='word_1_354' title='bbox 1796 956 1829 982; x_wconf 90' lang='lat' dir='ltr'>ad</span> <span class='ocrx_word' id='word_1_355' title='bbox 1853 958 1881 983; x_wconf 87' lang='lat' dir='ltr'>te</span> 
     </span>
    </p>
   </div>
   <div class='ocr_carea' id='block_1_50' title="bbox 1054 1000 1881 1037">
    <p class='ocr_par' dir='ltr' id='par_1_50' title="bbox 1054 1000 1881 1037">
     <span class='ocr_line' id='line_1_50' title="bbox 1054 1000 1881 1037; baseline -0.001 -8"><span class='ocrx_word' id='word_1_356' title='bbox 1054 1011 1119 1029; x_wconf 88' lang='lat' dir='ltr'>cum</span> <span class='ocrx_word' id='word_1_357' title='bbox 1140 1002 1317 1029; x_wconf 75' lang='lat' dir='ltr'>Felicissimo</span> <span class='ocrx_word' id='word_1_358' title='bbox 1333 1001 1462 1028; x_wconf 87' lang='lat' dir='ltr'>omnium</span> <span class='ocrx_word' id='word_1_359' title='bbox 1480 1000 1635 1027; x_wconf 86' lang='lat' dir='ltr'>criminum</span> <span class='ocrx_word' id='word_1_360' title='bbox 1652 1009 1699 1027; x_wconf 87' lang='lat' dir='ltr'>reo</span> <span class='ocrx_word' id='word_1_361' title='bbox 1727 1001 1881 1037; x_wconf 79' lang='lat' dir='ltr'>navigave-</span> 
     </span>
    </p>
   </div>
   <div class='ocr_carea' id='block_1_51' title="bbox 1054 1045 1881 1081">
    <p class='ocr_par' dir='ltr' id='par_1_51' title="bbox 1054 1045 1881 1081">
     <span class='ocr_line' id='line_1_51' title="bbox 1054 1045 1881 1081; baseline -0.001 -7"><span class='ocrx_word' id='word_1_362' title='bbox 1054 1050 1131 1079; x_wconf 82' lang='lat' dir='ltr'>runt,</span> <span class='ocrx_word' id='word_1_363' title='bbox 1150 1047 1233 1080; x_wconf 68' lang='lat' dir='ltr'>legati</span> <span class='ocrx_word' id='word_1_364' title='bbox 1252 1056 1267 1073; x_wconf 87' lang='lat' dir='ltr'>a</span> <span class='ocrx_word' id='word_1_365' title='bbox 1284 1048 1440 1074; x_wconf 82' lang='lat' dir='ltr'>Fortunato</span> <span class='ocrx_word' id='word_1_366' title='bbox 1457 1046 1705 1081; x_wconf 81' lang='lat' dir='ltr'>pseudocpiscopo</span> <span class='ocrx_word' id='word_1_367' title='bbox 1718 1045 1881 1078; x_wconf 81' lang='lat' dir='ltr'>missi,tam</span> 
     </span>
    </p>
   </div>
   <div class='ocr_carea' id='block_1_52' title="bbox 1055 1090 1881 1126">
    <p class='ocr_par' dir='ltr' id='par_1_52' title="bbox 1055 1090 1881 1126">
     <span class='ocr_line' id='line_1_52' title="bbox 1055 1090 1881 1126; baseline 0 -8"><span class='ocrx_word' id='word_1_368' title='bbox 1055 1092 1141 1119; x_wconf 77' lang='lat' dir='ltr'>falsas</span> <span class='ocrx_word' id='word_1_369' title='bbox 1159 1092 1192 1118; x_wconf 82' lang='lat' dir='ltr'>ad</span> <span class='ocrx_word' id='word_1_370' title='bbox 1213 1094 1238 1118; x_wconf 81' lang='lat' dir='ltr'>to</span> <span class='ocrx_word' id='word_1_371' title='bbox 1256 1091 1366 1117; x_wconf 85' lang='lat' dir='ltr'>litteras</span> <span class='ocrx_word' id='word_1_372' title='bbox 1383 1091 1545 1125; x_wconf 74' lang='lat' dir='ltr'>atterentes,</span> <span class='ocrx_word' id='word_1_373' title='bbox 1572 1098 1658 1124; x_wconf 87' lang='lat' dir='ltr'>quam</span> <span class='ocrx_word' id='word_1_374' title='bbox 1688 1092 1731 1117; x_wconf 81' lang='lat' dir='ltr'>est</span> <span class='ocrx_word' id='word_1_375' title='bbox 1755 1092 1782 1117; x_wconf 89' lang='lat' dir='ltr'>et</span> <span class='ocrx_word' id='word_1_376' title='bbox 1807 1090 1881 1126; x_wconf 88' lang='lat' dir='ltr'>ipse,</span> 
     </span>
    </p>
   </div>
   <div class='ocr_carea' id='block_1_53' title="bbox 1053 1135 1881 1170">
    <p class='ocr_par' dir='ltr' id='par_1_53' title="bbox 1053 1135 1881 1170">
     <span class='ocr_line' id='line_1_53' title="bbox 1053 1135 1881 1170; baseline -0.004 -6"><span class='ocrx_word' id='word_1_377' title='bbox 1053 1137 1138 1170; x_wconf 80' lang='lat' dir='ltr'>cujus</span> <span class='ocrx_word' id='word_1_378' title='bbox 1156 1136 1266 1163; x_wconf 78' lang='lat' dir='ltr'>litteras</span> <span class='ocrx_word' id='word_1_379' title='bbox 1285 1136 1389 1167; x_wconf 59' lang='lat' dir='ltr'>ferunt,</span> <span class='ocrx_word' id='word_1_380' title='bbox 1408 1135 1517 1168; x_wconf 84' lang='lat' dir='ltr'>falsus;</span> <span class='ocrx_word' id='word_1_381' title='bbox 1536 1143 1623 1170; x_wconf 84' lang='lat' dir='ltr'>quam</span> <span class='ocrx_word' id='word_1_382' title='bbox 1641 1137 1685 1161; x_wconf 87' lang='lat' dir='ltr'>est</span> <span class='ocrx_word' id='word_1_383' title='bbox 1700 1135 1763 1169; x_wconf 77' lang='lat' dir='ltr'>ejus</span> <span class='ocrx_word' id='word_1_384' title='bbox 1781 1143 1881 1170; x_wconf 79' lang='lat' dir='ltr'>pecca-</span> 
     </span>
    </p>
   </div>
   <div class='ocr_carea' id='block_1_54' title="bbox 1053 1179 1883 1215">
    <p class='ocr_par' dir='ltr' id='par_1_54' title="bbox 1053 1179 1883 1215">
     <span class='ocr_line' id='line_1_54' title="bbox 1053 1179 1883 1215; baseline -0.002 -7"><span class='ocrx_word' id='word_1_385' title='bbox 1053 1183 1149 1208; x_wconf 88' lang='lat' dir='ltr'>torum</span> <span class='ocrx_word' id='word_1_386' title='bbox 1162 1182 1184 1197; x_wconf 57' lang='lat'>9‘3</span> <span class='ocrx_word' id='word_1_387' title='bbox 1197 1180 1348 1215; x_wconf 78' lang='lat' dir='ltr'>multiplex</span> <span class='ocrx_word' id='word_1_388' title='bbox 1357 1179 1636 1214; x_wconf 81' lang='lat' dir='ltr'>conscientia,quam</span> <span class='ocrx_word' id='word_1_389' title='bbox 1646 1179 1833 1206; x_wconf 83' lang='lat' dir='ltr'>exsecrabilis</span> <span class='ocrx_word' id='word_1_390' title='bbox 1842 1179 1883 1207; x_wconf 87' lang='lat' dir='ltr'>vi-</span> 
     </span>
    </p>
   </div>
   <div class='ocr_carea' id='block_1_55' title="bbox 1054 1223 1901 1261">
    <p class='ocr_par' dir='ltr' id='par_1_55' title="bbox 1054 1223 1901 1261">
     <span class='ocr_line' id='line_1_55' title="bbox 1054 1223 1901 1261; baseline -0.002 -9"><span class='ocrx_word' id='word_1_391' title='bbox 1054 1228 1092 1255; x_wconf 78' lang='lat' dir='ltr'>ta.</span> <span class='ocrx_word' id='word_1_392' title='bbox 1111 1234 1198 1261; x_wconf 85' lang='lat' dir='ltr'>quam</span> <span class='ocrx_word' id='word_1_393' title='bbox 1216 1225 1330 1259; x_wconf 85' lang='lat' dir='ltr'>turpis:</span> <span class='ocrx_word' id='word_1_394' title='bbox 1348 1227 1380 1251; x_wconf 87' lang='lat' dir='ltr'>ut</span> <span class='ocrx_word' id='word_1_395' title='bbox 1395 1227 1422 1251; x_wconf 88' lang='lat' dir='ltr'>et</span> <span class='ocrx_word' id='word_1_396' title='bbox 1445 1224 1469 1251; x_wconf 86' lang='lat' dir='ltr'>si</span> <span class='ocrx_word' id='word_1_397' title='bbox 1486 1224 1512 1250; x_wconf 91' lang='lat' dir='ltr'>in</span> <span class='ocrx_word' id='word_1_398' title='bbox 1531 1223 1657 1250; x_wconf 80' lang='lat' dir='ltr'>Ecclesia</span> <span class='ocrx_word' id='word_1_399' title='bbox 1680 1225 1789 1258; x_wconf 84' lang='lat' dir='ltr'>essent,</span> <span class='ocrx_word' id='word_1_400' title='bbox 1815 1223 1880 1258; x_wconf 80' lang='lat' dir='ltr'>ejici</span> <span class='ocrx_word' id='word_1_401' title='bbox 1899 1232 1901 1237; x_wconf 93' lang='grc'><strong>·</strong></span> 
     </span>
    </p>
   </div>
   <div class='ocr_carea' id='block_1_56' title="bbox 1054 1268 1882 1303">
    <p class='ocr_par' dir='ltr' id='par_1_56' title="bbox 1054 1268 1882 1303">
     <span class='ocr_line' id='line_1_56' title="bbox 1054 1268 1882 1303; baseline -0.002 -6"><span class='ocrx_word' id='word_1_402' title='bbox 1054 1270 1125 1297; x_wconf 75' lang='lat' dir='ltr'>tales</span> <span class='ocrx_word' id='word_1_403' title='bbox 1137 1270 1170 1296; x_wconf 85' lang='lat' dir='ltr'>de</span> <span class='ocrx_word' id='word_1_404' title='bbox 1185 1269 1308 1296; x_wconf 69' lang='lat' dir='ltr'>Ecclesia</span> <span class='ocrx_word' id='word_1_405' title='bbox 1321 1268 1508 1295; x_wconf 63' lang='lat' dir='ltr'>debuissent?</span> <span class='ocrx_word' id='word_1_406' title='bbox 1520 1268 1646 1303; x_wconf 84' lang='lat' dir='ltr'>Denique</span> <span class='ocrx_word' id='word_1_407' title='bbox 1658 1268 1882 1303; x_wconf 83' lang='lat' dir='ltr'>quiaconscicn-</span> 
     </span>
    </p>
   </div>
   <div class='ocr_carea' id='block_1_57' title="bbox 1054 1313 1881 1346">
    <p class='ocr_par' dir='ltr' id='par_1_57' title="bbox 1054 1313 1881 1346">
     <span class='ocr_line' id='line_1_57' title="bbox 1054 1313 1881 1346; baseline -0.001 -5"><span class='ocrx_word' id='word_1_408' title='bbox 1054 1315 1123 1342; x_wconf 81' lang='lat' dir='ltr'>tiam</span> <span class='ocrx_word' id='word_1_409' title='bbox 1135 1323 1217 1341; x_wconf 81' lang='lat' dir='ltr'>suam</span> <span class='ocrx_word' id='word_1_410' title='bbox 1232 1321 1347 1343; x_wconf 72' lang='lat' dir='ltr'>norunt,</span> <span class='ocrx_word' id='word_1_411' title='bbox 1362 1322 1411 1339; x_wconf 77' lang='lat' dir='ltr'>nec</span> <span class='ocrx_word' id='word_1_412' title='bbox 1427 1313 1535 1340; x_wconf 84' lang='lat' dir='ltr'>audent</span> <span class='ocrx_word' id='word_1_413' title='bbox 1547 1313 1644 1339; x_wconf 85' lang='lat' dir='ltr'>venire</span> <span class='ocrx_word' id='word_1_414' title='bbox 1660 1313 1692 1346; x_wconf 58' lang='lat'>97,</span> <span class='ocrx_word' id='word_1_415' title='bbox 1709 1315 1759 1339; x_wconf 84' lang='lat' dir='ltr'>aut</span> <span class='ocrx_word' id='word_1_416' title='bbox 1775 1313 1810 1340; x_wconf 88' lang='lat' dir='ltr'>ad</span> <span class='ocrx_word' id='word_1_417' title='bbox 1828 1313 1881 1340; x_wconf 87' lang='lat' dir='ltr'>Ec-</span> 
     </span>
    </p>
   </div>
   <div class='ocr_carea' id='block_1_58' title="bbox 1053 1357 1880 1392">
    <p class='ocr_par' dir='ltr' id='par_1_58' title="bbox 1053 1357 1880 1392">
     <span class='ocr_line' id='line_1_58' title="bbox 1053 1357 1880 1392; baseline -0.002 -7"><span class='ocrx_word' id='word_1_418' title='bbox 1053 1359 1146 1385; x_wconf 71' lang='lat' dir='ltr'>clesiae</span> <span class='ocrx_word' id='word_1_419' title='bbox 1163 1358 1249 1385; x_wconf 86' lang='lat' dir='ltr'>limen</span> <span class='ocrx_word' id='word_1_420' title='bbox 1267 1358 1422 1389; x_wconf 70' lang='lat' dir='ltr'>accedere;</span> <span class='ocrx_word' id='word_1_421' title='bbox 1448 1357 1497 1384; x_wconf 85' lang='lat' dir='ltr'>sed</span> <span class='ocrx_word' id='word_1_422' title='bbox 1527 1357 1596 1384; x_wconf 84' lang='lat' dir='ltr'>foris</span> <span class='ocrx_word' id='word_1_423' title='bbox 1622 1365 1671 1392; x_wconf 90' lang='lat' dir='ltr'>per</span> <span class='ocrx_word' id='word_1_424' title='bbox 1701 1357 1880 1392; x_wconf 88' lang='lat' dir='ltr'>provinciam</span> 
     </span>
    </p>
   </div>
   <div class='ocr_carea' id='block_1_59' title="bbox 1053 1401 1878 1436">
    <p class='ocr_par' dir='ltr' id='par_1_59' title="bbox 1053 1401 1878 1436">
     <span class='ocr_line' id='line_1_59' title="bbox 1053 1401 1878 1436; baseline -0.002 -6"><span class='ocrx_word' id='word_1_425' title='bbox 1053 1403 1317 1430; x_wconf 65' lang='lat' dir='ltr'>circumvouiomlis</span> <span class='ocrx_word' id='word_1_426' title='bbox 1335 1402 1473 1429; x_wconf 80' lang='lat' dir='ltr'>fratribus</span> <span class='ocrx_word' id='word_1_427' title='bbox 1490 1404 1517 1428; x_wconf 90' lang='lat' dir='ltr'>et</span> <span class='ocrx_word' id='word_1_428' title='bbox 1532 1401 1693 1436; x_wconf 82' lang='lat' dir='ltr'>spoliandis</span> <span class='ocrx_word' id='word_1_429' title='bbox 1709 1404 1878 1436; x_wconf 85' lang='lat' dir='ltr'>pererrant;</span> 
     </span>
    </p>
   </div>
   <div class='ocr_carea' id='block_1_60' title="bbox 1052 1444 1880 1481">
    <p class='ocr_par' dir='ltr' id='par_1_60' title="bbox 1052 1444 1880 1481">
     <span class='ocr_line' id='line_1_60' title="bbox 1052 1444 1880 1481; baseline -0.001 -7"><span class='ocrx_word' id='word_1_430' title='bbox 1052 1451 1080 1474; x_wconf 87' lang='lat' dir='ltr'>et</span> <span class='ocrx_word' id='word_1_431' title='bbox 1096 1448 1233 1474; x_wconf 75' lang='lat' dir='ltr'>omnibus</span> <span class='ocrx_word' id='word_1_432' title='bbox 1246 1447 1307 1480; x_wconf 80' lang='lat' dir='ltr'>jam</span> <span class='ocrx_word' id='word_1_433' title='bbox 1325 1446 1396 1472; x_wconf 70' lang='lat' dir='ltr'>satis</span> <span class='ocrx_word' id='word_1_434' title='bbox 1413 1446 1482 1479; x_wconf 78' lang='lat' dir='ltr'>noli,</span> <span class='ocrx_word' id='word_1_435' title='bbox 1501 1448 1586 1481; x_wconf 80' lang='lat' dir='ltr'>atque</span> <span class='ocrx_word' id='word_1_436' title='bbox 1600 1444 1727 1480; x_wconf 89' lang='lat' dir='ltr'>undique</span> <span class='ocrx_word' id='word_1_437' title='bbox 1742 1454 1792 1481; x_wconf 92' lang='lat' dir='ltr'>pro</span> <span class='ocrx_word' id='word_1_438' title='bbox 1817 1445 1880 1473; x_wconf 85' lang='lat' dir='ltr'>suis</span> 
     </span>
    </p>
   </div>
   <div class='ocr_carea' id='block_1_61' title="bbox 1053 1489 1880 1526">
    <p class='ocr_par' dir='ltr' id='par_1_61' title="bbox 1053 1489 1880 1526">
     <span class='ocr_line' id='line_1_61' title="bbox 1053 1489 1880 1526; baseline -0.001 -8"><span class='ocrx_word' id='word_1_439' title='bbox 1053 1491 1232 1519; x_wconf 78' lang='lat' dir='ltr'>facinoribus</span> <span class='ocrx_word' id='word_1_440' title='bbox 1247 1490 1367 1521; x_wconf 78' lang='lat' dir='ltr'>exclusi,</span> <span class='ocrx_word' id='word_1_441' title='bbox 1390 1490 1458 1516; x_wconf 92' lang='lat' dir='ltr'>illuc</span> <span class='ocrx_word' id='word_1_442' title='bbox 1487 1490 1573 1517; x_wconf 84' lang='lat' dir='ltr'>etiam</span> <span class='ocrx_word' id='word_1_443' title='bbox 1595 1490 1630 1516; x_wconf 89' lang='lat' dir='ltr'>ad</span> <span class='ocrx_word' id='word_1_444' title='bbox 1657 1498 1705 1517; x_wconf 91' lang='lat' dir='ltr'>vos</span> <span class='ocrx_word' id='word_1_445' title='bbox 1731 1489 1880 1526; x_wconf 82' lang='lat' dir='ltr'>navigant.</span> 
     </span>
    </p>
   </div>
   <div class='ocr_carea' id='block_1_62' title="bbox 1051 1534 1880 1572">
    <p class='ocr_par' dir='ltr' id='par_1_62' title="bbox 1051 1534 1880 1572">
     <span class='ocr_line' id='line_1_62' title="bbox 1051 1534 1880 1572; baseline -0.004 -8"><span class='ocrx_word' id='word_1_446' title='bbox 1051 1536 1149 1572; x_wconf 79' lang='lat' dir='ltr'>Neque</span> <span class='ocrx_word' id='word_1_447' title='bbox 1166 1536 1242 1563; x_wconf 91' lang='lat' dir='ltr'>enim</span> <span class='ocrx_word' id='word_1_448' title='bbox 1261 1535 1318 1561; x_wconf 82' lang='lat' dir='ltr'>illis</span> <span class='ocrx_word' id='word_1_449' title='bbox 1333 1537 1427 1570; x_wconf 62' lang='lat' dir='ltr'>potest</span> <span class='ocrx_word' id='word_1_450' title='bbox 1440 1535 1518 1561; x_wconf 82' lang='lat' dir='ltr'>frons</span> <span class='ocrx_word' id='word_1_451' title='bbox 1530 1542 1593 1561; x_wconf 82' lang='lat' dir='ltr'>esse</span> <span class='ocrx_word' id='word_1_452' title='bbox 1605 1534 1639 1561; x_wconf 84' lang='lat' dir='ltr'>ad</span> <span class='ocrx_word' id='word_1_453' title='bbox 1653 1542 1704 1561; x_wconf 92' lang='lat' dir='ltr'>nos</span> <span class='ocrx_word' id='word_1_454' title='bbox 1712 1534 1880 1569; x_wconf 87' lang='lat' dir='ltr'>accedendi,</span> 
     </span>
    </p>
   </div>
   <div class='ocr_carea' id='block_1_63' title="bbox 1053 1579 1883 1616">
    <p class='ocr_par' dir='ltr' id='par_1_63' title="bbox 1053 1579 1883 1616">
     <span class='ocr_line' id='line_1_63' title="bbox 1053 1579 1883 1616; baseline -0.001 -8"><span class='ocrx_word' id='word_1_455' title='bbox 1053 1584 1102 1608; x_wconf 86' lang='lat' dir='ltr'>aut</span> <span class='ocrx_word' id='word_1_456' title='bbox 1117 1582 1192 1616; x_wconf 82' lang='lat' dir='ltr'>apud</span> <span class='ocrx_word' id='word_1_457' title='bbox 1214 1589 1265 1607; x_wconf 85' lang='lat' dir='ltr'>nos</span> <span class='ocrx_word' id='word_1_458' title='bbox 1282 1580 1475 1611; x_wconf 78' lang='lat' dir='ltr'>consistendi;</span> <span class='ocrx_word' id='word_1_459' title='bbox 1494 1587 1560 1606; x_wconf 89' lang='lat' dir='ltr'>cum</span> <span class='ocrx_word' id='word_1_460' title='bbox 1577 1579 1636 1605; x_wconf 84' lang='lat' dir='ltr'>sint</span> <span class='ocrx_word' id='word_1_461' title='bbox 1653 1579 1844 1607; x_wconf 84' lang='lat' dir='ltr'>acerbissima</span> <span class='ocrx_word' id='word_1_462' title='bbox 1854 1581 1883 1607; x_wconf 86' lang='lat' dir='ltr'>et</span> 
     </span>
    </p>
   </div>
   <div class='ocr_carea' id='block_1_64' title="bbox 165 1622 1880 1661">
    <p class='ocr_par' dir='ltr' id='par_1_64' title="bbox 165 1622 1880 1661">
     <span class='ocr_line' id='line_1_64' title="bbox 165 1622 1880 1661; baseline 0 -9"><span class='ocrx_word' id='word_1_463' title='bbox 165 1625 250 1653; x_wconf 89' lang='lat' dir='ltr'>tione</span> <span class='ocrx_word' id='word_1_464' title='bbox 265 1624 444 1652; x_wconf 88' lang='lat' dir='ltr'>contaminet</span> <span class='ocrx_word' id='word_1_465' title='bbox 459 1625 491 1651; x_wconf 77' lang='grc'>²².</span> <span class='ocrx_word' id='word_1_466' title='bbox 504 1624 526 1652; x_wconf 92' lang='lat' dir='ltr'><strong>O</strong></span> <span class='ocrx_word' id='word_1_467' title='bbox 543 1624 566 1652; x_wconf 87' lang='lat' dir='ltr'>si</span> <span class='ocrx_word' id='word_1_468' title='bbox 583 1633 696 1660; x_wconf 85' lang='lat' dir='ltr'>posses,</span> <span class='ocrx_word' id='word_1_469' title='bbox 712 1625 801 1653; x_wconf 85' lang='lat' dir='ltr'>frater</span> <span class='ocrx_word' id='word_1_470' title='bbox 818 1625 1000 1659; x_wconf 84' lang='lat' dir='ltr'>charissime,</span> <span class='ocrx_word' id='word_1_471' title='bbox 1017 1622 1038 1655; x_wconf 87' lang='lat' dir='ltr'>C</span> <span class='ocrx_word' id='word_1_472' title='bbox 1056 1625 1229 1661; x_wconf 70' lang='lat' dir='ltr'>gravissima</span> <span class='ocrx_word' id='word_1_473' title='bbox 1246 1624 1379 1657; x_wconf 85' lang='lat' dir='ltr'>crimina,</span> <span class='ocrx_word' id='word_1_474' title='bbox 1393 1632 1456 1659; x_wconf 78' lang='lat' dir='ltr'>qum</span> <span class='ocrx_word' id='word_1_475' title='bbox 1473 1623 1514 1650; x_wconf 85' lang='lat' dir='ltr'>eis</span> <span class='ocrx_word' id='word_1_476' title='bbox 1526 1632 1542 1650; x_wconf 87' lang='lat' dir='ltr'>a</span> <span class='ocrx_word' id='word_1_477' title='bbox 1554 1623 1692 1650; x_wconf 85' lang='lat' dir='ltr'>fratribus</span> <span class='ocrx_word' id='word_1_478' title='bbox 1702 1623 1880 1658; x_wconf 78' lang='lat' dir='ltr'>ingerantur.</span> 
     </span>
    </p>
   </div>
   <div class='ocr_carea' id='block_1_65' title="bbox 166 1668 1000 1706">
    <p class='ocr_par' dir='ltr' id='par_1_65' title="bbox 166 1668 1000 1706">
     <span class='ocr_line' id='line_1_65' title="bbox 166 1668 1000 1706; baseline -0.001 -8"><span class='ocrx_word' id='word_1_479' title='bbox 166 1669 238 1698; x_wconf 89' lang='lat' dir='ltr'>istic</span> <span class='ocrx_word' id='word_1_480' title='bbox 248 1669 390 1697; x_wconf 85' lang='lat' dir='ltr'>interesse</span> <span class='ocrx_word' id='word_1_481' title='bbox 401 1668 565 1704; x_wconf 87' lang='lat' dir='ltr'>nobiscum,</span> <span class='ocrx_word' id='word_1_482' title='bbox 577 1677 644 1697; x_wconf 91' lang='lat' dir='ltr'>cum</span> <span class='ocrx_word' id='word_1_483' title='bbox 656 1670 734 1706; x_wconf 83' lang='lat' dir='ltr'>pravi</span> <span class='ocrx_word' id='word_1_484' title='bbox 748 1669 797 1697; x_wconf 87' lang='lat' dir='ltr'>isti</span> <span class='ocrx_word' id='word_1_485' title='bbox 806 1673 832 1698; x_wconf 86' lang='lat' dir='ltr'>et</span> <span class='ocrx_word' id='word_1_486' title='bbox 842 1670 1000 1706; x_wconf 70' lang='lat' dir='ltr'>perversi23</span> 
     </span>
    </p>
   </div>
   <div class='ocr_carea' id='block_1_66' title="bbox 1056 1668 1879 1704">
    <p class='ocr_par' dir='ltr' id='par_1_66' title="bbox 1056 1668 1879 1704">
     <span class='ocr_line' id='line_1_66' title="bbox 1056 1668 1879 1704; baseline -0.001 -7"><span class='ocrx_word' id='word_1_487' title='bbox 1056 1670 1242 1704; x_wconf 71' lang='lat' dir='ltr'>Sijudicium</span> <span class='ocrx_word' id='word_1_488' title='bbox 1260 1672 1391 1696; x_wconf 86' lang='lat' dir='ltr'>nostrum</span> <span class='ocrx_word' id='word_1_489' title='bbox 1421 1668 1565 1695; x_wconf 83' lang='lat' dir='ltr'>voluerint</span> <span class='ocrx_word' id='word_1_490' title='bbox 1591 1668 1725 1703; x_wconf 69' lang='lat' dir='ltr'>experiri;</span> <span class='ocrx_word' id='word_1_491' title='bbox 1752 1669 1879 1697; x_wconf 81' lang='lat' dir='ltr'>veniant.</span> 
     </span>
    </p>
   </div>
   <div class='ocr_carea' id='block_1_67' title="bbox 891 1724 1166 1754">
    <p class='ocr_par' dir='ltr' id='par_1_67' title="bbox 891 1724 1166 1754">
     <span class='ocr_line' id='line_1_67' title="bbox 891 1724 1166 1754; baseline -0.007 0"><span class='ocrx_word' id='word_1_492' title='bbox 891 1724 992 1754; x_wconf 78' lang='lat' dir='ltr'>Variae</span> <span class='ocrx_word' id='word_1_493' title='bbox 1008 1724 1166 1754; x_wconf 79' lang='lat' dir='ltr'>lectiones.</span> 
     </span>
    </p>
   </div>
   <div class='ocr_carea' id='block_1_68' title="bbox 208 1775 1005 1805">
    <p class='ocr_par' dir='ltr' id='par_1_68' title="bbox 208 1775 1005 1805">
     <span class='ocr_line' id='line_1_68' title="bbox 208 1775 1005 1805; baseline 0.001 -2"><span class='ocrx_word' id='word_1_494' title='bbox 208 1776 229 1794; x_wconf 79' lang='grc'>¹⁸</span> <span class='ocrx_word' id='word_1_495' title='bbox 245 1776 299 1803; x_wconf 83' lang='lat' dir='ltr'>Aut</span> <span class='ocrx_word' id='word_1_496' title='bbox 313 1775 453 1803; x_wconf 85' lang='lat' dir='ltr'>fratribus</span> <span class='ocrx_word' id='word_1_497' title='bbox 470 1776 545 1803; x_wconf 88' lang='lat' dir='ltr'>Lam.</span> <span class='ocrx_word' id='word_1_498' title='bbox 558 1776 623 1804; x_wconf 84' lang='lat' dir='ltr'>Bod.</span> <span class='ocrx_word' id='word_1_499' title='bbox 638 1777 665 1804; x_wconf 85' lang='lat'>2.</span> <span class='ocrx_word' id='word_1_500' title='bbox 681 1777 762 1804; x_wconf 80' lang='lat' dir='ltr'>Ebur.</span> <span class='ocrx_word' id='word_1_501' title='bbox 779 1776 839 1804; x_wconf 73' lang='grc' dir='ltr'>ΝΟ.</span> <span class='ocrx_word' id='word_1_502' title='bbox 864 1777 886 1804; x_wconf 79' lang='grc' dir='ltr'>σ.</span> <span class='ocrx_word' id='word_1_503' title='bbox 905 1778 927 1795; x_wconf 78' lang='grc'>¹⁹</span> <span class='ocrx_word' id='word_1_504' title='bbox 944 1777 1005 1805; x_wconf 86' lang='lat' dir='ltr'>Non</span> 
     </span>
    </p>
   </div>
   <div class='ocr_carea' id='block_1_69' title="bbox 1022 1774 1877 1813">
    <p class='ocr_par' dir='ltr' id='par_1_69' title="bbox 1022 1774 1877 1813">
     <span class='ocr_line' id='line_1_69' title="bbox 1022 1774 1877 1813; baseline 0 -10"><span class='ocrx_word' id='word_1_505' title='bbox 1022 1779 1156 1813; x_wconf 74' lang='lat' dir='ltr'>pessuut,</span> <span class='ocrx_word' id='word_1_506' title='bbox 1173 1776 1227 1813; x_wconf 81' lang='lat' dir='ltr'>nisi</span> <span class='ocrx_word' id='word_1_507' title='bbox 1244 1785 1310 1803; x_wconf 88' lang='lat' dir='ltr'>cum</span> <span class='ocrx_word' id='word_1_508' title='bbox 1336 1774 1473 1802; x_wconf 84' lang='lat' dir='ltr'>seandalo</span> <span class='ocrx_word' id='word_1_509' title='bbox 1495 1775 1569 1801; x_wconf 79' lang='lat' dir='ltr'>Lam.</span> <span class='ocrx_word' id='word_1_510' title='bbox 1589 1774 1652 1802; x_wconf 72' lang='lat' dir='ltr'>Ilmi.</span> <span class='ocrx_word' id='word_1_511' title='bbox 1671 1776 1693 1813; x_wconf 62' lang='grc' dir='ltr'>1ἶ</span> <span class='ocrx_word' id='word_1_512' title='bbox 1709 1776 1735 1801; x_wconf 84' lang='lat'>2.</span> <span class='ocrx_word' id='word_1_513' title='bbox 1752 1775 1778 1802; x_wconf 85' lang='lat'>3.</span> <span class='ocrx_word' id='word_1_514' title='bbox 1797 1776 1877 1813; x_wconf 55' lang='lat' dir='ltr'>litor.</span> 
     </span>
    </p>
   </div>
   <div class='ocr_carea' id='block_1_70' title="bbox 164 1811 1879 1848">
    <p class='ocr_par' dir='ltr' id='par_1_70' title="bbox 164 1811 1879 1848">
     <span class='ocr_line' id='line_1_70' title="bbox 164 1811 1879 1848; baseline -0.001 -9"><span class='ocrx_word' id='word_1_515' title='bbox 164 1811 225 1840; x_wconf 74' lang='grc' dir='ltr'><em>ΝΟ.</em></span> <span class='ocrx_word' id='word_1_516' title='bbox 247 1813 271 1839; x_wconf 92' lang='grc'>1.</span> <span class='ocrx_word' id='word_1_517' title='bbox 288 1812 310 1829; x_wconf 66' lang='grc' dir='ltr'><strong><em>ὀ</em></strong></span> <span class='ocrx_word' id='word_1_518' title='bbox 325 1812 494 1848; x_wconf 70' lang='lat' dir='ltr'>Putramiaa</span> <span class='ocrx_word' id='word_1_519' title='bbox 509 1813 563 1839; x_wconf 84' lang='lat' dir='ltr'>Ver.</span> <span class='ocrx_word' id='word_1_520' title='bbox 583 1812 727 1848; x_wconf 79' lang='lat' dir='ltr'>fragmina</span> <span class='ocrx_word' id='word_1_521' title='bbox 740 1813 816 1839; x_wconf 85' lang='lat' dir='ltr'>Lam.</span> <span class='ocrx_word' id='word_1_522' title='bbox 835 1813 899 1840; x_wconf 75' lang='lat' dir='ltr'>Ben.</span> <span class='ocrx_word' id='word_1_523' title='bbox 917 1813 981 1840; x_wconf 84' lang='lat' dir='ltr'>Bod.</span> <span class='ocrx_word' id='word_1_524' title='bbox 999 1811 1066 1844; x_wconf 26' lang='lat'>1,712.</span> <span class='ocrx_word' id='word_1_525' title='bbox 1084 1815 1109 1839; x_wconf 62' lang='grc' dir='ltr'>ῖς.</span> <span class='ocrx_word' id='word_1_526' title='bbox 1128 1814 1187 1839; x_wconf 85' lang='lat' dir='ltr'>I.in.</span> <span class='ocrx_word' id='word_1_527' title='bbox 1205 1812 1257 1839; x_wconf 70' lang='grc' dir='ltr'>ΜΣ.</span> <span class='ocrx_word' id='word_1_528' title='bbox 1275 1814 1300 1838; x_wconf 73' lang='lat'>3.</span> <span class='ocrx_word' id='word_1_529' title='bbox 1319 1813 1337 1828; x_wconf 60' lang='grc' dir='ltr'>θ’</span> <span class='ocrx_word' id='word_1_530' title='bbox 1366 1813 1532 1838; x_wconf 75' lang='lat' dir='ltr'>tlontractas</span> <span class='ocrx_word' id='word_1_531' title='bbox 1547 1811 1791 1848; x_wconf 32' lang='grc' dir='ltr'>Ορηιρινηιικῃιδςδς.</span> <span class='ocrx_word' id='word_1_532' title='bbox 1806 1811 1879 1839; x_wconf 63' lang='lat' dir='ltr'>Idem</span> 
     </span>
    </p>
   </div>
   <div class='ocr_carea' id='block_1_71' title="bbox 165 1846 1878 1883">
    <p class='ocr_par' dir='ltr' id='par_1_71' title="bbox 165 1846 1878 1883">
     <span class='ocr_line' id='line_1_71' title="bbox 165 1846 1878 1883; baseline -0.001 -8"><span class='ocrx_word' id='word_1_533' title='bbox 165 1848 268 1875; x_wconf 78' lang='lat' dir='ltr'>habuit</span> <span class='ocrx_word' id='word_1_534' title='bbox 282 1850 308 1875; x_wconf 81' lang='lat' dir='ltr'>cl</span> <span class='ocrx_word' id='word_1_535' title='bbox 320 1847 412 1880; x_wconf 83' lang='lat' dir='ltr'>Corb.,</span> <span class='ocrx_word' id='word_1_536' title='bbox 427 1848 473 1875; x_wconf 77' lang='lat' dir='ltr'>sed</span> <span class='ocrx_word' id='word_1_537' title='bbox 483 1848 598 1875; x_wconf 73' lang='lat' dir='ltr'>subinde</span> <span class='ocrx_word' id='word_1_538' title='bbox 613 1846 643 1875; x_wconf 71' lang='lat' dir='ltr'>in</span> <span class='ocrx_word' id='word_1_539' title='bbox 658 1856 687 1875; x_wconf 82' lang='lat' dir='ltr'>eo</span> <span class='ocrx_word' id='word_1_540' title='bbox 703 1849 793 1875; x_wconf 75' lang='lat' dir='ltr'>littera</span> <span class='ocrx_word' id='word_1_541' title='bbox 809 1856 823 1874; x_wconf 92' lang='lat' dir='ltr'>r</span> <span class='ocrx_word' id='word_1_542' title='bbox 837 1851 976 1883; x_wconf 70' lang='lat' dir='ltr'>mpuncta</span> <span class='ocrx_word' id='word_1_543' title='bbox 991 1853 1044 1876; x_wconf 64' lang='lat' dir='ltr'>est.~</span> <span class='ocrx_word' id='word_1_544' title='bbox 1055 1850 1076 1865; x_wconf 69' lang='grc'>²²</span> <span class='ocrx_word' id='word_1_545' title='bbox 1090 1849 1149 1875; x_wconf 72' lang='lat' dir='ltr'>Non</span> <span class='ocrx_word' id='word_1_546' title='bbox 1168 1848 1301 1874; x_wconf 72' lang='lat' dir='ltr'>attendas</span> <span class='ocrx_word' id='word_1_547' title='bbox 1319 1848 1373 1881; x_wconf 65' lang='lat' dir='ltr'>(HO)</span> <span class='ocrx_word' id='word_1_548' title='bbox 1391 1855 1545 1873; x_wconf 74' lang='lat' dir='ltr'>numerum</span> <span class='ocrx_word' id='word_1_549' title='bbox 1563 1846 1690 1873; x_wconf 85' lang='lat' dir='ltr'>illorum.</span> <span class='ocrx_word' id='word_1_550' title='bbox 1709 1846 1809 1874; x_wconf 78' lang='lat' dir='ltr'>Melior</span> <span class='ocrx_word' id='word_1_551' title='bbox 1832 1850 1878 1874; x_wconf 82' lang='lat' dir='ltr'>est</span> 
     </span>
    </p>
   </div>
   <div class='ocr_carea' id='block_1_72' title="bbox 164 1882 1878 1919">
    <p class='ocr_par' dir='ltr' id='par_1_72' title="bbox 164 1882 1878 1919">
     <span class='ocr_line' id='line_1_72' title="bbox 164 1882 1878 1919; baseline -0.001 -9"><span class='ocrx_word' id='word_1_552' title='bbox 164 1883 249 1911; x_wconf 79' lang='lat' dir='ltr'>enim</span> <span class='ocrx_word' id='word_1_553' title='bbox 266 1892 343 1911; x_wconf 89' lang='lat' dir='ltr'>unus</span> <span class='ocrx_word' id='word_1_554' title='bbox 357 1883 476 1917; x_wconf 81' lang='lat' dir='ltr'>timens,</span> <span class='ocrx_word' id='word_1_555' title='bbox 488 1892 576 1919; x_wconf 89' lang='lat' dir='ltr'>quam</span> <span class='ocrx_word' id='word_1_556' title='bbox 594 1883 671 1911; x_wconf 87' lang='lat' dir='ltr'>mille</span> <span class='ocrx_word' id='word_1_557' title='bbox 682 1884 733 1910; x_wconf 80' lang='lat' dir='ltr'>filii</span> <span class='ocrx_word' id='word_1_558' title='bbox 749 1884 842 1917; x_wconf 88' lang='lat' dir='ltr'>impii,</span> <span class='ocrx_word' id='word_1_559' title='bbox 856 1882 932 1912; x_wconf 88' lang='lat' dir='ltr'>sicut</span> <span class='ocrx_word' id='word_1_560' title='bbox 947 1884 1062 1912; x_wconf 85' lang='lat' dir='ltr'>locutus</span> <span class='ocrx_word' id='word_1_561' title='bbox 1077 1887 1120 1911; x_wconf 79' lang='lat' dir='ltr'>est</span> <span class='ocrx_word' id='word_1_562' title='bbox 1134 1884 1273 1910; x_wconf 83' lang='lat' dir='ltr'>Dominus</span> <span class='ocrx_word' id='word_1_563' title='bbox 1290 1892 1339 1918; x_wconf 80' lang='lat' dir='ltr'>per</span> <span class='ocrx_word' id='word_1_564' title='bbox 1356 1883 1527 1918; x_wconf 61' lang='lat' dir='ltr'>prophetam</span> <span class='ocrx_word' id='word_1_565' title='bbox 1546 1882 1607 1919; x_wconf 8' lang='lat'>(6|),</span> <span class='ocrx_word' id='word_1_566' title='bbox 1620 1882 1720 1919; x_wconf 84' lang='lat' dir='ltr'>dicens</span> <span class='ocrx_word' id='word_1_567' title='bbox 1738 1883 1823 1919; x_wconf 71' lang='lat' dir='ltr'>:Fili,</span> <span class='ocrx_word' id='word_1_568' title='bbox 1846 1891 1878 1909; x_wconf 75' lang='lat' dir='ltr'>ne</span> 
     </span>
    </p>
   </div>
   <div class='ocr_carea' id='block_1_73' title="bbox 156 1918 1877 1955">
    <p class='ocr_par' dir='ltr' id='par_1_73' title="bbox 156 1918 1877 1955">
     <span class='ocr_line' id='line_1_73' title="bbox 156 1918 1877 1955; baseline -0.001 -9"><span class='ocrx_word' id='word_1_569' title='bbox 156 1919 327 1955; x_wconf 77' lang='lat' dir='ltr'>jucunderis</span> <span class='ocrx_word' id='word_1_570' title='bbox 342 1920 372 1946; x_wconf 87' lang='lat' dir='ltr'>in</span> <span class='ocrx_word' id='word_1_571' title='bbox 387 1919 454 1953; x_wconf 84' lang='lat' dir='ltr'>ﬁliis</span> <span class='ocrx_word' id='word_1_572' title='bbox 471 1918 577 1955; x_wconf 78' lang='lat' dir='ltr'>impiis,</span> <span class='ocrx_word' id='word_1_573' title='bbox 602 1921 627 1947; x_wconf 80' lang='lat' dir='ltr'>si</span> <span class='ocrx_word' id='word_1_574' title='bbox 642 1919 867 1955; x_wconf 71' lang='lat' dir='ltr'>multiplicantur</span> <span class='ocrx_word' id='word_1_575' title='bbox 881 1920 942 1954; x_wconf 82' lang='lat' dir='ltr'>tibi,</span> <span class='ocrx_word' id='word_1_576' title='bbox 954 1929 1017 1947; x_wconf 84' lang='lat' dir='ltr'>cum</span> <span class='ocrx_word' id='word_1_577' title='bbox 1031 1929 1083 1947; x_wconf 78' lang='lat' dir='ltr'>non</span> <span class='ocrx_word' id='word_1_578' title='bbox 1100 1921 1185 1954; x_wconf 69' lang='lat' dir='ltr'>fuerit</span> <span class='ocrx_word' id='word_1_579' title='bbox 1198 1920 1279 1946; x_wconf 76' lang='lat' dir='ltr'>timor</span> <span class='ocrx_word' id='word_1_580' title='bbox 1296 1920 1342 1946; x_wconf 69' lang='lat' dir='ltr'>hri</span> <span class='ocrx_word' id='word_1_581' title='bbox 1358 1921 1386 1945; x_wconf 37' lang='lat' dir='ltr'>in.</span> <span class='ocrx_word' id='word_1_582' title='bbox 1404 1920 1479 1953; x_wconf 72' lang='lat' dir='ltr'>ipsis.</span> <span class='ocrx_word' id='word_1_583' title='bbox 1497 1921 1570 1946; x_wconf 80' lang='lat' dir='ltr'>Foss.</span> <span class='ocrx_word' id='word_1_584' title='bbox 1590 1918 1611 1935; x_wconf 64' lang='grc'>⁸³³</span> <span class='ocrx_word' id='word_1_585' title='bbox 1626 1918 1763 1945; x_wconf 88' lang='lat' dir='ltr'>Subversi</span> <span class='ocrx_word' id='word_1_586' title='bbox 1781 1919 1877 1955; x_wconf 66' lang='lat' dir='ltr'>Bonet}.</span> 
     </span>
    </p>
   </div>
   <div class='ocr_carea' id='block_1_74' title="bbox 162 1954 1874 1991">
    <p class='ocr_par' dir='ltr' id='par_1_74' title="bbox 162 1954 1874 1991">
     <span class='ocr_line' id='line_1_74' title="bbox 162 1954 1874 1991; baseline -0.001 -9"><span class='ocrx_word' id='word_1_587' title='bbox 162 1957 190 1973; x_wconf 64' lang='grc'>³⁵</span> <span class='ocrx_word' id='word_1_588' title='bbox 204 1955 386 1982; x_wconf 84' lang='lat' dir='ltr'>Obtendeute</span> <span class='ocrx_word' id='word_1_589' title='bbox 397 1954 462 1982; x_wconf 79' lang='lat' dir='ltr'>Bod.</span> <span class='ocrx_word' id='word_1_590' title='bbox 479 1956 506 1982; x_wconf 91' lang='lat'>3.</span> <span class='ocrx_word' id='word_1_591' title='bbox 519 1955 540 1972; x_wconf 79' lang='grc'>²⁶</span> <span class='ocrx_word' id='word_1_592' title='bbox 556 1957 694 1989; x_wconf 80' lang='lat' dir='ltr'>Fuerunt,</span> <span class='ocrx_word' id='word_1_593' title='bbox 711 1954 761 1991; x_wconf 85' lang='lat' dir='ltr'>qui</span> <span class='ocrx_word' id='word_1_594' title='bbox 778 1963 829 1983; x_wconf 87' lang='lat' dir='ltr'>nec</span> <span class='ocrx_word' id='word_1_595' title='bbox 846 1956 933 1984; x_wconf 80' lang='lat' dir='ltr'>[idem</span> <span class='ocrx_word' id='word_1_596' title='bbox 949 1956 1022 1984; x_wconf 83' lang='lat' dir='ltr'>Lam.</span> <span class='ocrx_word' id='word_1_597' title='bbox 1036 1957 1114 1983; x_wconf 75' lang='lat' dir='ltr'>Ebur.</span> <span class='ocrx_word' id='word_1_598' title='bbox 1133 1956 1197 1983; x_wconf 64' lang='lat' dir='ltr'>Berl.</span> <span class='ocrx_word' id='word_1_599' title='bbox 1214 1956 1239 1983; x_wconf 70' lang='grc'>2.</span> <span class='ocrx_word' id='word_1_600' title='bbox 1258 1956 1305 1981; x_wconf 72' lang='lat' dir='ltr'>.V’C</span> <span class='ocrx_word' id='word_1_601' title='bbox 1324 1956 1345 1982; x_wconf 86' lang='lat' dir='ltr'>t.</span> <span class='ocrx_word' id='word_1_602' title='bbox 1360 1955 1383 1971; x_wconf 63' lang='lat'>3‘5</span> <span class='ocrx_word' id='word_1_603' title='bbox 1404 1955 1499 1981; x_wconf 77' lang='lat' dir='ltr'>Testis</span> <span class='ocrx_word' id='word_1_604' title='bbox 1516 1955 1580 1989; x_wconf 80' lang='lat' dir='ltr'>ejus</span> <span class='ocrx_word' id='word_1_605' title='bbox 1605 1956 1789 1989; x_wconf 82' lang='lat' dir='ltr'>peccatorum</span> <span class='ocrx_word' id='word_1_606' title='bbox 1809 1954 1874 1981; x_wconf 78' lang='grc' dir='ltr'>Βοιί.</span> 
     </span>
    </p>
   </div>
   <div class='ocr_carea' id='block_1_75' title="bbox 161 1991 979 2025">
    <p class='ocr_par' dir='ltr' id='par_1_75' title="bbox 161 1991 979 2025">
     <span class='ocr_line' id='line_1_75' title="bbox 161 1991 979 2025; baseline 0.001 -6"><span class='ocrx_word' id='word_1_607' title='bbox 161 1993 196 2019; x_wconf 85' lang='grc'>2.</span> <span class='ocrx_word' id='word_1_608' title='bbox 214 1991 237 2008; x_wconf 71' lang='grc'>³⁷</span> <span class='ocrx_word' id='word_1_609' title='bbox 253 1993 295 2019; x_wconf 83' lang='lat' dir='ltr'>Ita</span> <span class='ocrx_word' id='word_1_610' title='bbox 308 1991 398 2018; x_wconf 74' lang='lat' dir='ltr'>nostri</span> <span class='ocrx_word' id='word_1_611' title='bbox 412 1998 475 2018; x_wconf 77' lang='lat' dir='ltr'>mss.</span> <span class='ocrx_word' id='word_1_612' title='bbox 493 1991 524 2018; x_wconf 86' lang='lat' dir='ltr'>At</span> <span class='ocrx_word' id='word_1_613' title='bbox 536 1991 613 2025; x_wconf 77' lang='lat' dir='ltr'>editi,</span> <span class='ocrx_word' id='word_1_614' title='bbox 630 1999 683 2019; x_wconf 85' lang='lat' dir='ltr'>nec</span> <span class='ocrx_word' id='word_1_615' title='bbox 698 2000 752 2019; x_wconf 89' lang='lat' dir='ltr'>nos</span> <span class='ocrx_word' id='word_1_616' title='bbox 763 1991 872 2019; x_wconf 88' lang='lat' dir='ltr'>audent</span> <span class='ocrx_word' id='word_1_617' title='bbox 888 1992 979 2020; x_wconf 89' lang='lat' dir='ltr'>adire.</span> 
     </span>
    </p>
   </div>
   <div class='ocr_carea' id='block_1_76' title="bbox 888 2045 1164 2076">
    <p class='ocr_par' dir='ltr' id='par_1_76' title="bbox 888 2045 1164 2076">
     <span class='ocr_line' id='line_1_76' title="bbox 888 2045 1164 2076; baseline -0.004 -1"><span class='ocrx_word' id='word_1_618' title='bbox 888 2045 1053 2076; x_wconf 84' lang='lat' dir='ltr'>Variorum</span> <span class='ocrx_word' id='word_1_619' title='bbox 1071 2048 1164 2075; x_wconf 67' lang='lat' dir='ltr'>notae.</span> 
     </span>
    </p>
   </div>
   <div class='ocr_carea' id='block_1_77' title="bbox 207 2097 996 2134">
    <p class='ocr_par' dir='ltr' id='par_1_77' title="bbox 207 2097 996 2134">
     <span class='ocr_line' id='line_1_77' title="bbox 207 2097 996 2134; baseline 0.003 -10"><span class='ocrx_word' id='word_1_620' title='bbox 207 2097 412 2134; x_wconf 18' lang='lat' dir='ltr'>(55)AVin&gt;ctam._</span> <span class='ocrx_word' id='word_1_621' title='bbox 422 2097 561 2134; x_wconf 83' lang='lat' dir='ltr'>Erasmus</span> <span class='ocrx_word' id='word_1_622' title='bbox 576 2097 605 2125; x_wconf 92' lang='lat' dir='ltr'>in</span> <span class='ocrx_word' id='word_1_623' title='bbox 623 2098 755 2134; x_wconf 85' lang='lat' dir='ltr'>margine</span> <span class='ocrx_word' id='word_1_624' title='bbox 776 2107 835 2126; x_wconf 71' lang='lat' dir='ltr'>sua:</span> <span class='ocrx_word' id='word_1_625' title='bbox 859 2098 996 2126; x_wconf 86' lang='lat' dir='ltr'>editionis</span> 
     </span>
    </p>
   </div>
   <div class='ocr_carea' id='block_1_78' title="bbox 165 2132 996 2169">
    <p class='ocr_par' dir='ltr' id='par_1_78' title="bbox 165 2132 996 2169">
     <span class='ocr_line' id='line_1_78' title="bbox 165 2132 996 2169; baseline 0.001 -8"><span class='ocrx_word' id='word_1_626' title='bbox 165 2132 284 2161; x_wconf 86' lang='lat' dir='ltr'>monuit</span> <span class='ocrx_word' id='word_1_627' title='bbox 304 2132 462 2169; x_wconf 33' lang='lat' dir='ltr'>alibiﬁlcgi</span> <span class='ocrx_word' id='word_1_628' title='bbox 486 2134 648 2161; x_wconf 78' lang='lat' dir='ltr'>involutam.</span> <span class='ocrx_word' id='word_1_629' title='bbox 674 2132 721 2162; x_wconf 77' lang='lat' dir='ltr'>Sic</span> <span class='ocrx_word' id='word_1_630' title='bbox 746 2134 834 2162; x_wconf 86' lang='lat' dir='ltr'>etiam</span> <span class='ocrx_word' id='word_1_631' title='bbox 857 2135 996 2163; x_wconf 85' lang='lat' dir='ltr'>habuisse</span> 
     </span>
    </p>
   </div>
   <div class='ocr_carea' id='block_1_79' title="bbox 164 2168 996 2206">
    <p class='ocr_par' dir='ltr' id='par_1_79' title="bbox 164 2168 996 2206">
     <span class='ocr_line' id='line_1_79' title="bbox 164 2168 996 2206; baseline 0.002 -10"><span class='ocrx_word' id='word_1_632' title='bbox 164 2170 229 2197; x_wconf 87' lang='lat' dir='ltr'>scio</span> <span class='ocrx_word' id='word_1_633' title='bbox 246 2168 596 2206; x_wconf 79' lang='lat' dir='ltr'>codicem_Veronensem.</span> <span class='ocrx_word' id='word_1_634' title='bbox 620 2170 725 2198; x_wconf 85' lang='lat' dir='ltr'>Eadem</span> <span class='ocrx_word' id='word_1_635' title='bbox 751 2170 834 2198; x_wconf 90' lang='lat' dir='ltr'>lectio</span> <span class='ocrx_word' id='word_1_636' title='bbox 852 2171 996 2206; x_wconf 89' lang='lat' dir='ltr'>reperitur</span> 
     </span>
    </p>
   </div>
   <div class='ocr_carea' id='block_1_80' title="bbox 165 2199 1033 2240">
    <p class='ocr_par' dir='ltr' id='par_1_80' title="bbox 165 2199 1033 2240">
     <span class='ocr_line' id='line_1_80' title="bbox 165 2199 1033 2240; baseline 0.002 -8"><span class='ocrx_word' id='word_1_637' title='bbox 165 2206 197 2233; x_wconf 84' lang='lat' dir='ltr'>in</span> <span class='ocrx_word' id='word_1_638' title='bbox 214 2204 313 2232; x_wconf 88' lang='lat' dir='ltr'>codice</span> <span class='ocrx_word' id='word_1_639' title='bbox 326 2204 491 2232; x_wconf 85' lang='lat' dir='ltr'>Corbeiensi</span> <span class='ocrx_word' id='word_1_640' title='bbox 511 2207 539 2233; x_wconf 87' lang='lat' dir='ltr'>et</span> <span class='ocrx_word' id='word_1_641' title='bbox 561 2205 591 2233; x_wconf 90' lang='lat' dir='ltr'>in</span> <span class='ocrx_word' id='word_1_642' title='bbox 615 2206 789 2234; x_wconf 81' lang='lat' dir='ltr'>Turonensi.</span> <span class='ocrx_word' id='word_1_643' title='bbox 815 2199 994 2240; x_wconf 72' lang='lat' dir='ltr'>Lactantius,</span> <span class='ocrx_word' id='word_1_644' title='bbox 1010 2199 1033 2231; x_wconf 86' lang='lat' dir='ltr'><strong>D</strong></span> 
     </span>
    </p>
   </div>
   <div class='ocr_carea' id='block_1_81' title="bbox 168 2241 782 2277">
    <p class='ocr_par' dir='ltr' id='par_1_81' title="bbox 168 2241 782 2277">
     <span class='ocr_line' id='line_1_81' title="bbox 168 2241 782 2277; baseline 0.002 -9"><span class='ocrx_word' id='word_1_645' title='bbox 168 2241 220 2268; x_wconf 89' lang='lat' dir='ltr'>lib.</span> <span class='ocrx_word' id='word_1_646' title='bbox 240 2249 276 2273; x_wconf 83' lang='lat' dir='ltr'>IV,</span> <span class='ocrx_word' id='word_1_647' title='bbox 294 2248 319 2277; x_wconf 70' lang='grc' dir='ltr'>ρ.</span> <span class='ocrx_word' id='word_1_648' title='bbox 336 2241 380 2272; x_wconf 82' lang='grc'>17,</span> <span class='ocrx_word' id='word_1_649' title='bbox 394 2241 548 2268; x_wconf 77' lang='lat' dir='ltr'>involutum</span> <span class='ocrx_word' id='word_1_650' title='bbox 562 2243 663 2277; x_wconf 80' lang='lat' dir='ltr'>pectus.</span> <span class='ocrx_word' id='word_1_651' title='bbox 680 2242 782 2269; x_wconf 78' lang='lat' dir='ltr'>BALUZ.</span> 
     </span>
    </p>
   </div>
   <div class='ocr_carea' id='block_1_82' title="bbox 207 2276 996 2313">
    <p class='ocr_par' dir='ltr' id='par_1_82' title="bbox 207 2276 996 2313">
     <span class='ocr_line' id='line_1_82' title="bbox 207 2276 996 2313; baseline 0.003 -10"><span class='ocrx_word' id='word_1_652' title='bbox 207 2276 334 2312; x_wconf 73' lang='lat' dir='ltr'>(56)-Non</span> <span class='ocrx_word' id='word_1_653' title='bbox 350 2277 465 2311; x_wconf 80' lang='lat' dir='ltr'>possint.</span> <span class='ocrx_word' id='word_1_654' title='bbox 484 2277 513 2304; x_wconf 90' lang='lat' dir='ltr'>In</span> <span class='ocrx_word' id='word_1_655' title='bbox 529 2276 578 2304; x_wconf 66' lang='lat' dir='ltr'>sei:</span> <span class='ocrx_word' id='word_1_656' title='bbox 594 2286 664 2305; x_wconf 87' lang='lat' dir='ltr'>mss.</span> <span class='ocrx_word' id='word_1_657' title='bbox 681 2277 792 2313; x_wconf 79' lang='lat' dir='ltr'>Anglic.</span> <span class='ocrx_word' id='word_1_658' title='bbox 818 2277 865 2305; x_wconf 89' lang='lat' dir='ltr'>hic</span> <span class='ocrx_word' id='word_1_659' title='bbox 889 2277 996 2313; x_wconf 87' lang='lat' dir='ltr'>adjice-</span> 
     </span>
    </p>
   </div>
   <div class='ocr_carea' id='block_1_83' title="bbox 169 2312 997 2347">
    <p class='ocr_par' dir='ltr' id='par_1_83' title="bbox 169 2312 997 2347">
     <span class='ocr_line' id='line_1_83' title="bbox 169 2312 997 2347; baseline 0.002 -8"><span class='ocrx_word' id='word_1_660' title='bbox 169 2315 219 2339; x_wconf 88' lang='lat' dir='ltr'>tur</span> <span class='ocrx_word' id='word_1_661' title='bbox 233 2313 308 2339; x_wconf 72' lang='lat' dir='ltr'>nisi:</span> <span class='ocrx_word' id='word_1_662' title='bbox 325 2312 402 2347; x_wconf 92' lang='lat' dir='ltr'>quod</span> <span class='ocrx_word' id='word_1_663' title='bbox 419 2312 500 2340; x_wconf 87' lang='lat' dir='ltr'>abest</span> <span class='ocrx_word' id='word_1_664' title='bbox 515 2321 532 2340; x_wconf 73' lang='grc' dir='ltr'><em>α</em></span> <span class='ocrx_word' id='word_1_665' title='bbox 547 2313 655 2341; x_wconf 89' lang='lat' dir='ltr'>nostris</span> <span class='ocrx_word' id='word_1_666' title='bbox 681 2312 752 2341; x_wconf 86' lang='lat' dir='ltr'>mss.</span> <span class='ocrx_word' id='word_1_667' title='bbox 783 2313 848 2341; x_wconf 82' lang='lat' dir='ltr'>Mox</span> <span class='ocrx_word' id='word_1_668' title='bbox 876 2312 997 2341; x_wconf 87' lang='lat' dir='ltr'>totidem</span> 
     </span>
    </p>
   </div>
   <div class='ocr_carea' id='block_1_84' title="bbox 171 2348 997 2384">
    <p class='ocr_par' dir='ltr' id='par_1_84' title="bbox 171 2348 997 2384">
     <span class='ocr_line' id='line_1_84' title="bbox 171 2348 997 2384; baseline 0.001 -9"><span class='ocrx_word' id='word_1_669' title='bbox 171 2348 328 2384; x_wconf 69' lang='lat' dir='ltr'>praeferunt</span> <span class='ocrx_word' id='word_1_670' title='bbox 341 2348 483 2383; x_wconf 74' lang='lat' dir='ltr'>fragmina</span> <span class='ocrx_word' id='word_1_671' title='bbox 499 2357 549 2384; x_wconf 91' lang='lat' dir='ltr'>pro</span> <span class='ocrx_word' id='word_1_672' title='bbox 565 2357 633 2377; x_wconf 74' lang='lat' dir='ltr'>voce</span> <span class='ocrx_word' id='word_1_673' title='bbox 647 2350 804 2384; x_wconf 75' lang='lat' dir='ltr'>putamina,</span> <span class='ocrx_word' id='word_1_674' title='bbox 828 2349 913 2384; x_wconf 88' lang='lat' dir='ltr'>cujus</span> <span class='ocrx_word' id='word_1_675' title='bbox 935 2349 997 2376; x_wconf 87' lang='lat' dir='ltr'>loco</span> 
     </span>
    </p>
   </div>
   <div class='ocr_carea' id='block_1_85' title="bbox 169 2383 998 2421">
    <p class='ocr_par' dir='ltr' id='par_1_85' title="bbox 169 2383 998 2421">
     <span class='ocr_line' id='line_1_85' title="bbox 169 2383 998 2421; baseline 0.001 -9"><span class='ocrx_word' id='word_1_676' title='bbox 169 2383 243 2412; x_wconf 79' lang='lat' dir='ltr'>mss.</span> <span class='ocrx_word' id='word_1_677' title='bbox 273 2383 391 2421; x_wconf 64' lang='lat' dir='ltr'>Veron,</span> <span class='ocrx_word' id='word_1_678' title='bbox 418 2384 476 2412; x_wconf 90' lang='lat' dir='ltr'>duo</span> <span class='ocrx_word' id='word_1_679' title='bbox 499 2383 595 2418; x_wconf 32' lang='lat' dir='ltr'>’Calb.,</span> <span class='ocrx_word' id='word_1_680' title='bbox 627 2383 738 2412; x_wconf 77' lang='lat' dir='ltr'>necnon</span> <span class='ocrx_word' id='word_1_681' title='bbox 763 2385 846 2413; x_wconf 89' lang='lat' dir='ltr'>Corb.</span> <span class='ocrx_word' id='word_1_682' title='bbox 864 2383 881 2413; x_wconf 60' lang='grc' dir='ltr'>ὁ.</span> <span class='ocrx_word' id='word_1_683' title='bbox 904 2385 998 2421; x_wconf 85' lang='lat' dir='ltr'>prima</span> 
     </span>
    </p>
   </div>
   <div class='ocr_carea' id='block_1_86' title="bbox 170 2419 776 2456">
    <p class='ocr_par' dir='ltr' id='par_1_86' title="bbox 170 2419 776 2456">
     <span class='ocr_line' id='line_1_86' title="bbox 170 2419 776 2456; baseline 0 -8"><span class='ocrx_word' id='word_1_684' title='bbox 170 2428 262 2448; x_wconf 84' lang='lat' dir='ltr'>manu</span> <span class='ocrx_word' id='word_1_685' title='bbox 277 2419 414 2456; x_wconf 55' lang='lat' dir='ltr'>enhibent</span> <span class='ocrx_word' id='word_1_686' title='bbox 427 2422 602 2456; x_wconf 82' lang='lat' dir='ltr'>pulramina.</span> <span class='ocrx_word' id='word_1_687' title='bbox 619 2422 776 2449; x_wconf 81' lang='lat' dir='ltr'>COUSTANT.</span> 
     </span>
    </p>
   </div>
   <div class='ocr_carea' id='block_1_87' title="bbox 206 2455 998 2493">
    <p class='ocr_par' dir='ltr' id='par_1_87' title="bbox 206 2455 998 2493">
     <span class='ocr_line' id='line_1_87' title="bbox 206 2455 998 2493; baseline 0.003 -11"><span class='ocrx_word' id='word_1_688' title='bbox 206 2455 263 2493; x_wconf 69' lang='grc' dir='ltr'>(5ἶ)</span> <span class='ocrx_word' id='word_1_689' title='bbox 279 2455 340 2483; x_wconf 79' lang='lat' dir='ltr'>Nisi</span> <span class='ocrx_word' id='word_1_690' title='bbox 353 2463 416 2493; x_wconf 70' lang='lat' dir='ltr'>cum</span> <span class='ocrx_word' id='word_1_691' title='bbox 427 2455 567 2493; x_wconf 65' lang='lat' dir='ltr'>seandalo.</span> <span class='ocrx_word' id='word_1_692' title='bbox 585 2456 689 2484; x_wconf 87' lang='lat' dir='ltr'>Vocem</span> <span class='ocrx_word' id='word_1_693' title='bbox 705 2458 772 2492; x_wconf 74' lang='lat' dir='ltr'>nisi,</span> <span class='ocrx_word' id='word_1_694' title='bbox 790 2465 853 2493; x_wconf 76' lang='lat' dir='ltr'>quze</span> <span class='ocrx_word' id='word_1_695' title='bbox 866 2492 869 2493; x_wconf 22' lang='grc' dir='ltr'><em>ν</em></span> <span class='ocrx_word' id='word_1_696' title='bbox 882 2456 998 2484; x_wconf 89' lang='lat' dir='ltr'>videba-</span> 
     </span>
    </p>
   </div>
   <div class='ocr_carea' id='block_1_88' title="bbox 171 2491 997 2528">
    <p class='ocr_par' dir='ltr' id='par_1_88' title="bbox 171 2491 997 2528">
     <span class='ocr_line' id='line_1_88' title="bbox 171 2491 997 2528; baseline 0.002 -10"><span class='ocrx_word' id='word_1_697' title='bbox 171 2494 221 2519; x_wconf 89' lang='lat' dir='ltr'>tur</span> <span class='ocrx_word' id='word_1_698' title='bbox 236 2491 337 2518; x_wconf 86' lang='lat' dir='ltr'>deesse</span> <span class='ocrx_word' id='word_1_699' title='bbox 352 2491 381 2518; x_wconf 89' lang='lat' dir='ltr'>in</span> <span class='ocrx_word' id='word_1_700' title='bbox 398 2491 452 2519; x_wconf 88' lang='lat' dir='ltr'>hoc</span> <span class='ocrx_word' id='word_1_701' title='bbox 471 2492 544 2527; x_wconf 92' lang='lat' dir='ltr'>loco,</span> <span class='ocrx_word' id='word_1_702' title='bbox 569 2491 871 2528; x_wconf 36' lang='lat' dir='ltr'>reposuimus&#39;sécuti</span> <span class='ocrx_word' id='word_1_703' title='bbox 897 2495 997 2520; x_wconf 83' lang='lat' dir='ltr'>aucto-</span> 
     </span>
    </p>
   </div>
   <div class='ocr_carea' id='block_1_89' title="bbox 171 2528 927 2564">
    <p class='ocr_par' dir='ltr' id='par_1_89' title="bbox 171 2528 927 2564">
     <span class='ocr_line' id='line_1_89' title="bbox 171 2528 927 2564; baseline 0.003 -10"><span class='ocrx_word' id='word_1_704' title='bbox 171 2528 295 2564; x_wconf 73' lang='lat' dir='ltr'>ritatem</span> <span class='ocrx_word' id='word_1_705' title='bbox 306 2529 431 2562; x_wconf 83' lang='lat' dir='ltr'>quatuor</span> <span class='ocrx_word' id='word_1_706' title='bbox 444 2531 576 2556; x_wconf 82' lang='lat' dir='ltr'>veterum</span> <span class='ocrx_word' id='word_1_707' title='bbox 593 2528 813 2564; x_wconf 80' lang='lat' dir='ltr'>exemplarium.</span> <span class='ocrx_word' id='word_1_708' title='bbox 826 2529 927 2556; x_wconf 75' lang='lat' dir='ltr'>BALUZ.</span> 
     </span>
    </p>
   </div>
   <div class='ocr_carea' id='block_1_90' title="bbox 188 2563 996 2626">
    <p class='ocr_par' dir='ltr' id='par_1_90' title="bbox 188 2563 996 2626">
     <span class='ocr_line' id='line_1_90' title="bbox 188 2563 996 2626; baseline 0 -36"><span class='ocrx_word' id='word_1_709' title='bbox 188 2563 453 2626; x_wconf 46' lang='lat' dir='ltr'>8%58)Pulramina.</span> <span class='ocrx_word' id='word_1_710' title='bbox 475 2564 552 2591; x_wconf 84' lang='lat' dir='ltr'>Infra.</span> <span class='ocrx_word' id='word_1_711' title='bbox 577 2564 606 2606; x_wconf 81' lang='lat' dir='ltr'>in</span> <span class='ocrx_word' id='word_1_712' title='bbox 634 2563 708 2606; x_wconf 77' lang='lat' dir='ltr'>libro</span> <span class='ocrx_word' id='word_1_713' title='bbox 737 2564 769 2605; x_wconf 69' lang='lat' dir='ltr'>de</span> <span class='ocrx_word' id='word_1_714' title='bbox 797 2565 901 2606; x_wconf 64' lang='lat' dir='ltr'>Ltqm‘s,</span> <span class='ocrx_word' id='word_1_715' title='bbox 927 2571 996 2605; x_wconf 76' lang='lat' dir='ltr'>pag.</span> 
     </span>
     <span class='ocr_line' id='line_1_91' title="bbox 228 2600 996 2626; baseline 0 0"><span class='ocrx_word' id='word_1_716' title='bbox 228 2620 234 2626; x_wconf 97' lang='lat'>.</span> <span class='ocrx_word' id='word_1_717' title='bbox 255 2600 458 2626; x_wconf 71' lang='lat' dir='ltr'>Dutramimbus</span> <span class='ocrx_word' id='word_1_718' title='bbox 467 2602 628 2626; x_wconf 67' lang='lat' dir='ltr'>amputatis.</span> <span class='ocrx_word' id='word_1_719' title='bbox 643 2600 847 2626; x_wconf 74' lang='lat' dir='ltr'>Ouidouidaln</span> <span class='ocrx_word' id='word_1_720' title='bbox 859 2602 996 2626; x_wconf 79' lang='lat' dir='ltr'>sentiant.</span> 
     </span>
    </p>
   </div>
   <div class='ocr_carea' id='block_1_91' title="bbox 172 2599 997 2636">
    <p class='ocr_par' dir='ltr' id='par_1_91' title="bbox 172 2599 997 2636">
     <span class='ocr_line' id='line_1_92' title="bbox 172 2599 997 2636; baseline 0.001 -11"><span class='ocrx_word' id='word_1_721' title='bbox 172 2599 234 2632; x_wconf 79' lang='grc'>186,</span> <span class='ocrx_word' id='word_1_722' title='bbox 254 2599 458 2636; x_wconf 70' lang='grc' dir='ltr'>ριιινᾳηιίηἱριω</span> <span class='ocrx_word' id='word_1_723' title='bbox 467 2601 628 2636; x_wconf 76' lang='lat' dir='ltr'>amputatis.</span> <span class='ocrx_word' id='word_1_724' title='bbox 643 2600 788 2635; x_wconf 86' lang='lat' dir='ltr'>Quidquid</span> <span class='ocrx_word' id='word_1_725' title='bbox 797 2599 847 2628; x_wconf 80' lang='lat' dir='ltr'>alii</span> <span class='ocrx_word' id='word_1_726' title='bbox 859 2599 997 2634; x_wconf 82' lang='lat' dir='ltr'>sentiant,</span> 
     </span>
    </p>
   </div>
   <div class='ocr_carea' id='block_1_92' title="bbox 168 2635 997 2670">
    <p class='ocr_par' dir='ltr' id='par_1_92' title="bbox 168 2635 997 2670">
     <span class='ocr_line' id='line_1_93' title="bbox 168 2635 997 2670; baseline 0.001 -9"><span class='ocrx_word' id='word_1_727' title='bbox 168 2642 223 2670; x_wconf 75' lang='lat' dir='ltr'>ego</span> <span class='ocrx_word' id='word_1_728' title='bbox 241 2637 309 2669; x_wconf 91' lang='lat' dir='ltr'>puto</span> <span class='ocrx_word' id='word_1_729' title='bbox 324 2635 400 2662; x_wconf 85' lang='lat' dir='ltr'>hanc</span> <span class='ocrx_word' id='word_1_730' title='bbox 412 2635 566 2663; x_wconf 86' lang='lat' dir='ltr'>lectionem</span> <span class='ocrx_word' id='word_1_731' title='bbox 583 2644 647 2664; x_wconf 87' lang='lat' dir='ltr'>esse</span> <span class='ocrx_word' id='word_1_732' title='bbox 660 2635 853 2668; x_wconf 85' lang='lat' dir='ltr'>retinendam,</span> <span class='ocrx_word' id='word_1_733' title='bbox 870 2644 936 2663; x_wconf 88' lang='lat' dir='ltr'>cum</span> <span class='ocrx_word' id='word_1_734' title='bbox 954 2644 997 2662; x_wconf 88' lang='lat' dir='ltr'>re-</span> 
     </span>
    </p>
   </div>
   <div class='ocr_carea' id='block_1_93' title="bbox 171 2669 998 2707">
    <p class='ocr_par' dir='ltr' id='par_1_93' title="bbox 171 2669 998 2707">
     <span class='ocr_line' id='line_1_94' title="bbox 171 2669 998 2707; baseline -0.001 -9"><span class='ocrx_word' id='word_1_735' title='bbox 171 2669 305 2707; x_wconf 87' lang='lat' dir='ltr'>periatur</span> <span class='ocrx_word' id='word_1_736' title='bbox 319 2670 350 2707; x_wconf 87' lang='lat' dir='ltr'>in</span> <span class='ocrx_word' id='word_1_737' title='bbox 364 2672 500 2700; x_wconf 88' lang='lat' dir='ltr'>omnibus</span> <span class='ocrx_word' id='word_1_738' title='bbox 516 2671 644 2707; x_wconf 88' lang='lat' dir='ltr'>antiquis</span> <span class='ocrx_word' id='word_1_739' title='bbox 672 2671 886 2707; x_wconf 82' lang='lat' dir='ltr'>exemplaribus</span> <span class='ocrx_word' id='word_1_740' title='bbox 916 2674 944 2699; x_wconf 89' lang='lat' dir='ltr'>et</span> <span class='ocrx_word' id='word_1_741' title='bbox 969 2671 998 2698; x_wconf 91' lang='lat' dir='ltr'>in</span> 
     </span>
    </p>
   </div>
   <div class='ocr_carea' id='block_1_94' title="bbox 171 2706 998 2744">
    <p class='ocr_par' dir='ltr' id='par_1_94' title="bbox 171 2706 998 2744">
     <span class='ocr_line' id='line_1_95' title="bbox 171 2706 998 2744; baseline 0 -10"><span class='ocrx_word' id='word_1_742' title='bbox 171 2706 305 2741; x_wconf 86' lang='lat' dir='ltr'>antiquis</span> <span class='ocrx_word' id='word_1_743' title='bbox 320 2706 507 2744; x_wconf 89' lang='lat' dir='ltr'>editionibus.</span> <span class='ocrx_word' id='word_1_744' title='bbox 525 2708 556 2735; x_wconf 89' lang='lat' dir='ltr'>In</span> <span class='ocrx_word' id='word_1_745' title='bbox 569 2706 666 2735; x_wconf 87' lang='lat' dir='ltr'>codice</span> <span class='ocrx_word' id='word_1_746' title='bbox 686 2706 815 2736; x_wconf 85' lang='lat' dir='ltr'>Lamonii</span> <span class='ocrx_word' id='word_1_747' title='bbox 828 2707 944 2744; x_wconf 77' lang='lat' dir='ltr'>legitur,</span> <span class='ocrx_word' id='word_1_748' title='bbox 956 2707 998 2734; x_wconf 79' lang='lat' dir='ltr'>vel</span> 
     </span>
    </p>
   </div>
   <div class='ocr_carea' id='block_1_95' title="bbox 172 2743 700 2779">
    <p class='ocr_par' dir='ltr' id='par_1_95' title="bbox 172 2743 700 2779">
     <span class='ocr_line' id='line_1_96' title="bbox 172 2743 700 2779; baseline 0.004 -11"><span class='ocrx_word' id='word_1_749' title='bbox 172 2744 342 2779; x_wconf 65' lang='lat' dir='ltr'>fragmenta,</span> <span class='ocrx_word' id='word_1_750' title='bbox 357 2743 398 2770; x_wconf 78' lang='lat' dir='ltr'>vel</span> <span class='ocrx_word' id='word_1_751' title='bbox 412 2744 579 2779; x_wconf 74' lang='lat' dir='ltr'>spulamina.</span> <span class='ocrx_word' id='word_1_752' title='bbox 597 2744 700 2771; x_wconf 80' lang='lat' dir='ltr'>BALUZ.</span> 
     </span>
    </p>
   </div>
   <div class='ocr_carea' id='block_1_96' title="bbox 206 2777 998 2814">
    <p class='ocr_par' dir='ltr' id='par_1_96' title="bbox 206 2777 998 2814">
     <span class='ocr_line' id='line_1_97' title="bbox 206 2777 998 2814; baseline 0.001 -10"><span class='ocrx_word' id='word_1_753' title='bbox 206 2777 265 2813; x_wconf 84' lang='lat'>(59)</span> <span class='ocrx_word' id='word_1_754' title='bbox 278 2777 445 2812; x_wconf 73' lang='lat' dir='ltr'>Colligendu.</span> <span class='ocrx_word' id='word_1_755' title='bbox 460 2779 680 2807; x_wconf 84' lang='lat' dir='ltr'>illustrissimus</span> <span class='ocrx_word' id='word_1_756' title='bbox 693 2778 845 2814; x_wconf 86' lang='lat' dir='ltr'>cpiscopus</span> <span class='ocrx_word' id='word_1_757' title='bbox 856 2779 998 2807; x_wconf 77' lang='lat' dir='ltr'>Oxonicn-</span> 
     </span>
    </p>
   </div>
   <div class='ocr_carea' id='block_1_97' title="bbox 171 2814 1000 2854">
    <p class='ocr_par' dir='ltr' id='par_1_97' title="bbox 171 2814 1000 2854">
     <span class='ocr_line' id='line_1_98' title="bbox 171 2814 1000 2854; baseline 0.002 -14"><span class='ocrx_word' id='word_1_758' title='bbox 171 2814 213 2854; x_wconf 63' lang='lat' dir='ltr'>sis</span> <span class='ocrx_word' id='word_1_759' title='bbox 232 2815 355 2854; x_wconf 79' lang='lat' dir='ltr'>putabat</span> <span class='ocrx_word' id='word_1_760' title='bbox 369 2815 456 2854; x_wconf 86' lang='lat' dir='ltr'>scribi</span> <span class='ocrx_word' id='word_1_761' title='bbox 474 2815 756 2854; x_wconf 33' lang='lat' dir='ltr'>debere-colligenda.</span> <span class='ocrx_word' id='word_1_762' title='bbox 775 2816 882 2854; x_wconf 82' lang='lat' dir='ltr'>Verum</span> <span class='ocrx_word' id='word_1_763' title='bbox 897 2823 1000 2854; x_wconf 74' lang='lat' dir='ltr'>omnes</span> 
     </span>
    </p>
   </div>
   <div class='ocr_carea' id='block_1_98' title="bbox 173 2849 1000 2888">
    <p class='ocr_par' dir='ltr' id='par_1_98' title="bbox 173 2849 1000 2888">
     <span class='ocr_line' id='line_1_99' title="bbox 173 2849 1000 2888; baseline 0.001 -11"><span class='ocrx_word' id='word_1_764' title='bbox 173 2849 242 2877; x_wconf 92' lang='lat' dir='ltr'>libri</span> <span class='ocrx_word' id='word_1_765' title='bbox 259 2851 367 2878; x_wconf 86' lang='lat' dir='ltr'>veteres</span> <span class='ocrx_word' id='word_1_766' title='bbox 380 2852 408 2879; x_wconf 80' lang='lat' dir='ltr'>et</span> <span class='ocrx_word' id='word_1_767' title='bbox 423 2859 524 2881; x_wconf 81' lang='lat' dir='ltr'>omnes</span> <span class='ocrx_word' id='word_1_768' title='bbox 542 2851 682 2880; x_wconf 85' lang='lat' dir='ltr'>editiones</span> <span class='ocrx_word' id='word_1_769' title='bbox 711 2853 884 2888; x_wconf 81' lang='lat' dir='ltr'>repugnant.</span> <span class='ocrx_word' id='word_1_770' title='bbox 915 2850 1000 2880; x_wconf 79' lang='lat' dir='ltr'>Rein-</span> 
     </span>
    </p>
   </div>
   <div class='ocr_carea' id='block_1_99' title="bbox 1052 2096 1880 2133">
    <p class='ocr_par' dir='ltr' id='par_1_99' title="bbox 1052 2096 1880 2133">
     <span class='ocr_line' id='line_1_100' title="bbox 1052 2096 1880 2133; baseline -0.002 -7"><span class='ocrx_word' id='word_1_771' title='bbox 1052 2099 1154 2126; x_wconf 88' lang='lat' dir='ltr'>hartus</span> <span class='ocrx_word' id='word_1_772' title='bbox 1168 2098 1264 2133; x_wconf 83' lang='lat' dir='ltr'>posuit</span> <span class='ocrx_word' id='word_1_773' title='bbox 1279 2098 1442 2132; x_wconf 70' lang='lat' dir='ltr'>colli/lende,</span> <span class='ocrx_word' id='word_1_774' title='bbox 1461 2096 1531 2123; x_wconf 86' lang='lat' dir='ltr'>forte</span> <span class='ocrx_word' id='word_1_775' title='bbox 1543 2103 1593 2131; x_wconf 89' lang='lat' dir='ltr'>per</span> <span class='ocrx_word' id='word_1_776' title='bbox 1605 2104 1733 2124; x_wconf 83' lang='lat' dir='ltr'>errorem</span> <span class='ocrx_word' id='word_1_777' title='bbox 1747 2098 1880 2132; x_wconf 81' lang='lat' dir='ltr'>typogra-</span> 
     </span>
    </p>
   </div>
   <div class='ocr_carea' id='block_1_100' title="bbox 1074 2135 1231 2161">
    <p class='ocr_par' dir='ltr' id='par_1_100' title="bbox 1074 2135 1231 2161">
     <span class='ocr_line' id='line_1_101' title="bbox 1074 2135 1231 2161; baseline 0 0"><span class='ocrx_word' id='word_1_778' title='bbox 1074 2135 1111 2161; x_wconf 74' lang='lat' dir='ltr'>hi.</span> <span class='ocrx_word' id='word_1_779' title='bbox 1130 2135 1231 2161; x_wconf 74' lang='lat' dir='ltr'>BALUZ.</span> 
     </span>
    </p>
   </div>
   <div class='ocr_carea' id='block_1_101' title="bbox 1052 2143 1877 2205">
    <p class='ocr_par' dir='ltr' id='par_1_101' title="bbox 1052 2143 1877 2205">
     <span class='ocr_line' id='line_1_102' title="bbox 1074 2143 1231 2161; baseline 0 0"><span class='ocrx_word' id='word_1_780' title='bbox 1074 2143 1080 2161; x_wconf 72' lang='grc' dir='ltr'><strong>ι</strong></span> <span class='ocrx_word' id='word_1_781' title='bbox 1140 2143 1147 2160; x_wconf 65' lang='lat'><strong><em>5</em></strong></span> <span class='ocrx_word' id='word_1_782' title='bbox 1171 2143 1185 2161; x_wconf 75' lang='lat' dir='ltr'>r.</span> <span class='ocrx_word' id='word_1_783' title='bbox 1227 2156 1231 2161; x_wconf 98' lang='lat'>.</span> 
     </span>
     <span class='ocr_line' id='line_1_103' title="bbox 1052 2143 1877 2205; baseline -0.001 -9"><span class='ocrx_word' id='word_1_784' title='bbox 1052 2143 1370 2205; x_wconf 22' lang='lat' dir='ltr'>p166031“?allmztlas.</span> <span class='ocrx_word' id='word_1_785' title='bbox 1397 2169 1582 2196; x_wconf 74' lang='lat' dir='ltr'>Retinuimus</span> <span class='ocrx_word' id='word_1_786' title='bbox 1610 2167 1685 2205; x_wconf 73' lang='lat' dir='ltr'>hanc</span> <span class='ocrx_word' id='word_1_787' title='bbox 1709 2166 1877 2205; x_wconf 24' lang='lat' dir='ltr'>Apericopcn,</span> 
     </span>
    </p>
   </div>
   <div class='ocr_carea' id='block_1_102' title="bbox 1050 2203 1876 2241">
    <p class='ocr_par' dir='ltr' id='par_1_102' title="bbox 1050 2203 1876 2241">
     <span class='ocr_line' id='line_1_104' title="bbox 1050 2203 1876 2241; baseline -0.004 -8"><span class='ocrx_word' id='word_1_788' title='bbox 1050 2203 1118 2241; x_wconf 76' lang='lat' dir='ltr'>quia</span> <span class='ocrx_word' id='word_1_789' title='bbox 1135 2206 1214 2232; x_wconf 79' lang='lat' dir='ltr'>illam</span> <span class='ocrx_word' id='word_1_790' title='bbox 1231 2206 1394 2233; x_wconf 72' lang='lat' dir='ltr'>invenimus</span> <span class='ocrx_word' id='word_1_791' title='bbox 1407 2205 1434 2231; x_wconf 91' lang='lat' dir='ltr'>in</span> <span class='ocrx_word' id='word_1_792' title='bbox 1452 2205 1580 2239; x_wconf 88' lang='lat' dir='ltr'>antiquis</span> <span class='ocrx_word' id='word_1_793' title='bbox 1596 2203 1774 2241; x_wconf 73' lang='lat' dir='ltr'>editionibus</span> <span class='ocrx_word' id='word_1_794' title='bbox 1797 2205 1825 2230; x_wconf 88' lang='lat' dir='ltr'>et</span> <span class='ocrx_word' id='word_1_795' title='bbox 1847 2203 1876 2231; x_wconf 89' lang='lat' dir='ltr'>in</span> 
     </span>
    </p>
   </div>
   <div class='ocr_carea' id='block_1_103' title="bbox 1052 2239 1876 2280">
    <p class='ocr_par' dir='ltr' id='par_1_103' title="bbox 1052 2239 1876 2280">
     <span class='ocr_line' id='line_1_105' title="bbox 1052 2239 1876 2280; baseline -0.001 -12"><span class='ocrx_word' id='word_1_796' title='bbox 1052 2239 1151 2280; x_wconf 79' lang='lat' dir='ltr'>decem</span> <span class='ocrx_word' id='word_1_797' title='bbox 1163 2241 1246 2280; x_wconf 82' lang='lat' dir='ltr'>libris</span> <span class='ocrx_word' id='word_1_798' title='bbox 1258 2242 1412 2280; x_wconf 69' lang='lat' dir='ltr'>veteribus.</span> <span class='ocrx_word' id='word_1_799' title='bbox 1427 2241 1564 2267; x_wconf 72' lang='lat' dir='ltr'>Praeterea</span> <span class='ocrx_word' id='word_1_800' title='bbox 1580 2239 1723 2280; x_wconf 62' lang='lat' dir='ltr'>ttigaltius</span> <span class='ocrx_word' id='word_1_801' title='bbox 1739 2239 1876 2280; x_wconf 69' lang='lat' dir='ltr'>admonet</span> 
     </span>
    </p>
   </div>
   <div class='ocr_carea' id='block_1_104' title="bbox 1052 2275 1876 2311">
    <p class='ocr_par' dir='ltr' id='par_1_104' title="bbox 1052 2275 1876 2311">
     <span class='ocr_line' id='line_1_106' title="bbox 1052 2275 1876 2311; baseline -0.001 -7"><span class='ocrx_word' id='word_1_802' title='bbox 1052 2286 1082 2304; x_wconf 90' lang='lat' dir='ltr'>se</span> <span class='ocrx_word' id='word_1_803' title='bbox 1101 2278 1177 2304; x_wconf 78' lang='lat' dir='ltr'>illam</span> <span class='ocrx_word' id='word_1_804' title='bbox 1195 2277 1340 2304; x_wconf 76' lang='lat' dir='ltr'>invenisse</span> <span class='ocrx_word' id='word_1_805' title='bbox 1358 2277 1385 2303; x_wconf 91' lang='lat' dir='ltr'>in</span> <span class='ocrx_word' id='word_1_806' title='bbox 1403 2285 1459 2303; x_wconf 90' lang='lat' dir='ltr'>uno</span> <span class='ocrx_word' id='word_1_807' title='bbox 1476 2275 1633 2311; x_wconf 78' lang='lat' dir='ltr'>exemplari</span> <span class='ocrx_word' id='word_1_808' title='bbox 1653 2275 1790 2302; x_wconf 89' lang='lat' dir='ltr'>editionis</span> <span class='ocrx_word' id='word_1_809' title='bbox 1816 2275 1876 2303; x_wconf 86' lang='lat' dir='ltr'>Ma-</span> 
     </span>
    </p>
   </div>
   <div class='ocr_carea' id='block_1_105' title="bbox 1053 2311 1874 2347">
    <p class='ocr_par' dir='ltr' id='par_1_105' title="bbox 1053 2311 1874 2347">
     <span class='ocr_line' id='line_1_107' title="bbox 1053 2311 1874 2347; baseline -0.002 -7"><span class='ocrx_word' id='word_1_810' title='bbox 1053 2314 1178 2340; x_wconf 66' lang='lat' dir='ltr'>nutianm</span> <span class='ocrx_word' id='word_1_811' title='bbox 1195 2312 1223 2339; x_wconf 91' lang='lat' dir='ltr'>in</span> <span class='ocrx_word' id='word_1_812' title='bbox 1246 2321 1302 2347; x_wconf 82' lang='lat' dir='ltr'>quo</span> <span class='ocrx_word' id='word_1_813' title='bbox 1319 2321 1350 2339; x_wconf 85' lang='lat' dir='ltr'>ea</span> <span class='ocrx_word' id='word_1_814' title='bbox 1367 2312 1463 2339; x_wconf 81' lang='lat' dir='ltr'>addita</span> <span class='ocrx_word' id='word_1_815' title='bbox 1480 2314 1573 2339; x_wconf 75' lang='lat' dir='ltr'>fuerat</span> <span class='ocrx_word' id='word_1_816' title='bbox 1593 2319 1627 2338; x_wconf 82' lang='lat' dir='ltr'>ex</span> <span class='ocrx_word' id='word_1_817' title='bbox 1651 2312 1777 2347; x_wconf 79' lang='lat' dir='ltr'>quodam</span> <span class='ocrx_word' id='word_1_818' title='bbox 1800 2311 1874 2338; x_wconf 88' lang='lat' dir='ltr'>libro</span> 
     </span>
    </p>
   </div>
   <div class='ocr_carea' id='block_1_106' title="bbox 1052 2347 1874 2384">
    <p class='ocr_par' dir='ltr' id='par_1_106' title="bbox 1052 2347 1874 2384">
     <span class='ocr_line' id='line_1_108' title="bbox 1052 2347 1874 2384; baseline -0.002 -8"><span class='ocrx_word' id='word_1_819' title='bbox 1052 2349 1148 2376; x_wconf 37' lang='lat' dir='ltr'>veteri.</span> <span class='ocrx_word' id='word_1_820' title='bbox 1168 2350 1199 2375; x_wconf 87' lang='lat' dir='ltr'>Et</span> <span class='ocrx_word' id='word_1_821' title='bbox 1215 2351 1312 2375; x_wconf 73' lang='lat' dir='ltr'>tamen</span> <span class='ocrx_word' id='word_1_822' title='bbox 1329 2356 1392 2375; x_wconf 78' lang='lat' dir='ltr'>eam</span> <span class='ocrx_word' id='word_1_823' title='bbox 1409 2357 1463 2375; x_wconf 90' lang='lat' dir='ltr'>non</span> <span class='ocrx_word' id='word_1_824' title='bbox 1482 2348 1578 2384; x_wconf 87' lang='lat' dir='ltr'>posuit</span> <span class='ocrx_word' id='word_1_825' title='bbox 1603 2348 1631 2374; x_wconf 92' lang='lat' dir='ltr'>in</span> <span class='ocrx_word' id='word_1_826' title='bbox 1652 2349 1798 2380; x_wconf 84' lang='lat' dir='ltr'>contextu,</span> <span class='ocrx_word' id='word_1_827' title='bbox 1812 2347 1874 2384; x_wconf 21' lang='lat' dir='ltr'>rsed</span> 
     </span>
    </p>
   </div>
   <div class='ocr_carea' id='block_1_107' title="bbox 1054 2383 1874 2418">
    <p class='ocr_par' dir='ltr' id='par_1_107' title="bbox 1054 2383 1874 2418">
     <span class='ocr_line' id='line_1_109' title="bbox 1054 2383 1874 2418; baseline -0.001 -7"><span class='ocrx_word' id='word_1_828' title='bbox 1054 2385 1128 2412; x_wconf 80' lang='lat' dir='ltr'>inter</span> <span class='ocrx_word' id='word_1_829' title='bbox 1143 2385 1367 2411; x_wconf 69' lang='lat' dir='ltr'>observationes.</span> <span class='ocrx_word' id='word_1_830' title='bbox 1387 2384 1533 2411; x_wconf 86' lang='lat' dir='ltr'>Manutius</span> <span class='ocrx_word' id='word_1_831' title='bbox 1549 2392 1612 2411; x_wconf 80' lang='lat' dir='ltr'>eam</span> <span class='ocrx_word' id='word_1_832' title='bbox 1635 2383 1783 2418; x_wconf 66' lang='lat' dir='ltr'>reiecerat,</span> <span class='ocrx_word' id='word_1_833' title='bbox 1812 2383 1874 2410; x_wconf 89' lang='lat' dir='ltr'>lau-</span> 
     </span>
    </p>
   </div>
   <div class='ocr_carea' id='block_1_108' title="bbox 1054 2418 1875 2455">
    <p class='ocr_par' dir='ltr' id='par_1_108' title="bbox 1054 2418 1875 2455">
     <span class='ocr_line' id='line_1_110' title="bbox 1054 2418 1875 2455; baseline 0.001 -11"><span class='ocrx_word' id='word_1_834' title='bbox 1054 2421 1139 2447; x_wconf 78' lang='lat' dir='ltr'>datus</span> <span class='ocrx_word' id='word_1_835' title='bbox 1156 2423 1306 2455; x_wconf 73' lang='lat' dir='ltr'>propterea</span> <span class='ocrx_word' id='word_1_836' title='bbox 1323 2429 1338 2447; x_wconf 86' lang='lat' dir='ltr'>a</span> <span class='ocrx_word' id='word_1_837' title='bbox 1356 2420 1489 2448; x_wconf 75' lang='lat' dir='ltr'>Pamelio.</span> <span class='ocrx_word' id='word_1_838' title='bbox 1507 2422 1569 2447; x_wconf 89' lang='lat' dir='ltr'>tum</span> <span class='ocrx_word' id='word_1_839' title='bbox 1590 2419 1668 2454; x_wconf 82' lang='lat' dir='ltr'>quia,</span> <span class='ocrx_word' id='word_1_840' title='bbox 1696 2422 1726 2446; x_wconf 91' lang='lat' dir='ltr'>ut</span> <span class='ocrx_word' id='word_1_841' title='bbox 1746 2418 1794 2445; x_wconf 92' lang='lat' dir='ltr'>ille</span> <span class='ocrx_word' id='word_1_842' title='bbox 1824 2419 1875 2455; x_wconf 83' lang='lat' dir='ltr'>ait,</span> 
     </span>
    </p>
   </div>
   <div class='ocr_carea' id='block_1_109' title="bbox 1053 2453 1876 2516">
    <p class='ocr_par' dir='ltr' id='par_1_109' title="bbox 1053 2453 1876 2516">
     <span class='ocr_line' id='line_1_111' title="bbox 1053 2453 1876 2516; baseline -0.005 -32"><span class='ocrx_word' id='word_1_843' title='bbox 1053 2453 1235 2484; x_wconf 75' lang='lat' dir='ltr'>desideratur</span> <span class='ocrx_word' id='word_1_844' title='bbox 1251 2456 1279 2482; x_wconf 90' lang='lat' dir='ltr'>in</span> <span class='ocrx_word' id='word_1_845' title='bbox 1293 2457 1502 2491; x_wconf 83' lang='lat' dir='ltr'>manuscriptis</span> <span class='ocrx_word' id='word_1_846' title='bbox 1514 2453 1661 2487; x_wconf 80' lang='lat' dir='ltr'>omnibus,</span> <span class='ocrx_word' id='word_1_847' title='bbox 1674 2457 1734 2481; x_wconf 89' lang='lat' dir='ltr'>tum</span> <span class='ocrx_word' id='word_1_848' title='bbox 1746 2455 1822 2516; x_wconf 81' lang='lat' dir='ltr'>quod</span> <span class='ocrx_word' id='word_1_849' title='bbox 1833 2453 1876 2481; x_wconf 90' lang='lat' dir='ltr'>ni-</span> 
     </span>
     <span class='ocr_line' id='line_1_112' title="bbox 1053 2490 1876 2516; baseline 0 0"><span class='ocrx_word' id='word_1_850' title='bbox 1053 2492 1092 2516; x_wconf 88' lang='lat' dir='ltr'>hil</span> <span class='ocrx_word' id='word_1_851' title='bbox 1111 2492 1161 2516; x_wconf 86' lang='lat' dir='ltr'>hor</span> <span class='ocrx_word' id='word_1_852' title='bbox 1181 2492 1240 2516; x_wconf 84' lang='lat' dir='ltr'>loco</span> <span class='ocrx_word' id='word_1_853' title='bbox 1257 2492 1291 2516; x_wconf 83' lang='lat' dir='ltr'>nd</span> <span class='ocrx_word' id='word_1_854' title='bbox 1310 2492 1474 2516; x_wconf 77' lang='lat' dir='ltr'>institutum</span> <span class='ocrx_word' id='word_1_855' title='bbox 1494 2492 1585 2516; x_wconf 81' lang='lat' dir='ltr'>facere</span> <span class='ocrx_word' id='word_1_856' title='bbox 1601 2491 1723 2516; x_wconf 85' lang='lat' dir='ltr'>videtur.</span> <span class='ocrx_word' id='word_1_857' title='bbox 1736 2490 1750 2516; x_wconf 83' lang='lat' dir='ltr'>i\</span> <span class='ocrx_word' id='word_1_858' title='bbox 1767 2491 1876 2516; x_wconf 82' lang='lat' dir='ltr'>utasset</span> 
     </span>
    </p>
   </div>
   <div class='ocr_carea' id='block_1_110' title="bbox 1053 2490 1878 2519">
    <p class='ocr_par' dir='ltr' id='par_1_110' title="bbox 1053 2490 1878 2519">
     <span class='ocr_line' id='line_1_113' title="bbox 1053 2490 1878 2519; baseline -0.002 0"><span class='ocrx_word' id='word_1_859' title='bbox 1053 2492 1093 2519; x_wconf 86' lang='lat' dir='ltr'>hil</span> <span class='ocrx_word' id='word_1_860' title='bbox 1111 2492 1161 2519; x_wconf 84' lang='lat' dir='ltr'>hoc</span> <span class='ocrx_word' id='word_1_861' title='bbox 1181 2492 1240 2518; x_wconf 90' lang='lat' dir='ltr'>loco</span> <span class='ocrx_word' id='word_1_862' title='bbox 1257 2492 1291 2519; x_wconf 82' lang='lat' dir='ltr'>nrl</span> <span class='ocrx_word' id='word_1_863' title='bbox 1310 2490 1474 2519; x_wconf 82' lang='lat' dir='ltr'>institutum</span> <span class='ocrx_word' id='word_1_864' title='bbox 1494 2492 1585 2519; x_wconf 88' lang='lat' dir='ltr'>facere</span> <span class='ocrx_word' id='word_1_865' title='bbox 1601 2491 1723 2517; x_wconf 84' lang='lat' dir='ltr'>videtur.</span> <span class='ocrx_word' id='word_1_866' title='bbox 1736 2490 1878 2517; x_wconf 83' lang='lat' dir='ltr'>Mutasset</span> 
     </span>
    </p>
   </div>
   <div class='ocr_carea' id='block_1_111' title="bbox 1054 2525 1877 2560">
    <p class='ocr_par' dir='ltr' id='par_1_111' title="bbox 1054 2525 1877 2560">
     <span class='ocr_line' id='line_1_114' title="bbox 1054 2525 1877 2560; baseline -0.004 -5"><span class='ocrx_word' id='word_1_867' title='bbox 1054 2528 1126 2555; x_wconf 89' lang='lat' dir='ltr'>forte</span> <span class='ocrx_word' id='word_1_868' title='bbox 1141 2527 1315 2555; x_wconf 71' lang='lat' dir='ltr'>Sententiam</span> <span class='ocrx_word' id='word_1_869' title='bbox 1331 2537 1412 2555; x_wconf 84' lang='lat' dir='ltr'>suum</span> <span class='ocrx_word' id='word_1_870' title='bbox 1431 2528 1586 2560; x_wconf 73' lang='lat' dir='ltr'>l’umelius,</span> <span class='ocrx_word' id='word_1_871' title='bbox 1604 2527 1628 2553; x_wconf 90' lang='lat' dir='ltr'>si</span> <span class='ocrx_word' id='word_1_872' title='bbox 1645 2526 1778 2553; x_wconf 85' lang='lat' dir='ltr'>scivissct</span> <span class='ocrx_word' id='word_1_873' title='bbox 1798 2525 1877 2552; x_wconf 86' lang='lat' dir='ltr'>illam</span> 
     </span>
    </p>
   </div>
   <div class='ocr_carea' id='block_1_112' title="bbox 1054 2561 1878 2604">
    <p class='ocr_par' dir='ltr' id='par_1_112' title="bbox 1054 2561 1878 2604">
     <span class='ocr_line' id='line_1_115' title="bbox 1054 2561 1878 2604; baseline -0.004 -13"><span class='ocrx_word' id='word_1_874' title='bbox 1054 2566 1171 2604; x_wconf 40' lang='lat' dir='ltr'>castello.</span> <span class='ocrx_word' id='word_1_875' title='bbox 1184 2564 1324 2604; x_wconf 70' lang='lat' dir='ltr'>indecem</span> <span class='ocrx_word' id='word_1_876' title='bbox 1341 2564 1470 2604; x_wconf 69' lang='lat' dir='ltr'>antiquis</span> <span class='ocrx_word' id='word_1_877' title='bbox 1487 2563 1635 2604; x_wconf 78' lang='lat' dir='ltr'>codicibus</span> <span class='ocrx_word' id='word_1_878' title='bbox 1651 2565 1679 2602; x_wconf 80' lang='lat' dir='ltr'>et</span> <span class='ocrx_word' id='word_1_879' title='bbox 1695 2561 1723 2588; x_wconf 87' lang='lat' dir='ltr'>in</span> <span class='ocrx_word' id='word_1_880' title='bbox 1741 2569 1780 2604; x_wconf 48' lang='lat' dir='ltr'>eo&quot;</span> <span class='ocrx_word' id='word_1_881' title='bbox 1790 2569 1878 2604; x_wconf 79' lang='lat' dir='ltr'>quem</span> 
     </span>
    </p>
   </div>
   <div class='ocr_carea' id='block_1_113' title="bbox 1054 2597 1878 2634">
    <p class='ocr_par' dir='ltr' id='par_1_113' title="bbox 1054 2597 1878 2634">
     <span class='ocr_line' id='line_1_116' title="bbox 1054 2597 1878 2634; baseline -0.004 -7"><span class='ocrx_word' id='word_1_882' title='bbox 1054 2600 1124 2628; x_wconf 90' lang='lat' dir='ltr'>citat</span> <span class='ocrx_word' id='word_1_883' title='bbox 1141 2599 1292 2634; x_wconf 58' lang='lat' dir='ltr'>Rigaltius.</span> <span class='ocrx_word' id='word_1_884' title='bbox 1311 2597 1458 2627; x_wconf 84' lang='lat' dir='ltr'>Morellius</span> <span class='ocrx_word' id='word_1_885' title='bbox 1471 2608 1525 2626; x_wconf 90' lang='lat' dir='ltr'>non</span> <span class='ocrx_word' id='word_1_886' title='bbox 1540 2598 1669 2634; x_wconf 81' lang='lat' dir='ltr'>probavit</span> <span class='ocrx_word' id='word_1_887' title='bbox 1680 2597 1755 2632; x_wconf 87' lang='lat' dir='ltr'>quod</span> <span class='ocrx_word' id='word_1_888' title='bbox 1769 2597 1878 2634; x_wconf 67' lang='lat' dir='ltr'>factum</span> 
     </span>
    </p>
   </div>
   <div class='ocr_carea' id='block_1_114' title="bbox 1054 2632 1879 2669">
    <p class='ocr_par' dir='ltr' id='par_1_114' title="bbox 1054 2632 1879 2669">
     <span class='ocr_line' id='line_1_117' title="bbox 1054 2632 1879 2669; baseline -0.005 -6"><span class='ocrx_word' id='word_1_889' title='bbox 1054 2636 1147 2663; x_wconf 83' lang='lat' dir='ltr'>fuerat</span> <span class='ocrx_word' id='word_1_890' title='bbox 1163 2632 1332 2663; x_wconf 22' lang='lat' dir='ltr'>:t‘Manutio.</span> <span class='ocrx_word' id='word_1_891' title='bbox 1352 2636 1383 2662; x_wconf 80' lang='lat' dir='ltr'>Et</span> <span class='ocrx_word' id='word_1_892' title='bbox 1399 2635 1474 2662; x_wconf 84' lang='lat' dir='ltr'>enim</span> <span class='ocrx_word' id='word_1_893' title='bbox 1491 2632 1547 2661; x_wconf 73' lang='lat' dir='ltr'>hoc</span> <span class='ocrx_word' id='word_1_894' title='bbox 1559 2636 1741 2669; x_wconf 78' lang='lat' dir='ltr'>segmentum</span> <span class='ocrx_word' id='word_1_895' title='bbox 1760 2632 1879 2669; x_wconf 84' lang='lat' dir='ltr'>retinuit</span> 
     </span>
    </p>
   </div>
   <div class='ocr_carea' id='block_1_115' title="bbox 1054 2668 1877 2705">
    <p class='ocr_par' dir='ltr' id='par_1_115' title="bbox 1054 2668 1877 2705">
     <span class='ocr_line' id='line_1_118' title="bbox 1054 2668 1877 2705; baseline -0.005 -6"><span class='ocrx_word' id='word_1_896' title='bbox 1054 2672 1083 2699; x_wconf 92' lang='lat' dir='ltr'>in</span> <span class='ocrx_word' id='word_1_897' title='bbox 1099 2671 1224 2699; x_wconf 74' lang='lat' dir='ltr'>editione</span> <span class='ocrx_word' id='word_1_898' title='bbox 1240 2680 1303 2698; x_wconf 87' lang='lat' dir='ltr'>sua.</span> <span class='ocrx_word' id='word_1_899' title='bbox 1321 2671 1403 2705; x_wconf 69' lang='lat' dir='ltr'>Angli</span> <span class='ocrx_word' id='word_1_900' title='bbox 1421 2668 1604 2698; x_wconf 49' lang='lat' dir='ltr'>omiserunt</span> <span class='ocrx_word' id='word_1_901' title='bbox 1620 2669 1760 2705; x_wconf 68' lang='lat' dir='ltr'>Caeterum</span> <span class='ocrx_word' id='word_1_902' title='bbox 1784 2668 1877 2705; x_wconf 81' lang='lat' dir='ltr'>silen-</span> 
     </span>
    </p>
   </div>
   <div class='ocr_carea' id='block_1_116' title="bbox 1055 2704 1876 2735">
    <p class='ocr_par' dir='ltr' id='par_1_116' title="bbox 1055 2704 1876 2735">
     <span class='ocr_line' id='line_1_119' title="bbox 1055 2704 1876 2735; baseline -0.004 0"><span class='ocrx_word' id='word_1_903' title='bbox 1055 2708 1124 2735; x_wconf 87' lang='lat' dir='ltr'>dum</span> <span class='ocrx_word' id='word_1_904' title='bbox 1141 2716 1196 2734; x_wconf 89' lang='lat' dir='ltr'>non</span> <span class='ocrx_word' id='word_1_905' title='bbox 1220 2707 1290 2733; x_wconf 89' lang='lat' dir='ltr'>illud</span> <span class='ocrx_word' id='word_1_906' title='bbox 1321 2707 1477 2734; x_wconf 85' lang='lat' dir='ltr'>desiderari</span> <span class='ocrx_word' id='word_1_907' title='bbox 1505 2706 1533 2733; x_wconf 88' lang='lat' dir='ltr'>in</span> <span class='ocrx_word' id='word_1_908' title='bbox 1557 2705 1694 2732; x_wconf 85' lang='lat' dir='ltr'>tredecim</span> <span class='ocrx_word' id='word_1_909' title='bbox 1723 2704 1806 2732; x_wconf 89' lang='lat' dir='ltr'>libris</span> <span class='ocrx_word' id='word_1_910' title='bbox 1830 2713 1876 2732; x_wconf 86' lang='lat' dir='ltr'>ve-</span> 
     </span>
    </p>
   </div>
   <div class='ocr_carea' id='block_1_117' title="bbox 1054 2743 1298 2770">
    <p class='ocr_par' dir='ltr' id='par_1_117' title="bbox 1054 2743 1298 2770">
     <span class='ocr_line' id='line_1_120' title="bbox 1054 2743 1298 2770; baseline -0.004 0"><span class='ocrx_word' id='word_1_911' title='bbox 1054 2743 1177 2770; x_wconf 85' lang='lat' dir='ltr'>teribus.</span> <span class='ocrx_word' id='word_1_912' title='bbox 1198 2743 1298 2770; x_wconf 64' lang='lat' dir='ltr'>BALUZ.</span> 
     </span>
    </p>
   </div>
   <div class='ocr_carea' id='block_1_118' title="bbox 1090 2776 1880 2812">
    <p class='ocr_par' dir='ltr' id='par_1_118' title="bbox 1090 2776 1880 2812">
     <span class='ocr_line' id='line_1_121' title="bbox 1090 2776 1880 2812; baseline -0.003 -8"><span class='ocrx_word' id='word_1_913' title='bbox 1090 2780 1145 2812; x_wconf 67' lang='lat' dir='ltr'>(ﬁt)</span> <span class='ocrx_word' id='word_1_914' title='bbox 1161 2779 1216 2804; x_wconf 76' lang='lat' dir='ltr'>Per</span> <span class='ocrx_word' id='word_1_915' title='bbox 1231 2779 1388 2812; x_wconf 72' lang='grc' dir='ltr'>])1“‹)]ιῘι‹’[(ι11ι</span> <span class='ocrx_word' id='word_1_916' title='bbox 1405 2778 1433 2805; x_wconf 89' lang='lat' dir='ltr'>lr.</span> <span class='ocrx_word' id='word_1_917' title='bbox 1454 2785 1510 2804; x_wconf 91' lang='lat' dir='ltr'>uno</span> <span class='ocrx_word' id='word_1_918' title='bbox 1528 2776 1602 2803; x_wconf 77' lang='lat' dir='ltr'>libro</span> <span class='ocrx_word' id='word_1_919' title='bbox 1623 2785 1686 2803; x_wconf 73' lang='lat' dir='ltr'>meo</span> <span class='ocrx_word' id='word_1_920' title='bbox 1707 2778 1880 2812; x_wconf 24' lang='lat' dir='ltr'>vetereppcr</span> 
     </span>
    </p>
   </div>
   <div class='ocr_carea' id='block_1_119' title="bbox 1055 2810 1880 2848">
    <p class='ocr_par' dir='ltr' id='par_1_119' title="bbox 1055 2810 1880 2848">
     <span class='ocr_line' id='line_1_122' title="bbox 1055 2810 1880 2848; baseline -0.005 -7"><span class='ocrx_word' id='word_1_921' title='bbox 1055 2810 1234 2842; x_wconf 70' lang='lat' dir='ltr'>Salonionrm.</span> <span class='ocrx_word' id='word_1_922' title='bbox 1254 2810 1348 2841; x_wconf 78' lang='lat' dir='ltr'>lteete.</span> <span class='ocrx_word' id='word_1_923' title='bbox 1368 2814 1441 2842; x_wconf 82' lang='lat' dir='ltr'>Nam</span> <span class='ocrx_word' id='word_1_924' title='bbox 1458 2813 1513 2840; x_wconf 83' lang='lat' dir='ltr'>ista</span> <span class='ocrx_word' id='word_1_925' title='bbox 1529 2815 1647 2848; x_wconf 83' lang='lat' dir='ltr'>sumpta</span> <span class='ocrx_word' id='word_1_926' title='bbox 1662 2815 1729 2840; x_wconf 82' lang='lat' dir='ltr'>sunt</span> <span class='ocrx_word' id='word_1_927' title='bbox 1746 2820 1782 2840; x_wconf 82' lang='lat' dir='ltr'>ex</span> <span class='ocrx_word' id='word_1_928' title='bbox 1805 2810 1880 2838; x_wconf 86' lang='lat' dir='ltr'>libro</span> 
     </span>
    </p>
   </div>
   <div class='ocr_carea' id='block_1_120' title="bbox 1056 2850 1382 2878">
    <p class='ocr_par' dir='ltr' id='par_1_120' title="bbox 1056 2850 1382 2878">
     <span class='ocr_line' id='line_1_123' title="bbox 1056 2850 1382 2878; baseline -0.003 0"><span class='ocrx_word' id='word_1_929' title='bbox 1056 2850 1258 2878; x_wconf 77' lang='lat' dir='ltr'>Ecclesiastici.</span> <span class='ocrx_word' id='word_1_930' title='bbox 1276 2850 1382 2878; x_wconf 76' lang='lat' dir='ltr'>BALUZ.</span> 
     </span>
    </p>
   </div>
  </div>
