4102 6180
350 378 468 441 853

1845 379 2278 441 EPISTOLIE.

3645 382 3762 441 854

349 511 541 567 sciant
559 508 698 582 quia
722 526 757 565 a
775 509 1179 566 sacerdotibus
1201 510 1300 567 Dei
1325 528 1438 567 non
1467 511 1766 568 timentur.
1791 510 1991 584 Neque
2019 512 2074 578 Α
2104 511 2383 568 divinitus
2408 512 2687 585 erigatur,
2711 513 2880 585 cujus
2904 529 3019 568 non
3046 510 3352 567 humilitas
3377 509 3760 568 etinﬁrmitas

348 598 502 656 enim
535 603 593 654 et
620 597 1019 655 Antiohristus
1049 616 1183 655 cum
1216 600 1412 656 venire
1445 601 1701 673 cmperit,
1737 599 2002 657 introibit

350 688 408 743 in
441 686 784 755 Ecclesiam,
816 688 957 761 quia
989 689 1253 743 minatur
1281 689 1394 761 (70)
1419 714 1432 757 ;
1466 692 1569 745 aut
1591 689 1772 746 armis
1794 691 1922 762 ejus
1942 693 2000 744 et

343 776 629 833 violentias
648 775 1042 849 ceditur,quia
1060 776 1403 835 resistentes
1422 782 1863 851 perempturum
1885 778 1999 850 (71)

345 882 408 922 se
437 882 567 922 esse
598 866 924 939 profitetur.
974 870 1224 922 Armant
1267 884 1375 923 nos
1402 867 1683 936 haeretici,
1716 869 1854 923 dum
1891 883 1998 923 nos

345 959 556 1029 putant
576 971 684 1010 sua
710 955 1167 1011 comminatione
1189 956 1423 1012 terreri:
1450 972 1554 1012 nec
1577 957 1633 1011 in
1658 972 1796 1028 pace
1827 972 1934 1011 nos
1952 956 1999 991 ³⁸

342 1044 646 1113 dejiciunt,
678 1043 827 1100 827
862 1044 964 1101 sed
990 1043 1179 1117 magis
1202 1044 1437 1116 erigunt
1460 1050 1516 1100 et
1541 1045 1991 1111 acredunt,dum

340 1133 530 1205 ipsam
563 1149 767 1204 pacem
822 1133 1230 1205 persecutione
1286 1134 1544 1207 pejorem
1602 1133 1881 1190 fratribus
1910 1134 1993 1191 fa-

339 1222 522 1278 ciunt.
556 1221 627 1277 Et
655 1224 926 1293 optamus
955 1223 1214 1295 quidem,
1248 1239 1320 1278 ne
1351 1224 1507 1295 quod
1546 1223 1874 1296 loquuntur
1903 1223 1992 1279 fu-

340 1327 491 1380 rore,
521 1309 809 1383 impleant
837 1309 1118 1380 crimine;
1153 1328 1257 1367 nec
1307 1312 1405 1385 qui
1450 1311 1641 1368 verbis
1680 1312 1916 1384 perﬁdis
1947 1312 1993 1348 ⁴⁰

339 1404 399 1455 et
427 1397 767 1455 crudelibus
820 1404 1084 1471 peccant,
1126 1400 1295 1457 factis
1343 1417 1572 1473 quoque
1629 1400 1988 1472 delinquant.

340 1488 595 1543 Oramus
618 1504 685 1543 ac
716 1487 1103 1560 deprecamur
1130 1489 1337 1560 Deum,
1366 1506 1541 1562 quem
1573 1505 1883 1562 provocare
1908 1488 1990 1545 illi

339 1581 399 1633 et
427 1577 773 1632 exacerbare
802 1593 918 1633 non
950 1576 1249 1647 desinunt,
1275 1583 1341 1634 ut
1362 1595 1564 1635 eorum
1588 1579 1766 1634 corda
1794 1581 1994 1635 mites-

339 1669 593 1735 cant,ut,
609 1665 799 1721 furore
825 1666 1108 1738 deposito,
1138 1667 1207 1722 ad
1232 1667 1539 1723 sanitatem
1575 1668 1787 1724 mentis
1808 1668 1853 1705 δι
1880 1669 1993 1741 (72)

340 1756 674 1825 redeant,ut
689 1759 923 1827 pectora
945 1759 1147 1827 Operta
1169 1756 1214 1790 ⁴²
1237 1756 1348 1828 (73)
1371 1755 1715 1813 delictorum
1738 1758 1993 1814 tenebris

338 1843 695 1917 pmnitentiie
718 1842 916 1899 lumen
943 1849 1291 1917 agnoscant;
1312 1849 1369 1900 et
1386 1845 1574 1919 magis
1606 1850 1807 1919 petant
1825 1847 1992 1904 fundi

335 1947 442 2003 pro
471 1946 534 1986 se
562 1946 763 2003 preces
793 1935 970 2003 atque
1009 1931 1299 1988 orationes
1330 1933 1635 2002 antistitis,
1666 1951 1845 2007 quam
1875 1935 1988 2008 ipsi

330 2020 586 2077 fundant
616 2019 967 2092 sanguinem
998 2021 1338 2076 sacerdotis.
1369 2022 1430 2077 Si
1462 2028 1657 2078 autem
1688 2022 1748 2078 in
1771 2040 1877 2079 suo
1905 2024 1988 2079 fu-

332 2126 464 2165 rore
492 2109 950 2181 permanserint,
983 2113 1155 2181 atque
1183 2109 1243 2165 in
1291 2109 1423 2165 istis
1452 2109 1684 2167 insidiis
1714 2129 1779 2169 ac
1812 2112 1987 2168 minis

328 2197 458 2255 suis
487 2196 936 2270 parricidalibus
965 2197 1281 2255 crudeliter
1308 2199 1819 2272 perseveraverint,
1855 2200 1987 2256 nul—

333 2286 428 2342 lus
460 2286 564 2342 Dei
598 2286 871 2342 sacerdos
902 2286 986 2342 sic
1017 2287 1293 2343 infirmus
1324 2292 1435 2354 est,
1468 2289 1549 2343 sic
1573 2288 1777 2359 jacens
1809 2294 1866 2345 et
1889 2290 1985 2347 ab-

325 2377 546 2448 jeetus,
579 2374 663 2431 sic
696 2374 1094 2432 imbecillitate
1143 2375 1417 2432 humanae
1447 2377 1864 2434 mediocritatis
1892 2379 1982 2433 in-

332 2463 587 2533 validus,
614 2464 714 2537 qui
748 2481 863 2520 non
895 2468 1099 2521 contra
1120 2463 1318 2522 hostes
1341 2469 1398 2521 et
1419 2465 1860 2540 impugnatores
1880 2467 1982 2524 Dei

2107 602 2302 674 vigore
2332 606 2389 658 el.
2418 602 2622 659 robore
2646 602 2877 659 Domini
2921 601 3278 674 protegentis
3312 602 3356 637 ⁴³
3387 599 3498 672 (74)
3531 600 3756 654 anime-

2107 694 2223 745 tur.
2258 690 2471 749 Nostra
2503 690 2650 746 nihil
2677 691 2941 756 interest,
2973 695 3076 748 aut
3123 708 3156 746 a
3202 707 3338 763 quo,
3392 694 3493 746 aut
3523 690 3753 760 quando

2106 780 2470 851 perimamur
2526 781 2589 849 “,
2625 781 2830 836 mortis
2873 783 2929 835 et
2977 780 3285 851 sanguinis
3332 778 3635 852 praemium
3689 780 3758 833 de

2105 869 2352 925 Domino
2409 870 2720 941 recepturi.
2765 868 3002 923 Illorum
3063 868 3256 924 ﬂenda
3285 872 3342 924 et
3381 867 3754 923 lamentanda

2104 958 2358 1014 conditio
2390 959 2434 993 ‘5
2463 958 2576 1030 (75)
2609 962 2722 1027 est,
2756 974 2904 1029 quos
2946 957 3029 1013 sic
3060 956 3332 1014 diabolus
3362 961 3624 1023 excaecat,
3672 962 3752 1027 ut,

2104 1054 2315 1103 aeterna
2346 1046 2622 1120 gehennae
2674 1044 2966 1119 supplicia
3024 1061 3139 1101 non
3199 1045 3537 1117 cogitantes.
3590 1045 3748 1098 Anti-

2102 1133 2304 1191 christi
2327 1136 2453 1207 jam
2485 1134 2936 1207 pr0pinquantis
2968 1135 3285 1191 adventum
3317 1138 3598 1190 conentur
3629 1133 3756 1186 imi-

2099 1224 2232 1279 tari.

2171 1312 2324 1370 828
2352 1313 2465 1368 XX.
2498 1313 2567 1369 Et
2596 1329 2931 1385 quanquam
2992 1311 3197 1379 sciam,
3242 1312 3422 1367 frater
3470 1311 3750 1366 charissi-

2101 1418 2214 1470 me,
2243 1419 2346 1474 pro
2378 1406 2585 1458 mutua
2615 1402 2927 1458 dilectione
2958 1418 3137 1475 quam
3168 1401 3454 1457 debemus
3484 1401 3526 1435 ⁸⁸
3554 1405 3608 1454 et
3652 1417 3752 1454 ex-

2100 1490 2374 1547 hibemus
2396 1490 2644 1547 invicem
2668 1491 2859 1562 nobis,
2881 1489 3292 1548 ﬂorentissimo
3316 1488 3432 1562 (76)
3457 1488 3573 1543 illic
3598 1488 3748 1544 clero

2098 1584 2292 1637 tecum
2323 1578 2653 1652 praesidenti
2685 1577 2749 1650 ⁸⁷,
2782 1582 2839 1634 et
2867 1577 3253 1634 sanctissima:
3286 1582 3460 1649 atque
3501 1593 3590 1632 am
3602 1576 3749 1648 plis—

2099 1668 2262 1724 sima:
2292 1666 2445 1740 plebi
2476 1668 2663 1740 legere
2691 1671 2748 1723 te
2781 1683 3013 1740 semper
3037 1665 3262 1722 litteras
3290 1668 3745 1731 nostras,tamen

2100 1773 2256 1813 nunc
2285 1762 2343 1813 et
2372 1758 2656 1813 admoneo
2688 1760 2744 1811 et
2772 1760 2926 1828 peto,
2958 1758 3023 1811 ut
3061 1755 3214 1828 quod
3247 1754 3392 1811 alias
3424 1758 3629 1826 sponte
3661 1757 3746 1808 at-

2101 1863 2214 1919 que
2242 1846 2559 1902 honoriﬁce
2591 1846 2754 1915 facis,
2786 1845 2960 1902 etiam
3016 1848 3246 1917 petente
3300 1859 3392 1899 me
3450 1843 3653 1910 facias,
3687 1847 3750 1897 ut

2098 1936 2207 1992 hac
2237 1935 2484 2008 epistola
2515 1951 2643 1992 mea
2670 1934 2840 2005 lecta,
2874 1933 2924 1990 si
2955 1934 3108 2005 quod
3143 1932 3261 1989 illic
3292 1932 3628 2004 contagium
3659 1948 3749 1987 ve-

2098 2025 2293 2081 nenati
2324 2024 2612 2081 sermonis
2643 2028 2701 2079 et
2732 2023 3016 2096 pestiferae
3057 2021 3467 2079 seminaticnis
3495 2021 3743 2092 irrepse~

2096 2117 2207 2179 rat,
2262 2112 2321 2167 id
2370 2129 2544 2168 omne
2602 2113 2672 2168 de
2719 2112 2966 2167 fratrum
3023 2110 3266 2166 auribus
3296 2114 3353 2166 et
3411 2110 3745 2182 pectoribus

2094 2206 2359 2266 eluatur,
2393 2209 2446 2258 et
2476 2202 2763 2257 bonorum
2814 2200 3039 2273 integra
3068 2216 3134 2255 ac
3165 2199 3392 2255 sincera
3435 2197 3665 2253 dilectio
3702 2200 3744 2231 ‘8

2092 2291 2164 2346 ab
2195 2291 2471 2347 omnibus
2500 2289 2780 2346 haereticis
2811 2287 3182 2345 detractionis
3212 2286 3324 2360 (77)
3346 2286 3618 2343 sordibus
3664 2301 3745 2340 rc-

2137 2384 2397 2435 urgetur.

2137 2397 2206 2435 ur
2249 2395 2397 2435 etur.

2093 2395 2129 2451 Ρ
2163 2396 2311 2526 Χξίῐ.
2354 2466 2652 2525 Declinent
2681 2470 2876 2524 autem
2913 2466 2985 2521 de
3015 2470 3223 2522 caetero
3254 2463 3496 2533 fortiter,
3530 2467 3587 2518 et
3631 2462 3746 2517 evi-

1781 2568 1984 2630 Variae
2014 2567 2334 2631 lectiones.

410 2662 457 2697 ³ο
490 2663 552 2717 ln
584 2661 790 2718 faciem
812 2678 918 2718 nos
947 2662 1091 2718 Edit.
1126 2663 1392 2720 meamea:
1420 2663 1573 2720 codd.
1610 2666 1724 2721 Vos.
1774 2669 1827 2721 2.
1890 2668 2044 2722 Lam.
2084 2667 2246 2722 Ebor.
2297 2668 2432 2722 Bod.
2483 2667 2536 2732 1,
2592 2666 2645 2721 2.
2698 2666 2822 2720 Lin.
2880 2662 2987 2719 NG.
3052 2664 3103 2731 1,
3161 2664 3214 2717 2.
3264 2662 3393 2718 Thu.
3438 2660 3557 2715 Mic.
3601 2662 3740 2713 Vict.

348 2735 613 2809 Vetustior
632 2751 732 2789 ms.
766 2734 916 2809 Colb.
960 2751 1085 2809 cum
1100 2736 1567 2809 aliisaPamelio
1604 2737 1920 2809 appellatis,
1976 2738 2035 2792 in
2090 2739 2252 2793 facie.
2309 2738 2575 2809 Subneata
2611 2737 2889 2809 postulant
2932 2736 2991 2790 in
3028 2750 3211 2806 pace:
3253 2732 3483 2809 _quod__et
3509 2732 3742 2809 fater-ie

338 2807 549 2879 nostris
578 2822 722 2879 mss.
764 2805 1038 2861 exhibent.
1071 2807 1115 2841 ‘0
1146 2806 1215 2860 Et
1265 2808 1363 2879 qui
1417 2808 1607 2863 verbis
1645 2803 1915 2879 perfidis
1960 2810 2108 2864 Lam.
2160 2810 2288 2865 Bod.
2320 2811 2371 2862 2.
2407 2811 2446 2844 “
2503 2808 2583 2863 Ad
2611 2803 2930 2862 sanitatem
2978 2803 3205 2879 mentes
3253 2803 3368 2879 Ver.
3396 2803 3474 2879 ξ²Δ
3509 2804 3743 2879 Pectora

338 2878 583 2950 obsessa
611 2877 741 2932 Bod.
763 2879 815 2931 3.
845 2879 969 2932 Lin.
1004 2880 1203 2933 Benev.
1246 2873 1310 2933 ut
1337 2873 1704 2949 peccatorum
1736 2884 1792 2933 et
1822 2879 2166 2935 delictorum
2199 2881 2327 2936 Fab.
2360 2885 2425 2935 ut
2453 2884 2682 2950 pectora
2697 2877 3311 2950 delictorumtenebris
3333 2873 3519 2950 soluta
3551 2874 3739 2950 Betti.

341 2949 388 3021 f3
419 2949 666 3003 Domino
689 2954 1024 3019 protegente
1057 2951 1188 3005 Bod.
1213 2951 1264 3003 3.
1305 2946 1441 3006 Voss.
1472 2952 1525 3004 2.
1548 2952 1593 2985 δ”
1623 2951 1865 3014 Quando
1897 2968 2225 3021 pereamus.
2253 2954 2406 3006 Pam.
2443 2946 2573 3005 Βοιι.
2604 2953 2652 3004 1.
2695 2951 2963 3021 Vetustior
2989 2964 3091 3021 ms.
3125 2964 3253 3021 cum
3279 2947 3489 3021 duobys
3523 2946 3741 3021 Anglic.

341 3016 749 3075 Pereamus.“
773 3016 1043 3075 Sic'Lam.
1076 3020 1207 3076 Bod.
1235 3022 1285 3075 1.
1324 3022 1461 3078 Voss.
1488 3022 1541 3076 2°
1578 3016 1952 3077 lamentanda
1982 3024 2288 3079 consensio
2320 3024 2440 3078 Lin.
2473 3022 2579 3077 ΝΟ.
2610 3023 2664 3075 2.
2698 3020 2975 3090 conditio,
3010 3019 3139 3075 lhu.
3176 3018 3359 3090 iCorb.
3402 3016 3597 3090 tlenda
3645 3032 3745 3090 p_o_-

339 3090 465 3167 _tius_
494 3095 553 3145 et
576 3090 997 3167 lamentandat
1013 3097 1202 3149 Benev.
1237 3093 1283 3128 ⁴⁶
1308 3093 1602 3148 Habemus
1638 3098 1767 3150 Ver.
1807 3095 1849 3129 ‘7
1879 3098 2090 3150 Tecum
2122 3094 2393 3167 praesenti
2431 3095 2583 3150 Lam.
2632 3093 2794 3148 Ebor.
2854 3085 2971 3148 ΝΟ.⁷
2999 3094 3043 3147 ι.
3077 3089 3206 3147 Bod.
3241 3091 3297 3145 2.
3319 3087 3364 3124 ⁴⁸
3394 3087 3633 3144 Sincera
3664 3085 3750 3140 di-

333 3160 585 3218 lectione
615 3163 772 3218 Lam.
810 3163 938 3219 Bod.
970 3164 1026 3219 2.

1759 3253 2089 3315 Variorum
2122 3259 2312 3315 notae.

409 3348 927 3426 (7_0)_._41_itich_rist_us
974 3351 1243 3426 minatur.
1304 3349 1466 3405 Multi
1500 3351 1714 3426 “multa
1745 3352 1989 3426 etvaria
2021 3354 2063 3421 C
2173 3351 2286 3423 (74)
2321 3354 2537 3426 Domini
2585 3352 2939 3426 protegentis.
2981 3343 3612 3426 Codex__C_orbeien_sis,
3649 3345 3752 3401 Deo

337 3418 801 3496 de'Anticbristo
833 3421 1128 3475 dixerunt.
1178 3422 1679 3496 Seepeﬂcreditum
1702 3428 1791 3477 est
1820 3423 1987 3478 illum
2033 3418 2061 3421 vi
2097 3418 2432 3496 protegente.
2464 3424 2559 3479 Sic
2585 3418 2786 3478 'eliam
2835 3423 2892 3477 in
2930 3438 3045 3476 uno
3077 3418 3387 3496 Bodleiano
3419 3421 3476 3473 et
3510 3418 3565 3496 i_n
3628 3432 3744 3470 uno

340 3493 678 3562 adventare,
728 3493 847 3547 imo
878 3497 1082 3548 natum
1137 3508 1286 3547 esse.
1343 3494 1545 3562 Fuere,
1599 3494 1684 3550 uti
1741 3496 1997 3551 diximus

343 3564 417 3619 ad
450 3561 987 3638 librum‘Lactantii
1027 3563 1090 3619 de
1131 3565 1398 3621 Mortibus
1427 3570 1858 3635 persecutorem,
1892 3566 1994 3638 qui

341 3635 659 3690 credebent
687 3635 970 3689 Neronem
999 3651 1115 3689 non
1149 3651 1276 3691 esse
1318 3641 1633 3703 mortuum,
1668 3639 1770 3693 sed
1803 3635 1995 3692 adh—uc

338 3707 557 3775 vivere,
591 3712 648 3779 et
678 3711 1181 3779 venturum__ante
1237 3708 1431 3762 sasculi
1490 3710 1686 3772 ﬁnem,
1717 3714 1773 3764 et,
1799 3711 1993 3779 ipsum

342 3781 469 3833 lore
498 3777 947 3852 Antichristum.
982 3776 1124 3833 Vide
1152 3779 1506 3839 Catechesim
1543 3781 1611 3835 15
1640 3776 1837 3852 Cyrilli
1864 3783 1993 3837 Hie-

342 3849 778 3905 rosolvmitani.
809 3851 1017 3905 BALUZ.

338 3993 385 4048 Β
416 3919 533 3991 (71)
562 3923 1002 3993 Perempturum.
1031 3919 1156 3975 Duo
1189 3919 1318 3975 libri
1354 3925 1602 3989 veteres,
1624 3924 1992 3994 perditurum.

394 4008 560 4047 ALUZ.

394 4008 560 4047 ALUZ.

419 4064 536 4135 (72)
568 4062 865 4135 sanitatem
914 4063 1131 4135 mentis.
1182 4062 1546 4135 Theodosius
1602 4063 1746 4135 imp.
1779 4062 1816 4117 l.
1853 4081 1891 4128 ι,
1926 4065 1997 4120 de

332 4134 584 4204 Judreis,
615 4133 1013 4200 Samaritanis,
1075 4138 1227 4189 etc.:
1280 4134 1421 4202 Quos
1476 4137 1525 4190 si
1580 4136 1651 4190 ad
1693 4133 1998 4191 sanitatem

332 4207 545 4286 mentis
567 4208 805 4286 egregiae
820 4207 945 4286 tege
974 4204 1472 4286 medicanrevocare
1497 4222 1777 4286 conemur.
1802 4206 1998 4286 Julius

329 4282 553 4343 Caesar,
574 4275 773 4332 lib.vn
804 4275 1054 4331 debello
1076 4275 1294 4331 Gallico
1318 4294 1331 4332 :
1356 4277 1432 4332 Ad
1465 4280 1767 4333 sanitatem
1800 4281 1999 4333 reverti

332 4348 565 4421 pudeat.
600 4354 666 4402 A.
704 4348 924 4422 Hirtius
959 4348 1014 4402 in
1052 4347 1199 4422 libro
1231 4350 1301 4403 de
1333 4350 1484 4405 bello
1513 4350 1740 4405 Africo:
1800 4353 1999 4422 Aliqua

339 4419 565 4475 ratione
590 4421 818 4489 perduci
841 4419 913 4474 ad
936 4420 1251 4475 sanitatem.
1289 4422 1620 4476 Lactantius
1649 4439 1776 4491 cap.
1803 4419 1997 4485 34,'de

340 4490 635 4548 Mortibus
665 4495 1099 4563 persecutorem
1128 4506 1139 4544 :
1180 4493 1246 4563 Ut
1265 4494 1447 4563 etiam
1476 4490 1785 4548 Christiani
1804 4493 1873 4547 ad
1905 4495 1995 4548 bo-

337 4578 457 4618 nas
485 4561 687 4619 mentes
717 4562 976 4617 redirent.
1009 4561 1340 4618 Juvenalis:
1376 4563 1681 4635 Optandum
1710 4570 1790 4621 est
1822 4572 1881 4620 ut
1930 4567 2001 4620 sit

338 4649 662 4705 menssana
684 4636 742 4689 in
776 4649 1000 4705 corpore
1019 4649 1175 4689 sano.
1210 4638 1408 4689 Banuz.

2104 3488 2390 3552 Vossi’ano
2422 3496 2705 3567 scriptum
2736 3511 2865 3550 esse
2897 3497 3148 3549 testatur
3190 3490 3369 3547 editio
3398 3488 3745 3560 Anglicana.

2102 3567 2587 3705 Βῇἓῒϐοπάἰιίο.
2621 3637 2707 3691 Ita
2735 3636 2959 3690 Erasm.
3015 3650 3149 3690 cum
3190 3630 3384 3687 codice
3413 3630 3751 3705 Cambron.,

2105 3704 2348 3780 quodet
2377 3710 2491 3764 duo
2524 3724 2672 3780 mss.
2703 3707 2859 3763 Colb.
2885 3712 2941 3762 et
2960 3705 3130 3780 Corb.
3154 3705 3522 3780 conﬁrmant.
3553 3704 3612 3756 tn
3634 3719 3748 3755 uno

2103 3775 2159 3836 et
2189 3780 2370 3836 altero
2401 3778 2626 3850 Anglic.
2659 3783 2847 3834 exstat
2871 3778 3170 3850 consensio,
3200 3776 3267 3850 i_n_
3293 3775 3514 3850 caeteris
3553 3779 3744 3850 autem

2105 3851 2273 3907 libris
2321 3845 2594 3906 concisio:
2644 3867 2818 3920 quam
2868 3848 3174 3920 lectionem
3213 3847 3343 3920 ideo
3391 3845 3747 3920 sibi__magis

2104 3923 2333 3994 placere
2362 3928 2524 3977 notat
2556 3915 2863 3994 Pamelius,
2890 3920 3036 3994 quia
3092 3917 3447 3994 Cyprianum
3489 3915 3748 3994 alludere

2108 3988 2268 4068 putet
2298 3996 2379 4068 ad,
2401 3994 2541 4049 illud
2577 3992 2736 4068 Pauli
2771 3988 2975 4068 Philip.
3009 4008 3093 4053 in,
3124 3988 3419 4068 2'5_Vgidete
3449 4002 3631 4068 canes.
3669 3988 3748 4068 ui:

2105 4059 2224 4122 dele
2269 4067 2443 4121 malos
2490 4065 2787 4136 aperarios,
2848 4064 3026 4119 videte
3071 4062 3450 4136 cpnqisionem.
3502 4059 3618 4136 Sed
3670 4059 3750 4136 ibi

2105 4138 2340 4193 concisio
2384 4129 2891 4210 circumcisionem
2938 4151 3040 4210 seu
3084 4132 3318 4189 Judaeos
3349 4134 3552 4210 sonat:
3599 4129 3753 4210 unde

2108 4209 2369 4281 proxime
2417 4208 2720 4279 sequitur:
2769 4209 2879 4281 Nos
2926 4206 3076 4262 enim
3127 4218 3317 4281 sumus
3386 4202 3751 4281 circunz_cz'sio,

2104 4273 2203 4351 ἱμιί
2247 4283 2449 4351 spiritu
2484 4273 2750 4333 servimus
2806 4279 3047 4351 Deo,__et~
3090 4274 3412 4351 gloriamur
3443 4274 3502 4324 in
3542 4273 3752 4351 Christo

2104 4341 2472 4424 .lesu,.etnon_
2500 4354 2561 4406 in
2590 4365 2775 4417 carne,
2807 4341 2924 4424 etc,
2941 4341 3291 4424 Huju’smodi
3321 4348 3522 4424 autem
3550 4341 3753 4424 intelli-

2145 4414 2303 4479 entia
2334 4423 2427 4477 hic
2460 4422 2651 4477 locum
2685 4414 2796 4476 non
2829 4414 3363 4474 habethousrawr.
3392 4445 3459 4456 —
3485 4414 3750 4468 Conrisio.

2145 4441 2303 4479 entia
2334 4441 2427 4477 mc
2460 4441 2651 4477 locum
2685 4441 2796 4476 non
2834 4441 3022 4474 navet.
3058 4441 3363 4473 UUUSTANT.
3392 4445 3459 4456 —
3485 4441 3750 4468 nunciam.

2105 4441 2200 4551 gic
2232 4495 2451 4550 habent
2479 4498 2699 4547 veteres
2730 4491 3016 4547 editiones
3072 4493 3129 4543 et
3183 4487 3381 4543 omnia
3412 4486 3529 4540 fere.
3559 4491 3752 4540 vetera

2105 4564 2478 4635 exemplaria.
2516 4566 2576 4619 In
2612 4580 2726 4617 uno
2759 4563 2902 4618 libro
2924 4578 3052 4617 meo
3073 4559 3294 4635 legitur
3304 4560 3546 4616 concisio
3576 4562 3631 4635 et
3652 4574 3750 4610 su-

2106 4629 2455 4709 prali'neam
2482 4635 2566 4709 vel
2593 4636 2866 4709 conditio.
2886 4635 3032 4709 Hinc
3055 4629 3213 4709 ergo,
3240 4630 3299 4685 id
3338 4635 3427 4686 est
3454 4645 3518 4684 ex
3554 4629 3748 4709 aliquo

426 4704 539 4789 (73)
571 4701 1031 4789 Pectora‘oper‘ta.
1090 4706 1175 4789 Ita
1227 4705 1892 4789 Manutiusnbaud‘sc‘io
1925 4723 1997 4761 an
2029 4724 2075 4789 Β
2106 4701 2283 4789 "simili
2316 4706 2650 4789 exemplari,
2687 4706 2900 4789 prodiit
2924 4701 3419 4789 scriptura‘quam
3438 4701 3750 4789 praferunt

343 4776 475 4831 ulla
504 4776 870 4832 auctoritate.
928 4778 1070 4831 Eum
1124 4782 1320 4831 tamen
1371 4776 1662 4832 Pamelius
1714 4781 1771 4832 et
1812 4778 1992 4833 Oxon.

342 4848 544 4903 editor
568 4848 748 4903 secuti
780 4852 937 4903 sunt.
972 4846 1268 4903 Morellius
1290 4864 1422 4901 cum
1451 4865 1564 4904 uno
1590 4865 1699 4903 ms.
1733 4849 1994 4919 Anglic:

326 4922 568 4993 pectora
594 4935 627 4972 a
661 4920 988 4993 delictorum
1035 4920 1515 4993 tenebrissotuta.
1550 4921 1689 4975 Tres
1722 4919 1995 4993 aliiimss.

338 4989 599 5063 Anglic,
656 4996 888 5063 pectora
937 4991 1149 5046 obsessa
1180 4990 1510 5063 delictorum
1536 4993 1791 5048 tenebris.
1825 4992 2000 5047 Notat

342 5060 668 5118 Pamelius
704 5062 763 5116 in
820 5061 949 5135 aliis
995 5062 1224 5116 excusis
1253 5066 1309 5117 et
1339 5062 1575 5135 scriptis
1615 5063 1996 5131 circumferri,

335 5141 654 5207 peccatores
710 5150 745 5187 a
800 5134 1145 5207 delictorum,
1190 5134 1473 5207 tenebris
1524 5135 1624 5188 His
1657 5135 2002 5207 Aconcinunt

339 5204 493 5261 inse.
531 5207 753 5274 Comp.,
792 5204 1081 5260 recentior
1109 5204 1268 5259 Colb.
1304 5210 1360 5260 et
1388 5206 1582 5271 Corb.,
1610 5205 1723 5259 nisi
1756 5207 1907 5275 quod
1942 5207 1998 5260 in

340 5278 466 5332 hoc
497 5291 606 5329 non
640 5279 826 5348 exstat
855 5275 1184 5348 prepositio
1209 5292 1241 5329 a
1262 5281 1394 5332 ante
1424 5293 1619 5333 vocem
1656 5277 1999 5333 delictorum.

335 5350 414 5405 In
436 5348 758 5419 vetustiore
786 5347 948 5403 Colb.
977 5347 1263 5419 legimus,
1302 5358 1525 5418 pectora
1574 5349 1893 5404 delictorum
1922 5358 2002 5404 te-

336 5418 555 5475 nebris.
610 5420 837 5492 [ntegra
884 5417 1192 5475 essethaec
1228 5417 1422 5492 lectio,
1457 5420 1503 5475 si
1537 5419 1662 5475 loco
1692 5421 1845 5476 vocis
1876 5437 2002 5492 pec-

336 5498 519 5573 ιρναη
554 5490 959 5573 restitueretur
998 5491 1339 5573 priapositio
1391 5507 1506 5573 pro.
1569 5490 1892 5573 Consum“.
1935 5524 2004 5573 —_-

343 5564 575 5632 Operta.
603 5564 782 5615 Vetus
806 5563 980 5616 codex
998 5563 1213 5631 Regius
1234 5563 1658 5626 habetobruta;
1681 5580 1833 5620 unus
1857 5565 2002 5619 Bod-

340 5632 608 5707 leiauus,
632 5634 867 5707 obsessa.
892 5634 1190 5707 Sicetiam
1225 5635 1400 5689 editio
1434 5633 1697 5689 Morcllii.
1723 5636 1779 5688 ln
1807 5635 2003 5690 codice

342 5702 553 5778 Sancti
584 5704 868 5778 Arnulpbi
899 5702 1184 5778 scripturn
1227 5712 1332 5771 est,
1363 5709 1584 5778 pectora
1613 5710 1884 5778 excussus
1914 5707 2002 5761 tle~

342 5777 610 5833 lictorum
639 5777 916 5832 tenebris:
978 5776 1036 5831 in
1089 5776 1381 5848 Beccensi,
1414 5785 1474 5833 ut
1512 5776 1816 5835 recedentes
1845 5797 1879 5833 ιι
1907 5779 2003 5834 αθ.

345 5848 623 5908 lictorum
648 5846 904 5906 tenebrit.
937 5848 1136 5908 BALUZ.

2108 4784 2366 4851 quatuor
2382 4771 2519 4851 libri
2551 4771 2771 4851 veteres
2792 4782 2849 4833 et
2878 4771 3163 4851 editiones
3198 4771 3742 4851 Erasmiilttanutii,

2106 4844 2165 4906 et
2195 4849 2460 4909 Morellii,
2493 4849 2550 4903 in
2584 4849 2799 4920 quibus
2832 4847 3141 4920 scriptum
3194 4851 3285 4920 est
3328 4845 3584 4920 conditio.
3622 4844 3745 4897 Duo

2107 4926 2299 4977 vetera
2331 4922 2384 4974 in
2419 4916 2670 4975 editione
2699 4916 3019 4991 Anglican'a
3074 4917 3313 4991 laudata
3359 4916 3576 4991 habent
3622 4930 3747 4968 covi-

2106 4992 2475 5064 sensio.llnus
2507 5008 2673 5047 meus
2707 4985 2870 5046 vetus
2914 4996 2972 5064 et
3009 4985 3587 5064 Gratianopolitanus
3616 5001 3752 5064 con-

2107 5066 2356 5121 scientia.
2414 5063 2508 5119 Sic
2537 5063 2761 5118 variant
2794 5063 2924 5118 libri
2984 5066 3227 5116 veteres.
3285 5060 3472 5128 Atque
3502 5064 3564 5110 ut
3596 5060 3755 5108 varia

2110 5141 2253 5191 sunt
2275 5135 2581 5207 hominum
2606 5134 2843 5207 ingenia
2865 5137 2922 5187 et
2936 5132 3190 5207 diversae
3214 5128 3538 5207 opiniones,
3564 5132 3759 5207 Pame-

2110 5207 2227 5262 lius
2249 5206 2547 5261 meliorem
2572 5200 2798 5277 pnthvit
2820 5204 3121 5278 lectionem
3137 5200 3276 5278 quas
3292 5200 3482 5278 habet
3502 5200 3757 5278 concisio,

2111 5278 2401 5351 Rigaltius
2432 5294 2559 5351 eam
2576 5271 2721 5351 ’qua;
2752 5277 2984 5351 praefert
3010 5271 3267 5351 conditio.
3292 5273 3362 5351 Et
3382 5271 3758 5351 tamen‘idem

2112 5340 2402 5423 Rigaltius
2437 5340 2769 5423 retinuitin
2793 5348 3046 5423 editione
3077 5362 3191 5423 sua.
3217 5344 3523 5423 lectionem
3554 5340 3759 5423 l’amej

2110 5413 2219 5478 lii."
2253 5422 2641 5489 Hieronymus
2689 5420 2745 5473 in
2810 5416 3062 5489 Epistola
3123 5413 3659 5489 adfPammachium
3714 5418 3767 5465 et

2114 5495 2385 5551 Oceanum
2412 5509 2424 5546 :
2459 5485 2588 5545 illim
2615 5491 2736 5565 odio
2765 5485 2985 5565 avensor
3011 5488 3384 5565 concisionen}.
3421 5485 3634 5565 Barmy...

2182 5565 2294 5636 (76)
2327 5564 2754 5636 ﬂorentissimo.
2811 5556 3370 5636 Epithetumdstud.
3420 5561 3575 5636 recte
3622 5553 3759 5636 illu-

2114 5626 2380 5691 strat'vir
2409 5634 2777 5689 clarissimus
2799 5626 3054 5688 Joannes
3083 5626 3449 5683 Mabillonius
3468 5626 3527 5680 in
3554 5626 3759 5691 praefa-

2114 5708 2269 5763 tione.
2302 5706 2370 5760 ad
2403 5712 2632 5762 tomum
2690 5704 2734 5758 ll
2773 5704 2967 5759 Musaei
3014 5700 3217 5763 Italici,
3252 5715 3382 5774 pag.
3417 5697 3762 5774 13._BALUIZ-..

2183 5778 2294 5849 (77)
2331 5778 2715 5849 Delractionis.
2751 5777 2983 5849 Belum:
3027 5766 3491 5849 detrectationem;
3520 5769 3603 5821 tta
3652 5766 3768 5814 vidi

2114 5839 2401 5923 scriptum
2428 5850 2489 5907 in
2519 5848 2816 5922 pluribus
2837 5845 3084 5920 antiquis
3105 5841 3422 5901 codicibus.
3446 5839 3608 5896 Hanc.
3638 5850 3773 5904 ergo
