4102 6180
449 370 566 434 855

1788 367 1850 427 S.
1899 368 2100 428 COBN

2217 369 2266 429 ll
2311 368 2542 429 ΡΑΡᾹΞ
3695 374 3791 434 856

446 507 573 560 tent
601 499 964 558 dilectissimi
999 499 1206 556 fratres
1237 499 1422 556 nostri
1463 500 1635 556 verba
1691 505 1749 556 et
1802 499 2097 574 colloquia
2126 501 2180 568 Α
2210 516 2358 557 esse.
2393 501 2499 566 Qui
2534 507 2666 555 c‘um
2701 497 2929 554 Christo
2961 513 3074 553 non
3109 498 3198 553 est
3244 497 3309 568 ⁸³,
3339 499 3432 569 qui
3474 499 3791 561 adversarius

447 609 674 662 eorum,
707 606 958 663 quorum
989 606 1180 646 sermo
1214 593 1280 646 ut
1309 606 1517 645 cancer
1538 590 1750 662 serpit:
1777 589 1930 646 sicut
1957 597 2101 662 Apo-

450 681 638 738 stolus
669 680 851 736 dicit:
881 683 1251 752 Corrumpunt
1281 681 1504 751 ingenia
1535 680 1673 736 bona
1701 679 2099 751 confabulatio-

450 788 550 828 nes
593 771 851 844 pessima:
901 769 974 841 (ll
1039 769 1197 837 Tim.,
1259 785 1321 834 ιι,
1387 769 1486 837 17;
1520 773 1544 822 Ι
1585 768 1729 836 Cor.,
1762 785 1852 835 xv,
1889 768 1998 840 33).
2032 769 2102 824 Et

453 860 706 917 iterum:
740 860 1068 916 IIaereticum
1113 860 1390 914 hominem
1433 866 1550 930 post
1597 874 1769 914 unam
1800 859 2102 930 correptio-

454 965 584 1004 nem
617 949 782 1012 evita,
812 949 988 1003 sciens
1017 948 1163 1018 quia'
1181 962 1465 1018 perversus
1514 950 1593 1002 est
1620 945 1934 1019 hujusmodi
1955 947 2015 1009 ‘9,
2051 951 2102 1001 et

449 1041 658 1110 peccat,
703 1041 751 1093 et
803 1040 880 1093 est
915 1054 948 1092 a
999 1037 1285 1107 semetipso
1341 1035 1632 1091 damnatus
1661 1037 1705 1070 ⁸ο
1731 1036 1881 1108 (Tit.,
1916 1043 2000 1103 ut,
2033 1035 2101 1089 10

455 1131 513 1182 et
543 1125 652 1198 11).
685 1128 754 1180 Et
801 1141 904 1197 per
950 1125 1321 1180 Salomonem
1368 1124 1628 1196 loquitur
1672 1124 1920 1196 Spiritus
1965 1141 2100 1179 san-

455 1219 617 1271 ctus:
652 1216 959 1284 Perversus,
993 1213 1201 1283 inquit,
1257 1215 1316 1268 in
1364 1229 1458 1268 ore
1493 1230 1588 1269 suo
1614 1218 1797 1286 portat
1834 1213 2101 1285 perditio-

450 1321 579 1362 nem
607 1305 647 1340 ⁶¹
680 1304 816 1376 (78),
847 1307 900 1358 et
930 1305 990 1357 in.
1045 1303 1212 1358 labiis
1269 1304 1382 1358 suis
1433 1305 1614 1373 ignem
1659 1304 1847 1358 condit
1893 1304 2100 1375 (Prov.,

449 1400 566 1465 xvi,
594 1393 724 1464 27).
768 1394 909 1448 Item
943 1392 1135 1446 denuo
1168 1396 1366 1446 monet
1393 1391 1624 1446 dicens:
1650 1392 1779 1462 Sepi
1805 1395 2101 1448 aurestnas

449 1482 651 1553 spinis,
729 1488 780 1536 et
842 1481 963 1536 noli
1035 1480 1229 1536 audire
1303 1481 1555 1552 linguam
1629 1481 1780 1537 829
1865 1497 2103 1551 nequam

453 1570 642 1643 (Eccl.,
673 1571 873 1636 xxviii,
905 1570 1016 1636 28).
1063 1570 1128 1623 Et
1156 1569 1370 1624 iterum
1398 1585 1410 1623 :
1437 1569 1620 1625 Malus
1641 1570 1873 1625 obaudit
1895 1571 2107 1640 linguae

453 1660 812 1731 iniquorum;
834 1658 1025 1729 justus
1053 1667 1240 1713 autem
1276 1674 1385 1713 non
1420 1658 1658 1713 intendit
1687 1660 1852 1714 labiis
1881 1659 2106 1713 menda-

453 1748 608 1804 cibus
650 1747 856 1818 (Prov.,
889 1763 1024 1811 xvu,
1076 1747 1151 1817 4).
1203 1747 1362 1810 Quod
1413 1762 1750 1818 quanquam
1784 1747 1897 1818 (79)
1923 1747 2104 1800 sciam

452 1836 573 1892 illic
595 1836 1016 1892 fraternitatem
1042 1840 1327 1902 nostram,
1349 1839 1540 1891 vestra
1561 1835 1783 1892 scilicet
1801 1835 2105 1907 providen-
2139 1867 2186 1932 Β

455 1926 538 1982 tia
569 1925 859 1996 munitam
917 1925 962 1959 ⁵³
1011 1925 1144 1996 (80),
1204 1925 1304 1980 sed
1364 1928 1421 1979 et
1478 1941 1585 1980 sua
1631 1924 1934 1997 vigilantia
1964 1925 2107 1980 satis

458 2018 712 2080 cautam,
746 2029 850 2068 nec
893 2013 1022 2085 capi
1069 2012 1475 2068 haereticorum
1521 2013 1757 2068 venenis
1802 2029 1972 2084 posse
2002 2031 2106 2069 nec

459 2102 667 2174 decipi,
702 2106 1053 2172 tantumque
1077 2102 1229 2174 apud
1265 2101 1394 2156 illos
1427 2102 1731 2172 praevalere
1770 2102 2105 2174 magisteria

457 2196 515 2248 et
543 2196 832 2264 praecepta
861 2190 1076 2256 divina,
1124 2196 1376 2261 quantus
1430 2189 1545 2245 illis
1597 2191 1657 2244 in
1715 2190 1899 2245 Deum
1931 2192 2106 2247 timor

458 2285 583 2336 est:
618 2284 816 2335 tamen
850 2294 918 2334 ex
948 2278 1270 2334 abundanti
1301 2277 1390 2334 vel
1423 2278 1756 2334 sollicitudo
1789 2280 2102 2349 nostra,vel

459 2369 716 2426 Charitas
762 2368 1014 2423 scribere
1064 2367 1132 2422 ad
1183 2385 1283 2422 vos
1324 2367 1436 2422 ista
1485 2369 1779 2439 persuasit
1829 2375 1891 2422 ut
1940 2369 2102 2424 nulla

459 2474 593 2515 cum
627 2456 846 2512 talibus
877 2456 1225 2512 commercia
1247 2455 1615 2528 copulentur,
1640 2456 1800 2512 nulla
1821 2474 1953 2512 cum
1977 2475 2102 2513 ma-

460 2543 535 2600 lis
566 2541 826 2600 convivia
847 2541 935 2598 vel
965 2541 1256 2614 colloquia
1286 2543 1663 2612 misceantur,
1697 2545 2000 2617 simusque
2030 2547 2102 2601 ab

458 2633 546 2688 eis
576 2635 697 2687 tam
729 2631 1003 2701 separati,
1059 2647 1233 2703 quam
1290 2637 1429 2687 sunt
1467 2631 1550 2687 illi
1583 2633 1654 2688 de
1682 2633 1940 2689 Ecclesia
1971 2652 2101 2706 pro-

459 2720 581 2792 fugi
613 2720 694 2787 l‘3;
728 2719 867 2790 quia
896 2719 1178 2790 scriptum
1215 2723 1336 2776 est:
1379 2720 1438 2775 Si
1475 2726 1666 2776 autem
1710 2730 1762 2777 et
1809 2723 2103 2778 Ecclesium

455 2809 861 2880 contempserit,
892 2810 963 2862 sit
995 2809 1102 2864 tibi
1130 2816 1394 2879 tanquam
1424 2811 1669 2865 ethnicus
1698 2818 1750 2866 et
1776 2812 2104 2882 publicanus

459 2897 666 2971 (Matth.
698 2902 858 2965 xviii,
893 2897 1016 2967 17):
1051 2901 1108 2952 et
1163 2898 1365 2952 beatus
1418 2897 1730 2970 Apostolus
1760 2900 1806 2934 δ”
1835 2917 1947 2956 non
1982 2918 2104 2957 mo-

461 2992 560 3045 net
589 2991 842 3057 tantum,
877 2985 975 3042 sed
1008 2990 1065 3041 et
1085 2985 1256 3057 jubet
1285 3002 1318 3041 a
1347 2985 1565 3042 talibus
1594 2989 1918 3044 recedatur.
1949 2993 2106 3047 Prw-

461 3077 714 3149 cipimus,
749 3073 960 3146 inquit,
991 3073 1140 3129 vobis
1162 3075 1221 3128 in
1243 3078 1465 3131 nomine
1487 3078 1715 3132 Domini
1731 3078 1859 3133 Jesu
1881 3079 2106 3151 Christi,

459 3168 521 3221 ut
548 3163 817 3220 recedatis
847 3164 915 3218 ab
947 3163 1201 3218 omnibus
1221 3163 1492 3233 fratribus
1513 3166 1925 3222 ambulantibus
1957 3169 2104 3224 inor-

2210 589 2423 645 Cbristi
2455 593 2564 656 est,
2597 588 2698 661 qui
2731 588 2943 643 unitati
2976 591 3031 642 et
3061 586 3190 658 paci
3233 587 3358 655 ejus
3408 588 3660 646 inimicus
3702 600 3789 657 est,

2210 679 2515 734 nobiscum
2551 695 2663 734 non
2699 681 2887 749 potest
2911 675 3219 732 cohaerere.
3251 677 3310 732 Si
3334 693 3462 732 cum
3490 679 3792 750 precibuset

2209 767 2707 824 satisfactionibus
2739 764 2999 832 veniunt,
3059 765 3408 822 audiantur:
3438 765 3486 822 si
3533 767 3794 826 maledicta

2209 858 2266 910 et
2296 857 2486 911 minas
2518 856 2810 929 ingerunt,
2835 858 3211 926 respuantur.
3234 854 3378 927 Opto
3399 858 3474 922 te,
3503 855 3664 913 frater
3688 858 3796 912 cha-

2211 943 2463 1017 rissima,
2497 961 2728 1017 semper
2757 945 2903 1000 bene
2933 942 3146 1000 valere.

2707 1085 2854 1124 ANNO
2911 1085 3136 1124 CHRISTI
3194 1082 3357 1123 CCLII.

2764 1174 3119 1231 EPISTOLA
3157 1175 3302 1230 XIII.

2354 1282 2548 1321 SANCTI
2589 1281 2855 1321 CYPRIANI
2895 1285 2966 1321 ΑΙ)
3022 1283 3072 1322 S.
3133 1281 3456 1322 CORNELIUM
3495 1283 3692 1323 ΡΔΡΔΜ.

2216 1374 2437 1436 (Erasm.
2470 1386 2504 1436 ι,
2541 1375 2595 1433 1;
2627 1372 2818 1436 Pamel.
2849 1371 3040 1436 Rigalt.
3071 1371 3245 1436 Baluz.
3275 1373 3570 1435 tvm-Paris.
3589 1376 3660 1436 56;
3680 1375 3812 1425 Cous-

2215 1434 2386 1486 tanti.
2422 1435 2521 1484 col.
2555 1438 2676 1496 £90;
2706 1434 2942 1484 Galland’.
2975 1449 3045 1494 in,
3076 1449 3128 1497 p.
3162 1435 3297 1498 360.)

2214 1533 2369 1588 830
2401 1538 2841 1587 ARGUMENTUM.
2886 1531 3203 1604 Cyprianus
3243 1531 3499 1588 Cornelio
3543 1535 3812 1604 gratulatus

2285 1604 2424 1675 quod
2453 1605 2593 1675 forti
2617 1605 2954 1674 confessione
3005 1603 3208 1675 papula
3251 1619 3349 1659 suo
3397 1605 3470 1659 ad
3494 1603 3814 1675 conﬁtendum

2285 1691 2398 1730 sese
2427 1676 2615 1730 ducem
2642 1677 2970 1747 praebuerit,
3004 1677 3066 1730 in
3110 1677 3478 1730 Romanorum
3522 1676 3697 1733 laudes
3732 1693 3815 1732 ex-

2287 1749 2483 1820 currit.
2523 1747 2653 1801 Tum
2708 1747 2996 1820 adversam
3044 1747 3346 1803 Novatiani
3371 1752 3564 1803 sortem
3587 1751 3818 1820 perstrin-

2287 1821 2380 1885 git.
2421 1819 2644 1872 Domum
2673 1817 2754 1892 ad
2769 1819 3088 1888 proximum
3118 1835 3351 1890 agonem
3382 1821 3484 1890 qui
3508 1817 3614 1876 sese
3631 1835 3820 1892 praepa-

2287 1907 2413 1946 rare
2443 1898 2637 1944 mutuo
2669 1889 2897 1945 debeant
2926 1889 3169 1961 exponit.

2441 2012 2758 2052 CYPRIANUS
2797 2012 3071 2052 CORNELIO
3111 2014 3318 2052 FRATRI
3358 2013 3626 2053 SALUTEM.

2288 2104 2330 2157 Ι.
2364 2102 2776 2174 Cognovimus,
2831 2103 3012 2158 frater
3059 2102 3411 2159 charissime
3453 2104 3584 2175 (81),
3616 2103 3736 2159 ﬁdei
3769 2120 3823 2159 ac

2213 2191 2450 2248 virtutis
2480 2197 2686 2247 vestra:
2718 2191 3056 2247 testimonia
3075 2190 3333 2264 gloriosa
3355 2209 3368 2248 :
3394 2197 3450 2248 et
3477 2192 3823 2248 confessionis

2213 2284 2413 2336 vestrae
2463 2279 2742 2336 honorem
2775 2280 2858 2335 sic
2910 2279 3271 2335 exsultanter
3303 2280 3648 2352 accepimus,
3677 2284 3734 2337 ut
3773 2281 3822 2336 in

2214 2369 2438 2424 meritis
2469 2386 2535 2424 ac
2565 2369 2840 2424 laudibus
2861 2368 3070 2425 vestris
3093 2385 3200 2425 nos
3221 2385 3454 2440 quoque
3477 2369 3761 2442 participes
3777 2373 3824 2424 et

2212 2458 2402 2514 socios
2424 2461 2852 2530 computemus.
2872 2457 3018 2513 Nam
3041 2474 3176 2513 cum
3199 2457 3371 2514 nobis
3392 2462 3450 2514 et
3471 2457 3708 2514 Ecclesia
3724 2475 3822 2513 una

2211 2547 2309 2612 sit,
2342 2551 2399 2602 et
2430 2563 2596 2602 mens
2638 2547 2864 2618 juncta,
2897 2551 2955 2602 et
2993 2546 3301 2603 individua
3357 2548 3683 2615 concordia;
3712 2547 3822 2619 quis

2212 2652 2328 2691 non
2361 2637 2404 2670 ⁵⁸
2434 2636 2704 2691 sacerdos
2738 2637 2795 2690 in
2827 2637 3265 2692 consacerdotis
3297 2637 3392 2693 sui
3433 2636 3691 2693 laudibus
3715 2640 3820 2692 tan-

2213 2742 2390 2797 quam
2422 2725 2478 2779 in
2510 2725 2634 2781 suis
2668 2725 2917 2798 propriis
2937 2726 3265 2798 gratuletur
3281 2727 3310 2782 ?
3331 2732 3434 2783 aut
3451 2744 3578 2798 qua
3595 2726 3825 2784 fraterni-

2213 2819 2305 2871 tas
2337 2832 2448 2869 non
2474 2815 2529 2870 in
2555 2815 2798 2870 fratrum
2818 2816 3032 2889 gaudio
3063 2816 3279 2888 ubique
3307 2816 3578 2872 laetetur?
3605 2815 3824 2890 Exprimi

2215 2904 2359 2960 satis
2390 2921 2502 2959 non
2546 2909 2756 2976 potest,
2807 2910 3028 2976 quanta
3068 2905 3202 2961 istic
3249 2905 3560 2962 exsultatio
3602 2907 3758 2962 fuerit
3781 2909 3828 2960 et

2217 2997 2437 3065 quanta
2489 2991 2708 3060 lmtitia,
2760 3009 2893 3048 cum
2952 2994 3025 3050 de
3079 2993 3242 3049 vobis
3304 3011 3579 3067 prospera
3604 2999 3658 3051 et
3683 2994 3828 3051 fortia

2218 3081 2728 3152 comperissemus,
2762 3082 2972 3138 ducem
3001 3085 3058 3138 te
3101 3081 3220 3138 illic
3251 3083 3634 3139 confessionis
3663 3082 3828 3139 fratri-

2220 3171 2331 3226 bus
2360 3169 2685 3238 exstitisse;
2719 3171 2818 3225 sed
2865 3175 2923 3225 et
2969 3170 3402 3227 confessionem
3451 3172 3611 3229 ducis
3642 3173 3706 3228 de
3734 3171 3827 3226 fra-

455 3252 650 3308 dinate
696 3255 769 3320 et,
825 3267 937 3306 non
978 3251 1275 3307 secundum
1306 3252 1660 3310 traditionem
1691 3272 1854 3326 quam
1883 3272 2100 3329 accepe-
2134 3237 2176 3303 (ἶ
2213 3263 2369 3314 trum
2401 3257 2767 3314 confessione
2795 3258 2908 3332 (82)
2939 3259 3190 3316 crevisse
3215 3261 3260 3295 ⁵⁷
3286 3279 3300 3329 ;
3327 3266 3395 3317 ut
3414 3261 3553 3316 dum
3584 3259 3824 3333 praecedis

454 3348 586 3400 runt
613 3358 647 3398 a
677 3341 832 3397 nobis
858 3338 1031 3396 Nulla
1061 3341 1313 3398 societas
1341 3341 1475 3398 ﬂdei
1522 3347 1580 3399 et
1628 3344 1881 3417 perﬁdiae
1913 3349 2103 3418 potest

2213 3348 2284 3403 ad
2311 3347 2581 3419 gloriam,
2614 3347 2832 3404 multos
2861 3348 3064 3404 feceris
3095 3349 3294 3422 gloriae
3325 3351 3589 3418 comites,
3617 3353 3671 3405 et
3713 3365 3828 3405 con-

1891 3488 2099 3551 Varise
2131 3489 2450 3551 lectiones.

600 3589 969 3671 Hujusmodi,
994 3606 1128 3645 cum
1162 3590 1355 3671 sciens
1377 3594 1705 3671 peccat_NQ.
1729 3595 1782 3671 ξ.
1816 3595 1860 3671 ξιξ
1879 3595 2436 3671 Persemetipsum.
2471 3599 2665 3652 Benev.
2688 3598 2730 3634 ⁶¹
2795 3599 2854 3654 In
2880 3615 2977 3654 ore
3007 3615 3114 3655 suo
3158 3601 3358 3670 portat
3407 3614 3687 3671 perversa,
3717 3611 3824 3671 per-

457 3661 701 3741 ditionis
732 3679 860 3741 sua:
880 3661 1084 3741 ignem
1100 3661 1536 3741 condensgLam.
1569 3666 1703 3741 Boii.
1734 3667 1788 3718 2.
1815 3666 2115 3741 NQEbor.
2155 3661 2471 3741 1.0t2'c.l’ict.
2495 3671 2788 3740 Compend.
2830 3672 2889 3725 ln
2921 3688 3018 3726 ore
3041 3661 3382 3741 suo'portat
3409 3661 3642 3726 verbum
3672 3661 3830 3741 perdi-

457 3733 636 3815 tionis
667 3749 782 3815 sua:
814 3733 955 3815 Fab.
983 3733 1027 3815 5f
1053 3735 1152 3815 Sic
1170 3735 1483 3815 Pem._l_tod.
1589 3737 1979 3815 AVoss:_2_._NG.
2004 3742 2056 3792 2.
2092 3741 2215 3815 ιλῐηῖ
2251 3740 2380 3794 T/iu.
2415 3733 2636 3815 If‘oss._5r3'
2657 3745 2804 3815 Sunt
2829 3742 2922 3796 isti
2939 3743 3008 3797 ab
3026 3733 3283 3815 Ecclesia
3305 3743 3535 3815 profugi
3571 3733 3687 3798 Ver:
3717 3742 3826 3815 Ben.

454 3806 500 3887 ξι
530 3803 846 3887 {Apostolus
877 3805 1094 3887 Paulus
1125 3806 1278 3887 Lam.
1314 3807 1633 3887 Ebor.__N_§_.
1743 3809 1787 3887 εδ
1818 3808 1940 3864 Non
2002 3815 2113 3887 est,
2149 3812 2521 3887 adversarius
2551 3812 2762 3887 Christi
2795 3818 2915 3887 est_
2938 3816 3092 3869 Lam.
3141 3803 3562 3887 EborfBode.
3594 3815 3708 3887 Ling.
3737 3808 3825 3869 NC-

456 3878 520 3953 t_.
537 3877 579 3911 “
611 3877 752 3953 Q_uis
782 3892 894 3953 non
929 3877 987 3931 in
1018 3878 1170 3932 Pem.
1211 3879 1357 3934 Voss.
1387 3879 1442 3933 2.
1475 3879 1518 3914 ⁵⁷
1561 3880 1627 3934 Et
1659 3881 1904 3936 fratrum
1936 3881 2310 3938 confessione
2340 3883 2590 3939 crevisse
2621 3886 2771 3939 Lam.
2804 3884 2936 3942 Bod.
2966 3887 3022 3940 2.
3073 3886 3463 3942 consensione
3495 3886 3634 3942 Cotb.
3666 3884 3823 3953 Camp.

462 3947 593 4004 Thu.
625 3949 770 4004 Foss.
808 3949 947 4005 Vict.

1874 4051 2204 4138 Variqrum
2230 4057 2419 4113 notae.

459 4151 765 4226 lectionem
786 4155 933 4226 puto
963 4168 1092 4226 esse
1123 4151 1421 4209 meliorem
1451 4169 1520 4210 ea
1546 4171 1670 4226 quae
1702 4154 1880 4212 habet
1912 4156 2104 4214 detra-

457 4225 656 4280 ctionis
681 4225 752 4299 T.
785 4223 978 4299 Livius
1011 4223 1113 4279 lib.
1149 4241 1187 4279 ιι
1209 4240 1222 4279 :
1246 4227 1412 4299 [iteca
1438 4223 1657 4282 invidia
1680 4233 1776 4294 est,
1807 4245 1905 4283 nec
1952 4229 2104 4299 quid-

453 4312 631 4370 quam
667 4295 825 4351 aliud
867 4298 968 4350 scit
1013 4311 1179 4370 quam
1225 4296 1542 4353 detractare
1589 4300 1827 4370 virtutes,
1859 4295 2104 4355 corrum-

453 4367 580 4442 pere
595 4367 838 4442 [maeres
865 4383 929 4422 ac
957 4369 1200 4442 prininia
1229 4385 1444 4425 earum.
1481 4370 1686 4426 BALUZ.

531 4439 645 4512 (78)
704 4443 907 4512 Portat
937 4439 1313 4512 perditionem.
1362 4447 1492 4496 Duae
1568 4446 1708 4497 sunt
1763 4441 1936 4498 istius
1993 4441 2105 4498 loci

455 4509 736 4566 lectiones
761 4510 819 4564 in
851 4509 1018 4565 libris
1048 4511 1361 4567 veteribus.
1395 4512 1608 4567 Earum
1663 4529 1780 4568 una
1825 4513 1944 4569 haec
1975 4519 2100 4570 est:

457 4583 772 4663 Perversus,
804 4581 1015 4663 inquit,
1048 4583 1107 4636 in
1151 4599 1390 4663 ore__su_o
1433 4588 1616 4655 portat
1641 4585 2022 4663 perditionem,
2055 4596 2106 4642 et
2136 4599 2180 4663 D

458 4654 516 4728 in
543 4653 844 4728 labiissuis
882 4653 1064 4722 ignem
1093 4653 1445 4710 condit.Alia_
1465 4671 1598 4712 vero
1630 4653 1713 4712 sic
1741 4673 1754 4710 :
1789 4659 2101 4728 Perversus,

453 4723 666 4801 inquit,
701 4725 763 4778 in
809 4739 919 4801 ore
947 4740 1044 4780 suo
1076 4742 1341 4801 perversa
1382 4735 1590 4801 portat,
1611 4735 1680 4801 et
1701 4729 1760 4784 in
1782 4729 1946 4801 labiis
1974 4723 2100 4801 per;

455 4796 708 4872 ditionis_
731 4810 851 4852 suae
897 4798 1080 4872 ignem
1107 4797 1291 4872 gendit
1337 4796 1425 4872 vel
1484 4796 1736 4854 condens.
1785 4796 2106 4872 Utramque

459 4867 636 4944 habet
669 4866 1050 4924 Fossatensis.
1092 4868 1310 4944 Florus
1361 4868 1422 4922 in
1468 4886 1574 4944 suo
1621 4872 1816 4926 codice
1850 4866 2103 4944 legebat,

455 4941 639 5012 portat
666 4955 941 5010 perversa,
972 4939 1302 5012 perditionis
1341 4955 1459 4996 sua:
1505 4942 1691 5007 ignem
1728 4939 1980 4998 condens.
2013 4939 2106 4999 Sic

460 5010 636 5084 etiam
673 5012 848 5066 codex
888 5011 1214 5066 Beccensis.
1275 5010 1871 5084 Gratianopolitanus,
1925 5024 2108 5084 portat

451 5082 779 5154 perditionis
806 5097 924 5137 suae
943 5085 1154 5154 _ignem
1173 5084 1222 5135 et
1250 5083 1454 5154 condit.
1489 5082 1728 5138 ln’libro
1760 5082 2105 5142 Proverhio-

461 5171 586 5209 rum
621 5170 891 5226 capsxvx,
943 5151 1194 5226 legitur:
1252 5153 1344 5206 Vir
1391 5154 1597 5222 impius
1623 5154 1765 5226 fodit
1794 5158 2024 5226 malum,
2056 5166 2106 5214 et

463 5228 521 5281 in
544 5222 706 5280 labiis
721 5225 837 5294 ejus
867 5224 1012 5293 ignis
1030 5222 1282 5278 ardescit.
1317 5228 1522 5280 BALUZ.

528 5298 639 5370 (79)
674 5295 822 5370 Quod
846 5309 1188 5370 quanquam.
1235 5295 1359 5350 Non
1406 5296 1840 5370 satisiintelligo
1872 5298 2011 5370 quid
2044 5299 2103 5355 in

460 5366 570 5423 hoc
592 5367 716 5439 loco
751 5366 919 5420 faciat
947 5367 1294 5439 vocabulum
1326 5369 1486 5439 quod.
1531 5366 1829 5424 Manutius
1861 5366 2101 5436 addidit,

460 5438 754 5512 Morellius
798 5437 1101 5512 expunxit,
1142 5437 1431 5512 Pamelius
1461 5442 1761 5512 reposuit.
1801 5443 1926 5498 Scio
1955 5441 2103 5498 illud

456 5509 698 5581 reperiri
727 5507 785 5562 in
819 5525 1020 5581 novem
1044 5509 1210 5565 libris
1240 5507 1562 5568 veteribus:
1599 5513 1705 5568 Sed
1737 5514 2104 5570 (lesideratur

460 5579 818 5653 in‘omnibus
849 5579 999 5636 aliis.
1034 5581 1151 5653 Ego
1183 5581 1452 5639 lubenter
1482 5584 1624 5639 illud
1669 5585 1942 5641 delerem.
1975 5587 2099 5641 Non

461 5652 623 5735 video
656 5653 811 5708 enim
844 5668 976 5736 cum
1008 5652 1422 5738 quovocabulo
1453 5655 1632 5725 hujus
1663 5658 1880 5738 periodi
1916 5658 2101 5738 possit

448 5725 656 5806 jungi,
681 5741 794 5796 quo
811 5724 1108 5806 reapiciat.
1136 5726 1229 5780 Sic
1253 5724 1638 5806 Hieronymus
1663 5724 1724 5806 in
1749 5724 2004 5806 Epistula

462 5794 758 5869 Algasiain
789 5796 856 5854 de
896 5794 1150 5853 undecim
1171 5794 1565 5869 quastionibus
1588 5800 1723 5856 Novi
1754 5794 2094 5872 Téstamenti,
2148 5814 2156 5822 '

2215 4175 2348 4233 cap.
2381 4159 2468 4233 1_0,
2501 4159 2758 4215 referens
2791 4159 2984 4216 locum
3010 4177 3078 4217 ex
3100 4162 3292 4233 capite
3317 4167 3380 4216 ni
3403 4158 3660 4233 Epistolis
3687 4153 3826 4233 Pauli

2215 4230 2288 4285 ad
2319 4229 2714 4298 Colossenses,
2747 4249 2866 4302 quae
2896 4242 3024 4289 sunt
3052 4229 3275 4296 QUIISEM
3307 4229 3580 4289 rationem
3609 4229 3828 4286 habentia

2214 4303 2521 4376 sapientiae,
2558 4303 2674 4376 ait;
2719 4305 2824 4358 Hoc
2870 4305 2984 4360 loco
3034 4303 3270 4376 quidem
3323 4304 3630 4375 conjunctia
3665 4315 3826 4376 super-

2213 4369 2328 4447 ﬂua
2369 4369 2676 4447 est,g'quod
2734 4377 2793 4430 in
2858 4369 3134 4447 plerisq'ue
3185 4377 3324 4431 locis
3363 4369 3585 4447 propter
3637 4369 3827 4447 imperi-

2215 4446 2348 4570 gam
2380 4446 2527 4500 artis
2557 4449 2932 4516 grammatica:
2971 4445 3289 4517 Apostolum
3317 4445 3514 4519 fecisse
3542 4445 3826 4517 reperimus.

2264 4532 2420 4570 scuz.

2264 4532 2420 4571 ALUZ.

2283 4587 2397 4658 (80)
2431 4587 2735 4671 Mu-nitam.‘
2760 4589 2843 4669 Ita
2890 4588 3176 4671 scrip-tum
3208 4594 3300 4671 est
3329 4589 3391 4671 in
3423 4589 3673 4671 quinque
3697 4583 3827 4671 codi-

2214 4655 2387 4733 cibus
2412 4659 2744 4733 nostriset
2803 4661 2859 4733 in
2921 4655 3172 4733 quatuor
3217 4655 3503 4733 Anglicis,
3534 4655 3652 4733 tuin
3680 4655 3823 4733 etiam

2212 4729 2271 4783 in
2305 4731 2561 4804 antiquis
2592 4729 2967 4789 editionibus.
3021 4729 3550 4804 Manutius'posuit
3577 4729 3824 4804 Monitum;

2215 4798 2507 4877 Morellius
2539 4804 2824 4877 revocavit
2852 4809 3100 4859 veterem
3135 4798 3464 4877 lectionem.
3491 4799 3759 4877 Pamelius
3780 4798 3826 4877 et

2215 4874 2407 4949 caeteri
2468 4873 2804 4949 maluerunt
2861 4877 3146 4949 monitum.
3208 4875 3344 4938 Quae
3390 4874 3588 4949 lectio,
3619 4887 3683 4927 ne
3707 4865 3825 4949 quid

2216 4944 2926 5070 gissimulemmabeturin
2945 4953 3163 5020 septem
3178 4945 3608 5020 exemplaribus
3621 4944 3824 5000 nostris.

2263 5033 2423 5070 ALUZ.

2263 5033 2423 5070 ALUZ.

2286 5089 2340 5155 (8
2352 5088 2366 5142 t
2378 5092 2398 5156 )
2410 5090 2599 5144 Frater
2608 5087 3199 5146 charissime.Multum
3216 5105 3276 5144 se
3289 5087 3386 5144 hic
3405 5080 3824 5156 frustratorquol

2215 5157 2265 5213 is
2297 5154 2396 5231 qui
2425 5165 2591 5215 notas
2646 5161 2858 5231 adjecit
2887 5161 2958 5215 ad
2991 5159 3304 5215 editionem
3366 5159 3743 5231 Manutianup
3771 5154 3824 5206 ut

2216 5223 2441 5305 molliat
2471 5223 3048 5305 asperitatemquam
3083 5231 3191 5286 sibi
3224 5231 3389 5287 visus
3419 5235 3506 5286 est
3533 5223 3820 5305 depretiant

2214 5301 2371 5357 disse
2395 5293 2577 5379 inullis
2600 5303 2868 5376 Cypriani
2895 5293 3436 5379 verbis,_tamquam
3464 5317 3537 5379 ex
3561 5293 3628 5356 iis
3655 5293 3821 5379 collisi

2215 5379 2410 5446 posset
2445 5374 2610 5429 illum
2645 5372 2756 5430 non
2791 5375 3057 5446 posuisse
3102 5372 3419 5429 discrimen
3451 5372 3821 5446 inter_episco-

2214 5441 2352 5515 pum
2388 5445 2711 5501 Romanum
2737 5441 3073 5502 et'cazteros.
3101 5446 3159 5500 Si
3193 5449 3425 5501 notator
3446 5443 3540 5498 ille
3563 5441 3632 5516 ad
3657 5447 3818 5516 more;

2213 5505 2469 5588 ictorum
2503 5523 2831 5588 temporum
2865 5517 3230 5588 respexisset,
3265 5517 3435 5573 facile
3466 5532 3525 5573 se
3554 5514 3623 5570 ab
3649 5527 3711 5567 ea
3731 5505 3820 5588 dif-

2211 5586 2467 5660 ficultate
2496 5581 2918 5659 explicavisset.
2949 5581 3092 5645 Vide
3123 5581 3248 5660 quin
3279 5589 3351 5644 de
3382 5588 3489 5644 hoc
3511 5581 3816 5660 argumqlgﬁo

2207 5647 2622 5783 gictaanobis
2679 5668 2818 5717 sunt
2871 5661 2941 5718 ad
3003 5647 3319 5733 Epistolam
3379 5676 3489 5726 xu,
3545 5647 3814 5732 1:33.429.

2255 5747 2417 5783 ALUZ.

2255 5747 2417 5785 ALUZ.

2279 5802 2388 5874 (82)
2421 5802 2787 5876 Confessione,
2837 5807 2898 5860 at
2954 5802 3246 5874 Baluzius,
3305 5802 3663 5862 consensione.
3689 5795 3811 5854 Cum
