4102 6180
211 315 322 375 861

1705 313 2134 377 EPISTOLE.

3510 309 3626 372 862

208 449 416 504 cordia:
466 445 668 514 hostis,
714 446 1053 504 interfector
1117 447 1470 519 pmnitenliae
1532 446 1600 516 ⁷³,
1649 445 1853 502 doctor
1881 463 1936 523 Α
1966 446 2233 503 videmus
2264 445 2334 503 de
2366 445 2606 520 paciﬁca
2646 447 2703 501 ct
2733 443 2930 501 divina
2959 445 3130 500 domo
3164 444 3357 498 furore
3397 441 3588 496 discor
3610 429 3633 440 ’

210 536 518 608 superbiae,
551 535 810 591 veritatis
824 540 1149 608 corruptor,
1177 535 1432 608 perditor
1456 534 1756 591 charitatis
1776 535 1863 590 υτ

210 625 625 697 Agnoscitne“
652 624 776 694 jam
827 624 926 696 qui
988 624 1068 678 sit
1111 625 1384 679 sacerdos
1429 622 1548 690 Dei,
1597 639 1728 695 qua)
1784 624 1864 679 sit

209 713 471 770 Ecclesiae
496 718 553 768 et
583 713 794 768 domus
825 713 1059 785 Christi,
1093 713 1193 786 qui
1215 713 1336 768 sint
1374 713 1471 768 Dei
1523 713 1670 769 servi
1713 729 1861 785 quos

206 801 476 858 diabolus
502 802 755 868 infestet,
780 801 1010 874 quisint
1042 802 1353 857 Christiani
1383 819 1530 873 quos
1565 801 1858 857 Antichri-

205 896 335 948 stus
389 891 741 964 impugnet?
787 891 985 963 Neque
1047 891 1198 947 enim
1258 890 1466 962 quaerit
1531 890 1661 945 illos
1714 907 1860 962 quos

197 981 324 1052 jam
371 981 623 1052 subegit,
671 985 772 1034 aut
817 979 990 1052 gestit
1041 985 1292 1036 evertere
1351 996 1499 1051 quos
1545 981 1670 1048 jam
1720 996 1860 1036 suos

204 1071 359 1125 fecit.
398 1071 678 1124 Inimicus
707 1075 765 1124 et
797 1070 982 1124 hostis
1027 1068 1291 1124 Ecclesiae
1325 1085 1468 1138 quos
1523 1068 1796 1124 alienavit
1814 1069 1859 1105 ⁷⁸

202 1160 279 1213 ab
326 1157 595 1214 Ecclesiae
659 1163 716 1213 et
760 1159 914 1213 foras
962 1158 1148 1230 duxit,
1182 1162 1246 1213 ut
1276 1161 1533 1230 captivos
1564 1161 1620 1211 et
1648 1157 1692 1192 ⁷⁸
1734 1157 1856 1214 vin-

203 1251 332 1302 ctos
364 1248 477 1319 (95)
507 1248 847 1317 contemnit,
882 1251 941 1302 et
972 1247 1224 1318 praeterit
1257 1263 1376 1314 eos,
1408 1251 1465 1302 et
1513 1246 1662 1304 835
1728 1263 1856 1319 per-

201 1336 290 1410 git
318 1335 626 1406 lacessere,
659 1336 717 1390 in
749 1335 966 1408 quibus
997 1335 1292 1392 Christum
1344 1336 1529 1391 cernit
1568 1335 1852 1392 habitare.

278 1425 371 1482 IV.
395 1424 738 1496 Quanquam
764 1428 820 1480 et
850 1424 898 1480 si
923 1423 1138 1498 aliquis
1169 1441 1237 1480 ex
1267 1425 1488 1480 talibus
1528 1424 1703 1480 fuerit
1750 1441 1856 1497 ap-

203 1513 555 1587 prehensus,
589 1530 704 1570 non
734 1516 822 1570 est
851 1513 1004 1586 quod
1039 1513 1150 1570 sibi
1183 1513 1351 1586 quasi
1383 1513 1441 1569 in
1490 1513 1856 1570 confessione

201 1603 464 1660 nominis
485 1604 528 1638 7"
556 1601 669 1676 (96)
701 1602 1072 1658 blandiatur:
1108 1619 1242 1658 cum
1275 1606 1522 1675 constet,
1574 1603 1623 1658 si
1678 1603 1853 1659 occisi

199 1693 492 1765 ejusmodi
542 1698 704 1748 extra
766 1691 1079 1748 Ecclesium
1133 1692 1368 1761 fuerint,
1414 1692 1545 1747 ﬁdei
1577 1709 1852 1749 coronam

199 1799 320 1838 non
351 1798 500 1851 esse,
543 1781 643 1837 sed
677 1797 908 1854 pmnam
934 1780 1130 1852 potius
1153 1795 1280 1837 esse
1311 1781 1565 1852 perﬁdiae
1593 1799 1606 1850 ;
1632 1797 1736 1837 nec
1791 1780 1851 1836 in

196 1871 376 1928 domo
407 1870 505 1927 Dei
538 1871 690 1926 inter
718 1871 1028 1927 unanimes
1085 1870 1451 1926 habitaturos
1500 1887 1648 1940 esse,
1709 1887 1858 1942 quos

1971 535 2078 589 diae
2114 535 2445 592 recessisse.

2039 624 2107 678 V.
2142 624 2454 681 Hortamur
2494 624 2686 697 plane,
2728 629 3014 695 quantum
3065 637 3400 693 possumus,
3452 619 3625 674 l‘rater

1969 713 2332 781 charissima,
2364 731 2465 786 pro
2499 712 2782 768 charitate
2807 718 3011 766 mutua
3043 731 3156 783 qua
3187 711 3350 764 nobis
3379 709 3624 763 invicem

1968 802 2345 869 cohaeremus,
2399 807 2461 858 ut
2494 803 2767 874 quoniam
2814 802 3172 873 providentia
3227 799 3452 854 Domini
3501 815 3624 853 mo-

1969 893 2160 947 nentis
2199 893 2352 948 836
2401 891 2772 956 instruimur,
2837 898 2892 945 et
2952 892 3158 944 divina".
3215 887 3622 943 misericordiae

1968 980 2226 1036 consiliis
2249 980 2585 1036 salubribus
2610 980 2997 1034 admonemur
3020 978 3486 1050 appropinquare
3509 976 3624 1046 (97)

1958 1070 2082 1140 jam
2117 1069 2456 1125 certaminis
2488 1074 2544 1125 et
2574 1069 2779 1141 agouis
2812 1068 2991 1123 nostri
3031 1068 3182 1121 diem
3234 1067 3297 1132 ⁷⁸,
3355 1065 3620 1136 jejuniis,

1966 1156 2200 1230 vigiliis,
2239 1157 2605 1214 orationibus
2638 1157 2905 1213 insistere
2963 1174 3093 1210 cum
3130 1154 3284 1210 omni
3312 1155 3474 1226 plebe
3507 1171 3622 1208 non

1964 1246 2327 1312 desinamus,
2362 1247 2777 1302 Incumbamus
2809 1246 3125 1317 gemitibus
3157 1245 3413 1299 assiduis
3437 1247 3493 1297 et
3518 1242 3620 1297 de-

1964 1336 2400 1408 precationibus
2427 1336 2666 1392 crebris.
2692 1336 2820 1390 Haec
2861 1340 2997 1389 sunt
3030 1335 3182 1388 enim
3247 1334 3413 1388 nobis
3461 1348 3623 1386 artua

1964 1423 2241 1494 ccslestia,
2276 1441 2403 1497 quae
2435 1430 2588 1481 stare
2618 1430 2675 1481 et
2707 1441 3074 1497 perseverare
3111 1424 3333 1478 fortiter
3365 1421 3617 1477 faciunt:

1963 1513 2084 1569 haec
2115 1518 2251 1570 sunt
2279 1514 2647 1571 numimenta
2686 1514 2974 1585 spiritalia
3007 1518 3058 1568 et
3092 1513 3204 1567 tela
3238 1511 3452 1576 divina,
3497 1527 3622 1581 quae

1961 1607 2294 1674 protegunt.
2331 1604 2615 1659 Memores
2649 1603 2828 1659 nostri
2857 1603 3105 1657 invicem
3144 1603 3350 1668 simus,
3382 1616 3619 1654 concor-

1961 1693 2064 1748 des
2095 1696 2269 1763 atque
2300 1693 2630 1763 unanimes,
2664 1692 2973 1763 utrobique
3018 1710 3117 1763 pro
3185 1692 3351 1746 nobis
3391 1706 3623 1761 semper

1963 1797 2218 1849 oremus,
2273 1799 2581 1853 pressurae
2624 1785 2682 1837 et
2724 1783 3026 1853 angustias
3086 1786 3288 1834 mutua
3337 1779 3620 1834 charitats

1967 1868 2310 1928 relevemus.
2343 1870 2478 1927 Etsi
2511 1870 2644 1943 quis
2672 1871 2718 1906 π
2773 1870 2946 1926 istinc
2983 1876 3246 1925 nostrum
3303 1868 3458 1940 prior
3506 1856 3617 1939 (98)

1641 1969 1844 2031 Variae
1873 1968 2192 2030 lectiones.

272 2064 319 2098 ⁷³
346 2063 700 2134 Interceptor
731 2062 1082 2134 paenitentia:
1111 2064 1234 2118 Lin.
1256 2063 1302 2098 ⁷³
1328 2064 1598 2120 Proditor
1627 2063 1931 2119 charitatis
1963 2065 2089 2119 Lin.
2133 2063 2398 2120 Perditor
2417 2063 2705 2119 castitatis
2735 2063 2844 2119 ΝΟ.
2902 2064 2950 2118 ιΙ.
2984 2069 3133 2118 Pem.
3171 2065 3320 2117 Lam.
3356 2060 3484 2117 Bod.
3511 2061 3629 2115 2.”

193 2135 485 2200 Agnoscis
508 2151 576 2188 ne
604 2134 732 2189 Bod.
759 2135 812 2189 3.
841 2135 886 2168 ’³⁵
906 2138 1060 2200 Quos
1093 2134 1441 2190 abalienavit
1470 2137 1624 2192 Lam.
1650 2135 1780 2191 Bod.
1802 2138 1857 2190 2.
1882 2135 1927 2169 7°
1961 2135 2159 2190 Victos
2192 2137 2319 2190 Thu.
2357 2138 2501 2191 Foss.
2544 2138 2676 2191 Vici.
2735 2137 2778 2169 ⁷⁷
2811 2135 3205 2190 Conl'essionis
3240 2135 3474 2188 nomine
3504 2134 3626 2188 Lin.

195 2151 242 2190 Α
287 2151 485 2190 noscis
508 2151 576 2188 ne
604 2151 732 2189 uoa.
759 2151 812 2189 δ.
849 2151 1060 2200 "quos
1093 2151 1441 2190 ananenam
1470 2151 1624 2192 Lam.
1650 2151 1857 2191 uou.z.
1889 2151 1927 2169 ιο
1969 2151 2159 2190 Victos
2199 2151 2319 2190 mu.
2357 2151 2501 2191 [τοδε.
2546 2151 2676 2191 νεα.
2743 2151 2775 2169 ιι
2811 2151 3205 2190 ueniessioms
3240 2151 3474 2188 nomine
3504 2151 3626 2188 Lm.

195 2151 308 2263 ΝΞ.
343 2207 396 2260 2.
420 2207 464 2240 ⁷⁸
490 2205 1006 2277 Appropinquante
1022 2207 1146 2274 jam
1179 2206 1515 2261 certaminis
1549 2212 1605 2261 et
1635 2206 1842 2277 agonis
1873 2207 2056 2261 nostri
2089 2207 2185 2261 die
2209 2207 2339 2262 Bod.
2376 2209 2432 2261 2.
2471 2207 2627 2262 Ebor.
2663 2207 2784 2262 Lin.
2839 2208 2941 2260 ΝΟ.
2982 2208 3026 2260 1.
3063 2208 3181 2260 Illic.
3243 2208 3286 2240 7°
3319 2208 3383 2260 Et
3414 2206 3460 2260 si
3494 2205 3627 2276 quis

194 2280 356 2334 Pem.
392 2278 563 2333 Ebor.
583 2278 746 2334 Lam.
796 2279 921 2332 Lin.
957 2277 1062 2333 ΝΟ.
1101 2279 1149 2333 1.
1183 2279 1238 2332 2.
1271 2279 1403 2334 Bod.
1437 2279 1566 2349 4,2,
1599 2281 1652 2334 3.
1673 2277 1731 2334 Si
1757 2278 1892 2350 quis
1912 2278 2050 2334 hinc
2082 2281 2232 2334 Foss.

1632 2379 1962 2440 Variorum
1997 2384 2186 2439 notae.

199 2475 306 2530 diu
352 2474 465 2529 fuit
513 2473 844 2546 apostolicae
862 2475 1032 2530 Sedis
1056 2473 1285 2543 tersius
1308 2475 1364 2530 in
1390 2475 1597 2546 Gallia,
1634 2479 1874 2530 vocatur

197 2549 295 2603 vir
317 2547 562 2616 geminae
580 2548 821 2601 scientia:
851 2555 900 2601 et
931 2548 988 2600 in
1021 2548 1240 2602 Litteris
1275 2550 1448 2602 sacris
1495 2563 1610 2602 non
1659 2547 1870 2602 medio-

211 2619 392 2674 criter
418 2618 683 2673 eruditus.
710 2618 868 2672 Adde
901 2617 1294 2690 Maginoldum
1318 2619 1870 2690 antipapam,quem

214 2690 582 2762 Sigebertus,
615 2690 686 2744 ad
721 2706 938 2744 annum
975 2690 1136 2762 tl05,
1173 2689 1254 2762 ait
1285 2689 1466 2745 fuisse
1515 2707 1580 2762 in
1640 2693 1873 2760 utraque

215 2761 453 2844 scient-ia
511 2762 774 2844 apprime
850 2761 1189 2844 eruditum.‘
1224 2761 1329 2844 Pe‘r
1375 2761 1666 2844 geminam
1698 2777 1871 2844 “ergo

213 2833 524 2904 scientiam
558 2831 969 2904 intelligendas
999 2848 1127 2904 esse
1150 2831 1502 2904 theologiam
1526 2838 1583 2887 et
1613 2831 1869 2904 philoso-

209 2903 418 2972 phiam
453 2903 617 2958 docet
659 2902 770 2957 hic'
802 2903 965 2958 locus
1004 2919 1072 2957 ex
1112 2902 1429 2958 Memoriali
1480 2902 1867 2960 Historiarum

201 2974 456 3031 Joannis
529 2975 913 3030 Parisieusis:
974 2973 1164 3030 Simon
1227 2975 1292 3029 de
1364 2973 1636 3032 Belloloco
1687 2976 1870 3030 archi-

280 3049 492 3117 iscopus
576 3047 956 3118 Bituricensis,
1019 3047 1116 3117 qui
1185 3047 1370 3117 factus
1432 3054 1510 3102 est
1591 3048 1871 3118 episcopus

264 3118 615 3174 radestinus.
673 3117 782 3172 Cui
834 3119 1092 3189 successit
1145 3119 1203 3173 in
1266 3117 1666 3174 Biturieensem
1747 3120 1869 3189 pri-

204 3195 425 3245 matum
469 3191 648 3262 frater
672 3189 943 3262 AEgidtus,
999 3187 1179 3244 doctor
1207 3191 1493 3262 egregius
1544 3192 1606 3262 in
1661 3187 1866 3262 theolo-

199 3262 304 3333 gia
363 3269 414 3315 et
493 3259 861 3331 philosophia,
892 3262 1142 3333 natione
1196 3259 1492 3326 Romanus,
1561 3261 1629 3316 de
1675 3260 1871 3317 ordine

198 3331 592 3388 Eremitarum
633 3334 808 3386 sancti
863 3331 1188 3402 Augustini;
1217 3333 1314 3402 qui
1364 3333 1582 3402 gemina
1634 3335 1868 3389 scientia

197 3404 587 3476 efﬁcacissime
616 3403 820 3472 clarus,
848 3403 1098 3476 plurima
1153 3403 1438 3476 uolumina
1491 3404 1780 3476 subtiliter,
1813 3411 1868 3460 ct

198 3474 344 3531 satis
374 3475 617 3546 feliciter
643 3477 962 3546 composuit.
988 3474 1182 3546 ,Aliud
1219 3491 1452 3530 rursum
1495 3481 1586 3531 est
1632 3475 1866 3546 gemina

1979 2477 2192 2544 poterit.
2245 2475 2312 2529 Et
2370 2473 2481 2527 sub
2530 2473 2704 2527 ﬁnem
2773 2473 3034 2544 ejusdem
3086 2473 3388 2544 Epistolis:
3427 2473 3634 2529 Christi

1979 2547 2278 2601 Ecclesium
2304 2545 2652 2616 dissipantes,
2683 2561 2782 2600 nec
2808 2549 2860 2599 si
2913 2548 3072 2599 occisi
3101 2563 3199 2613 pro
3224 2563 3440 2600 somnne
3496 2546 3635 2614 foris

1977 2619 2204 2689 fuerint,
2239 2617 2462 2672 admitti
2487 2617 2786 2689 secundum
2813 2618 3117 2689 Apostolum
3150 2622 3371 2686 possunt
3406 2616 3474 2670 ad
3533 2618 3630 2670 Ec-

1979 2688 2162 2746 Clesia?
2206 2705 2390 2757 pacem
2417 2688 2632 2759 quando
2682 2705 2776 2743 nec
2815 2688 3054 2756 Spiritus
3111 2705 3205 2741 nec
3266 2690 3510 2742 Ecclesiae
3560 2692 3633 2740 te.

1979 2764 2224 2815 nuerunt
2252 2761 2546 2825 unitatem,
2603 2759 2825 2814 Rursus
2875 2778 3071 2829 supra,
3124 2761 3302 2829 Epist.
3340 2776 3412 2826 χι,
3467 2777 3522 2811 n.
3574 2760 3630 2824 2,

1981 2833 2049 2887 ad
2085 2830 2416 2887 Cornelium
2471 2830 2706 2885 scribit:
2759 2831 3036 2898 Quomodo
3080 2831 3330 2884 decumus
3370 2835 3463 2884 aut
3509 2845 3631 2898 pro-

1980 2919 2232 2958 vocamus
2263 2918 2349 2957 603
2372 2919 2426 2956 ιη
2457 2918 2832 2956 CONFESSIONE
2855 2919 3092 2955 NOMINIS
3116 2919 3443 2966 sanguinem
3473 2917 3633 2954 suum

1976 2974 2207 3046 fundere
2235 2977 2259 3026 .9
2290 2979 2346 3028 et
2376 2989 2539 3028 num.
2574 2975 2605 3027 4
2632 2990 2644 3027 :
2674 2973 2895 3041 Quando
2934 2978 3114 3027 autem
3144 2974 3285 3026 dicat
3322 2975 3386 3046 in
3411 2973 3632 3046 traditis

1978 3044 2141 3116 atque
2181 3047 2238 3100 in
2301 3060 2674 3100 courassmue
2725 3061 2963 3099 noramus
3007 3047 3315 3100 constitutis
3361 3044 3632 3115 Spiritum

1989 3120 2162 3190 loqui,
2196 3120 2308 3171 etc.
2339 3118 2658 3172 Cous'rau'r.

2047 3186 2160 3259 (97)
2191 3190 2637 3258 Appropinquare
2684 3186 2870 3241 Codex
2930 3186 3308 3259 Michaelinus
3375 3192 3430 3240 et
3486 3186 3631 3241 Gra-

1978 3257 2434 3331 tianopolitanus
2477 3257 2537 3312 et
2597 3265 2849 3330 quatuor
2894 3257 3115 3326 Anglici
3170 3259 3385 3312 habent
3424 3274 3630 3331 appro-

1975 3329 2783 3404 pinqu'autcjam_cgrtaminis
2830 3336 2880 3384 et
2941 3331 3136 3404 agonis
3193 3332 3355 3404 vestri
3400 3329 3506 3404 die.
3540 3329 3633 3384 Sic

1977 3400 2152 3460 etiam
2184 3400 2361 3456 editio
2392 3401 2730 3458 Morelliana
2760 3405 2816 3455 et
2856 3402 3030 3455 codex
3065 3400 3383 3454 Beccensis.
3428 3402 3626 3454 BALUZ.

2049 3475 2163 3546 (68)
2199 3479 2261 3530 Et
2293 3476 2342 3529 si
2372 3476 2495 3546 quis
2524 3474 2655 3527 hinc
2685 3477 2928 3546 nostrum
2981 3474 3157 3541 prior,
3220 3477 3338 3546 etc.
3375 3472 3534 3526 Patet
3564 3488 3633 3526 ex

198 3543 545 3617 scicntiain
578 3543 837 3617 Epistula
867 3545 1222 3601 dedicatoria
1267 3548 1376 3603 Viae
1409 3543 1662 3603 Paradisi
1687 3547 1865 3603 Joan-
1897 3544 1940 3610 C
1979 3543 2242 3602 hoc10co
2312 3543 2663 3616 Cyprianum
2723 3544 2977 3617 sensisse
3017 3550 3073 3597 et
3127 3543 3452 3617 credidisse
3501 3559 3633 3597 san-

201 3618 306 3674 nis
338 3615 591 3683 Raulini,
623 3615 680 3672 et
711 3620 769 3674 in
817 3617 1076 3683 Epistola
1116 3617 1469 3674 dedicatoria
1526 3618 1864 3674 Doctrinalis

198 3691 408 3745 mortis
435 3688 697 3756 ejusdem
732 3688 983 3754 Raulini,
1032 3693 1279 3756 utraque
1327 3688 1520 3744 dicata
1566 3689 1862 3745 consultis-

196 3763 352 3817 sima
381 3761 498 3814 viro
540 3763 801 3832 magistro
846 3762 1058 3832 Joanni
1086 3761 1152 3815 de
1181 3761 1338 3832 Bonyg
1373 3761 1593 3832 jurium
1637 3765 1864 3831 gemina

195 3833 444 3887 scientia
473 3831 938 3888 excellentissimo
987 3831 1212 3887 doctori.
1243 3831 1381 3886 Istic
1433 3832 1589 3886 enim
1631 3833 1867 3902 gemina

195 3902 456 4029 scientiisa
484 3902 776 3973 signiﬁcat
806 3902 974 3958 illum
1004 3903 1185 3958 fuisse
1213 3903 1511 3960 doctorem
1533 3903 1592 3958 in
1617 3909 1864 3975 utroque

195 3991 360 4029 Iure.
439 3991 599 4029 ALUZ.

228 3992 360 4031 0P0.
395 3991 599 4029 DALUZ.

181 3991 360 4048 Jure.
395 3991 599 4029 mwz.

272 4046 389 4115 (95)
429 4047 660 4100 Vinctos.
722 4044 786 4100 In
834 4048 1101 4117 quatuor,
1137 4061 1280 4101 mss.
1331 4046 1519 4101 victos.
1571 4043 1864 4117 Rigaltius

189 4134 269 4173 ex
300 4117 398 4173 his
431 4117 658 4172 ostendi
707 4117 992 4186 observat,
1057 4116 1442 4172 Novatianum
1490 4116 1782 4171 immerito
1831 4132 1866 4170 a

187 4189 332 4270 suis
382 4196 782 4270 prqmartxre
829 4187 1118 4270 habitum.
1162 4189 1310 4270 llinc
1355 4192 1510 4270 certe
1550 4189 1859 4270 probatur,

188 4258 654 4332 schismaiicum
682 4258 847 4332 illum
884 4258 1030 4332 nihil
1063 4258 1338 4315 molestia:
1372 4258 1704 4332 pertulisse,
1729 4275 1863 4316 cum

190 4331 414 4388 Gallus
447 4332 724 4387 adversus
749 4330 1079 4386 Cornelium
1099 4336 1157 4386 et
1187 4347 1344 4386 sanie
1367 4330 1646 4386 doctrina-
1675 4337 1862 4386 secta-

194 4407 366 4458 tores
415 4401 649 4457 fureret.
700 4405 813 4457 Cur
858 4419 988 4457 vero
1039 4403 1117 4457 ita
1178 4419 1308 4456 cum
1362 4403 1461 4457 illo
1512 4408 1706 4458 actum
1764 4402 1861 4469 sit,

193 4474 372 4529 valde
401 4473 606 4529 subtili
636 4474 856 4529 ratione
882 4473 1223 4545 Cyprianus
1253 4474 1506 4545 exponit.
1537 4475 1691 4530 Unde
1748 4490 1864 4530 non

194 4545 348 4602 sinit
375 4545 463 4600 vir
493 4552 752 4614 sanctus,
784 4550 847 4600 ut
878 4543 1298 4600 inturbulento
1325 4543 1608 4617 tempore
1655 4545 1864 4617 verita-

198 4621 327 4699 tem
361 4619 435 4671 ab
465 4633 532 4671 ea
571 4621 732 4689 parte
763 4621 917 4699 stare
948 4617 1302 4699 iudicemus,
1357 4616 1486 4688 quaé
1512 4616 1864 4699 persecutio-

194 4689 320 4752 nis.
378 4688 609 4760 expers,
641 4704 777 4758 pace
826 4688 1132 4760 frueretur.
1167 4688 1275 4743 Sed
1317 4705 1389 4744 ne
1427 4688 1560 4759 quis
1607 4689 1864 4760 perﬁdus

196 4761 344 4817 inde
387 4759 498 4814 sibi
559 4759 914 4826 blandiatur,
959 4759 1113 4831 quod
1167 4759 1624 4831 persecutionem
1686 4760 1864 4816 susti-

193 4837 362 4896 neat,
396 4831 862 4886 hancinterdum
895 4829 1147 4902 perﬁdiae
1169 4829 1427 4902 ‘pmnam
1487 4832 1711 4887 censeri
1770 4831 1866 4888 de-

193 4905 339 4960 bere
388 4902 588 4957 statim
643 4903 829 4957 docet.
882 4905 1197 4957 COUSTANT.

187 4974 462 5056 bendum
491 4990 620 5056 esse
661 4972 988 5056 existimavi
1048 4989 1150 5056 pro
1201 4989 1267 5030 eo
1311 4976 1464 5045 quod
1518 4975 1867 5056 posteriores

188 5045 490 5116 editiones
525 5044 738 5100 habent
787 5047 1006 5100 vinctos.
1072 5044 1240 5112 Nam,
1310 5044 1578 5116 quamvis
1615 5051 1862 5116 utraque

188 5064 490 5102 editiones
525 5064 738 5100 nauem
787 5064 1006 5100 vmcws.
1073 5064 1240 5112 nam,
1352 5064 1578 5102 uamws
1615 5064 1862 5116 utraque

184 5116 372 5172 lectio
406 5115 708 5194 bonasit,
763 5117 1040 5194 standum
1091 5133 1220 5194 esse
1257 5064 1486 5172 videtur
1532 5116 1862 5194 auctoritati

185 5193 466 5260 veterum
491 5187 818 5260 editionum
839 5194 890 5241 et
916 5188 1123 5260 decem,
1139 5192 1393 5260 veterum
1418 5188 1858 5260 exemplarium.

189 5259 285 5316 Ita
319 5259 494 5314 etiam
523 5259 699 5314 habet
728 5259 906 5313 editio
927 5257 1304 5313 Morelliania.
1341 5259 1548 5313 BALUZ.

268 5332 392 5400 (96)
447 5331 793 5402 Confessione
841 5332 1103 5402 nominis.
1157 5330 1278 5385 Duo
1333 5347 1472 5386 mss.
1516 5333 1764 5402 August.
1799 5331 1860 5384 in

185 5400 566 5470 confessionis
595 5401 836 5456 nomine.
876 5400 1265 5456 Rctinendum
1297 5403 1355 5456 in
1387 5401 1724 5472 confessione
1755 5417 1861 5456 no-

187 5475 394 5540 minis,
445 5472 735 5528 subaudia
783 5489 918 5544 voce
979 5474 1224 5538 Domini,
1301 5491 1474 5539 quam
1535 5472 1859 5544 Cyprianus

191 5545 442 5600 reticere
473 5545 639 5599 solet.
668 5544 753 5598 Ita
781 5543 958 5614 Epist.
996 5561 1088 5603 LII.
1122 5561 1224 5599 seu
1285 5561 1369 5607 Lv,
1411 5544 1483 5599 ad
1535 5543 1857 5614 Antoniam,

194 5622 336 5688 post
364 5617 520 5672 med.
550 5633 562 5671 :
589 5616 704 5671 Etsi
717 5618 943 5682 occisus,
965 5615 1176 5684 inquit,
1200 5632 1453 5670 rnop'rea
1475 5631 1689 5679 nomen,
1713 5623 1858 5688 post;

191 5685 425 5743 inodum
490 5689 668 5758 fuerit
729 5695 891 5743 extra
941 5689 1244 5744 Ecclesium
1297 5689 1642 5752 constitutus,
1690 5685 1740 5742 et
1792 5685 1860 5741 ab

197 5760 419 5817 unitate
442 5763 607 5832 atque
636 5758 908 5818 charitate
933 5758 1148 5818 divisus
1175 5762 1431 5817 coronari
1459 5759 1519 5814 in
1547 5761 1720 5816 morte
1747 5773 1861 5815 non

1979 3623 2105 3674 ctos
2143 3617 2316 3672 etiam
2351 3614 2655 3671 defunctos
2689 3632 2788 3686 pro
2820 3615 2961 3668 vivis
2995 3632 3177 3678 orare,
3231 3617 3378 3685 quod
3437 3614 3633 3684 ipsum

1979 3689 2079 3745 sed
2113 3688 2285 3761 paulo
2304 3688 2609 3761 obscurius
2639 3685 2852 3741 indicat
2878 3695 3017 3740 tom.
3047 3688 3113 3750 ll,
3143 3685 3218 3738 lib
3249 3687 3314 3740 de
3349 3687 3630 3761 Illortulit..

1979 3759 2126 3817 cum
2154 3759 2294 3815 dicit
2332 3760 2402 3814 de
2427 3760 2622 3813 futura
2651 3761 2764 3814 vita
2804 3775 2983 3828 agens
3023 3761 3313 3827 :Frequens
3364 3774 3457 3811 nos
3507 3759 3630 3813 illic

1970 3832 2132 3888 turba
2160 3831 2439 3886 desiderat
2461 3831 2581 3900 jam
2613 3831 2684 3885 de
2743 3846 2840 3884 sua
2868 3831 3285 3883 immortalitate
3320 3845 3529 3892 secura,
3581 3831 3630 3883 et

1971 3904 2147 3959 adhuc
2174 3903 2240 3958 de
2282 3906 2468 3957 nostra
2514 3902 2885 3956 incolumitate
2953 3902 3206 3954 sollicita.
3255 3900 3479 3954 Similia
3528 3900 3629 3953 ha-

1975 3976 2112 4030 bent
2141 3973 2420 4044 Origenes
2453 3972 2618 4027 Hom.
2649 3974 2683 4026 3
2715 3974 2774 4044 in
2833 3974 3057 4044 Cantica
3114 3979 3169 4026 et
3192 4043 3216 4044 ,7
3245 3974 3299 4024 in
3337 3970 3463 4044 Gen.
3498 3988 3510 4036 ;
3562 3970 3632 4024 D.

1977 4043 2313 4102 Potamieua
2369 4046 2522 4114 apud
2573 4043 2885 4098 Eusebium
2931 4043 3026 4096 lib.
3072 4060 3126 4095 vx
3179 4043 3295 4096 [list
3342 4043 3524 4114 eccles.
3578 4057 3629 4095 c.

1971 4117 2134 4184 5;D.
2168 4116 2373 4188 Petrus
2405 4113 2675 4188 Epistolas
2717 4133 2833 4170 sua:
2898 4114 3198 4188 Canenicte
3232 4130 3357 4183 cap.
3396 4131 3434 4178 ι,
3467 4113 3636 4181 juxta

1974 4187 2389 4258 expositionem
2452 4186 2801 4242 'Graecorum
2880 4186 3290 4253 quorumdam,
3363 4189 3634 4258 narrante

1974 4257 2346 4324 OEcumenio,
2381 4275 2512 4313 cum
2548 4259 2726 4312 dicit:
2763 4259 2903 4311 Dabo
2934 4261 3115 4310 autem
3175 4272 3394 4317 operam
3442 4259 3492 4308 et
3523 4257 3634 4323 fre-

1975 4336 2221 4404 quenter,
2252 4330 2452 4404 habere
2493 4347 2584 4404 vos
2626 4334 2744 4404 post
2804 4328 3009 4404 obitum
3065 4345 3247 4404 mcum
3323 4337 3380 4404 ut
3438 4327 3637 4404 harum

1974 4398 2302 4458 memoriam
2329 4401 2572 4471 faciatis.
2617 4398 2770 4456 Satis
2801 4400 2971 4471 etiam
3039 4415 3103 4451 ex
3169 4398 3275 4452 hoc
3334 4399 3460 4469 ipso
3513 4398 3636 4452 loco

1972 4474 2290 4543 colligitur‘
2319 4474 2441 4539 jam
2481 4478 2606 4528 tum
2663 4470 3085 4526 invocationem
3135 4487 3365 4596 quoque
3397 4474 3627 4526 sancto-

1974 4562 2106 4596 rum
2137 4547 2192 4596 in
2226 4560 2336 4596 usu
2372 4543 2572 4596 fuisse.
2617 4543 2735 4596 imo
2763 4543 2933 4596 infra.
2971 4547 3108 4595 tom.
3148 4542 3213 4596 ll.
3307 4543 3361 4595 ib
3414 4542 3541 4595 Disc
3582 4548 3627 4596 et

1974 4562 2106 4602 rum
2132 4542 2192 4600 in
2226 4560 2336 4599 usu
2372 4543 2572 4610 fuisse,
2617 4543 2735 4598 imo
2763 4543 2933 4608 intra,
2971 4547 3108 4595 tom.
3148 4542 3213 4607 ll,
3283 4542 3361 4596 lib
3414 4542 3541 4595 Disc
3582 4545 3638 4596 et

1973 4616 2078 4673 hab
2125 4618 2266 4684 Virg.
2322 4631 2521 4685 preces
2569 4619 2905 4669 sanctarum
2965 4612 3270 4683 Virginum
3321 4619 3451 4684 post
3483 4613 3634 4668 hanc

1971 4689 2150 4744 vitam
2187 4685 2478 4757 implorat.
2525 4685 2762 4741 dicens:
2806 4686 3015 4739 Durate
3060 4687 3300 4754 fortiter,
3359 4685 3633 4756 spiritali-

1973 4769 2058 4816 ter
2087 4761 2317 4830 pergite.
2352 4759 2628 4828 pervenite
2665 4757 2928 4830 feliciter,
2961 4764 3171 4810 tantum
3213 4764 3339 4810 tunc
3365 4773 3634 4830 ‘memen-

1973 4825 2282 4886 tole'nostri
2309 4825 2430 4884 cum
2464 4825 2686 4899 incipiet
2719 4829 2778 4882 in
2808 4829 2956 4883 vobis
3001 4830 3300 4898 virginitas
3357 4825 3634 4899 honorari.

1281 4934 1301 4944 ο
1339 4905 1528 4959 Victos.
1583 4904 1666 4959 Ita
1723 4903 1864 4958 scri-
1897 4911 1942 4975 D
1978 4901 2136 4975 Quod
2173 4903 2244 4956 de
2276 4901 2494 4975 honoro
2518 4898 2650 4975 post
2679 4899 2831 4975 hanc
2859 4900 3036 4953 vitam
3069 4899 3338 4975 intelligi,
3372 4898 3516 4952 satis
3548 4898 3633 4951 in-

1976 4973 2174 5028 dicant
2208 4973 2447 5043 praised.
2475 4973 2685 5026 verba:
2718 4972 2925 5039 majore
2953 4975 3000 5024 et
3031 4973 3258 5024 meliore
3301 4985 3459 5043 parte
3494 4983 3636 5043 prae:

1973 5044 2184 5111 ceditis,
2205 5039 2260 5100 et
2283 5042 2458 5098 illud:
2485 5045 2760 5110 pervenite
2779 5043 3034 5111 feliciter.
3059 5044 3245 5105 Quare
3286 5039 3630 5111 calumniari

1975 5109 2344 5187 perspicuum
2369 5119 2458 5187 est
2485 5109 2642 5187 illos,
2670 5109 2925 5184 quiante
2945 5113 3056 5166 divi
3089 5115 3438 5187 Gmwtatem
3471 5109 3626 5166 illam

1974 5183 2248 5244 usitatam
2293 5186 2350 5240 in
2384 5185 2635 5241 Ecclesia
2675 5183 2906 5256 negant.
2944 5183 3262 5256 praesertim
3320 5199 3451 5235 cum
3502 5199 3625 5236 eam

1969 5259 2222 5331 reperire
2253 5259 2336 5331 sit
2369 5259 2544 5312 etiam
2578 5257 2728 5331 apud
2757 5255 2760 5256 ⁷
2787 5256 2923 5327 Syn.
2950 5272 3046 5331 v_1_l_.
3083 5271 3210 5323 can,
3241 5255 3296 5331 7,
3321 5258 3378 5331 et
3408 5258 3626 5331 sextam

1969 5325 2212 5397 in'ﬁne;
2275 5329 2489 5384 Victor.
2543 5325 2905 5389 Africanum,
2975 5326 3075 5380 lib.
3132 5343 3195 5379 ιιι
3252 5325 3626 5397 άεΡεν-βεσαέ.

1972 5401 2254 5462 Vandal;
2299 5406 2361 5454 1).
2422 5399 2820 5470 Fulgentium,
2867 5397 3135 5470 somniis
3194 5396 3477 5470 Laudibus
3517 5397 3627 5452 Illa—

1968 5475 2074 5530 riae
2117 5474 2190 5546 in
2219 5478 2384 5546 partu
2429 5467 2663 5546 Salifal;
2703 5475 2943 5546 Petrum
3003 5467 3400 5546 Chrysalog,
3464 5467 3625 5530 hom,

1965 5561 2080 5613 vn;
2113 5539 2459 5607 Theodoret,
2492 5543 2556 5598 de
2587 5542 2817 5598 Graecor.
2852 5542 3058 5610 Alfecl.,
3082 5539 3182 5594 lib.
3216 5557 3296 5594 vn
3329 5557 3342 5605 ;
3379 5540 3627 5594 Leonem

1968 5614 2270 5686 Magnum,
2296 5630 2550 5669 sermon.
2576 5614 2610 5686 2
2638 5616 2696 5667 et
2719 5615 2772 5680 6,
2798 5614 2866 5668 de
2896 5613 2962 5686 de
2978 5612 3154 5686 jejun.
3188 5613 3246 5686 in
3272 5611 3384 5668 Oct.
3403 5610 3624 5686 Aposto-

1969 5674 2099 5753 torf,
2132 5674 2448 5741 Ctesarium
2483 5685 2538 5740 in
2572 5674 2771 5742 homil.’
2805 5688 2864 5740 in
2893 5674 3104 5738 lita'n'zis
3139 5701 3151 5748 ;
3193 5684 3364 5753 Aug.,
3413 5674 3515 5736 lib.
3547 5696 3630 5735 vn

1967 5759 2036 5814 de
2082 5761 2261 5830 Bapt.,
2289 5773 2414 5830 cap.
2448 5757 2504 5829 2,
2547 5771 2741 5814 serta.
2791 5756 2853 5812 de
2899 5759 3073 5812 morte
3117 5753 3401 5826 Cypriani,
3453 5766 3634 5808 serm.
