4102 6180
533 303 649 363 367
1595 301 1699 359 AD
1745 301 1809 361 S.
1858 299 2316 361 CORNELIUM
2366 297 2880 360 APPENDIGES.
3740 316 3828 380 εδδ

1359 435 3812 468 “MM

1534 595 1681 650 ειη
1755 607 2298 692 AI’PENDIX
2355 605 2918 693 succuum.

1232 783 1677 840 DECRETALES
1720 781 2081 838 EPISTOL/E
2110 783 2162 837 S.
2199 781 2550 839 CORNELIO
2583 781 2802 837 FALSO
2848 781 3239 837 ASCRIPTZE.

978 1071 1324 1126 EPISTOLA
1365 1071 1586 1126 PRIMA
1614 1071 1711 1142 (3).

529 1198 599 1237 DE
637 1196 1052 1237 TRANSLATIONB
1091 1195 1389 1233 CORPORUM
1432 1194 1861 1232 APOSTOLORIUM

699 1268 892 1308 ΡΔυωζ
925 1269 989 1305 ΕΤ
1019 1268 1086 1304 DE
1127 1266 1364 1314 ΝονΑΤο,
1396 1266 1618 1312 Αιιιεοε
1643 1266 1966 1305 HIERETICIS.

2195 1075 2248 1139 Α
2281 1069 2563 1125 stolorum
2581 1069 2727 1125 Petri
2751 1068 2982 1125 etPauli
3006 1070 3075 1124 de
3094 1069 3461 1126 catacumbis.
3489 1073 3552 1127 Et
3569 1073 3729 1144 primo
3749 1080 3848 1148 qui-

2281 1159 2412 1213 dem
2429 1158 2581 1214 beati
2602 1157 2762 1214 Pauli
2783 1175 3012 1229 corpus,
3035 1157 3286 1213 levatum
3305 1158 3546 1230 silentio,
3565 1164 3777 1233 positum
3790 1172 3854 1222 est

2291 1247 2351 1302 in
2385 1247 2598 1318 praedio
2632 1247 2920 1320 praedictae
2945 1251 3245 1316 matronae,
3278 1247 3366 1301 via
3392 1247 3624 1304 Ostiensi
3646 1252 3705 1306 ad
3731 1251 3852 1311 latus

2279 1337 2381 1390 ubi
2422 1336 2741 1392 decollatus
2772 1341 2878 1391 est.
2917 1337 3114 1392 Postea
3137 1353 3268 1390 vero
3317 1335 3463 1391 beati
3518 1339 3854 1410 Apostolorum

1909 1194 2070 1235 PETRI
2108 1197 2175 1234 ΕΤ

519 1358 874 1415 Charissr’mis
891 1365 1053 1427 atque
1071 1356 1445 1410 dilectissimis
1489 1356 1776 1426 fratribus,
1821 1359 2034 1412 sanctae
2072 1356 2173 1410 Dei

592 1430 850 1485 Ecclesiae
878 1429 1032 1497 ﬁliis,
1063 1431 1114 1481 et
1137 1428 1387 1482 omnibus
1415 1427 1636 1482 Domino
1659 1435 1802 1482 recta
1839 1427 1944 1496 ﬁde
1988 1429 2170 1496 famu-

596 1501 855 1565 lantibus,
890 1499 1172 1554 Cornelius
1201 1501 1502 1570 episcoyus.

587 1604 808 1662 Videns
847 1603 1150 1660 cbaritatis
1187 1608 1388 1659 vestrae
1447 1602 1907 1659 benevolentiam
1929 1603 1969 1670 3,
2035 1601 2170 1674 quia

514 1693 923 1768 Apostolorum
957 1701 1248 1749 amatores
1285 1692 1450 1764 estis,
1500 1709 1821 1764 eorumque
1880 1692 2052 1746 ﬁdem
2111 1695 2169 1746 et

514 1784 841 1840 doctrinam
873 1782 1102 1851 tenetis,
1148 1783 1370 1838 decrevi
1405 1782 1566 1837 vobis
1605 1781 1877 1847 scribere,
1925 1781 2165 1835 Domino

515 1877 772 1940 auctore,
805 1873 1070 1944 quaedam
1092 1887 1162 1926 ex
1193 1870 1286 1927 his
1312 1887 1439 1942 quae
1472 1887 1626 1926 nunc
1657 1869 1938 1941 temporis
1971 1884 2166 1924 neces-

514 1962 672 2016 saria
723 1965 861 2016 sunt
891 1959 1027 2015 sciri
1094 1966 1150 2016 et
1192 1977 1319 2031 quae
1350 1959 1504 2032 apud
1540 1976 1646 2014 nos
1676 1959 1733 2013 in
1762 1957 2018 2013 Ecclesia
2049 1957 2152 2014 Ro-

511 2067 707 2115 mana,
768 2048 1085 2106 auxiliante
1143 2047 1414 2114 Domino,
1474 2047 1699 2103 meritis
1749 2045 2161 2119 Apostolorum

513 2156 700 2211 nuper
729 2142 859 2194 acta
889 2141 1026 2194 sunt
1069 2137 1189 2192 sive
1209 2142 1524 2209 geruntur:
1578 2136 1877 2209 quoniam,
1912 2133 2160 2208 patroci-

512 2233 688 2283 nante
708 2226 1011 2296 charitate,
1052 2227 1223 2281 credo
1271 2243 1370 2281 vos
1423 2230 1664 2296 paterna
1712 2225 1900 2297 gratia
1945 2225 2163 2297 scripta

513 2316 667 2372 sedis
725 2314 1054 2388 apostolica:
1105 2314 1355 2370 libenter
1392 2313 1710 2386 suscipere,
1768 2317 1827 2369 et
1886 2313 2162 2369 mandata

512 2410 638 2476 ejus
665 2421 958 2476 peragere,
990 2408 1164 2475 atque
1197 2404 1266 2458 de
1296 2404 1424 2474 ejus
1455 2403 1812 2474 profectibus
1834 2401 2114 2474 gratulari
2140 2420 2154 2458 :

2278 1426 2562 1498 principis
2594 1426 2746 1481 Petri
2779 1425 3112 1497 accepimus
3159 1442 3392 1496 corpus,
3442 1430 3495 1481 et
3539 1430 3854 1486 condecenter

2278 1514 2586 1585 posuimus
2652 1513 2796 1568 illud
2849 1515 3020 1584 juxta
3073 1512 3265 1568 locum
3317 1513 3414 1568 ubi
3470 1515 3748 1571 cruciﬁxus
3794 1523 3862 1574 est

2277 1598 2428 1656 inter
2458 1618 2699 1674 corpora
2749 1609 3087 1656 sanctorum
3146 1601 3545 1674 episcoporum
3597 1603 3648 1658 in
3694 1605 3862 1676 templo

2279 1689 2591 1761 Apollinis,
2650 1691 2706 1744 in
2755 1696 2954 1747 monte
3010 1693 3221 1759 Aureo,
3273 1689 3330 1744 in
3389 1689 3651 1746 Vaticano
3711 1693 3864 1764 palatii

2275 1779 2612 1847 Neroniani,
2717 1779 2885 1835 tertio
2977 1779 3364 1836 kalendarum
3432 1779 3700 1850 juliarum
3781 1783 3863 1847 die,

2273 1873 2506 1924 orantes
2541 1869 2725 1923 Deum
2757 1874 2814 1924 et
2843 1869 3157 1924 Dominum
3205 1874 3472 1926 nostrum
3505 1870 3691 1925 Iesum
3738 1869 3866 1925 Chri-

2274 1963 2454 2026 stum,
2487 1962 2570 2023 ut,
2616 1957 3110 2013 intercedentibus
3160 1959 3288 2013 suis
3345 1960 3561 2014 sanctis
3609 1959 3865 2030 Apostolis,

2274 2045 2535 2102 maculas
2569 2051 2890 2101 vestrorum
2927 2052 3131 2119 purget
3185 2053 3573 2119 peccatorum,
3605 2051 3658 2102 et
3695 2047 3746 2102 in
3791 2064 3868 2102 sua

2269 2151 2374 2191 vos
2405 2141 2702 2191 conservet
2736 2135 3034 2192 voluntate
3064 2137 3276 2192 diebus
3327 2137 3456 2192 vitae
3489 2141 3694 2202 vestras,
3748 2140 3794 2190 et
3828 2137 3867 2189 in

2271 2223 2462 2279 fructu
2492 2223 2626 2279 boni
2668 2225 2859 2296 operis
2893 2242 2993 2280 vos
3035 2224 3488 2296 perseverabiles
3541 2225 3740 2280 reddat.
3781 2227 3867 2278 Vos

2267 2330 2401 2368 vero
2426 2313 2518 2369 his
2550 2315 2931 2385 congaudete,
2965 2314 3101 2386 quia
3136 2319 3192 2369 et
3224 2313 3534 2387 ipsisancti
3565 2313 3795 2386 Apostoli
3819 2313 3869 2366 de

2271 2407 2462 2457 vestro
2493 2401 2975 2473 congratulantur
3007 2403 3245 2475 gaudio.
3300 2403 3415 2458 Vos
3470 2419 3690 2472 semper
3731 2401 3870 2455 Deum

515 2450 638 2476 “1"
665 2450 958 2476 τεκνον-ν’
990 2450 1164 2475 “’“Ί““’
1199 2450 1265 2458 “'"
1298 2450 1424 2474 *δ”*
1455 2450 1812 2474 ι’·ν·νν“·’“·”
1834 2450 2114 2474 ο’””’“··“··’
2140 2450 2154 2458 '
2284 2450 2450 2457 """
2497 2450 2963 2473 ""U""""'“""
3007 2450 3245 2475 O"""'"
3319 2450 3328 2456 ‘
3354 2450 3414 2458 "'
3470 2450 3680 2472 """l'"
3731 2450 3870 2455 “”““““”

515 2494 657 2566 quia
710 2492 981 2566 quisquis
1031 2509 1092 2546 se
1136 2493 1192 2547 in
1228 2493 1421 2547 radice
1467 2491 1766 2546 cbaritatis
1816 2491 2022 2547 inserit
2061 2507 2164 2546 nec
2195 2450 2242 2515 Β
2273 2489 2528 2556 laudate,
2559 2497 2615 2546 et
2645 2491 2770 2563 ipse
2799 2491 3157 2563 gloriﬁcatur
3202 2492 3262 2547 in
3289 2492 3477 2548 vobis.
3511 2490 3778 2560 Scriptum
3811 2493 3876 2544 est

513 2600 546 2638 a
578 2582 868 2638 viriditate
911 2581 1126 2646 deficit,
1177 2597 1340 2636 neca
1388 2581 1671 2635 fructibus
1718 2581 1795 2652 (4)
1855 2580 2158 2638 inanescit.

510 2689 613 2727 nec
635 2688 831 2727 amore
863 2669 1253 2726 iaeeunditatis
1285 2686 1433 2741 opus
1490 2670 1697 2725 efficax
1753 2669 1990 2726 amittit.
2020 2670 2153 2740 Ipsa

505 2760 661 2816 enim
695 2759 946 2815 Charitas
967 2761 1195 2814 exercet
1225 2759 1401 2813 corda
1438 2757 1721 2828 ﬁdelium,
1763 2775 1973 2813 sensus
2030 2774 2151 2812 cor-

504 2851 758 2917 roborat,
786 2852 848 2904 ut
881 2847 1023 2902 nihil
1049 2864 1243 2919 grave,
1267 2846 1413 2901 nihil
1437 2846 1690 2911 difficile,
1723 2847 1822 2902 sed
1843 2848 2148 2902 {iattotum

504 2938 672 2995 dulce
705 2938 857 3010 quod
887 2936 1100 3008 agitur,
1134 2938 1273 2990 dum
1306 2937 1432 3006 ejus
1486 2935 1785 3008 proprium
1812 2935 1907 3000 sit,
1928 2935 2148 2990 nutrire

503 3025 897 3091 concordiam,
959 3039 1186 3079 servare
1241 3023 1539 3092 mandata,
1610 3026 1784 3094 atque
1834 3022 2150 3078 dissociata

501 3115 875 3185 conjungere,
939 3128 1113 3184 prava
1177 3110 1446 3181 dirigere,
1496 3115 1552 3164 et
1610 3115 1845 3166 crateras
1903 3109 2147 3165 virtutes

501 3201 868 3276 perfectionis
902 3218 1018 3257 sua:
1051 3200 1376 3254 munimine
1407 3198 1676 3256 solidarc.

569 3292 930 3362 QuaprOpter
961 3305 1096 3360 rogo
1130 3306 1226 3343 vos
1253 3288 1420 3343 nobis
1451 3286 1866 3360 congratulari,
1901 3289 2039 3361 quia
2066 3307 2149 3345 ro-

494 3386 632 3453 gatu
647 3380 955 3449 cujusdam
973 3379 1185 3433 devotae
1204 3377 1334 3432 femi
1347 3394 1427 3431 ua:
1443 3385 1617 3449 atque
1639 3377 1876 3432 nobiliss
1889 3377 1899 3430 i
1912 3395 2014 3432 mae
2030 3395 2148 3434 ma-

493 3475 676 3526 tronae
707 3470 813 3522 842
839 3467 1063 3522 Lucinae
1098 3467 1172 3538 (5)
1223 3465 1408 3521 levata
1439 3473 1575 3521 sunt
1598 3483 1844 3538 corpora
1886 3467 1963 3538 (6)
1992 3468 2143 3539 Apo-

2270 2580 2466 2635 enim:
2504 2581 2642 2648 Quid
2699 2582 3014 2636 retribuam
3067 2583 3307 2637 Domino
3349 2598 3450 2652 pro
3507 2581 3744 2637 omnibus
3779 2592 3872 2649 qua

2267 2669 2540 2724 retribuit
2567 2671 2706 2724 mihi
2733 2674 2758 2723 ν
2780 2670 3019 2726 Culicem
3035 2671 3308 2726 salutaris
3328 2672 3620 2741 accipiam,
3650 2673 3698 2724 et
3717 2683 3873 2724 nomen

2259 2758 2478 2814 Domini
2505 2759 2785 2814 invocabo.
2819 2758 2992 2830 (Psal.
3027 2759 3174 2831 cxv.)
3208 2760 3469 2815 Tantum
3517 2758 3667 2814 enim
3722 2775 3750 2812 a
3790 2771 3869 2810 no-

2260 2847 2349 2903 bis
2393 2847 2470 2917 (7)
2532 2847 2802 2920 exigitur,
2867 2857 3150 2918 quanlum
3204 2864 3532 2920 possumus
3601 2843 3870 2902 famulatus

2259 2937 2439 2990 nostri
2465 2937 2745 3008 obsequio
2768 2937 3178 2992 commendare
3202 2938 3262 2993 δε
3303 2937 3466 2994 Unde
3491 2936 3713 3008 quidem
3738 2937 3862 2987 tanto

2259 3041 2365 3080 nos
2397 3041 2632 3080 necesse
2681 3030 2769 3080 est
2808 3025 3129 3096 impotunis
3189 3024 3704 3098 prazdicationibus
3760 3019 3868 3075 insi-

2256 3117 2428 3177 stere,
2464 3119 2680 3184 quanto
2716 3113 2881 3168 nobis
2906 3114 3175 3185 perfectae
3217 3114 3634 3186 negotiationis
3663 3110 3872 3166 creditur

2257 3201 2552 3273 duplicata
2583 3202 2932 3257 talentorum
2966 3203 3316 3275 assignatio,
3380 3209 3557 3275 atque
3613 3198 3867 3256 dominica

2253 3290 2410 3346 vocis
2434 3292 2503 3346 ad
2529 3290 2964 3361 suspiciendam
2989 3294 3115 3362 ejus
3139 3293 3410 3364 requiem
3431 3291 3639 3346 suadet
3657 3286 3874 3344 assertio.

2327 3380 2455 3434 Haec
2513 3379 2778 3436 invidens
2809 3383 3084 3451 antiquus
3131 3381 3331 3437 hostis
3391 3378 3697 3436 suscitavit
3749 3373 3876 3431 nobis

2254 3469 2651 3525 adversarium
2706 3469 2986 3526 Novatum
3035 3470 3132 3542 (8),
3191 3476 3370 3526 rectae
3437 3470 3570 3525 ﬁdei
3603 3473 3658 3524 et
3707 3467 3877 3522 sancte

1953 3592 2157 3654 Varias
2186 3592 2510 3654 lectiones.

561 3701 582 3735 ⁵
615 3701 823 3756 Fidens
855 3698 1156 3753 charitatis
1188 3703 1392 3753 vestras
1421 3698 1824 3752 benovolentia
1859 3698 2016 3752 Labb.
2098 3699 2119 3732 ⁸
2147 3702 2526 3757 Commodare
2557 3701 2720 3755 Labb.

1948 3814 2280 3876 Variorum
2315 3823 2504 3877 notas.

565 3922 640 3994 (3)
673 3921 918 3980 Cornelii
968 3937 1153 3994 papae.
1214 3922 1422 3987 Baron,
1485 3919 1729 3991 aliisque
1790 3921 1995 3994 merito
2035 3938 2137 3994 sus
2169 3924 2211 3990 ρ
2251 3922 2526 3994 Gregorio
2572 3922 2752 3994 Epist.
2805 3922 2896 3990 30,
2931 3921 3033 3978 lib.
3062 3940 3146 3984 Ill.
3171 3941 3241 3979 ac
3275 3923 3553 3979 Baronio.
3595 3923 3742 3994 Lana.

491 3991 1155 4067 pecta,eumseq'uenti,
1199 4009 1326 4067 quae
1375 4009 1487 4046 non
1545 3998 1634 4046 est
1690 3991 1928 4067 majoris
1983 3992 2136 4067 apud

493 4063 756 4122 eruditos
788 4063 1132 4122 iideiItmns.
1171 4097 1234 4105 —
1263 4064 1541 4119 Sanctum
1576 4063 1907 4135 Cornelium
1941 4063 2139 4135 plures

489 4136 767 4209 epistolas
801 4137 1105 4206 scripsisse
1134 4141 1383 4209 testatur
1405 4136 1643 4209 Hieron.
1677 4133 1823 4209 libro
1873 4133 1972 4209 de"
1999 4135 2144 4190 Scri-

487 4205 632 4281 ptor.
659 4209 863 4281 Eccles.
883 4205 938 4261 in
955 4210 1238 4274 Cornelio,
1262 4207 1448 4281 verbis
1468 4223 1645 4281 supra
1658 4205 1867 4281 allatis.
1886 4207 2140 4281 Primam

489 4277 660 4353 cujus
693 4278 982 4353 meminit,
1015 4298 1148 4353 eum
1183 4280 1326 4350 ipsis
1358 4279 1516 4353 actis
1555 4277 1934 4353 concilio‘rum
1985 4280 2137 4353 exci-

491 4349 649 4408 disse
673 4352 845 4405 retiari.
870 4351 1150 4405 llarnnius
1174 4349 1326 4405 anno
1349 4351 1473 4415 255,
1503 4366 1663 4404 num.
1696 4350 1749 4403 3.
1785 4349 2136 4418 Secundam,

489 4425 658 4494 cujus
697 4423 913 4477 ibidem
969 4424 1322 4477 mentionem
1349 4422 1502 4486 facit,
1555 4421 1704 4474 hanc
1735 4436 1862 4494 esse
1895 4420 2140 4492 ideoque

485 4491 780 4550 immerito
807 4496 876 4547 de
910 4495 1019 4548 tide
1074 4499 1130 4548 et
1189 4495 1534 4549 auctoritate
1589 4491 1776 4546 taxari
1823 4497 1980 4562 puto.
2015 4491 2140 4563 quas

488 4567 744 4637 probata)
778 4566 906 4637 ﬁdei
944 4572 1148 4620 testem
1199 4567 1615 4635 Hieronymum
1653 4564 1863 4637 adepta
1919 4568 2025 4637 est,
2083 4572 2142 4637 et.

487 4635 658 4707 cujus
689 4636 906 4706 scripta
935 4655 1278 4692 cumrerum
1303 4637 1549 4692 historia
1569 4635 1936 4707 conveniunt.
1975 4636 2137 4700 Quod

484 4705 982 4780 verosanctorum
1037 4726 1340 4780 corporum
1402 4708 1549 4780 Petri
1585 4712 1641 4761 et
1682 4705 1845 4780 Pauli
1898 4723 1928 4761 e
1956 4711 2136 4780 cata-

484 4779 715 4835 cumbis
770 4777 1213 4835 translationem
1262 4779 1526 4836 Cornelio
1601 4777 1886 4846 attribuit,
1952 4777 2008 4832 id
2069 4794 2138 4833 ex

486 4852 621 4907 libri
650 4850 997 4921 Pontiﬁcalis
1028 4852 1324 4906 erroribus
1355 4852 1412 4904 in
1448 4850 1597 4903 hanc
1627 4848 1930 4919 epistolam
1969 4866 2136 4904 men-

481 4924 622 4979 doso
652 4922 1304 4995 irrepsisse,proba_bile
1327 4937 1454 4995 esse
1487 4921 1754 4974 videtur:
1793 4937 1926 4995 nam
1958 4938 2024 4974 ea
2049 4939 2137 4976 ve-

483 4995 607 5051 rius
624 4991 807 5066 primo
824 4991 1036 5049 sarculo
1060 4993 1230 5064 paulo
1258 4994 1661 5066 postipsorum
1687 4991 2015 5066 passionem
2045 5009 2134 5046 ac-

481 5061 655 5123 cedit".
691 5072 754 5120 ut
785 5061 1118 5119 testimonio
1153 5061 1336 5119 sancti
1359 5061 1616 5134 Gregorii
1638 5061 1930 5134 pontiﬁcis
1955 5080 2135 5134 supra

481 5139 950 5194 demonstratum
985 5142 1092 5192 est.
1149 5136 1347 5190 Seven.
1382 5132 1598 5190 Binius.
1623 5164 1691 5173 —
1720 5132 1838 5187 Hoc
1896 5132 2130 5201 falsum,

483 5226 674 5281 neque
718 5207 872 5281 enim
903 5206 1253 5281 quisquilias
1288 5209 1430 5262 istas
1467 5221 1729 5276 unquam
1760 5204 1904 5281 vidi_t
1935 5205 2132 5281 Hiero-

2317 3991 3054 4067 (6)Levata'suntcorporu.
3103 3994 3250 4050 Vide
3283 4013 3420 4067 quae
3473 3991 3868 4067 annatovit

2246 4060 2428 4120 verin.
2465 4066 2664 4119 Binius
2696 4067 2752 4119 in
2816 4060 2966 4120 notis
2998 4067 3066 4121 ad
3118 4060 3320 4122 vitam.
3365 4065 3640 4131 Cornelii,
3697 4060 3868 4120 verbis,

2251 4138 2345 4191 His
2381 4138 2732 4206 temporibus,
2757 4141 2866 4191 etc.
3625 4207 3628 4208 ν
3770 4202 3783 4208 -
3829 4199 3836 4208 .

2319 4208 2394 4278 (7)
2428 4202 2654 4262 Tantum
2690 4209 2838 4262 enim
2865 4226 2897 4262 α
2921 4208 3096 4261 nobis.
3157 4209 3424 4264 Sanctus
3473 4207 3744 4263 Martinus
3767 4202 3802 4266 Ι,
3827 4202 3870 4252 in

2252 4281 2424 4350 epist.
2460 4281 2530 4334 ad
2564 4286 2834 4334 sanctum
2862 4280 3219 4335 An'iandum.
3249 4281 3429 4337 LABB.

2319 4350 2397 4421 (8)
2437 4351 2735 4422 Suscitavit
2782 4350 2940 4406 nobis
3009 4350 3408 4422 adversarium
3471 4338 3876 4422 Novatum._li_q-

2248 4412 2420 4496 vatus
2452 4422 2561 4477 fuit
2597 4421 2877 4496 Africana:
2909 4421 3173 4496 Ecclesiae
3216 4425 3578 4496 episcopus,
3627 4419 3719 4491 qui
3767 4412 3876 4496 licii-

2249 4493 2552 4548 cissimum
2585 4493 2895 4548 diaconum
2937 4499 2995 4548 et
3025 4493 3492 4550 schismaticum
3526 4493 3872 4561 Montensiunl

2249 4567 2357 4636 (sic
2389 4565 2551 4631 dicti,
2598 4566 2752 4636 quod
2784 4564 3012 4636 sectarii
3074 4565 3232 4621 illius
3288 4568 3350 4622 in
3414 4570 3603 4623 monte
3657 4570 3879 4636 conveni:

2248 4623 2399 4708 rent)
2429 4623 2747 4708 auctorem,
2782 4635 2959 4691 invito
2990 4636 3283 4708 Cypriano
3315 4639 3709 4708 ordinaverat,
3753 4634 3800 4683 et
3821 4623 3874 4708 βά

2246 4701 2506 4762 schisma
2535 4707 2934 4774 conﬂandum,
2957 4701 3227 4778 ejusdem
3253 4711 3396 4766 odio
3421 4713 3481 4765 et
3505 4701 3878 4778 invidia,_ante-

2249 4779 2531 4850 signanus
2563 4778 2883 4850 exstiterit;
2917 4774 3110 4850 qualis
3132 4785 3343 4837 autem
3380 4782 3582 4844 fuerit,
3600 4774 3878 4850 Cyprianus,

2245 4836 2416 4921 epist.
2449 4867 2578 4905 χιιι
2610 4849 2700 4905 bis
2729 4836 3247 4907 verbis'declarat:
3293 4836 3380 4909 De
3417 4836 3801 4908 iNovdto'riihil
3821 4836 3876 4921 ςιςί

2244 4912 2341 4997 uos
2389 4921 2576 4997 fuerat
2621 4922 3015 4997 nuntiandum,
3072 4940 3194 4978 cum
3240 4926 3431 4994 magis
3461 4940 3565 4997 per
3618 4935 3708 4975 nos
3757 4912 3878 4969 υοιιέε

2242 4993 2429 5048 debeat
2481 4994 2720 5049 Novatus
2788 4994 3026 5058 ostendi,
3095 5011 3300 5050 rerum
3349 4993 3652 5052 inorarum
3702 4998 3880 5054 semp”

2243 5066 2496 5138 rupidus,
2559 5065 2834 5138 avaritia
2901 5065 3225 5138 inexplebili
3279 5069 3622 5138 rapacitate
3649 5058 3878 5133 furibun-

2244 5137 2358 5200 bus,
2393 5141 2500 5192 etc.
2551 5136 2700 5191 Sede
2751 5141 2990 5191 vacante
3022 5137 3093 5191 ad
3142 5136 3540 5194 evertendam
3597 5137 3879 5191 Romanam

2246 5208 2559 5263 Ecclesium
2611 5207 2855 5262 Romam
2888 5206 3564 5278 veniens,Novatianum
3595 5209 3878 5278 Romanu!“

482 5264 720 5361 ﬁmus.
757 5264 1082 5361 'Frapslatio
1129 5284 1462 5361 sanctorum
1492 5264 1818 5361 corporth
1868 5277 2021 5332 Petri
2076 5285 2133 5334 et
2162 5292 2208 5355 Β
2243 5282 2670 5361 presbyterum,
2703 5278 2861 5360 male
2902 5279 2958 5333 in
2993 5264 3532 5361 Cornelium—vitio
3581 5264 3880 5361 ambitionis

480 5347 666 5416 Pauli,
695 5350 968 5422 quando?
1001 5351 1258 5406 Novatus
1289 5352 1421 5422 quis
1453 5354 1510 5404 et
1540 5347 1770 5422 qualis?
1806 5349 1964 5422 lano.

553 5426 625 5495 (4)
681 5421 786 5476 Nec
831 5439 865 5475 α
918 5423 1207 5491 fraudibus.
1284 5420 1532 5478 Sanctus
1619 5420 1932 5485 Gregorius
1995 5421 2128 5491 Epi-

515 5497 614 5550 toi.
651 5494 770 5550 114.
803 5492 903 5548 lib.
937 5511 1038 5550 vn.
1075 5496 1210 5550 Vide
1240 5504 1295 5550 et
1317 5495 1403 5550 49.
1434 5493 1535 5547 lib-
1577 5509 1698 5545 vnn.
1736 5491 1895 5545 Lana.

481 5498 614 5552 etot.
651 5498 770 5556 114,
803 5498 903 5548 lib.
937 5511 1038 5551 vn.
1075 5498 1210 5550 Vide
1240 5504 1295 5550 et
1317 5498 1403 5552 49.
1435 5498 1535 5547 lib-
1577 5509 1698 5545 vui.
1736 5498 1895 5545 Lana.

554 5568 628 5638 (5)
650 5571 920 5622 Matronae
967 5568 1206 5622 Lucium.
1243 5569 1364 5621 Ado
1394 5565 1452 5619 in
1499 5565 1767 5638 Chronico
1789 5570 1846 5616 et
1876 5562 1935 5616 in
1986 5561 2133 5638 Mur-

477 5636 726 5720 grolbgio
749 5637 818 5693 iis
845 5638 1066 5694 similia
1101 5640 1326 5708 scribit,
1354 5654 1480 5714 quas
1495 5636 1845 5701 refelluntur
1867 5650 1898 5689 a
1921 5637 2123 5692 saneto

2240 5347 2589 5425 animatum,
2631 5351 2826 5404 acrius
2849 5350 2907 5405 in
2939 5367 3070 5406 eum
3102 5351 3392 5425 impellit,
3427 5372 3497 5411 eo
3529 5350 3679 5425 quod
3708 5347 3883 5425 (Some:

2241 5422 2376 5489 lius,
2413 5423 2655 5496 fratrum
2693 5439 2932 5496 suorum
2985 5417 3260 5488 consilio,
3309 5417 3880 5496 pcenitenteslapsm

2242 5498 2300 5549 in
2371 5495 2683 5550 Ecclesiam
2747 5494 3066 5564 reciperet;
3109 5511 3248 5550 cum
3306 5490 3517 5553 tamen
3586 5490 3762 5548 Africa
3802 5490 3880 5554 Cy-

2289 5565 2449 5620 riano
2513 5570 2896 5620 sacrosanctae
2968 5565 3244 5620 Ecclesiae
3341 5565 3804 5624 con'imunionem
3857 5567 3884 5603 α

2269 5639 2427 5712 apsis
2460 5635 2724 5710 petitam,
2777 5636 2873 5692 ille
2904 5637 3206 5695 advertam
3245 5643 3505 5720 tempus
3536 5629 3881 5694 differendam

3999 3616 4001 3739 l

3999 3812 4001 3915 ι

3999 3942 4002 4051 l

3999 4380 4001 4479 ψ

3999 5919 4001 6027 l
