4102 6180
250 291 347 349 869

1412 280 1823 349 EPISTULA?
1866 286 2453 349 SUPPOSl'l‘l'l‘le.

3517 294 3639 354 8Ἰο

246 422 493 478 doctrinae
525 410 678 477 διδ
711 420 1012 490 aemulum,
1045 420 1146 492 qui
1179 424 1340 477 extra
1364 419 1678 476 Ecclesiam
1713 418 1866 475 ordi-
1900 420 1951 486 Α
1981 418 2134 475 dabit
2162 420 2353 489 (Abas.
2387 422 2474 495 ιι).
2500 424 2631 478 Ecce
2660 422 2809 478 enim
2847 418 3017 486 iudex
3061 420 3217 478 844
3246 425 3381 479 ante
3407 422 3637 495 ianuam

246 511 379 567 navit
405 511 789 567 Novatianum
813 510 914 579 (9),
936 514 992 565 et
1016 509 1075 565 in
1096 511 1287 566 Africa
1316 510 1706 565 Nicostratum
1732 507 1865 578 (10),

245 605 501 672 utrosque
532 598 853 665 haereticos,
898 598 1050 654 sicut
1080 598 1176 654 ille
1205 603 1349 655 erat.
1403 598 1507 654 Hic
1536 614 1669 654 vero
1696 614 1867 654 cona-

240 690 379 745 tibus
408 689 622 761 quibus
673 692 1008 759 potuerunt,
1062 688 1279 743 multos
1319 704 1352 743 a
1400 692 1555 743 recta
1584 690 1641 742 et
1670 686 1869 742 catho-

238 777 334 833 lica
362 778 470 833 fide
500 777 814 833 suadentes
863 777 1130 832 recedere
1175 777 1437 832 fecerunt
1483 775 1618 847 (11),
1649 780 1707 832 et
1740 780 1871 848 post

239 882 290 922 se
316 866 369 921 in
404 882 739 937 perversam
790 869 845 920 et
889 865 999 920 Deo
1051 864 1331 921 odibilem
1380 864 1704 920 doctrinam
1738 880 1867 919 cor-

237 971 384 1011 ruere
413 959 850 1026 persuaserunt.
901 953 1013 1009 Sed
1044 953 1198 1010 sicut
1243 954 1493 1010 istorum
1523 954 1867 1025 tergiversa-

234 1043 473 1098 tionibus
530 1041 709 1097 nimis
771 1058 977 1098 sumus
1034 1042 1383 1109 contristati,
1442 1045 1499 1096 et
1547 1042 1618 1097 de
1665 1058 1867 1097 eorum

232 1131 540 1203 perditione
573 1130 828 1198 contriti,
861 1131 944 1187 sic
993 1131 1065 1187 de
1113 1131 1358 1187 aliorum
1409 1130 1867 1196 conversatione,

230 1221 460 1276 Domino
493 1220 831 1286 auxiliante,
882 1237 1092 1277 sumus
1139 1218 1435 1276 lmtiﬁcati.
1487 1220 1641 1275 Deus
1672 1225 1863 1275 autem

230 1311 608 1382 omnipotens,
642 1309 741 1382 qui
774 1310 1040 1366 tristibus
1073 1310 1281 1366 miscet
1320 1309 1468 1374 lmta,
1516 1309 1729 1382 oppido
1761 1324 1866 1364 nos

226 1397 545 1467 laetiﬁcavit,
578 1399 732 1470 quod
785 1398 1024 1470 quidam
1073 1400 1458 1465 contessores,
1489 1398 1592 1469 qui
1640 1398 1864 1453 dudum

227 1487 452 1543 fuerunt
481 1486 703 1552 fideles,
736 1504 771 1544 α
803 1487 969 1543 nobis
1000 1493 1057 1543 et
1088 1505 1119 1543 a
1153 1491 1308 1543 recta
1348 1487 1479 1555 fide,
1515 1486 1747 1542 diabolo
1776 1486 1863 1541 in-

224 1576 486 1647 stigante,
521 1592 581 1631 se
612 1581 972 1648 separantes,
996 1594 1129 1631 cum
1160 1578 1408 1635 Maximo
1434 1577 1769 1648 presbytero
1790 1576 1862 1630 ad

224 1666 528 1721 Ecclesiam
560 1665 905 1721 catholicam
930 1670 986 1721 et
1004 1667 1178 1721 ﬁdem
1206 1669 1423 1722 rectam
1455 1670 1595 1721 sunt
1624 1663 1861 1731 reversi,

1976 510 2186 565 assistit
2214 511 2421 581 (Jacob.
2458 511 2534 582 v),
2567 527 2812 567 coronas
2855 511 3125 567 hilariter
3167 511 3516 584 promittens
3544 512 3640 569 his

1978 597 2078 669 qui
2112 616 2214 671 pro
2245 614 2312 655 eo
2341 600 2716 673 passionibus
2757 600 3208 656 submittuntur.
3245 601 3394 669 Quod
3422 601 3474 657 si
3499 603 3637 658 sub-

1977 689 2213 742 traxerit
2241 704 2295 744 se
2339 689 2481 759 quis,
2534 705 2642 743 non
2668 689 2911 760 placebit
2963 690 3164 745 animm
3194 704 3334 747 mea
3369 690 3521 759 (Heb.
3553 691 3640 762 x),

1978 775 2078 831 sed
2111 777 2277 832 cadet
2305 777 2377 832 de
2410 776 2803 849 promissione
2843 782 3079 849 propter
3109 779 3499 851 negationem.
3531 779 3639 838 Nos

1975 872 2159 920 autem
2189 881 2299 921 non
2344 882 2533 922 sumus
2578 866 2969 922 subtractionis
2999 866 3110 937 ﬁlii
3157 870 3217 923 in
3249 868 3633 944 perditionem,

1975 953 2069 1008 sed
2098 954 2229 1025 ﬁdei
2256 957 2317 1009 in
2339 956 2759 1026 acquisitionem
2788 957 3013 1013 animae.
3048 960 3280 1027 Propter
3306 956 3450 1028 quod
3476 974 3634 1015 assu-

1976 1042 2107 1096 mite
2134 1045 2486 1098 armaturam
2533 1043 2630 1097 Dei
2674 1043 2717 1111 ⁸,
2774 1046 2834 1097 ut
2886 1045 3104 1114 possitis
3149 1046 3407 1101 resistere
3455 1047 3517 1102 in
3546 1045 3636 1103 die

1975 1130 2141 1200 malo,
2174 1130 2429 1187 adversus
2471 1148 2657 1187 omnes
2707 1134 2957 1187 inim'ros
2990 1134 3009 1166 θ
3040 1150 3061 1186 s
3112 1141 3251 1190 acts:
3296 1133 3553 1191 Ecclesiae
3584 1144 3639 1192 et
3678 1152 3682 1156 ‘

1977 1228 2192 1288 vestros,
2223 1224 2275 1275 et
2324 1221 2543 1276 induite
2590 1237 2680 1277 vos
2729 1222 2963 1277 loricum
3006 1224 3069 1292 [in
3104 1224 3265 1291 tiliae,
3316 1228 3373 1278 et
3404 1225 3639 1281 calceati

1972 1307 2133 1379 pedes
2162 1310 2222 1363 in
2268 1311 2686 1380 praeparatione
2730 1311 3019 1381 Evangelii
3055 1312 3228 1380 pacis,
3282 1312 3344 1366 in
3381 1314 3638 1370 omnibus

1973 1405 2312 1453 assumentes
2366 1407 2582 1453 scutum
2650 1398 2799 1468 ﬁdei,
2879 1401 2938 1454 in
3012 1415 3116 1471 quo
3172 1402 3391 1467 possitis
3445 1404 3637 1459 omnia

1974 1486 2158 1556 iacula
2200 1489 2527 1559 nequissimi
2575 1488 2753 1558 ignita
2802 1489 2846 1524 ιο
2892 1490 3259 1559 exstinguere.
3309 1491 3377 1546 Et
3415 1491 3636 1562 galeam

1972 1573 2174 1629 salutis
2189 1576 2454 1629 assumite
2472 1577 2515 1610 ¹¹
2541 1583 2594 1630 et
2609 1576 2858 1645 gladium
2876 1574 3117 1646 Spiritus
3139 1578 3287 1646 quod
3311 1586 3390 1632 est
3407 1577 3635 1634 verbum

1974 1663 2088 1732 Dei,
2118 1679 2219 1735 per
2246 1678 2458 1719 omnem
2479 1666 2783 1721 orationem
2807 1668 2858 1718 et
2877 1665 3309 1720 obsecrationem
3339 1665 3498 1737 (Eph,
3529 1667 3633 1739 vr),

222 1759 272 1811 et
298 1755 510 1821 denuo,
541 1754 696 1810 sicut
726 1754 912 1827 prius,
945 1754 1079 1811 facti
1110 1759 1248 1811 sunt
1274 1755 1296 1789 ⁷
1326 1755 1690 1811 confessores
1721 1753 1860 1810 tide-
1897 1788 1944 1853 B
1976 1752 2215 1808 radicati
2247 1757 2305 1808 et
2333 1752 2561 1809 fundati
2594 1753 2653 1808 in
2702 1750 2910 1808 solatio
2961 1752 3207 1808 fratrum
3260 1770 3362 1825 pro
3400 1755 3632 1812 Christo

220 1843 320 1900 les.
352 1844 730 1916 Quapropter,
781 1843 1135 1911 charissimi,
1188 1844 1494 1899 hortamur
1535 1859 1634 1900 vos
1676 1847 1732 1897 et
1762 1842 1863 1898 de-

219 1949 522 2004 precamur
547 1948 648 2003 per
676 1930 989 1987 Dominum
1018 1937 1283 1988 nostrum
1315 1931 1517 1987 Jesum
1543 1931 1861 2000 Christum,

216 2021 517 2092 prmdictos
548 2019 846 2075 hazreticos
894 2024 952 2075 et
981 2036 1184 2076 omnes
1234 2037 1382 2092 quos
1412 2038 1447 2075 a
1476 2024 1632 2075 recta
1667 2019 1776 2073 fide
1809 2022 1866 2074 et

216 2109 480 2167 doctrina
535 2113 863 2180 apostatare
913 2110 1313 2179 cognoveritis,
1365 2106 1862 2165 exhortationibus

217 2204 272 2254 et
326 2199 494 2255 bonis
544 2197 755 2255 studiis
803 2198 1010 2255 vestris
1058 2200 1130 2254 ad
1188 2197 1534 2254 catholicam
1582 2196 1756 2252 ﬁdem
1806 2200 1865 2252 et

215 2298 433 2343 rectam
494 2288 816 2343 doctrinam
876 2291 1207 2343 convertere
1279 2286 1633 2355 contendite,
1691 2290 1748 2341 et
1802 2285 1860 2341 in

220 2378 315 2433 Dei
372 2377 666 2433 voluntate
727 2376 1031 2449 persistere
1088 2376 1347 2432 suadete.
1410 2377 1480 2431 Et
1521 2392 1634 2431 non
1669 2373 1860 2431 solum

212 2466 345 2531 hos,
414 2466 512 2521 sed
590 2482 793 2521 omnes
874 2465 972 2537 qui
1049 2466 1310 2522 nondum
1390 2465 1564 2520 fidem
1641 2468 1861 2520 rectam

210 2558 618 2628 perceperunt,
668 2555 739 2609 ad
783 2554 1136 2610 Catholicam
1186 2555 1361 2610 fidem
1420 2555 1733 2625 perducere
1782 2552 1861 2608 fe-

208 2645 443 2699 stinate.
506 2644 643 2712 Quid
700 2658 872 2713 neque
939 2659 1084 2698 mors
1143 2644 1275 2715 (12),
1341 2659 1520 2714 neque
1576 2646 1707 2712 vita,
1764 2657 1860 2698 ne-

202 2749 317 2805 que
373 2733 575 2803 angeli,
651 2748 820 2803 neque
880 2733 1249 2803 principatus,
1315 2748 1488 2803 neque
1563 2732 1858 2799 instantia,

201 2839 382 2893 neque
453 2824 663 2891 futura,
740 2837 913 2893 neque
984 2822 1269 2891 fortitudo,
1338 2837 1510 2893 neque
1592 2820 1857 2887 altitudo,

197 2927 379 2982 neque
429 2909 791 2981 profundum,
849 2926 1024 2982 neque
1079 2915 1335 2966 creatura
1390 2912 1523 2977 alia,
1580 2910 1860 2981 Magistro

200 2999 483 3055 Gentium
531 2999 794 3063 docente,
838 2999 1040 3069 poterit
1088 3015 1184 3053 nos
1225 3015 1487 3069 separare
1531 3015 1566 3053 a
1592 2999 1863 3055 charitate

200 3090 431 3144 Domini
458 3090 630 3144 nostri
671 3092 805 3145 Jesu
855 3089 1056 3143 Christi
1103 3092 1282 3158 (Rom.
1332 3090 1476 3159 vui),
1528 3092 1603 3155 et,
1638 3104 1765 3159 quae
1796 3088 1856 3144 in

197 3178 337 3250 ipso
367 3182 476 3246 est,
507 3194 541 3232 a
569 3182 725 3232 recta
752 3177 885 3232 ﬁde.
920 3156 1331 3248 Noliteitaque
1376 3156 1853 3233 amittere—confi-
1889 3156 1931 3221 (ἶ

198 3267 467 3323 dentiam
501 3273 775 3336 vestram,
821 3283 948 3337 qum
992 3282 1264 3338 tnagnam
1316 3266 1491 3322 habet
1520 3283 1853 3322 renumera-

195 3355 449 3411 tionem.
503 3354 791 3410 Patientia
845 3354 1000 3411 enim
1051 3355 1221 3411 nobis
1277 3355 1601 3411 necessaria
1648 3361 1740 3411 est
1785 3356 1855 3411 ad

193 3443 648 3500 colluctationes
691 3442 1177 3509 adversariorum,
1230 3448 1520 3515 quatenus
1562 3444 1735 3500 ﬁdem
1767 3445 1857 3499 in-

187 3539 550 3589 temeratum
583 3549 767 3602 usque
796 3533 854 3586 in
886 3533 1059 3588 finem
1084 3538 1515 3599 conservantes,
1548 3533 1856 3605 repromis-

180 3623 422 3678 sionem
483 3619 898 3694 perpiciamus,
961 3636 1138 3692 quam
1208 3621 1544 3693 repromisit
1606 3621 1697 3678 his
1753 3621 1855 3701 qui

180 3711 459 3783 legitime
505 3714 729 3765 certare
779 3715 1109 3782 properant.
1157 3710 1344 3766 Adhuc
1392 3712 1543 3766 enim
1580 3710 1857 3767 modicum

171 3801 627 3872 aliquantulum,
675 3801 776 3870 qui
814 3802 1075 3854 venturus
1118 3802 1216 3868 est,
1269 3801 1469 3867 veniet,
1514 3804 1568 3855 et
1596 3817 1712 3854 non
1738 3804 1852 3856 tar-

1970 1842 2111 1898 Jesu
2159 1841 2407 1897 Domino
2455 1846 2678 1898 nostro.
2729 1841 2840 1897 Sed
2886 1845 2938 1896 et
2985 1858 3153 1913 nunc,
3208 1844 3434 1912 fratres,
3478 1860 3631 1900 com-

1974 1932 2295 1988 mendamus
2339 1948 2433 1987 vos
2486 1931 2735 1997 Domino,
2790 1933 2841 1985 et
2889 1945 3074 1986 omnes
3123 1932 3170 1967 ¹¹
3217 1932 3375 1988 verbo
3433 1935 3632 2004 gratiae

1973 2022 2112 2091 ejus,
2144 2022 2245 2091 qui
2267 2024 2439 2092 potest
2482 2022 2758 2091 per/icere,
2806 2024 2857 2075 et
2885 2020 3022 2075 dare
3068 2019 3444 2077 haereditatem
3472 2022 3631 2078 nobis

1970 2125 2095 2164 cum
2152 2110 2412 2164 omnibus
2465 2111 2673 2164 sanctis
2731 2108 2863 2180 (Act.
2924 2113 3037 2177 xx).
3089 2110 3205 2177 Ipse
3259 2114 3449 2167 autem
3492 2112 3633 2168 Deus

1967 2200 2122 2270 pacis
2149 2206 2201 2254 et
2248 2196 2638 2253 consolationis
2670 2197 2712 2232 ¹³
2757 2197 2847 2253 det
2877 2200 3023 2253 vobis
3071 2198 3310 2269 idipsum
3350 2216 3539 2263 sapere
3566 2200 3630 2256 in

1970 2288 2298 2343 alterutrum
2330 2288 2503 2359 (Rom.
2537 2286 2652 2359 xv),
2686 2291 2752 2341 ut
2781 2276 2944 2342 vobis
2966 2286 3213 2342 invicem
3246 2289 3626 2358 succurratis,

1971 2383 2030 2433 et
2073 2394 2189 2432 non
2237 2376 2367 2432 sitis
2414 2376 2609 2440 divisi,
2657 2381 2721 2431 ut
2778 2377 2835 2430 in
2859 2378 3073 2442 mimes,
3121 2392 3233 2433 uno
3285 2391 3379 2433 ore
3423 2381 3476 2433 et
3517 2393 3630 2435 uno

1969 2467 2133 2524 corde
2161 2465 2534 2535 honoriﬁcetis
2563 2481 2712 2535 eum,
2759 2465 2816 2518 in
2851 2465 3222 2520 concordiam
3275 2471 3333 2521 et
3360 2467 3627 2523 consola-

1970 2559 2187 2613 tionem
2222 2556 2489 2618 fratrum,
2523 2557 2619 2625 qui
2647 2565 2812 2625 potest
2842 2556 3168 2624 ronﬁrmare
3196 2571 3286 2611 vos
3325 2556 3628 2613 secundum

1968 2644 2334 2715 Evangelium
2363 2645 2499 2716 ejus,
2515 2645 2680 2715 juxta
2708 2644 3099 2699 reuelationem
3127 2647 3324 2700 aeterni
3350 2647 3626 2717 mysterii,

1971 2735 2305 2805 temporibus
2361 2734 2571 2788 scilicet
2636 2735 2914 2804 perpetuis
2971 2734 3145 2803 (Rom.
3214 2738 3349 2802 xu),
3408 2734 3629 2807 quibus

1967 2823 2133 2879 vobis
2182 2822 2513 2876 futurorum
2564 2822 2912 2893 gaudiorum
2967 2819 3267 2893 largienda
3314 2828 3454 2877 sunt
3494 2839 3624 2879 mu-

1968 2928 2125 2967 nera.
2160 2911 2544 2980 Summopere
2576 2909 2943 2963 considerare
2981 2909 3153 2964 etiam
3188 2910 3435 2977 debetis,
3467 2913 3623 2984 quod

1968 3000 2049 3055 illi
2083 3000 2182 3072 qui
2216 3000 2492 3053 fratribus
2539 2998 2820 3063 invident,
2871 3014 3089 3068 eosque
3143 3000 3422 3054 damnare
3451 3005 3626 3071 atque

1968 3091 2207 3162 perdere
2238 3088 2501 3159 cupiunt,
2536 3104 2640 3159 per
2668 3103 2729 3142 se
2763 3089 2808 3122 ιδ
2840 3103 2950 3142 sua
2983 3088 3258 3158 dogmata
3288 3087 3625 3145 destruunt.

1974 3179 2118 3233 Dicit
2147 3176 2304 3233 enim
2353 3175 2674 3232 Dominus:
2711 3175 2878 3231 Omne
2916 3190 3147 3246 regnum
3190 3176 3252 3232 in
3295 3191 3353 3231 se
3384 3175 3626 3233 divisum

1969 3284 2077 3323 non
2107 3267 2311 3328 stabit;
2343 3268 2400 3321 et
2444 3264 2638 3321 omnis
2691 3264 2935 3321 scientia
2984 3268 3042 3319 et
3079 3263 3172 3319 lex
3220 3264 3530 3322 adversum
3562 3281 3625 3323 se

1969 3356 2174 3419 divisa.
2207 3371 2322 3411 non
2355 3354 2555 3411 stabit.
2591 3354 2841 3426 [deoque
2882 3368 3116 3410 necesse
3167 3356 3258 3409 est
3287 3358 3356 3409 ut
3382 3370 3620 3412 concor-

1968 3446 2203 3502 dialiter
2248 3444 2516 3500 salubres
2565 3442 2905 3513 suscipiatis
2954 3440 3241 3513 hortatus,
3293 3441 3439 3498 nihil
3494 3459 3622 3515 per-

1968 3534 2397 3591 contentionem
2421 3535 2680 3604 agentes,
2712 3532 2812 3586 sed
2847 3532 2917 3586 ad
2950 3547 3122 3586 omne
3157 3531 3417 3586 studium
3451 3533 3622 3587 devo-

1966 3622 2141 3679 tionis
2172 3619 2725 3684 unanimes,divinis
2752 3622 2810 3674 et
2832 3618 3167 3690 apostolicis
3189 3618 3624 3676 constitutioni-

1966 3712 2076 3767 bus
2110 3711 2380 3783 parcatis.
2416 3714 2559 3764 Data
2589 3709 2839 3780 septimo
2871 3708 2915 3744 ¹⁸
2941 3707 3075 3763 idus
3105 3708 3477 3780 septembris,
3510 3708 3622 3764 De-

1964 3800 2052 3857 cio
2073 3801 2187 3872 (13)
2210 3804 2267 3854 et
2297 3798 2550 3855 Maximo
2581 3795 2721 3852 viris
2752 3795 3098 3853 clarissimis
3121 3795 3461 3852 consulibus
3485 3796 3620 3868 (14).

1638 3907 1843 3968 Varias
1886 3907 2208 3969 lectiones.

247 4013 273 4047 ’⁷
307 4012 572 4068 Fuerunt
602 4014 764 4068 Labb.
842 4013 862 4047 ⁸
908 4013 1002 4068 llis.
1059 4012 1289 4083 Collegii
1336 4014 1517 4069 Paris.
1562 4014 1677 4068 Soc.
1727 4014 1856 4070 Jesu
1906 4017 2037 4069 teste
2089 4013 2376 4069 Harduino
2430 4012 2565 4080 legit
2613 4012 2788 4065 Arma
2837 4010 2953 4065 Dci.
2994 4010 3053 4083 ,νο
3099 4008 3156 4083 Id
3188 4005 3626 4083 mstitdv’ers‘us

164 4084 486 4139 inimicos.
568 4086 612 4119 ¹⁰
659 4087 721 4140 Id
766 4087 1111 4156 ms.,lgnea.
1194 4078 1234 4120 Π
1287 4084 1345 4139 Id
1389 4101 1492 4140 ms.
1542 4085 1818 4156 Accipite.
1896 4087 1939 4120 ¹²
1975 4090 2038 4143 In
2095 4085 2277 4141 eodem
2324 4101 2431 4140 ms.
2481 4078 2631 4139 abest
2671 4085 2906 4138 Omnes.
2986 4082 3029 4116 ¹³
3058 4082 3115 4136 Id
3144 4098 3244 4136 ms.
3281 4078 3616 4137 Solationis'

166 4157 223 4192 ³⁵
250 4158 327 4212 Id
358 4172 461 4210 ms.
500 4160 608 4211 Pro
636 4173 719 4211 se.
801 4157 842 4190 "
871 4155 1084 4212 Octavo
1118 4155 1281 4212 Labb.

1620 4237 1946 4297 Variorum
2012 4243 2197 4297 notae.

156 4357 313 4413 esse
351 4342 765 4413 respondisset.
804 4340 974 4396 Plura
1008 4343 1063 4397 in
1101 4342 1250 4396 notis
1304 4342 1705 4413 sequentibus.
1737 4344 1847 4398 Ba-

159 4412 418 4478 ronius,
453 4412 604 4468 anno
649 4415 776 4483 254,
828 4430 1071 4469 numero
1117 4414 1207 4481 32,
1259 4412 1445 4484 usque
1475 4414 1546 4468 ad
1588 4415 1674 4480 41,
1707 4414 1845 4469 item

154 4500 439 4557 nurnero
470 4486 539 4539 52)
569 4489 627 4540 et
658 4485 1013 4556 quibusdam
1045 4484 1447 4557 sequentibus.
1482 4485 1682 4540 Seven.
1720 4490 1845 4541 BIN.

237 4555 333 4627 (9)
387 4556 496 4624 Qui
541 4555 709 4611 extra
766 4556 1062 4627 Ecclesiam
1119 4555 1395 4611 ordinavit
1451 4557 1843 4612 Novatianum.

147 4626 450 4682 Novi-ltus
482 4628 580 4698 qui
609 4626 786 4682 semel
838 4626 895 4681 in
946 4629 1137 4682 Africa
1170 4644 1271 4698 por
1320 4644 1462 4683 suos
1509 4628 1846 4683 cathedram

1961 4347 2116 4415 rnnt.
2151 4324 2456 4415 ltesqgesta
2495 4341 2851 4415 describitur
2877 4358 2913 4415 a
2953 4338 3236 4415 Cypriane
3284 4334 3458 4408 epist.
3489 4349 3622 4415 nux

1963 4414 2032 4468 ad
2086 4410 2419 4482 Cornelium,
2482 4417 2540 4468 ct
2596 4429 2668 4467 ιιι
2725 4412 2794 4466 ad
2852 4412 3241 4476 Antonianum,
3286 4410 3623 4482 secundum

1964 4485 2278 4540 editionem
2323 4479 2563 4551 Pamcl.,
2599 4490 2654 4536 et
2703 4487 2932 4537 constat
2974 4496 3043 4535 ex
3095 4479 3339 4551 epistola
3371 4479 3626 4536 Cornelii

1963 4559 2036 4611 ad
2083 4557 2312 4611 Fabium
2364 4555 2773 4619 Antiochenam,
2827 4568 3003 4622 quam
3058 4566 3127 4606 ex
3178 4553 3421 4606 Eusebio
3467 4567 3623 4607 nunc

1963 4628 2217 4699 primum
2254 4627 2313 4681 in
2346 4626 2454 4681 hoc
2484 4630 2642 4699 torno
2672 4625 3051 4679 conciliorum
3097 4624 3358 4699 imprimi
3392 4623 3624 4678 curavi-

147 4702 393 4753 contra
447 4676 780 4753 cdthedram
841 4699 966 4753 diro
1026 4676 1344 4754 schismate
1402 4698 1736 4767 collocarat,
1785 4705 1851 4754 ut
1880 4676 1925 4740 D
1962 4676 2114 4754 inus.
2150 4699 2357 4753 Baron.
2394 4697 2663 4768 prscdicto
2697 4711 2848 4752 anno
2896 4710 3138 4751 numero
3185 4676 3257 4750 ὃὸ
3284 4700 3343 4750 et
3372 4711 3624 4768 sequen-

144 4769 448 4825 infelicia
503 4771 770 4842 germina
831 4771 954 4841 ipse
1013 4786 1145 4826 cum
1196 4769 1553 4825 Felicissimo
1611 4787 1727 4824 uno
1786 4787 1851 4826 ac

146 4843 381 4913 primo
432 4845 512 4896 tot
561 4841 882 4896 infelicium
928 4858 1188 4913 casuum
1238 4846 1490 4911 auctore,
1541 4842 1599 4897 in
1659 4846 1850 4897 trans-

147 4911 501 4985 iriarinam
534 4930 767 4985 quoque
814 4912 1129 4967 Ecclesium
1182 4919 1543 4985 prepagarct.
1606 4914 1849 4968 Romam

144 5000 221 5037 sn
260 4982 791 5057 c-Jntulit,‘nactus
844 4982 1407 5057 occasionemqsédi's
1431 4986 1717 5057 vacantis,
1752 5002 1855 5057 per

142 5057 456 5111 truudem
496 5056 813 5112 multorum
855 5056 1084 5111 animos
1123 5055 1234 5127 sibi
1279 5055 1627 5127 conciliavit,
1664 5062 1728 5111 ut
1754 5055 1851 5112 eo-

140 5143 313 5200 rum
376 5128 588 5200 favore,
641 5132 726 5182 vel
778 5129 921 5200 ipse,
975 5127 1059 5200 vel
1112 5126 1318 5200 saltem
1372 5126 1701 5198 aliquis'ex
1740 5127 1852 5183 sibi

138 5198 523 5253 faventibus
558 5199 614 5253 in
657 5198 1133 5269 sede'pontiﬁcia
1180 5198 1514 5263 collocetur,
1569 5204 1742 5270 atque
1776 5200 1855 5255 ita

136 5270 373 5342 semel
424 5270 741 5326 conflatum
797 5270 1055 5326 schisma
1106 5274 1307 5325 contra
1344 5271 1709 5342 Cyprianum
1741 5288 1851 5342 ire-

135 5340 368 5396 citius
400 5342 701 5397 solidetur.
752 5341 861 5397 Sed
914 5358 1071 5409 cum,
1111 5346 1220 5396 Deo
1271 5340 1516 5409 volente,
1551 5341 1854 5398 Cornelius

131 5412 462 5485 Opinione
494 5413 666 5468 citius
704 5415 960 5485 pontifex
1004 5418 1320 5477 crearetur,
1357 5431 1458 5485 per
1490 5414 1752 5469 fraudem
1787 5431 1854 5470 ac

129 5483 412 5553 dctum,
450 5483 725 5557 gravibus
773 5486 1087 5541 calumniis
1120 5485 1176 5539 in
1228 5483 1561 5557 Cornelium
1605 5485 1851 5557 sparsis,

132 5560 396 5628 praeter
449 5556 663 5612 multos
713 5558 1075 5612 contessores
1125 5556 1309 5628 gloria
1361 5556 1689 5628 praeclaros,
1736 5560 1854 5613 tres

134 5626 500 5699 epiSCOpos
531 5629 591 5684 in
623 5629 897 5684 eumdem
931 5626 1262 5695 concitavit,
1310 5626 1410 5700 qui
1462 5626 1853 5684 Novatianum

129 5698 561 5774 clandestine
589 5700 926 5774 pontiﬁcem
969 5705 1301 5774 Romanum
1328 5698 1584 5774 electum
1616 5700 1853 5774 ordina-

132 5775 351 5851 runt,
385 5774 447 5835 et
474 5770 736 5853 primum
767 5771 1029 5855 schisma
1047 5770 1314 5835 Ecclesia
1334 5772 1609 5837 Romanis
1639 5771 1854 5839 conﬂa-

1962 4772 2140 4826 tibus.
2176 4775 2376 4824 Seven.
2414 4769 2537 4823 Bm.

2032 4839 2144 4912 (l0)
2179 4842 2560 4897 Nicostratum.
2595 4843 2672 4893 De
2712 4854 2777 4895 eo
2810 4840 2975 4911 Cypr.
3028 4838 3131 4910 Ep.
3182 4853 3354 4892 vam
3384 4843 3441 4892 et
3468 4852 3625 4892 χιιι.

1967 4916 2146 5055 mali.)
2184 4982 2383 5055 .ttulros
2410 4998 2442 5036 a
2476 4988 2620 5038 recta
2661 4980 2772 5055 βίᾳ
2804 4981 3060 5055 recedere
3105 4982 3373 5055 fecerunt.
3410 4979 3622 5055 [toma-

1965 5050 2069 5109 nos
2104 5050 2342 5110 clericos
2376 5054 2429 5108 in
2462 5050 2877 5109 errore'adhuc
2909 5054 3172 5107 detentos
3207 5052 3401 5118 hosce,
3435 5050 3622 5103 Maxi-

1964 5142 2151 5194 mum,
2175 5122 3256 5191 Nicostratum,Urbanum,Sidonium.
3277 5121 3621 5189 Macarium,

1963 5196 2314 5264 Cclerinum,
2346 5202 2405 5252 et
2434 5196 2600 5264 alios,
2636 5212 2750 5252 uno
2783 5196 2942 5251 Moss
2990 5194 3326 5266 presbytero
3359 5197 3622 5266 excepto,

1964 5269 2021 5323 in
2055 5286 2221 5325 suam
2256 5263 2604 5325 sententiam
2647 5283 2748 5340 per
2796 5266 2961 5340 dolos
2992 5263 3058 5340 ac
3107 5263 3342 5340 fraudes
3373 5263 3622 5340 pellexe-

1964 5346 2124 5403 runt,
2158 5345 2221 5396 ut
2253 5345 2406 5412 patet
2435 5356 2502 5394 ex
2535 5336 3109 5412 prae—dictaepistola.
3142 5336 3511 5412 SevaR._Bm.

2034 5406 2336 5494 (12).,Qdia
2382 5406 2554 5494 neque
2610 5427 2772 5491 mors.
2826 5406 3063 5494 Hiecne‘t
3106 5406 3416 5494 sequentia
3472 5420 3623 5494 stupe

1964 5478 2192 5607 repetiilt
2214 5478 2508 5538 Mercator
2538 5484 2594 5537 in
2629 5481 2804 5535 variis
2848 5479 3189 5552 pontiﬁcum
3224 5478 3622 5534 Romanorum

1964 5560 2150 5607 enisto
2181 5555 2248 5607 is.
2290 5564 2453 5607 LABB.

1964 5555 2248 5611 epistolis.
2290 5564 2453 5608 tunc.

1974 5574 2248 5629 Βριειοιιιξ.
2290 5574 2453 5608 LABB.

1974 5658 1979 5662 ~
2037 5627 2149 5693 (13)
2185 5628 2365 5682 Decio.
2398 5627 2558 5679 Anno
2585 5622 2694 5677 250
2727 5627 2831 5679 aut
2858 5637 2981 5693 seq.
3015 5621 3192 5693 ιΑΒβ.

2060 5628 2129 5683 13
2185 5628 2365 5682 Decio.
2398 5628 2558 5679 Anno
2585 5628 2694 5677 250
2727 5628 2831 5679 aut
2858 5637 2981 5693 seq.
3015 5628 3192 5677 Lana.

2037 5628 2151 5773 Eli)
2180 5696 2522 5758 Consulibus.
2566 5695 2695 5756 Non
2743 5701 2886 5755 sunt
2930 5693 2989 5750 in
3019 5687 3635 5826 fastiminponeuleh

3289 5778 3349 5823 Br
