4102 6180
484 283 597 352 8'71

983 414 1132 475 845
1176 416 1525 473 EPISTOLA
1564 417 1633 472 Ιῐ.

680 543 753 582 AD
793 542 998 582 RUFUM
1036 527 1081 562 ¹⁶
1120 540 1510 581 COEPISCOPUM
1550 540 1929 580 ORIENTALEM.

483 640 922 691 ARGUMENTUM.
953 663 1020 673 —
1053 635 1128 688 Ne
1157 631 1467 687 sacerdotes
1495 631 1738 699 Domini,
1767 632 1908 686 sicut
1938 631 2131 701 vulgus

551 707 687 762 solet
745 708 950 776 facere,
1004 709 1350 776 praesumant
1373 704 1679 776 juraregvel
1708 702 2126 776 compellantur,

554 779 608 835 1.
639 778 700 834 Si
726 775 1127 833 sacramentum
1156 776 1223 830 ab
1266 776 1529 846 episcopis
1553 775 1678 844 ﬁeri
1723 775 1929 846 debeat.
1960 775 2014 828 2.
2050 779 2131 830 De

551 851 731 906 causis
776 851 1169 921 episcoporum,
1213 845 1371 921 etut
1415 845 1678 918 quidquid
1727 845 1980 902 adversus
2026 846 2123 902 ab-

547 925 725 978 sentes
755 919 962 990 agitur,
995 936 1224 976 vacuum
1255 919 1539 974 habeatur.

479 1044 794 1087 cessamus
815 1042 1122 1084 EPISCOPUS
1143 1041 1296 1082 auro
1317 1025 1359 1060 ¹⁷
1388 1041 1728 1081 cospxscopo
1753 1025 1795 1060 ¹⁸
1818 1043 1875 1080 IN
1906 1041 2126 1081 sommo

1164 1112 1441 1154 SALUTEM.

546 1225 733 1299 Exigit
759 1223 989 1280 dilectio
1037 1215 1159 1291 tua,
1211 1222 1390 1278 frater
1419 1219 1782 1291 charissime,
1833 1225 1896 1277 ut
1924 1238 1992 1278 ex
2022 1238 2125 1278 au-

475 1315 740 1373 ctoritate
768 1313 934 1371 Sedis
965 1312 1078 1385 (15)
1109 1309 1438 1383 apostolicae
1467 1309 1586 1366 tuis
1616 1310 1960 1367 deberemus
1984 1325 2122 1366 con-

474 1403 730 1462 sultibus
774 1401 1143 1475 respondere.
1192 1399 1355 1464 Quod
1398 1397 1534 1455 licet
1579 1415 1696 1455 non
1743 1398 1985 1471 prolixe,
2021 1399 2123 1455 sed

473 1495 766 1551 succincte
795 1509 964 1565 agere
987 1490 1418 1558 festinaremus,
1453 1493 1688 1562 propter
1707 1490 1994 1560 quasdam
2017 1488 2127 1544 im-

467 1584 879 1657 portunitates,
913 1597 1038 1651 quae
1071 1577 1286 1635 nostris
1323 1578 1816 1650 prmpedientibus
1846 1578 2121 1650 peccatis,

466 1674 526 1728 in
560 1689 666 1728 nos
695 1684 1100 1742 supervenere,
1135 1667 1253 1723 tuis
1285 1672 1477 1723 tamen
1511 1683 1612 1739 per
1633 1666 1858 1739 reliqua
1886 1671 2120 1723 sancto-

467 1778 601 1818 rum
634 1763 873 1816 Patrum
918 1757 1188 1813 instituta
1219 1755 1432 1812 studiis
1483 1755 1818 1828 perquirere
1847 1755 2025 1812 latius
2067 1760 2124 1812 et
2152 1792 2200 1857 B

466 1850 814 1923 investigare
845 1846 1261 1920 permittimus.
1291 1846 1412 1903 Non
1436 1845 1590 1901 enim
1623 1850 1814 1916 potest
1835 1861 2002 1901 mens
2033 1849 2120 1900 at-

467 1942 624 2008 trita,
657 1945 714 1995 et
738 1937 1015 1994 oneribus
1058 1940 1234 2006 atque
1282 1932 1828 2006 importunitatibus
1859 1940 2118 2005 gravata,

466 2014 696 2089 tantum
719 2027 855 2084 boni
879 2042 1170 2099 peragere,
1195 2029 1478 2096 quantum
1504 2023 1788 2079 delectata
1807 2029 1865 2079 et
1886 2041 2122 2096 oppres-

465 2121 733 2180 sionibus
764 2116 976 2174 soluta.
1029 2116 1154 2171 Non
1187 2129 1322 2186 ergo
1360 2112 1476 2168 ista
1517 2113 1590 2168 ob
1637 2112 1695 2167 id
1730 2113 2119 2184 praetulimus,

466 2219 530 2268 ut
557 2212 681 2267 haec
711 2212 770 2264 et
798 2207 934 2275 alia,
967 2222 1094 2276 quas
1129 2201 1459 2259 necessaria
1501 2201 1620 2258 fore
1649 2202 2114 2274 cognoverimus,

463 2307 576 2358 tua:
608 2297 904 2356 sanctitati
935 2293 1182 2350 velimus
1211 2293 1534 2364 denegare:
1560 2291 1660 2347 sed
1692 2291 1846 2362 quod
1880 2291 1976 2347 hic
2007 2292 2115 2347 mi-

466 2407 580 2446 nus
610 2386 923 2453 invenitur,
957 2384 1133 2440 latius
1164 2381 1554 2454 perquiratur.

540 2484 583 2534 1.
615 2479 1054 2534 Saeramentum
1086 2477 1284 2527 autem
1324 2469 1609 2524 hactenus
1639 2469 1750 2541 (16)
1782 2487 1815 2524 a
1863 2471 2116 2526 summis

467 2565 866 2624 sacerdotibus
897 2561 984 2618 vel
1019 2561 1117 2616 Dei
1145 2559 1436 2614 ministris
1455 2557 1603 2629 exigi
1638 2559 1701 2625 ιθ,
1728 2557 1841 2613 nisi
1872 2575 1974 2630 pro
2002 2559 2115 2614 ﬁde

465 2662 642 2722 recta,
659 2653 900 2710 minime
921 2648 1323 2722 cognovimus,
1339 2663 1442 2702 nec
1455 2651 1808 2719 spontaneos
1821 2648 1868 2682 ²⁰
1879 2648 2116 2718 jurasse

463 2743 806 2818 reperimus.
841 2741 1222 2810 Summopere
1249 2753 1386 2809 ergo
1421 2741 1660 2793 sanctus
1690 2735 1942 2793 Jacobus
1972 2753 2113 2810 apo-

463 2834 650 2892 stolus
681 2831 997 2905 prohibens
1037 2830 1494 2893 sacramentum,
1543 2825 1821 2896 loquitur,
1868 2825 2108 2882 dicens:

464 2932 610 2982 Ante
636 2923 851 2986 omnia,
880 2923 1080 2989 fratres
1111 2918 1238 2982 mei,
1256 2916 1426 2972 nolite
1443 2916 1666 2988 jurare,
1691 2931 1864 2986 neque
1887 2932 1986 2986 per
2012 2933 2111 2972 cte-

463 3015 599 3082 lum,
627 3025 806 3084 neque
833 3025 928 3081 per
957 3017 1179 3072 terram,
1224 3021 1400 3076 neque
1437 3004 1591 3060 aliud
1633 3005 1992 3077 quodcunque
2009 3007 2109 3076 ju-

459 3111 790 3161 ramentum.
838 3100 923 3155 Sit
962 3107 1149 3154 autem
1193 3112 1369 3152 sermo
1413 3099 1603 3164 vester,
1654 3097 1764 3164 Est,
1818 3100 1915 3164 est,
1967 3097 2104 3163 Non,

454 3210 606 3250 non:
655 3201 714 3248 ut
759 3206 872 3245 non
919 3188 1018 3244 sub
1056 3187 1339 3260 judicium
1387 3184 1648 3240 decidatis
1684 3185 1884 3246 (Iacob.
1930 3188 2006 3253 v).
2039 3184 2108 3241 Et

456 3282 740 3340 Dominus
773 3281 829 3335 in
861 3276 1206 3350 Evangelio:
1242 3275 1480 3331 Audistis
1509 3275 1638 3346 quia
1667 3274 1869 3330 dictum
1901 3279 1978 3330 est
2006 3292 2108 3330 an-

453 3374 658 3444 tiquis:
705 3371 827 3426 Non
870 3367 1158 3440 pejerabis,
1211 3364 1396 3421 reddes
1444 3373 1623 3420 autem
1675 3364 1898 3420 Domino
1941 3365 2108 3436 jura-

451 3466 637 3518 menta
667 3468 786 3517 tua.
821 3459 928 3529 Ego
957 3466 1139 3511 autem
1171 3456 1296 3510 dico
1333 3455 1476 3510 vobis
1505 3469 1612 3508 non
1637 3454 1831 3522 jurare
1859 3457 2106 3523 omnino,

449 3565 624 3622 neque
645 3565 743 3621 per
769 3548 984 3614 ca’lum,
1038 3546 1167 3617 quia
1217 3544 1444 3599 thronus
1490 3543 1589 3598 Dei
1635 3551 1753 3598 est:
1800 3559 1976 3614 neque
2008 3559 2109 3616 per

451 3649 665 3695 terram
698 3639 830 3708 quia
872 3635 1172 3690 scabellum
1222 3642 1299 3688 est
1343 3633 1554 3703 pet/um
1602 3634 1760 3703 ejus:
1808 3649 1986 3704 neque
2006 3649 2106 3704 per

450 3729 904 3798 Hierosolymam,
937 3725 1067 3795 quia
1113 3725 1310 3778 civitas
1356 3722 1546 3791 magni
1593 3723 1736 3791 regis
1782 3730 1900 3776 est:
1933 3738 2107 3793 neque

445 3834 544 3889 per
567 3821 726 3888 caput
757 3826 910 3870 tuum
944 3814 1248 3884 jaraveris,
1291 3814 1422 3882 quia
1469 3827 1574 3866 non
1605 3819 1774 3881 potest
1805 3828 1979 3866 unum
2007 3829 2102 3867 ca-

445 3907 644 3979 pillum
674 3905 862 3960 album
909 3907 1089 3972 facere
1136 3906 1230 3956 aut
1279 3904 1522 3968 nigrum.
1576 3900 1658 3954 Sit
1703 3903 1890 3954 autem
1928 3917 2103 3957 sermo

444 4002 642 4064 vester,
694 3997 808 4061 Est,
856 3995 953 4059 est,
1005 3993 1142 4057 Non,
1191 4006 1338 4045 non:
1386 3989 1526 4060 quod
1571 4001 1759 4044 autem
1805 3989 1889 4044 his
1927 3989 2101 4044 abun-

443 4086 666 4141 dantius
691 4089 794 4150 est,
835 4100 868 4138 a
917 4081 1064 4136 malo
1113 4089 1189 4135 est
1235 4079 1441 4150 (Matth.
1492 4083 1568 4146 v),
1620 4077 1674 4131 id
1723 4084 1830 4145 est,
1879 4079 1951 4134 ab
1982 4079 2099 4135 exi-

441 4179 612 4246 gente
641 4179 698 4227 et
727 4191 760 4228 a
782 4173 1040 4243 jurante.
1081 4171 1224 4235 Haec,
1250 4170 1428 4222 frater
1457 4166 1821 4230 cbarissime,
1845 4169 1969 4239 ipse
2001 4170 2102 4224 Do-

442 4265 637 4320 minus
668 4262 822 4317 846
872 4259 1158 4332 prohibet,
1207 4257 1263 4311 id
1314 4261 1422 4322 est,
1477 4273 1590 4310 non
1639 4256 1848 4311 debere
1873 4258 2095 4328 jurare.

437 4352 568 4408 Haec
599 4349 844 4423 apostoli
881 4347 1130 4403 maxime
1163 4363 1388 4413 omnes,
1420 4345 1540 4399 hanc
1590 4345 1776 4400 sancti
1808 4345 1912 4400 viri
1945 4364 2098 4418 pra;-

440 4441 772 4496 decessorcs
807 4438 1007 4506 nostri,
1038 4435 1137 4508 qui
1171 4435 1306 4491 huic
1353 4439 1564 4489 sanctae
1614 4433 1925 4490 universali
1957 4452 2095 4507 apo-

440 4528 654 4584 stolica:
679 4527 936 4583 Ecclesiae
969 4526 1315 4598 prmi‘uerant
1338 4529 1471 4578 ante
1491 4539 1617 4587 nos,
1643 4521 1763 4578 haec
1795 4523 2090 4595 Prophetas
2124 4529 2168 4592 D

437 4621 494 4674 et
524 4616 728 4688 reliqui
757 4616 938 4670 sancti
975 4617 1260 4683 doctores,
1296 4629 1396 4684 per
1429 4613 1764 4667 universum
1799 4613 2086 4668 mundum

436 4705 685 4780 dispersi
716 4706 782 4760 ad
835 4703 1292 4777 prmdicanduin,
1330 4702 1670 4772 jnramenta
1719 4701 1840 4757 fieri
1873 4707 2087 4758 vetant.

1549 285 1653 344 AD
1696 285 1765 344 S.
1810 284 2262 348 CORNELIUM
2310 288 2822 356 APPENDICES.

3693 47 3710 72 λ
3739 36 3970 92 ,τῖες-τη

3695 314 3784 378 8ἶῖ

2162 419 2216 485 Α
2246 419 2500 484 Quorum
2535 440 2642 480 nos
2672 423 2936 496 exempla
2964 425 3007 462 ²¹
3055 426 3106 483 si
3136 429 3462 501 coeperimus
3501 451 3786 517 enumerare,

2243 515 2345 564 aut
2366 511 2424 566 in
2448 512 2730 569 schedula
2750 514 2861 571 hac
2879 515 3153 584 inserere,
3182 522 3314 574 ante
3335 520 3536 580 deﬁciet
3555 526 3675 586 hora
3689 511 3790 603 diei,

2241 614 2418 670 quam
2450 617 2652 657 eorum
2684 604 2947 675 exempla
2977 606 3046 660 de
3077 605 3185 661 hac
3207 623 3374 664 causa
3401 611 3669 682 prohibita.
3694 622 3792 685 Qus

2239 704 2345 743 nos
2379 696 2710 762 sequentes,
2744 699 3080 750 sanctorum
3119 697 3514 772 apostolorum,
3541 719 3797 782 eorumque

2240 793 2648 836 successorum
2672 782 2811 852 jura
2838 782 3168 850 ﬁrmamus,
3196 789 3253 840 et
3276 796 3604 848 sacramenta
3620 793 3802 856 incauta

2236 867 2359 922 ﬁeri
2393 869 2795 939 prohibemus.
2827 871 2991 927 Unde
3020 876 3079 928 et
3108 872 3232 945 ipse
3253 873 3535 948 Dominus,
3554 879 3605 937 in
3631 885 3802 945 tabulis

2236 953 2482 1049 lapideis
2515 975 2661 1049 quas
2706 959 2852 1015 Mosi
2897 960 3079 1027 dedit,
3131 962 3362 1034 propria
3406 981 3566 1022 manu
3602 971 3804 1049 scripit,

2235 1045 2476 1101 dicens:
2517 1047 2640 1103 Vide
2666 1065 2736 1105 ne
2761 1065 3019 1105 assumas
3063 1066 3264 1107 nomen
3310 1053 3515 1110 Domini
3557 1058 3628 1114 tui
3665 1063 3712 1116 in
3736 1045 3804 1120 va;

2233 1151 2368 1190 num
2395 1136 2587 1207 (Exod.
2618 1138 2732 1210 xx).
2785 1139 2853 1194 Et
2884 1138 3132 1211 reliqua,
3183 1144 3297 1196 Nos
3345 1148 3544 1215 autem,
3588 1153 3646 1202 ut
3677 1152 3811 1220 paulo

2234 1223 2505 1296 superius
2552 1225 3006 1297 praelibavimus,
3041 1235 3466 1288 sacramentum
3497 1234 3540 1269 ²²
3578 1237 3809 1312 episcopis

2234 1313 2532 1371 nescimus
2564 1314 2844 1385 oblatum,
2877 1333 2983 1372 nec
3027 1334 3290 1390 unquam
3329 1319 3449 1377 fieri
3491 1323 3818 1399 debetzquo-

2234 1402 2415 1470 niam,
2449 1408 2513 1458 ut
2543 1421 2720 1476 supra
2771 1411 3161 1486 memoratum
3194 1413 3304 1476 est,
3355 1417 3675 1484 praeceptum
3700 1421 3815 1475 ests

2232 1489 2478 1547 Domino
2508 1509 2619 1548 non
2639 1493 2970 1565 jurandum,
3001 1513 3180 1569 neque
3205 1513 3306 1567 per
3332 1499 3540 1568 caelum,
3567 1505 3683 1572 quia
3702 1504 3817 1562 thro-

2230 1597 2335 1636 nus
2365 1581 2461 1637 Dei
2504 1585 2620 1637 est:
2669 1599 2843 1655 neque
2885 1601 2984 1656 per
3031 1591 3262 1652 terram,
3309 1590 3439 1661 quia
3479 1591 3739 1648 scabellum
3760 1605 3820 1652 est

2229 1669 2428 1740 pedum
2459 1671 2612 1742 ejus:
2644 1688 2818 1743 neque
2861 1690 2962 1744 per
2989 1678 3151 1740 caput
3194 1693 3375 1744 suum,
3406 1680 3530 1748 quia
3565 1681 3724 1736 uultus
3746 1698 3822 1755 po-

2229 1761 2328 1813 test
2375 1775 2545 1814 unum
2600 1763 2860 1833 capillum
2913 1779 3098 1820 creare
3161 1767 3384 1833 (Matth.
3440 1784 3510 1836 v;
3561 1769 3720 1826 Iacob.
3764 1772 3825 1842 v).

2234 1848 2636 1920 Unusquisque
2657 1851 2813 1906 enim
2837 1851 2990 1907 sicut
3010 1857 3142 1909 ante
3163 1853 3345 1911 altare
3366 1859 3542 1922 stans,
3575 1859 3661 1913 Dei
3687 1858 3824 1915 timo-

2229 1955 2350 1993 rem
2383 1938 2556 1994 habet
2600 1956 2714 2011 praa
2761 1940 2967 2009 oculis,
3018 1946 3074 1998 et
3123 1944 3418 2016 pr0priam
3468 1948 3827 2004 conscientiam

2228 2028 2508 2082 mundam
2541 2033 2730 2084 servat
2760 2029 2893 2088 Deo.
2915 2031 3068 2102 quod
3095 2031 3152 2086 in
3186 2033 3469 2089 memoria
3492 2035 3701 2105 retinet,
3730 2035 3827 2091 nul-

2225 2115 2457 2172 latenus
2489 2116 2663 2172 habet
2693 2118 3094 2190 intermittere,
3129 2122 3432 2192 quoniam,
3462 2139 3518 2178 os
3550 2125 3676 2195 quod
3701 2142 3830 2180 men-

2225 2207 2386 2274 titur,
2418 2207 2620 2262 occidit
2647 2209 2898 2262 animam
2926 2207 3076 2280 (Sap.
3114 2208 3176 2281 ι).
3208 2210 3280 2265 Et
3309 2213 3601 2282 apostolus
3629 2213 3731 2268 ait:
3753 2215 3827 2268 Lo-

2223 2295 2466 2366 quimini
2510 2296 2794 2352 veritatem
2849 2299 3226 2370 unusquisque
3283 2317 3413 2355 cum
3457 2305 3692 2372 proximo
3737 2320 3828 2369 suo,

2223 2386 2484 2455 quoniam
2531 2400 2719 2440 sumus
2775 2387 3008 2442 invicem
3063 2388 3314 2444 membra
3383 2390 3595 2462 (Ephes.
3649 2391 3733 2462 ιν).
3779 2390 3830 2445 Et

2223 2471 2361 2527 alibi
2388 2490 2401 2528 :
2435 2473 2613 2530 Nolite
2640 2476 2868 2530 mentiri
2897 2476 3131 2531 invicem
3160 2477 3392 2548 (Coloss.
3425 2482 3532 2549 ιιι).

2293 2561 2424 2617 Haec
2454 2566 2592 2617 sunt
2613 2567 2900 2635 praecepta
2920 2562 3263 2633 Salvatoris,
3284 2566 3409 2622 haec
3443 2567 3831 2640 Prophetarum,

2222 2650 2342 2706 haec
2374 2655 2710 2707 sanctorum
2745 2651 2977 2708 Patrum
3020 2653 3295 2710 instituta
3321 2657 3459 2727 (17).
3501 2657 3633 2721 Quae
3660 2657 3704 2712 si
3731 2656 3836 2729 quis

2222 2739 2279 2795 in
2309 2756 2524 2795 vanum
2583 2739 2830 2808 duxerit,
2889 2741 3077 2799 hostis
3123 2748 3218 2800 est
3277 2744 3489 2801 animo:
3531 2762 3676 2801 suae:
3725 2744 3835 2816 quis

2219 2845 2391 2885 nemo
2448 2833 2651 2886 contra
2693 2829 3027 2903 prophetas,
3079 2849 3254 2889 nemo
3303 2839 3511 2890 contra
3563 2832 3835 2907 apostolos,

2218 2937 2389 2976 nemo
2414 2923 2616 2975 contra
2657 2919 3034 2991 Evangelium
3084 2922 3222 2977 facit
3271 2923 3503 2996 aliquid
3533 2925 3736 2995 absque
3759 2939 3837 2995 pe-

2217 3007 2400 3064 riculo
2432 3010 2615 3080 (Cone.
2650 3007 2834 3063 Carth.
2871 3024 2888 3063 ι
2919 3025 3039 3065 can.
3071 3009 3181 3082 43).
3218 3011 3290 3066 Et
3332 3028 3696 3084 summopere
3722 3027 3835 3083 pra-

2215 3097 2533 3153 videndum
2565 3102 2654 3152 est
2685 3114 2756 3152 ne
2785 3103 3076 3168 pastorem
3109 3115 3292 3155 suum
3317 3117 3477 3168 oves,
3503 3118 3628 3174 qua:
3656 3101 3701 3156 ei
3723 3115 3842 3154 com-

2137 3155 2180 3223 (ἶ
2220 3186 2414 3242 missae
2446 3187 2693 3254 fuerant,
2726 3155 3149 3257 reprehendere
3177 3188 3296 3259 (18)
3329 3155 3477 3260 (nisi
3503 3155 3539 3244 ἑ
3709 3203 3840 3243 exor-

2219 3274 2510 3343 bitaverit)
2566 3291 2752 3345 neque
2799 3291 3074 3332 accusare
3122 3283 3548 3348 praesumant:
3602 3277 3841 3349 quoniam

2215 3363 2364 3420 tales
2394 3363 2793 3420 accusationes
2821 3364 2939 3420 vim
2981 3382 3095 3420 non
3146 3365 3399 3437 habent,
3446 3383 3635 3440 neque
3664 3367 3739 3421 eis
3765 3380 3843 3420 no-

2217 3470 2344 3509 cere
2374 3458 2641 3524 possunt.
2678 3454 2855 3511 Unum
2886 3471 3030 3520 vero,
3078 3455 3432 3526 charissimi,
3467 3462 3536 3512 ut
3573 3457 3652 3512 ait
3678 3457 3849 3512 beatus

2217 3543 2517 3615 apostolus
2566 3543 2797 3606 Petrus,
2844 3559 2953 3600 non
3004 3543 3176 3600 lateat
3229 3562 3352 3614 vos,
3405 3550 3541 3617 quia
3588 3561 3720 3601 unus
3756 3543 3848 3597 dies

2214 3632 2360 3703 apud
2390 3630 2680 3687 Dominum
2709 3633 2856 3688 sicut
2903 3633 3055 3689 mille
3100 3636 3273 3705 anni,
3305 3644 3362 3691 et
3411 3636 3569 3691 mille
3593 3633 3852 3690 annisirut

2214 3737 2356 3775 unus
2383 3720 2517 3777 dies.
2550 3721 2667 3777 Non
2699 3721 2876 3776 tardat
2921 3723 3186 3778 Dominus
3235 3727 3540 3796 promissis
3569 3726 3634 3791 ²³,
3664 3723 3751 3778 sed
3770 3736 3849 3792 pa-

2213 3813 2410 3866 tienter
2452 3811 2584 3883 agit
2627 3815 2855 3883 propter
2903 3827 2994 3866 vos
3039 3814 3235 3868 nolens
3285 3814 3518 3886 aliquos
3563 3807 3853 3886 ρετ-ἱνα,πά

2211 3914 2397 3954 omnes
2426 3900 2496 3954 ad
2524 3901 2904 3971 paenitentiam
2955 3905 3170 3957 reverti.
3228 3904 3517 3960 Adveniet
3566 3907 3735 3958 autem
3760 3900 3854 3955 die:

2213 3988 2432 4044 Domini
2460 3993 2519 4043 ut
2547 3990 2662 4058 fur,
2693 3991 2756 4043 in
2784 4006 2890 4059 qua
2917 3991 3044 4044 ca’li
3089 4007 3296 4061 magno
3345 3993 3562 4064 impetu
3594 3990 3852 4052 transient,

2209 4077 2480 4132 elementa
2526 4093 2650 4132 vero
2698 4078 2880 4132 calore
2924 4079 3205 4133 solventur
3256 4081 3334 4152 (II
3383 4083 3550 4137 Petri
3595 4085 3699 4148 ιιι).
3739 4078 3853 4133 Cum

2209 4165 2330 4221 hinc
2380 4166 2560 4234 igitur
2607 4166 2755 4221 847
2809 4167 3008 4221 omnia
3057 4167 3453 4226 dissolvenda
3507 4169 3648 4236 sint,
3693 4183 3754 4224 ex
3783 4162 3855 4220 bis

2208 4256 2451 4327 potestis
2511 4255 2897 4324 considerare,
2949 4255 3151 4326 quales
3208 4264 3458 4330 oportet
3511 4276 3613 4315 vos
3659 4273 3771 4313 esse
3812 4252 3855 4306 in

2207 4344 2426 4399 sanctis
2458 4344 2999 4400 conversationibus
3020 4350 3079 4400 et
3108 4346 3472 4416 pictatibus,
3495 4347 3858 4421 exspectantes

2205 4438 2264 4489 et
2292 4438 2666 4506 properantes
2697 4433 2754 4488 in
2789 4433 3102 4489 adventum
3125 4435 3248 4490 diei
3276 4436 3413 4506 Dei,
3435 4455 3543 4509 per
3573 4452 3736 4509 quem
3757 4429 3858 4490 coeli

2203 4523 2473 4578 ardentes
2506 4521 2825 4588 solventur,
2856 4527 2914 4578 et
2942 4521 3244 4580 elementa
3278 4525 3449 4598 ignis
3472 4527 3679 4582 ardore
3706 4522 3858 4579 tabes-

2201 4617 2351 4668 eent.
2381 4633 2408 4661 «
2433 4611 2547 4668 Vos
2569 4621 2784 4676 autem,
2809 4610 3165 4681 cbarissimi,
3193 4614 3358 4670 dixit
3381 4616 3414 4671 J
3426 4617 3579 4672 udas
3602 4609 3860 4686 apostolus

2200 4703 2282 4775 (In
2313 4703 2552 4774 Epistola
2583 4717 2685 4757 sua
2713 4703 3004 4773 canonica,
3033 4719 3184 4759 vers.
3229 4706 3346 4772 17),
3385 4721 3682 4761 memores
3708 4702 3858 4757 estote

1818 4883 2021 4944 Varias
2079 4883 2400 4946 lectiones.

507 5022 552 5058 ια
582 5019 893 5075 Rusticum
953 5017 1122 5070 Alias.
1207 5012 1247 5048 ¹⁷
1313 5013 1543 5067 Rustico
1601 5013 1768 5087 Alias.
1850 5016 1892 5049 ¹⁸
1949 5017 2230 5087 Episcopo
2287 5017 2459 5072 Alias.
2543 5016 2586 5052 ¹⁹
2615 5019 2698 5073 Ita
2754 5016 2923 5073 etiam
2982 5014 3341 5074 Gratianus:
3407 5022 3472 5076 in
3520 5022 3594 5076 cit
3636 5036 3727 5073 ms.
3779 4996 3863 5067 Ve1

438 5092 685 5164 reliquis
717 5090 888 5159 exigi.
969 5089 1013 5121 ²⁰
1043 5089 1103 5140 In
1289 5085 1646 5168 ms._ethapud
1703 5085 2025 5168 Gratianum
2075 5085 2626 5168 Nec_spont_e_eos.
2707 5091 2901 5168 “_Nos
2933 5097 3303 5168 _sanctorum
3358 5098 3692 5168 sequentes
3720 5087 3862 5143 Alias-

438 5165 486 5200 ²²
517 5155 636 5221 Nos
666 5155 1108 5218 sacramentum
1141 5157 1314 5212 Alias.
1390 5157 1435 5191 ³³
1463 5155 1554 5212 Sic
1582 5172 1682 5211 ms.
1718 5173 1769 5229 q.
1803 5159 1918 5214 alia
1946 5158 2252 5226 Promissi,
2281 5155 2346 5215 ut
2375 5165 2426 5215 et
2453 5163 2644 5215 Graeca
2671 5161 2895 5230 vulgata
2923 5161 3122 5216 Latina
3154 5155 3666 5220 Promissibnem.

1850 5319 2182 5381 Variorum
2241 5325 2431 5381 notae.

506 5483 619 5555 (15)
660 5481 992 5538 Auctoritute
1038 5479 1205 5534 sedis.
1257 5481 1422 5555 Greg.
1473 5477 1656 5548 Epist.
1708 5479 1798 5555 3},
1844 5479 1945 5555 lib.
1985 5495 2084 5555 xxi.

506 5549 618 5623 (16)
672 5557 1100 5623 Sacrumentum
1150 5559 1331 5623 autem
1377 5549 1666 5623 hactenus.
1719 5551 1960 5623 Quando
2015 5553 2086 5606 ab

433 5620 723 5701 episcopis
780 5622 1138 5701 ac_reli_quis
1194 5620 1424 5701 clericis
1468 5623 1874 5701 juramentum
1932 5622 2088 5701 licite

434 5693 760 5773 prastatur,
791 5696 879 5754 vel
906 5695 1211 5773 exigatur,
1258 5694 1400 5773 vide.
1436 5693 1771 5773 canonistas
1814 5696 1869 5760 2,
1881 5711 1997 5773 qu.
2030 5695 2084 5765 4,

436 5763 565 5833 can.
599 5763 1329 5837 Sacramentum'hactenus,
1368 5763 1440 5823 de
1482 5780 1596 5839 quo
1627 5763 1847 5841 prolixe
1875 5763 2087 5827 cover;

2199 5479 2415 5561 ruvias,
2439 5478 2667 5561 aliique
2697 5479 3143 5561 plures._Ssvan.
3182 5481 3329 5561 Biar.
3365 5558 3385 5561 _
3689 5555 3703 5561 _
3801 5551 3810 5561 _

2267 5554 2382 5626 (17)
2430 5554 2657 5607 Patrum
2709 5555 2982 5626 instituta.
3037 5555 3134 5626 Ep.
3210 5557 3292 5610 ad
3347 5558 3631 5613 Oceanum
3672 5555 3738 5610 de
3767 5554 3864 5607 vita

2197 5623 2563 5699 clericorum,
2592 5625 2750 5699 _apu_d
2783 5623 3228 5699 Hieronymum.
3267 5627 3461 5684 Lana.

2267 5695 2376 5770 (l8)
2409 5691 2836 5770 Reprehendere.
2866 5691 3017 5755 Con.‘
3047 5697 3221 5755 Rom.
3259 5717 3321 5768 ν,
3372 5702 3524 5833 δίιἓὲ
3551 5691 3864 5774 Symmach.

3525 5788 3582 5831 Β.

3525 5788 3582 5831 Β.
