2051 3090
131 122 183 154 873
719 121 921 153 EPISTULE
941 122 1236 155 SUPPOSlTlTlAE.
1770 126 1829 156 87‘

130 188 281 218 verborum
296 197 359 225 qua
376 188 513 225 praedicta
528 190 597 216 sunt
626 189 662 216 ab
678 189 817 225 apostolis
834 189 948 217 Domini
966 193 990 224 Α
1008 193 1051 217 est
1067 191 1121 227 (23)
1137 191 1187 226 qui
1209 193 1302 219 nocet.
1319 190 1376 218 Nec
1405 191 1569 227 quidquam
1595 192 1663 219 mali
1692 192 1761 226 vult,
1779 193 1828 227 qui

114 230 115 233 l
131 235 219 263 nostri
233 234 304 263 Jesu
320 233 641 269 Christi,quidieebant
651 234 885 270 vobis,quoniam
899 235 949 262 «in

130 279 284 308 novissimo
299 281 431 315 tempore
445 278 714 311 venientillusores,
727 283 886 306 secundum
897 287 951 306 sua

130 323 271 353 desideria
286 324 471 351 ambulantes
502 323 686 359 impietatum
703 323 736 350 ".
760 323 794 350 Hi
815 325 885 351 sunt
900 323 949 359 qui

131 370 283 405 segregant
296 368 481 404 semetipsos,
498 367 651 395 animales.
669 368 808 404 Spiritum
823 376 879 395 non
898 368 950 396 ha-

129 414 237 442 bentes.
252 413 311 441 Vos
323 415 432 445 autem,
449 411 877 448 charissimi,superazdicantes
887 421 950 440 vos-

129 458 267 494 metipsos
282 457 474 486 sanctissimae
489 459 591 484 vestra:
601 456 715 492 fidei,in
731 456 950 492 Spiritusaneto

128 505 253 536 orantes,
269 502 349 538 ipsos
363 510 414 529 vos
424 501 454 529 in
470 500 623 529 dilectione
638 500 689 529 Dei
708 503 830 535 servate,
847 509 950 536 exspe—

128 549 238 575 ctantes
255 546 487 574 misericordiam
503 545 619 573 Domini
637 545 730 573 nostri
745 545 814 573 Jesu
845 545 951 573 Christi

128 592 157 619 in
174 591 262 618 vitam
272 592 420 618 aeternam.
432 590 526 618 Ethos
538 589 655 625 quidem
670 589 950 625 arguitejudicatos,

128 636 192 664 illos
207 643 273 663 vero
285 635 394 663 salvete
409 635 444 662 de
457 634 523 670 igne
539 634 694 670 rapientes.
710 633 783 662 Aliis
791 636 888 661 autem
896 633 951 661 mi-

129 680 266 708 seremini
281 680 310 706 in
324 679 440 713 timore,
456 679 589 706 odientes
605 680 633 706 et
658 686 734 713 eam,
751 687 814 714 quea
826 678 952 706 carnalis

128 728 172 752 est
187 724 364 752 maculatam
379 723 521 751 tunicam.
539 734 553 747 »
569 722 674 751 Nullus
689 723 746 758 (19)
762 723 838 750 enim
856 731 951 750 sacer-

130 770 230 797 dotum
249 777 368 797 causam
381 775 464 795 suam
482 768 577 795 alieno
594 767 951 803 commitlatjudicio,nisi

128 814 164 841 ad
180 813 283 841 Sedem
299 812 488 848 apostolicam
505 811 851 847 fueritappellatum.Sed
863 820 952 839 unus-

127 858 253 894 quisque
268 856 526 893 comprovinciales
538 856 653 892 judices
668 857 734 892 (20),
752 859 780 884 et
796 859 879 884 notos
899 856 951 884 ha-

128 903 203 935 beat,
219 902 275 929 nisi
293 901 420 937 aliquam
431 902 489 929 vim
501 901 659 929 temeraria:
676 901 875 929 multitudinis
892 901 951 928 illic

129 947 268 981 timuerit,
286 948 335 973 aut
349 946 482 979 infestos,
499 947 549 973 aut
573 947 724 981 suspectos
743 946 814 973 inibi
835 946 951 981 judices

129 991 275 1026 habuerit,
293 999 344 1027 pro
356 991 464 1026 quibus
480 990 577 1018 causis
593 990 628 1017 ad
638 990 758 1024 maioris
769 990 952 1018 auctoritatis

122 1036 251 1071 judices,
263 1037 292 1063 et
307 1035 340 1062 ad
359 1035 431 1063 alias
447 1034 610 1071 provincias
637 1034 785 1071 appellare
799 1037 828 1063 et
855 1035 952 1063 venire

127 1088 299 1108 concessum
316 1082 370 1108 est.

163 1126 197 1153 II.
215 1124 318 1153 Omnia
334 1131 402 1159 ergo
418 1132 483 1160 quae
498 1124 639 1152 adversus
653 1124 675 1142 ’⁸
687 1123 859 1152 absentesin
872 1124 952 1152 omni

123 1169 241 1205 negotio
255 1170 305 1196 aut
320 1169 383 1196 loco
400 1170 529 1204 aguntur
544 1170 595 1196 aut
620 1168 803 1204 judicantur,
833 1170 952 1196 omnino

119 1218 297 1242 evacuentur
312 1221 318 1241 :
337 1213 475 1248 quoniam
487 1213 638 1241 absentem
654 1212 759 1241 nullus
776 1213 953 1247 addicit,nec

123 1258 203 1286 848
220 1257 279 1285 ulla
293 1257 339 1285 lex
354 1257 476 1285 damnat
491 1257 558 1293 (21).
577 1257 671 1285 Facile
701 1266 769 1294 ergo
788 1257 875 1286 homo
902 1258 953 1285 ho-

123 1303 237 1331 minem
254 1301 353 1330 fallere
369 1304 474 1338 potest,
491 1310 547 1329 non
565 1304 661 1330 tamen
681 1303 770 1330 Deum
784 1302 851 1338 (22),
869 1303 954 1338 cujus

122 1347 219 1376 oculis
235 1347 335 1375 omnia
353 1347 432 1374 nuda
447 1349 517 1374 sunt
539 1348 569 1374 et
584 1349 695 1382 aperta.
722 1347 801 1375 Unde
830 1347 871 1375 ait
886 1347 953 1374 Pro-

125 1393 216 1429 pheta
234 1401 240 1419 :
259 1392 390 1419 Dominus
413 1392 489 1418 novit
513 1392 693 1427 cogitationes
717 1391 870 1426 hominum,
887 1400 954 1427 quo-

122 1438 206 1465 niam
229 1443 309 1465 vanae
333 1439 398 1463 sunt
424 1436 511 1471 (l’sal.
532 1435 622 1472 κοίῃ).
654 1436 776 1472 Sapiens
800 1444 868 1472 ergo
896 1445 954 1464 non

1005 234 1099 263 ﬁdelis
1114 237 1168 268 est,
1183 238 1232 263 aut
1247 235 1383 272 cuiquam
1401 235 1525 263 insidias
1546 236 1738 264 machinatur.
1756 236 1828 263 lior-

1005 281 1111 313 tamur,
1130 280 1226 313 frater,
1239 281 1754 314 etmonemustuamdilectionem,ut
1766 289 1829 308 om-

1005 332 1057 351 nes
1067 326 1282 360 semper,prout
1293 323 1397 352 melius
1412 325 1552 360 potueris,
1570 326 1697 360 adjuves,
1715 325 1828 353 confor-

1006 371 1048 396 tes
1064 371 1092 396 et
1108 368 1278 396 consoleris.
1289 369 1324 397 Et
1335 372 1526 402 sacramenta,
1535 378 1623 405 super
1635 369 1744 405 quibus
1757 370 1830 397 hanc

1006 416 1138 441 sanctam
1171 414 1344 447 Romanam,
1375 423 1407 441 ac
1434 414 1630 442 universalem
1671 415 1830 442 Ecclesiam

1005 458 1157 486 consulere
1170 458 1298 492 voluisti,
1316 459 1378 486 ﬁeri
1397 458 1596 494 prohibeas,et
1612 459 1759 486 neminem
1775 468 1831 487 un-

1006 510 1093 538 quam
1109 503 1230 531 infestes
1246 505 1296 531 aut
1310 511 1424 531 noceas.
1442 503 1516 538 Haec,
1534 503 1631 535 frater,
1655 504 1691 531 ad
1708 504 1833 539 reliquo-

1006 555 1071 574 rum
1089 547 1211 575 fratrum
1223 547 1357 575 notitiam
1368 549 1419 575 tua
1428 547 1661 575 faciatsanctitns
1672 548 1831 583 pervenire,

1006 593 1038 619 ut
1053 600 1154 619 omnes
1170 592 1231 619 haec
1247 591 1325 619 mula
1339 593 1470 620 caveant.
1499 594 1529 618 Et
1558 592 1634 619 sicut
1658 592 1832 627 generaliter

1006 638 1064 663 tam
1075 636 1111 663 ab
1122 636 1185 672 ipso
1200 636 1425 672 Domino,quam
1437 645 1453 664 a
1469 636 1578 663 sanctis
1590 639 1618 663 et
1630 636 1750 672 reliquis
1762 645 1831 672 apo-

1006 679 1117 708 stolicis
1132 680 1213 713 viris,
1229 683 1257 708 et
1272 681 1384 708 caeteris
1399 680 1545 712 Patribus,
1572 683 1641 708 sunt
1672 681 1830 717 prohibita,

1007 724 1046 752 ita
1062 725 1235 760 generaliter
1249 725 1285 752 ab
1308 725 1445 752 omnibus
1461 725 1674 753 custodiantur.
1691 726 1767 753 Bene
1782 734 1830 753 va-

1006 768 1064 796 lere
1079 770 1135 805 (24)
1152 769 1362 797 beatitudinem
1390 772 1472 797 tuam
1496 777 1611 805 semper
1639 772 1786 805 optamus,
1803 773 1831 797 et

1007 813 1099 841 sacris
1118 813 1277 841 virtutibus
1294 814 1433 850 proﬁcere
1458 816 1485 841 te
1514 814 1726 847 desideramus,
1745 815 1832 842 frater

1007 857 1177 886 cbarissime
1193 861 1279 893 atque
1295 858 1507 886 amantissime.
1527 859 1598 885 Data
1615 859 1768 886 undecimo
1780 859 1830 886 ka-

1006 901 1204 937 lendasjunii,
1221 902 1343 930 Maximo
1360 902 1415 938 (25)
1431 904 1460 930 et
1474 902 1560 930 Decio
1576 902 1645 930 viris
1658 902 1831 930 clarissimis

1007 946 1190 975 consulibus.

1315 1023 1518 1051 DECRETUM.

1007 1086 1044 1110 Ex
1059 1086 1177 1111 Gratiani
1191 1086 1241 1118 (26)
1257 1086 1364 1111 decreto
1390 1086 1570 1117 desumptum,
1589 1086 1615 1110 in
1632 1086 1766 1117 prioribus
1783 1087 1833 1111 De-

1249 1117 1391 1143 cretslibua
1405 1124 1460 1142 non
1475 1120 1591 1142 exstans.

1152 1185 1183 1213 Ut
1198 1194 1216 1213 ιι
1221 1185 1329 1221 jejunis
1338 1185 1501 1221 juramenla
1514 1186 1687 1220 praestentur.

1044 1257 1203 1285 Honestum
1220 1257 1307 1285 etiam
1322 1257 1438 1284 videtur
1452 1259 1484 1284 ut
1505 1257 1553 1292 qui
1571 1256 1599 1284 in
1621 1256 1730 1284 sanctis
1747 1256 1833 1284 audet

1005 1303 1117 1337 jurare,
1133 1301 1187 1329 hoc
1199 1302 1320 1337 jejunus
1343 1301 1429 1329 faciat
1458 1309 1522 1329 cum
1541 1301 1619 1328 omni
1637 1301 1788 1328 honestate
1805 1302 1834 1328 et

1008 1347 1113 1374 timore
1129 1346 1188 1379 Dei,
1205 1348 1233 1373 et
1243 1348 1274 1372 ut
1285 1346 1365 1381 pueri
1373 1348 1538 1373 anteannos
1546 1345 1765 1381 quatuordecim
1775 1353 1832 1374 non

1009 1393 1151 1427 cogantur
1161 1391 1272 1426 jurare.

838 1503 942 1533 Variae
964 1503 1125 1534 lectiones.

162 1568 185 1585 ³⁸
198 1567 244 1596 Sic
257 1577 309 1597 ms.
325 1576 350 1603 q.
366 1567 493 1595 editionis
507 1567 634 1603 Vulgataa,
645 1565 682 1594 sic
691 1569 717 1594 et
731 1565 834 1595 Greca.
852 1565 913 1593 Alia
929 1565 960 1593 In
975 1565 1135 1601 impietate.
1152 1565 1265 1592 Excusa
1281 1564 1381 1592 habent
1395 1564 1427 1592 In
1449 1564 1659 1600 impietatibus.
1685 1563 1707 1581 ⁸³
1723 1563 1740 1591 3
1763 1572 1788 1600 q.
1805 1564 1834 1600 ϐ,

123 1604 227 1632 Omnia
242 1604 446 1640 quaeadversus.

836 1651 999 1681 Variorum
1024 1653 1119 1681 notae.

162 1711 220 1746 (19)
235 1710 343 1738 Nullus.
359 1710 443 1737 Amb.
460 1710 512 1746 Ep.
534 1709 577 1746 297
600 1710 628 1746 in
649 1708 747 1746 ἀει-γει.
778 1708 824 1746 lyp
843 1708 897 1746 lib.
915 1716 951 1736 xv.

173 1743 220 1777 20)
234 1747 351 1774 Iudices.
369 1745 455 1773 Hard.
472 1743 533 1772 coll.
552 1745 594 1772 17.
612 1745 684 1772 Item
700 1745 727 1775 5.
744 1745 771 1777 8,
785 1744 829 1777 30,
841 1743 886 1775 32,
896 1745 951 1771 etc.

173 1780 220 1810 21)
237 1782 365 1810 Damnat.
382 1781 468 1808 Conc.
492 1781 625 1808 Chalced.
642 1780 726 1808 initio
743 1780 866 1807 actionis
881 1781 917 1807 X.

161 1815 220 1853 (22)
236 1819 329 1846 Deum.
341 1817 411 1844 Sixti
427 1817 508 1844 Sent.
536 1817 597 1851 176,
623 1818 651 1844 et
677 1816 762 1852 paulo
779 1818 844 1851 post
858 1815 910 1842 292
927 1817 955 1842 et

121 1855 220 1925 202953)
235 1889 306 1924 Ergo
316 1897 372 1917 non
386 1890 434 1917 est.
452 1888 478 1915 6.
496 1896 524 1923 q.
550 1888 575 1915 1.
591 1887 705 1923 Sapiens
728 1894 783 1914 non
811 1889 859 1914 est.
877 1886 952 1913 Alle-

1008 1709 1094 1743 gatur
1107 1709 1202 1735 tamen
1217 1707 1256 1734 ibi
1277 1707 1331 1735 sub
1353 1708 1472 1735 nomine
1486 1707 1565 1735 Lucii
1583 1716 1663 1743 papas
1682 1715 1835 1736 successo-

1008 1744 1048 1771 ris
1064 1743 1201 1776 Cornelii,
1218 1743 1268 1770 ubi
1280 1743 1368 1771 etiam
1380 1744 1512 1771 habetur.

1043 1779 1101 1813 (24)
1118 1779 1300 1807 Bcnevalere.
1317 1780 1345 1807 S.
1363 1779 1456 1806 Bonif.
1474 1788 1518 1813 ep.
1535 1780 1561 1806 8.

1045 1815 1100 1849 (25)
1115 1815 1244 1842 Maximo.
1262 1817 1346 1842 Anno
1360 1815 1414 1842 250
1425 1817 1486 1842 aut.
1499 1823 1560 1850 seq.

1044 1851 1101 1885 (26)
1117 1851 1158 1878 Ex
1174 1850 1311 1878 Gratiani.
1330 1850 1460 1878 Gratian.
1478 1851 1522 1883 16,
1539 1849 1584 1883 22,
1611 1859 1638 1885 q.
1664 1851 1690 1877 5.
1708 1849 1836 1877 Veriuse

1010 1886 1161 1922 Capitular.
1181 1887 1197 1913 ι.
1215 1895 1234 1914 i.
1251 1895 1276 1914 c.
1292 1887 1337 1914 63.
1353 1886 1529 1914 Hmoumrs.

710 2062 980 2105 APPENDIX
1025 2062 1233 2105 TERTIA
1243 2090 1254 2102 .

885 2226 1085 2259 MONITUM.

161 2316 224 2344 Etsi
239 2323 323 2343 suam
339 2313 466 2342 habeant
483 2313 629 2350 propriam
641 2312 878 2349 peculiaremque
893 2311 1092 2350 collectionem
1108 2311 1245 2350 concilia,
1267 2319 1417 2350 neeperse
1433 2312 1468 2350 ad
1485 2313 1615 2350 nostram
1632 2313 1761 2350 veterum
1779 2312 1835 2340 Pa-

122 2354 209 2380 trum
226 2351 434 2379 Bibliotheoam
451 2348 627 2385 pertineant,
643 2348 744 2385 utpote
759 2357 824 2385 quas
839 2357 902 2376 eam
915 2349 976 2383 jam
988 2349 1060 2376 satis
1072 2349 1148 2376 mole
1163 2357 1217 2376 sua
1232 2348 1416 2384 grandiorem
1447 2348 1671 2385 inrimmcnsum
1688 2349 1835 2382 efferrent,

123 2387 272 2416 nonnulla
287 2393 382 2415 tamen
398 2384 491 2414 obiter
506 2386 582 2413 inter
597 2385 706 2421 scripta
721 2385 841 2412 Patrum
857 2384 984 2421 inserere
997 2385 1137 2421 oportuit,
1154 2385 1268 2421 quoties
1283 2393 1396 2421 nempe,
1411 2384 1509 2420 qualia
1524 2387 1594 2412 sunt
1609 2392 1642 2412 ea
1658 2393 1721 2420 qua
1729 2393 1835 2421 sequn-

122 2426 186 2460 tur,
204 2422 400 2452 necessariam
415 2422 524 2450 habent
539 2429 572 2449 ac
586 2419 764 2449 indivulsam
779 2428 845 2449 cum
861 2420 997 2456 operibus
1008 2419 1127 2448 Patrum
1144 2419 1362 2448 connexionemi
1374 2419 1445 2448 Eon.

274 2854 402 2887 PATHOL.
427 2851 479 2885 Ill.

1660 2851 1704 2884 ΞΒ
