4102 6180
457 311 574 375 883

1519 305 1622 370 AD
1669 308 1733 369 s.
1780 305 2239 369 CORNELIUM
2285 304 2800 366 APPENDICES.
3277 263 3292 274 ’
3686 321 3775 385 83,

460 442 521 498 in
553 440 813 515 periculo
847 442 891 479 ¹⁸
922 458 1038 498 non
1079 443 1465 510 deserantur;
1497 441 1599 497 sed
1631 456 1769 514 grex
1819 439 2012 495 omnis
2046 439 2104 493 in
2136 443 2191 510 Α
2226 436 2450 494 Domini
2483 437 2574 495 sui
2605 437 2864 504 nomine,
2899 454 2964 493 ac
2988 453 3089 512 pro
3112 453 3222 494 sua
3242 438 3416 496 salute
3444 446 3580 503 stare
3604 449 3778 511 fortiter

460 547 645 588 unum
669 535 1143 605 congregetur,et
1162 531 1450 588 exercitus
1473 530 1701 586 Domini
1724 530 1795 585 ad
1816 533 2110 585 certamen

465 620 688 677 militia:
723 621 970 677 ccelestis
1001 626 1283 678 armetur.
1318 620 1523 676 Merito
1583 619 1742 676 enim
1772 619 2115 675 trahebatur

467 710 790 767 dolentium
815 711 1156 783 pcenitentia
1177 715 1438 783 tempore
1466 709 1747 782 longiore,
1779 713 1844 763 ut
1863 708 2114 764 infirmis

466 799 582 873 (11)
613 799 670 854 in
703 799 859 854 exitu
892 799 1046 857 856
1097 799 1524 864 subveniretur,
1558 797 1814 870 quandiu
1865 797 2034 869 quies
2059 799 2116 852 et

469 887 867 961 tranquillitas
893 889 1113 956 aderat,
1148 906 1275 960 quae
1321 887 1549 943 differre
1579 886 1677 942 diu
1713 885 2115 958 plangentium

468 977 782 1050 lacrymas,
834 983 891 1033 et
919 976 1230 1032 subvenire
1261 992 1390 1033 sero
1439 974 1826 1032 morientibus
1858 975 1916 1030 in
1947 975 2115 1030 inﬁr-

469 1066 670 1124 mitate
700 1071 1017 1139 pateretur.
1069 1067 1142 1121 At
1187 1082 1319 1121 vero
1368 1082 1523 1121 nunc
1562 1082 1676 1120 non
1707 1064 1982 1133 inﬁrmis,
2015 1065 2115 1120 sed

469 1155 718 1213 fortibus
751 1172 861 1226 pax
891 1155 1221 1211 necessaria
1263 1158 1387 1211 est:
1439 1171 1546 1211 nec
1578 1154 1984 1222 morientibus,
2016 1154 2116 1210 sed

465 1244 795 1301 viventibus
853 1243 1304 1300 communicatio
1365 1261 1400 1299 a
1455 1244 1625 1300 nobis
1670 1245 1864 1300 danda
1893 1247 2018 1300 est:
2053 1247 2120 1299 ut

475 1349 626 1406 quos
655 1332 981 1389 excitamus
1009 1337 1067 1389 et
1096 1332 1404 1388 hortamur
1424 1333 1496 1389 ad
1519 1331 1796 1404 praelium,
1821 1349 1935 1388 non
1967 1332 2118 1388 iner-

473 1438 600 1480 mes
633 1426 690 1478 et
721 1423 913 1478 nudos
945 1421 1370 1494 relinquamus,
1431 1423 1532 1478 sed
1592 1423 1946 1493 protectione
1983 1438 2119 1476 san-

475 1511 676 1585 guinis
728 1515 785 1567 et
840 1511 1102 1583 corporis
1152 1509 1366 1565 Christi
1427 1510 1538 1582 (12)
1583 1510 1922 1565 muniamus
1953 1510 2030 1563 17:
2065 1514 2121 1565 et

471 1617 610 1677 cum
643 1600 714 1656 ad
746 1599 854 1656 hoc
885 1599 986 1654 fiat
1035 1598 1422 1666 ltlucharistia,
1453 1603 1518 1654 ut
1567 1598 1751 1671 possit
1783 1597 2119 1671 accipienti-

476 1691 590 1746 bus
620 1704 749 1745 esse
775 1687 976 1758 tutela,
998 1705 1146 1760 quos
1168 1692 1324 1743 tutos
1344 1704 1472 1744 esse
1494 1693 1697 1744 contra
1726 1689 2120 1744 adversarium

471 1777 746 1835 volumus
779 1778 842 1849 1³,
867 1777 1232 1833 munimento
1261 1776 1568 1832 Dominicee
1589 1777 1916 1833 saturitatis
1939 1793 2122 1833 arme-

473 1884 629 1925 mus.
660 1871 807 1922 Nam
839 1867 1128 1938 quomodo
1158 1867 1437 1922 docemus
1470 1871 1570 1921 aut
1609 1884 1991 1939 provocamus
2021 1883 2118 1923 eos

471 1957 534 2013 in
565 1954 928 2012 confessione
958 1954 1216 2011 nominis
1245 1954 1593 2026 sanguinem
1649 1971 1822 2010 suum
1857 1956 2118 2023 fundere,

475 2044 527 2102 si
557 2044 641 2101 eis
670 2043 1007 2100 militaturis
1053 2043 1267 2099 Christi
1321 2043 1667 2115 sanguinem
1725 2045 2127 2114 denegamus?

476 2139 579 2191 aut
601 2133 894 2204 quomodo
916 2132 988 2188 ad
1012 2131 1272 2204 martyrii
1299 2132 1572 2203 poculum
1593 2133 1829 2189 idoneos
1853 2133 2122 2199 facimus,

481 2223 532 2280 si
563 2240 676 2278 non
699 2238 800 2279 eos
824 2221 988 2294 prius
1021 2222 1089 2276 ad
1123 2221 1442 2276 bibendum
1475 2221 1534 2276 in
1561 2221 1818 2278 Ecclesia
1847 2223 2123 2293 poculum

483 2311 715 2368 Domini
739 2311 874 2382 jure
905 2309 1456 2367 communicationis
1495 2311 1865 2367 admittimus
1885 2312 1913 2366 ?

556 2400 653 2456 III.
687 2400 974 2456 Interesse
1001 2399 1191 2468 debet,
1225 2399 1404 2454 frater
1449 2399 1814 2471 charissima,
1849 2400 2000 2456 inter
2027 2416 2126 2456 eos

485 2489 587 2563 qui
614 2489 704 2545 vel
735 2491 1232 2562 apostataverunt,
1264 2493 1320 2544 et
1350 2489 1420 2543 ad
1465 2487 1746 2544 saeculum
1788 2489 1880 2543 cui
1913 2505 2126 2544 renun-

483 2578 768 2635 tiaverant
824 2576 1057 2648 reversi,
1117 2577 1411 2650 gentiliter
1465 2577 1688 2643 vivunt,
1723 2578 1808 2634 vel
1840 2581 1908 2634 ad
1944 2579 2124 2634 here-

482 2668 629 2725 ticos
686 2667 1003 2740 transfuga:
1061 2667 1218 2734 facti,
1273 2670 1475 2723 contra
1528 2666 1845 2723 Ecclesium
1887 2668 2128 2740 parrici-

482 2755 636 2813 dalia
666 2755 928 2829 quotidie
958 2771 1122 2810 arma
1150 2755 1514 2827 suscipiunt:
1538 2759 1595 2812 et
1615 2756 1768 2812 inter
1797 2773 1896 2812 eos
1923 2757 2023 2828 qui
2055 2757 2126 2812 ab

479 2844 743 2900 Ecclesiae
801 2843 948 2926 $51
1010 2841 1214 2900 limine
1269 2860 1384 2899 non
1445 2845 1800 2911 recedentes,
1831 2850 1888 2900 et
1915 2845 2127 2918 implo—

479 2938 676 2992 rantes
723 2932 946 3006 jugiter
974 2949 1040 2988 ac
1089 2933 1354 2989 dolenter
1405 2933 1519 3006 (13)
1577 2933 1773 2989 divina
1803 2938 1860 2990 et
1889 2938 2130 3006 paterna

479 3022 708 3095 solatia,
741 3037 899 3078 nunc
931 3039 994 3079 se
1024 3022 1097 3078 ad
1155 3038 1414 3094 pugnam
1475 3027 1710 3094 paratos
1761 3039 1909 3092 esse,
1941 3026 1994 3078 et
2027 3039 2128 3095 pro

2222 533 2280 584 et
2309 544 2570 600 pugnare
2600 528 2972 600 proﬁtentur.
3003 529 3116 584 Hoc
3149 527 3207 582 in
3238 532 3479 603 tempore
3505 551 3675 606 pacem
3701 559 3780 599 nos

2223 634 2338 673 non
2372 617 2821 688 dormientibus,
2855 617 2952 673 sed
2983 616 3356 688 vigilantibus
3377 621 3594 692 damus;
3623 645 3779 698 pacem

2225 722 2340 761 non
2369 704 2612 769 deliciis,
2643 705 2744 760 scd
2769 705 2949 760 armis
2972 705 3185 760 damus
3208 722 3222 774 ;
3255 722 3443 776 pacem
3462 726 3564 765 non
3586 714 3645 768 ad
3665 717 3786 786 quie-

2224 799 2364 862 tem,
2397 795 2496 850 sed
2538 793 2608 849 ad
2668 794 2852 850 aciem
2911 793 3144 849 damus.
3203 793 3278 865 Si,
3335 799 3626 856 secundum
3668 806 3785 874 quod

2225 899 2323 939 eos
2356 884 2632 939 audimus
2664 887 2722 938 et
2751 886 3023 954 optamus
3053 887 3110 938 et
3139 884 3424 940 credimus
3469 887 3589 958 (14),
3617 890 3792 948 fortiter

2226 974 2511 1039 steterint,
2546 977 2603 1028 et
2633 972 3034 1028 adversarium
3059 972 3431 1028 nobiscumin
3454 981 3792 1049 congressione

2227 1063 2664 1134 prostraverint,
2700 1078 2813 1117 non
2846 1060 3084 1133 poenitet
3132 1078 3329 1132 pacem
3360 1066 3678 1121 concessisse
3702 1074 3791 1124 tam

2229 1152 2497 1222 fortibus,
2557 1151 2675 1206 imo
2729 1151 3098 1223 episcopatus
3155 1151 3336 1207 nostri
3391 1151 3558 1210 honor
3606 1158 3795 1226 grandis

2227 1246 2284 1297 et
2312 1240 2498 1313 gloria
2525 1245 2634 1305 est,
2668 1257 2868 1312 pacem
2899 1241 3132 1296 dedisse
3157 1241 3517 1314 martyribus,
3548 1249 3605 1298 ut
3644 1262 3796 1302 sacer-

2228 1331 2415 1396 dotes,
2448 1331 2545 1402 qui
2580 1329 2865 1386 sacrificia
2924 1329 3019 1385 Dei
3063 1331 3106 1365 ¹⁰
3160 1330 3274 1402 (15)
3326 1331 3568 1402 quotidie
3593 1333 3800 1391 celebra-

2229 1436 2386 1486 mus,
2420 1419 2641 1474 hostias
2671 1418 2785 1474 Deo
2817 1423 2872 1474 et
2903 1419 3171 1474 victimas
3220 1436 3611 1491 praeparemus.
3647 1423 3695 1478 Si
3722 1440 3802 1480 au-

2228 1512 2369 1575 tem,
2402 1509 2556 1579 quod
2590 1507 2877 1563 Dominus
2933 1512 3154 1562 avertat
3213 1524 3246 1563 a
3303 1509 3562 1565 fratribus
3618 1513 3802 1582 nostris,

2231 1597 2447 1668 aliquis
2475 1596 2775 1667 lapsorum
2812 1595 3098 1662 fefellerit,
3119 1601 3182 1652 ut
3203 1614 3400 1669 pacem
3423 1599 3642 1655 subdole
3663 1604 3802 1672 petat,

2231 1693 2287 1743 et
2319 1685 2714 1758 impendentis
2747 1684 2927 1757 prielii
2977 1690 3240 1758 tempore
3287 1689 3807 1745 communicationem

2232 1793 2345 1831 non
2381 1775 2749 1847 praeliaturus
2778 1773 3044 1845 accipiat,
3077 1791 3139 1830 se
3167 1774 3364 1847 ipsum
3395 1776 3534 1831 fallit
3551 1782 3602 1832 et
3620 1777 3808 1849 decipit,

2229 1864 2329 1937 qui
2361 1863 2517 1918 aliud
2569 1864 2742 1919 corde
2800 1863 3071 1929 occultat,
3131 1868 3188 1918 et
3239 1864 3396 1919 aliud
3439 1881 3567 1921 voce
3602 1883 3813 1937 pronun-

2228 1954 2354 2008 tiat.
2389 1954 2526 2018 Nos,
2560 1953 2618 2007 in
2650 1957 2938 2024 quantum
2971 1952 3140 2008 nobis
3195 1957 3253 2008 et
3310 1954 3496 2008 videre
3525 1955 3813 2025 etjudicare

2233 2042 2593 2107 conceditur,
2629 2040 2832 2096 faciem
2861 2041 3229 2111 singulorum
3263 2042 3554 2110 videmus;
3583 2059 3669 2098 cor
3693 2060 3815 2098 scru-

2233 2132 2366 2202 tari,
2401 2135 2455 2186 et
2485 2135 2736 2186 mentem
2795 2130 3122 2202 perspicere
3181 2131 3335 2188 858
3394 2148 3503 2186 non
3535 2149 3814 2202 possumus.

2240 2223 2311 2277 De
2343 2219 2686 2290 hisjudicat
2742 2218 3102 2274 occultorum
3163 2225 3452 2276 scrutator
3504 2224 3556 2275 et
3606 2222 3820 2293 cognitor

2236 2309 2347 2365 cito
2378 2313 2677 2374 venturus,
2711 2310 2769 2363 et
2798 2308 2868 2364 de
2899 2309 3133 2364 arcanis
3191 2309 3385 2365 cordis
3441 2314 3606 2381 atque
3649 2309 3821 2364 abditis

2228 2399 2621 2469 judicaturus.
2655 2396 2871 2452 Obesse
2905 2404 3101 2453 autem
3136 2398 3277 2454 mali
3309 2399 3478 2453 bonis
3503 2415 3609 2453 non
3636 2398 3822 2462 debent,

2237 2489 2337 2544 sed
2369 2488 2558 2558 magis
2588 2486 2725 2542 mali
2761 2504 2793 2542 a
2825 2485 2995 2543 bonis
3048 2488 3338 2558 adjuvari.
3371 2487 3480 2543 Nec
3512 2487 3628 2543 ideo
3655 2492 3826 2558 marty-

2239 2577 2392 2632 rium
2427 2577 2667 2632 facturis
2699 2593 2808 2648 pax
2840 2577 3108 2649 neganda
3159 2581 3270 2648 est,
3305 2577 3442 2649 quia
3481 2582 3610 2632 sunt
3635 2576 3826 2650 quidam

2237 2667 2500 2739 negaturi
2529 2683 2542 2734 ;
2576 2682 2708 2720 cum
2739 2669 2977 2738 pr0pter
3005 2665 3114 2722 hoc
3156 2683 3270 2738 pax
3301 2668 3495 2723 danda
3521 2668 3564 2702 3°
3590 2667 3661 2722 sit
3684 2665 3829 2721 omni-

2238 2757 2347 2811 bus
2379 2754 2737 2824 militaturis,
2791 2772 2860 2808 ne
2907 2771 3008 2825 per
3056 2754 3457 2825 ignorantiam
3501 2760 3732 2811 nostram
3757 2753 3829 2807 ille

2235 2843 2479 2916 incipiat
2507 2843 2809 2915 praeteriri,
2842 2843 2943 2914 qui
2969 2843 3147 2899 habet
3176 2844 3237 2900 in
3273 2845 3466 2917 praelio
3497 2843 3750 2900 coronari.

2311 2935 2403 2989 IV.
2424 2934 2540 2989 Nec
2557 2931 2869 3005 quisquam
2895 2933 3080 2987 dicat:
3107 2933 3214 3001 Qui
3242 2934 3579 3007 martyrium
3601 2930 3830 3002 tollit(l6}

2241 3023 2529 3095 sanguine
2557 3038 2661 3078 suo
2689 3020 3021 3094 baptizatur
3052 3022 3164 3094 (17)
3191 3040 3204 3079 :
3256 3040 3362 3079 nec
3412 3040 3523 3095 pax
3549 3021 3626 3077 illi
3657 3020 3718 3076 ab
3742 3017 3832 3090 epi-

1897 3167 2102 3229 Varire
2134 3166 2448 3228 lectiones.

555 3282 600 3317 ¹⁶
628 3280 692 3337 In
724 3279 1050 3353 periculum
1075 3281 1212 3353 Tha.
1260 3283 1492 3353 Pastore
1521 3297 1655 3336 oves
1689 3281 1746 3336 in
1779 3281 2036 3353 periculo
2069 3282 2198 3337 Bod.
2224 3285 2280 3350 2,
2311 3283 2465 3336 Lam.
2498 3282 2539 3316 1⁷
2561 3277 2826 3335 Nominis
2853 3279 3069 3353 Christi
3106 3283 3262 3337 Lam.
3310 3281 3418 3337 ΝΟ.
3460 3281 3512 3335 2.
3549 3279 3592 3316 ¹⁸
3617 3280 3698 3334 Sic
3720 3278 3834 3332 Lam.

479 3353 633 3410 Pem.
664 3351 797 3409 Bod.
827 3355 877 3420 t,
899 3354 952 3408 2.
987 3351 1297 3408 Voluimus
1329 3351 1502 3409 Oxln.
1541 3354 1585 3390 ιθ
1613 3351 1911 3410 Cacrificia
1937 3354 2054 3410 Deo
2089 3354 2251 3412 Corb.
2305 3355 2348 3388 ²⁰
2380 3357 2495 3408 Pax
2527 3353 2741 3408 donata
2770 3351 2901 3407 Bod.
2935 3354 2987 3408 3.

1911 3472 2240 3533 Variorum
2281 3476 2470 3531 notae.

557 3584 687 3666 (tt).
729 3583 989 3666 (aliquis.
1051 3587 1326 3666 Erasmus
1379 3583 1626 3651 addidit,
1680 3585 1732 3666 si
1773 3587 1878 3666 ’συί
1931 3591 2123 3666 essent.
2161 3589 2201 3653 C
2241 3590 2516 3666 esse'Deo
2552 3585 2854 3666 Bsnuzuis.
2920 3583 3272 3666 Designatur
3303 3584 3375 3666 ab
3413 3581 3839 3666 .llarduinonms.

489 3655 649 3724 Quod
677 3655 734 3709 in
767 3655 927 3728 nullo
958 3671 1160 3728 eorum
1187 3659 1449 3728 veterum
1472 3655 1894 3728 exemplariUm
1917 3657 2127 3728 quibus

490 3731 621 3799 utor
650 3727 857 3799 reperi,
890 3743 1078 3797 neque
1119 3727 1175 3780 in
1228 3726 1358 3781 aliis
1414 3727 1787 3782 editionibus.
1822 3726 2128 3785 BAL'uzws.

557 3797 671 3867 (12)
716 3797 1068 3854 ‘Protectione
1121 3799 1416 3870 sanguinis
1471 3807 1522 3855 et
1589 3802 1832 3870 corporis
1901 3801 2129 3856 Christi.

489 3871 551 3923 In
584 3871 965 3939 sequentibus
1022 3871 1208 3925 docet.
1249 3870 1622 3942 AEucharistia
1677 3879 1890 3941 recepta
1946 3873 2134 3942 ﬁdeles

485 3942 722 4022 erigiet
761 3942 1015 3996 accendi.
1072 3940 1299 4022 Jureﬁid
1337 3943 1596 4022 quidem.
1631 3940 1842 4022 Na_m_a
1873 3940 2131 3998 convivio

487 4011 808 4078 Dominico,
859 4011 1485 4086 memores_Dominici
1517 4015 1854 4086 sanguinis,
1899 4023 2133 4086 sumpto

487 4089 875 4154 sacramento,
938 4084 1439 4155 quemadmodum
1493 4084 1766 4156 supréma
1825 4085 1924 4140 illa
1971 4084 2136 4143 nocte

486 4159 841 4229 praceperat
890 4157 1195 4229 Dominus,
1229 4160 1292 4210 ut
1339 4156 1630 4226 conjurati
1675 4157 1987 4228 prodibant
2015 4159 2133 4213 ala-

488 4225 633 4296 cres,
669 4225 1036 4300 mortemque
1069 4225 1290 4300 fortiter
1324 4225 1696 4300 oppetebant
1732 4245 1908 4298 quam
1945 4231 2134 4286 Domi-

489 4316 604 4356 nus
634 4315 737 4371 pro
768 4297 1032 4371 ipsorum
1063 4297 1252 4371 salute
1283 4297 1525 4355 obierat.
1560 4297 1890 4356 RiGAL'f‘lUS.

562 4370 854 4444 Si’veru’m
887 4370 1236 4441 sanguinem
1270 4387 1374 4442 pro
1425 4371 1655 4444 Christo
1699 4389 1732 4426 a
1782 4371 2136 4444 Martyribus

491 4443 858 4515 fundinemo
885 4446 1097 4515 neget;
1131 4458 1330 4515 verum
1383 4442 1595 4515 Christi
1654 4442 2002 4514 sanguinem
2034 4443 2134 4498 iis-

493 4515 627 4588 dem
658 4513 1013 4588 Martyribu's
1045 4514 1416 4588 propinatum
1464 4513 1558 4570 hic
1598 4531 1632 4570 a
1677 4513 1961 4588 Cypriano
1993 4532 2137 4587 pra-

496 4584 676 4640 dicari
710 4584 821 4639 cur
835 4584 1132 4657 negetur?
1160 4584 1475 4641 Cous'rau'r.

565 4656 678 4728 (i3)
705 4655 1071 4730 audaciter.
1109 4658 1234 4712 Haec
1263 4658 1476 4730 desunt
1507 4657 1576 4730 in
1598 4661 1849 4728 quatuor
1877 4657 2137 4730 antiquis

493 4725 946 4799 exemplaribus.
1011 4729 1073 4784 In
1134 4744 1262 4784 meo
1302 4727 1514 4799 legitur
1549 4725 1807 4786 dolentes.
1841 4730 1932 4786 Sic
1961 4725 2136 4786 etiam

493 4800 674 4856 codex
702 4799 897 4855 Sancti
927 4799 1234 4870 Arnulphi.
1271 4799 1566 4855 Bawzws.

563 4871 677 4945 (44)
725 4872 789 4945 Et
834 4875 1084 4943 optamus
1138 4871 1534 4945 et__cr_edimus.
1571 4870 1722 4945 Haec
1765 4872 2001 4945 quidem
2035 4873 2136 4929 ha-

2243 3657 2612 3712 Bibliothecaa
2644 3655 2999 3711 .lesuitarum
3032 3649 3270 3727 C'ollegii
3311 3655 3577 3710 Ludovici
3616 3654 3685 3727 lli.
3713 3649 3838 3727 Pari-

2242 3730 2366 3784 siis.
2403 3733 2624 3784 Ilou'rn.
2677 3759 2740 3768 —
2793 3727 3055 3795 Quotidie
3102 3718 3469 3783 celebramus.
3522 3729 3580 3782 ln
3635 3724 3762 3780 libro
3791 3718 3838 3774 de

2244 3799 2499 3873 Oratione
2557 3800 2863 3873 Dominicu,
2915 3815 3045 3870 pag.
3091 3801 3198 3873 209
3235 3816 3249 3854 :
3314 3799 3703 3873 Eucharistiam
3741 3808 3838 3873 quo:

2244 3873 2380 3928 tidie
2410 3872 2479 3926 ad
2508 3872 2691 3926 cibum
2735 3864 2936 3926 salutis
2983 3864 3304 3941 accipimus.
3340 3864 3837 3941 Tertullianus,lib.

2243 3961 2286 3998 ιι
2335 3944 2406 3998 ad
2463 3942 2745 3998 Uxorem:
2793 3943 2999 3997 Nesciet
3049 3938 3287 3998 niaritus
3339 3946 3472 4014 quid
3526 3938 3842 4014 secretoiontt

2243 4031 2460 4071 omnem
2490 4015 2674 4068 cibum
2701 4023 2915 4084 gustes;
2943 4019 2994 4068 et
3020 4017 3072 4067 si
3097 4016 3324 4070 sciverit
3351 4010 3570 4085 panem,
3599 4028 3697 4066 non
3725 4010 3842 4085 illuni

2243 4087 2412 4142 credit
2457 4101 2569 4140 esse
2616 4075 2722 4156 qui
2762 4087 2981 4140 dieitur.
3040 4085 3186 4141 Vide
3248 4075 3381 4157 cap'.
3435 4075 3676 4154 Quotidie
3728 4075 3842 4150 apud

2246 4159 2587 4214 Gratianum
2619 4157 2754 4211 dist.
2785 4159 2819 4210 2
2849 4157 2919 4212 de
2942 4158 3410 4214 Consecratione.
3446 4159 3761 4229 BALuzius._
3816 4218 3822 4229 '

2317 4230 2427 4302 (l6)
2457 4230 2569 4298 Qui
2596 4231 2934 4302 martyrium
2961 4229 3130 4302 tollit.
3161 4231 3275 4302 ,Sic
3312 4233 3446 4284 Luc.
3495 4227 3698 4302 1x._2-3:

2243 4297 2449 4373 rw'fcov
2474 4297 2709 4373 ίσταυρὸν
2741 4297 2924 4356 ὰύτοῦ.
2958 4300 3248 4373 Rigaltius
3282 4303 3385 4366 ait,
3422 4302 3523 4372 qui
3571 4297 3844 4373 dignatione

2246 4372 2440 4428 divina
2475 4371 2819 4446 martyrium
2851 4371 3107 4446 obtinet;
3140 4371 3488 4446 martyrium
3523 4371 3678 4438 tollit,
3709 4371 3761 4422 ut
3782 4371 3843 4417 in-

2250 4447 2360 4519 fra,
2387 4461 2547 4519 arma
2579 4443 2845 4519 tollentes.
2883 4444 3118 4519 IstLus.
3138 4518 3144 4519 ί
3289 4443 3311 4519 ξ
3494 4514 3509 4519 Δ
3729 4506 3740 4519 .

2316 4501 2429 4641 (17)
2463 4516 2746 4586 Sanguine
2775 4531 2872 4570 suo
2905 4515 3240 4586 baptizatur.
3277 4514 3616 4572 Cavendum
3639 4527 3702 4567 ne
3727 4501 3844 4588 istud

2334 4587 2491 4641 iciari
2523 4587 2844 4641 Cvnrianus
2878 4592 3132 4641 putetur.
3188 4587 3340 4641 Nam
3378 4592 3436 4641 et
3496 4590 3684 4641 postea
3709 4579 3842 4641 θβιείο

2247 4579 2491 4643 inficiari
2523 4579 2844 4657 Cvprianus
2878 4579 3132 4658 putetur.
3188 4587 3340 4642 Nam
3378 4592 3436 4643 et
3496 4590 3684 4657 postea
3709 4579 3842 4658 epist;

2253 4676 2442 4720 Lxxm,
2479 4647 2938 4714 ad'J‘ubaianu'm
2973 4658 3228 4729 scripsit,
3280 4647 3718 4729 catechumenos
3738 4647 3845 4703 iidei

2247 4747 2421 4786 causa
2453 4736 2700 4785 mortem
2725 4731 3045 4786 subeuntes
3066 4727 3161 4785 nec
3178 4731 3404 4802 privari
3435 4727 3684 4800 baptismi
3705 4733 3849 4798 saera-

2246 4806 2450 4868 mento,
2485 4810 2664 4873 utpote
2694 4805 2788 4872 qui
2819 4801 3602 4872 baptize-nturgloriosissimo
3630 4805 3676 4852 et
3699 4806 3846 4873 ηιαιτξξο

2251 4889 2334 4929 mo
2363 4864 2659 4944 sanguinis
2689 4864 3027 4944 baptismo...
3059 4864 3337 4942 sanguine
3365 4885 3551 4929 autem
3585 4883 3677 4928 suo
3704 4864 3846 4944 tot?“

493 4935 704 5025 bentur
733 4943 791 4999 in
813 4935 1046 5025 septem
1106 4941 1406 5024 codicibus
1464 4935 1890 5025 antiqpisL'Sed
1927 4945 2140 5025 desunt
2173 4961 2215 5025 D
2247 4949 2395 5025 satos
2424 4935 2764 5025 etv'passione'
2788 4935 3586 5025 sanetiﬁcatos'consummari,
3616 4943 3662 4998 et

491 5016 547 5072 in
578 5015 709 5073 aliis
739 5013 1460 5086 octoIErasmusprimus
1487 5013 1700 5086 posuit.
1737 5013 1880 5069 Nam
1911 5016 2136 5072 deside-

2247 5008 2660 5084 potlicitaliom's
2682 5019 2920 5087 gratiam
2940 5008 3415 5089 consequiAntea
3437 5018 3536 5088 qui
3563 5008 3846 5089 Martyrium

491 5093 696 5144 rantur
726 5087 787 5142 in
828 5084 1088 5156 antiquis
1130 5081 1507 5140 editionibus'.
1559 5089 1859 5141 BALUZIUS.
1914 5087 2143 5144 Primus
2242 5081 2404 5155 tollit,
2439 5089 2495 5143 id
2529 5094 2620 5144 est
2651 5081 2746 5160 q'ui
2779 5089 3038 5162 martyrii
3091 5081 3352 5159 palmam
3386 5081 3458 5144 re'
3494 5088 3658 5143 ortat.
3687 5081 3749 5139 Ut
3769 5092 3847 5134 δυο

491 5161 798 5214 Morellius.
833 5161 980 5212 teste
1011 5155 1281 5214 Pamelio.
1314 5157 1486 5212 verba
1519 5155 1640 5212 haec
1671 5157 1913 5214 addidit.
1939 5160 2137 5214 Neuue
2247 5165 2361 5214 tem
2396 5161 2657 5214 subnexa
2689 5177 2822 5214 cum
2856 5161 2946 5214 his
2978 5160 3264 5214 cohaerere
3317 5106 3687 5214 intelligatur.
3729 5163 3847 5206 reco-

489 5161 798 5223 Morellius,
833 5155 987 5212 teste
1011 5155 1281 5222 Pamelio,
1302 5157 1500 5231 verba
1519 5155 1640 5212 haec
1671 5157 1913 5214 addidit.
1939 5160 2137 5231 Neque

489 5231 643 5286 enim
696 5231 953 5284 Erasmus
995 5243 1184 5299 neque
1239 5228 1411 5283 etiam
1454 5229 1732 5284 Manutius
1761 5246 1828 5285 ea
1859 5228 2134 5288 exhibue-

490 5306 639 5357 rant.
695 5299 876 5356 Editio
930 5301 1174 5374 Romana
1221 5299 1358 5355 anni
1411 5301 1569 5374 147i,
1604 5302 1786 5374 cujus
1846 5303 2140 5374 exemplar

490 5389 793 5446 penes_me
825 5375 932 5438 est,
957 5371 1154 5440 habet,
1179 5388 1281 5429 nec
1314 5371 1483 5442 male,
1506 5372 1822 5429 audivimus
1855 5391 1955 5446 pro
1985 5371 2138 5430 audi-

495 5443 636 5501 tnns.
669 5443 895 5500 Rou'ru.

559 5515 672 5590 (15)
703 5515 1000 5590 Sacriﬁcia
1044 5514 1157 5590 Dei:
1217 5514 1561 5590 Sacriﬁcium
1590 5516 1721 5590 _Deo
1776 5521 2136 5590 ms._nostor.

493 5587 780 5646 thauma.
809 5587 1095 5657 Sacriﬁcia
1127 5589 1226 5642 Dei
1249 5605 1262 5654 ;
1296 5587 1376 5642 ita
1411 5592 1566 5643 certe
1590 5587 1768 5642 habet
1798 5588 1977 5643 codex
2000 5588 2138 5644 Cor—

492 5659 763 5720 beiensis.
788 5659 857 5717 Et
876 5663 1073 5716 tamen
1099 5657 1388 5733 Rigaltius
1407 5663 1647 5716 annotat
1664 5659 1722 5714 in
1741 5657 1839 5716 illo
1857 5661 1966 5717 scri
1976 5664 2139 5732 ptum

2247 5165 2361 5215 teni
2396 5161 2657 5216 subnexa
2689 5177 2822 5215 cum
2856 5160 2947 5215 his
2978 5160 3264 5216 cohaerere
3317 5160 3687 5231 intelligatur.
3729 5163 3848 5206 recc.

2249 5232 2481 5309 lendum
2533 5239 2624 5309 est
2671 5233 3046 5309 Eucharistiee
3107 5233 3480 5309 perceptione
3521 5231 3848 5309 nontam“?

2249 5305 2490 5366 nudam,
2529 5305 2627 5379 sed
2658 5320 2890 5379 carnem
2926 5301 3122 5359 vivam‘
3162 5322 3226 5359 ac
3277 5301 3495 5379 spiritu
3535 5301 3729 5379 Christi
3755 5305 3850 5379 ant-

2250 5381 2465 5430 matam
2502 5375 2696 5446 recipi,
2720 5387 2898 5446 adeoq
2912 5393 2980 5431 ue
3007 5393 3214 5447 corpus
3239 5369 3461 5431 Christi
3492 5369 3846 5447 percipientes,

2249 5447 2424 5502 simul
2459 5448 2733 5517 spiritum
2765 5448 2892 5518 ejus
2929 5446 3198 5518 recipere.
3231 5452 3322 5503 Ita
3355 5447 3466 5503 etsi
3521 5459 3648 5518 caro
3693 5453 3780 5518 per
3801 5446 3847 5515 §°

2251 5537 2360 5573 non
2389 5515 3246 5612 pro‘degt‘quidquam,m_ultum
3269 5515 3847 5612 tanienlprodestﬂma

2249 5607 2448 5646 secum
2483 5591 2656 5645 habet
2685 5591 2959 5662 spiritum
3017 5591 3115 5662 qui
3173 5591 3773 5662 vivificat.Couis‘rmo
3799 5603 3850 5618 ’-

2249 5663 2532 5736 Sanguine
2582 5677 2679 5719 suo
2711 5661 3047 5737 baptizatur,
3081 5661 3377 5738 Rigaltius
3418 5661 3517 5720 ait.
3572 5661 3687 5721 Tota
3715 5664 3851 5732 ρωπ-
