4102 6180
299 223 421 290 885;

1203 224 1268 284 S.
1317 223 1688 284 CYPBIANI
1738 224 1989 285 EPIST.
2037 224 2324 286 SYNOD.
2373 227 2473 286 DE
2516 225 2816 287 LAPSIS.

3598 225 3720 286 886

297 371 474 428 scopo
505 354 835 414 necessaria
853 357 962 428 est,
985 355 1258 413 habituro
1286 357 1480 430 gloriae
1505 375 1621 413 suae
1653 374 1876 430 pacem,
1900 361 1956 414 et
1983 361 2040 427 Α
2070 359 2309 415 cesserit
2333 377 2344 415 :
2371 375 2562 415 nonne
2586 359 2755 415 nobis
2775 358 3188 430 imputabitur,
3207 359 3363 430 quod
3388 362 3508 413 tam
3531 359 3721 426 bonus

301 449 611 517 accepturo
641 445 924 516 majorem
975 446 1044 500 de
1094 447 1323 502 Domini
1373 447 1710 518 dignatione
1739 463 1958 503 merce-

303 535 458 590 dem.
521 535 714 590 Primo
745 535 994 592 idoneus
1014 552 1143 592 esse
1166 553 1278 591 non
1300 540 1490 608 potest
1507 537 1619 609 (18)
1650 537 1718 592 ad
1743 541 1958 609 marty—

295 624 476 692 rium,
510 624 609 696 qui
645 624 716 680 ab
751 623 1008 680 Ecclesia
1038 641 1153 680 non
1186 629 1452 680 armatur
1472 627 1541 682 ad
1566 625 1869 698 praelium:
1905 631 1960 682 et

291 729 466 770 mens
496 714 710 778 deﬁcit,
746 730 923 786 quam
959 731 1073 770 non
1110 720 1342 786 recepta
1372 717 1414 750 ²¹
1448 716 1816 771 Eueharistia
1847 717 1957 771 eri-

293 804 384 877 git
411 805 468 858 et
498 802 766 858 accendit
795 802 862 857 ’³.
896 803 1182 859 Dominus
1227 803 1382 859 enim
1425 805 1484 859 in
1517 805 1824 877 Evangelio
1852 821 1958 860 suo

295 893 478 949 dicit:
537 891 672 947 Cum
720 900 900 948 autem
950 909 1042 948 vos
1091 893 1451 962 tradiderint,
1501 895 1672 950 nolite
1719 895 1962 962 cogitare

295 982 430 1055 quid
460 982 507 1017 2³
541 982 890 1053 loquamini;
921 981 1143 1037 dabitur
1189 985 1341 1039 enim
1385 985 1536 1039 vobis
1583 984 1645 1038 in
1691 982 1798 1038 illa
1827 985 1961 1038 hora

295 1071 431 1144 quid
463 1072 814 1143 loquamini:
859 1088 971 1127 non
1023 1074 1171 1127 enim
1220 1088 1308 1127 vos
1350 1074 1478 1128 estis
1520 1074 1616 1144 qui
1646 1073 1959 1149 loquimini,

294 1161 394 1218 sed
421 1161 660 1233 Spiritus
682 1162 868 1216 Patris
887 1164 1054 1217 vestri
1102 1164 1198 1233 qui
1218 1151 1462 1232 loquitur
1487 1164 1547 1217 in
1567 1161 1718 1217 vobis
1749 1162 1959 1231 (Matth.

297 1267 358 1318 x,
395 1249 502 1322 19).
536 1250 776 1314 Quando
807 1253 1003 1305 autem
1049 1250 1204 1306 dicat
1248 1253 1304 1306 in
1336 1251 1488 1307 859
1524 1251 1758 1307 traditis
1786 1255 1961 1324 atque

295 1340 359 1396 in
393 1337 760 1395 confessione
788 1339 1048 1395 nominis
1075 1340 1122 1374 2‘
1165 1340 1277 1412 (19)
1309 1340 1644 1396 constitutis
1676 1341 1959 1410 Spiritum

292 1428 486 1485 Patris
508 1427 669 1500 loqui
697 1445 709 1484 :
736 1429 1028 1500 quomodo
1052 1433 1240 1502 potest
1262 1431 1332 1485 ad
1353 1429 1774 1486 confessionem
1796 1447 1962 1502 para-

293 1523 393 1574 tus
416 1522 516 1573 aut
536 1517 782 1573 idoneus
801 1516 1069 1587 inveniri,
1095 1519 1193 1590 qui
1224 1535 1339 1574 non
1364 1520 1527 1591 prius
1560 1536 1700 1590 pace
1723 1524 1961 1592 accepta

294 1607 583 1680 receperit
612 1606 896 1679 Spiritum
946 1608 1155 1675 Patris,
1201 1610 1298 1680 qui
1349 1609 1729 1664 corroborans
1761 1626 1958 1664 servos

295 1713 441 1754 suos
488 1696 612 1769 ipse
656 1695 920 1767 loquitur
966 1701 1022 1751 et
1067 1697 1376 1753 confitetur
1422 1697 1479 1752 in
1531 1697 1748 1753 nobis?
1793 1700 1957 1754 Tunc

300 1786 514 1842 deinde
544 1785 593 1841 si
623 1784 856 1842 reiectis
886 1786 1162 1841 omnibus
1194 1787 1367 1842 rebus
1397 1787 1522 1843 suis
1548 1787 1781 1860 fugerit,
1812 1792 1870 1843 et
1900 1789 1958 1843 in

299 1875 541 1931 latebris
573 1878 747 1946 atque
779 1875 837 1929 in
870 1873 1188 1931 solitudine
1228 1877 1584 1932 constitutus
1619 1877 1674 1932 in
1705 1876 1960 1933 latrones

293 1964 447 2020 forte
475 1963 807 2032 incurrerit,
840 1968 942 2019 aut
972 1964 1032 2020 in
1064 1965 1324 2021 febribus
1358 1970 1414 2021 et
1459 1967 1519 2021 in
1550 1965 1831 2039 languore
1861 1967 1959 2022 de-

2069 448 2256 516 miles,
2289 449 2386 520 qui
2419 449 2614 504 omnia
2646 466 2755 504 sua
2793 448 3125 521 dereliquit,
3166 452 3222 503 et
3252 452 3588 519 contempta
3619 449 3718 503 do-

2067 553 2186 604 mo,
2209 542 2266 593 et
2286 539 2647 611 parentibus,
2673 543 2774 592 aut
2793 537 3190 609 liberis,sequi
3213 538 3520 592 Dominum
3545 554 3721 593 suum

2068 625 2296 694 maluit,
2329 628 2455 683 sine
2487 644 2624 699 pace
2665 632 2720 682 et
2764 627 2890 682 sine
2940 627 3468 682 communicatione
3499 627 3723 682 decedit

2069 717 2116 760 25
2143 717 2304 790 (20)?
2338 718 2537 774 Nonne
2560 717 2728 772 nobis
2757 715 2844 771 vel
2879 716 3231 789 negligentia
3272 716 3467 788 segnis
3498 716 3584 771 vel
3614 717 3721 770 du-

2070 805 2201 861 ritia
2231 805 2484 861 crudelis
2535 805 2860 862 ascribetur
2891 807 2951 861 in
3001 805 3094 860 die
3135 804 3385 876 judicii;
3437 805 3590 877 quod
3622 821 3721 875 pa-

2069 899 2257 951 stores
2287 896 2540 951 creditas
2569 898 2624 951 et
2653 894 3000 951 commissas
3033 894 3201 949 nobis
3223 910 3357 950 oves
3388 910 3492 950 nec
3523 910 3727 950 curare

2069 986 2129 1039 in
2161 1001 2319 1056 pace,
2351 1001 2454 1040 nec
2485 984 2543 1039 in
2575 984 2696 1039 acie
2726 983 3083 1039 voluerimus
3115 999 3342 1038 armare
3363 982 3391 1037 ?
3413 983 3614 1039 Nonne
3644 983 3732 1038 in-

2069 1079 2296 1145 geretur
2327 1073 2496 1129 nobis
2527 1091 2559 1129 a
2588 1073 2837 1129 Domino
2869 1073 3022 1145 quod
3046 1089 3148 1145 per
3173 1071 3516 1145 prophetam
3549 1089 3724 1127 suum

2069 1162 2284 1219 clamat
2309 1167 2366 1218 et
2395 1163 2570 1218 dicit:
2605 1163 2734 1218 Ecce
2774 1163 2858 1217 Iac
2885 1163 3226 1229 consumitis,
3260 1170 3312 1217 et
3353 1161 3498 1216 lanis
3526 1177 3616 1217 vos
3644 1165 3727 1216 te-

2067 1253 2218 1321 gitis,
2251 1260 2304 1308 et
2346 1251 2486 1324 quod
2535 1267 2783 1308 crassum
2813 1255 2890 1307 est
2937 1251 3295 1322 interﬁcitis;
3351 1259 3402 1307 et
3426 1266 3546 1306 oves
3577 1267 3727 1306 meas

2067 1357 2178 1398 non
2205 1343 2470 1413 pascitis;
2501 1341 2643 1412 quod
2687 1343 3026 1412 infirmatam
3075 1348 3153 1396 est
3199 1341 3241 1375 ²ι
3273 1356 3384 1396 non
3419 1341 3725 1410 confertas-

2069 1431 2158 1498 tis,
2191 1435 2244 1486 et
2272 1430 2417 1502 quod
2456 1431 2600 1486 male
2649 1430 2839 1485 habuit
2886 1445 2995 1485 non
3049 1431 3466 1497 corroborastis,
3507 1437 3558 1485 et
3585 1428 3726 1500 quod

2066 1520 2498 1576 contribulatum
2544 1523 2622 1575 est
2667 1535 2776 1576 non
2823 1520 3086 1575 consolati
3113 1520 3244 1574 estis
3273 1519 3317 1553 ²τ
3366 1518 3478 1591 (24)
3508 1518 3721 1588 (Ezech.

2065 1626 2255 1675 xxxxv,
2306 1610 2359 1674 3,
2410 1609 2568 1678 etc._l,
2619 1617 2668 1664 et
2715 1609 2859 1680 quod
2907 1609 3132 1664 errabat
3170 1624 3283 1664 non
3329 1610 3644 1676 revocastis,
3677 1619 3730 1670 et

2066 1699 2204 1771 quod
2229 1699 2398 1771 periit
2444 1715 2553 1754 non
2601 1700 2932 1771 inquisistis,
2964 1703 3019 1754 et
3065 1697 3210 1770 quod
3255 1701 3394 1768 forte
3438 1699 3570 1769 fuit,
3601 1711 3728 1752 con-

2069 1790 2272 1860 fecistis
2303 1788 2524 1844 labore:
2554 1790 2602 1843 et
2650 1788 2914 1859 dispersae
2959 1796 3090 1844 sunt
3127 1787 3280 1842 860
3311 1802 3429 1843 oves
3475 1801 3640 1856 meae,
3671 1803 3730 1842 eo

2071 1880 2218 1950 quod
2250 1892 2362 1932 non
2379 1877 2488 1931 sint
2506 1884 2766 1947 pastores,
2789 1883 2840 1931 et
2870 1878 3038 1946 facta;
3067 1883 3195 1931 sunt
3219 1876 3279 1931 in
3308 1883 3667 1931 comesturam
3685 1874 3731 1908 ’3

2071 1967 2183 2038 (22)
2239 1967 2496 2023 omnibus
2545 1965 2736 2021 bestiis
2790 1966 2959 2037 agri:
3009 1968 3059 2020 et
3113 1980 3224 2021 non
3267 1967 3378 2036 fuit
3419 1966 3516 2037 qui
3546 1963 3733 2036 inqui-

1715 2111 1918 2171 Variaa
1963 2110 2283 2172 lectiones.

364 2213 409 2249 ’ί
444 2214 624 2296 Quam
660 2228 788 2296 ιιραί
826 2216 1085 2296 accepta.
1110 2219 1259 2296 La_m.
1291 2287 1302 2296 _
1338 2216 1384 2250 ²²
1417 2215 1598 2296 Erigit
1627 2219 1683 2272 et
1728 2216 1984 2296 accingit
2035 2216 2318 2296 timan.
2352 2217 2404 2270 2.
2483 2213 2746 2296 ²³ᾘρζὶῐο
2801 2213 3065 2296 cogitare
3103 2213 3394 2296 q_uomo_do
3422 2216 3527 2296 aut
3561 2213 3701 2296 quid

291 2288 448 2341 Lam.
481 2285 644 2341 Ebor.
679 2283 809 2339 Bod.
841 2286 895 2339 2.
964 2283 1020 2320 “²⁴
1048 2287 1419 2342 Confessione
1467 2283 1558 2342 sui
1591 2288 1844 2344 nominis
1895 2283 2004 2343 ΝΟ.
2033 2289 2088 2344 2.
2167 2288 2212 2321 ³⁸
2241 2286 2784 2345 Communicatione
2827 2283 3076 2341 discedit
3119 2283 3270 2341 lam.
3305 2285 3528 2342 Decidit
3555 2283 3699 2341 Foss.

298 2358 432 2412 Vict.
509 2357 554 2391 ²⁶
584 2355 672 2411 Sic
707 2358 822 2412 Ver.
875 2355 1041 2419 Quud
1087 2359 1402 2415 contritum
1432 2361 1562 2415 Ben.
1617 2360 1744 2415 Bod.
1800 2361 1854 2415 2.
1904 2361 2059 2416 Ebor.
2115 2359 2223 2416 ΝΟ.
2277 2361 2325 2414 1.
2403 2360 2445 2392 ’⁷
2493 2357 2849 2414 Consolidati
2896 2360 3076 2416 Oxon.
3157 2358 3201 2392 ⁵⁸
3231 2356 3702 2414 Comestionibus

291 2428 484 2485 Lamb.
519 2429 583 2484 In
615 2428 1043 2500 depraedatione
1073 2429 1229 2485 Corb.

1720 2520 2053 2585 Variorum
2096 2526 2287 2583 notae.

295 2639 408 2715 disi
453 2637 651 2708 clavis,
702 2639 928 2715 sanguis
977 2650 1100 2715 tuus
1148 2647 1248 2706 est,
1299 2643 1490 2715 inquit
1535 2644 1779 2700 Tertull.
1826 2645 1961 2701 Vid.

297 2711 507 2788 Epist:_
539 2727 669 2788 Lvm
715 2711 819 2788 (al.
864 2718 993 2788 Lvi).
1044 2713 1282 2788 FELLUS.
1328 2711 1516 2788 Epist.
1571 2723 1762 2785 LXXIiI,
1825 2733 1957 2788 pag.

301 2783 426 2838 136.
465 2783 649 2856 Utpote
678 2785 774 2856 qui
802 2784 1150 2854 baptizentur
1193 2783 1588 2856 gloriosissimo
1627 2797 1676 2843 et
1707 2783 1962 2844 marcim'o

306 2855 602 2935 sanguinis
671 2855 958 2935 baptismo.
1014 2858 1084 2912 Et
1131 2855 1269 2935 mea
1313 2858 1475 2914 addit
1521 2861 1807 2932 sanguine
1859 2876 1966 2935 suo

301 2928 1018 2999 baptizatosuetpassione
1048 2930 1438 2986 sanctificatos
1475 2928 1872 2987 consummari
1905 2935 1964 2987 et

301 2997 513 3074 divinae
549 2997 986 3074 pollicitationis
1013 3001 1258 3073 gratiam
1307 3003 1606 3074 consequi.
1648 3003 1791 3058 Vide
1823 3005 1960 3058 Ter-

300 3069 618 3144 tullianum
646 3070 710 3144 in
741 3069 889 3126 libro
927 3072 992 3127 de
1015 3069 1297 3144 Baptismo
1327 3078 1382 3128 et
1431 3069 1667 3130 in'libro
1698 3076 1761 3130 de
1793 3075 1960 3131 Pudi-

299 3143 464 3209 citia,
495 3141 696 3216 Passio
727 3147 1066 3216 sanctarum
1100 3141 1408 3216 'Perpelute
1458 3149 1515 3201 et
1562 3146 1894 3210 Felicitatis,
1928 3165 1965 3202 a

298 3214 681 3291 sanguineab
709 3215 998 3291 obstrecice
1027 3216 1096 3291 ad
1125 3214 1424 3291 retiarium
1464 3219 1648 3273 latura
1677 3227 1796 3291 post
1819 3236 1962 3291 par-

299 3290 422 3342 tum
453 3287 719 3354 baptismo
748 3288 1000 3342 secundo.
1035 3288 1177 3344 Vide
1207 3287 1688 3346 dissertationem'
1716 3291 1780 3345 13
1809 3287 1960 3346 Hen-

300 3356 408 3412 rici
445 3357 748 3435 Dodwelli,
780 3373 906 3430 quae
932 3363 1022 3416 est
1050 3363 1121 3416 de
1146 3363 1402 3417 secundo
1443 3363 1705 3435 martyrii
1737 3363 1962 3434 Baptis-

301 3445 422 3484 mo.
459 3429 764 3485 BALUZIUS.

2072 2650 2238 2700 caute
2270 2643 2590 2716 praemittit,
2638 2646 2688 2699 si
2714 2642 2850 2713 ﬁdei
2888 2642 3376 2716 calorqpreevalets
3401 2645 3718 2716 Cous'rAN'r.

2143 2713 2347 2788 (19)Ἰη
2376 2713 2714 2788 confessione
2741 2717 3002 2770 nominis.
3047 2714 3172 2769 Uno
3205 2731 3317 2769 ms.
3363 2713 3462 2788 hic
3489 2716 3726 2788 additur

2071 2786 2196 2843 sui:
2233 2789 2384 2860 quod
2418 2787 2674 2860 alienum
2720 2803 2833 2842 non
2865 2792 2953 2842 est
2984 2803 3034 2860 Aa
3064 2791 3254 2860 mente
3300 2786 3590 2860 Cypriani,
3624 2787 3725 2841 sed

2072 2860 2142 2915 ab
2193 2857 2322 2930 ejus
2371 2877 2500 2914 usu.
2563 2859 2678 2931 Ipsi
2710 2875 2919 2929 nempe
2953 2857 3260 2931 familiare
3318 2857 3417 2931 est
3462 2857 3565 2912 Dei
3623 2874 3726 2914 sel

2071 2929 2287 2986 ChriSti
2319 2929 2741 2986 confessionem
2790 2929 3138 3002 simpliciter
3183 2930 3577 3002 confessionem
3610 2945 3724 3002 _no-

2071 3006 2237 3059 minis
2269 3002 2582 3074 appellare,
2617 3007 2680 3057 ut
2709 3002 2768 3056 in
2806 2999 3050 3073 epistola
3080 3015 3200 3069 xm,
3236 3003 3373 3056 nota
3403 2999 3728 3073 penultima

2072 3075 2370 3148 probaturi
2404 3091 2631 3148 sumus.
2665 3079 2975 3148 CDUSTANT.

2143 3147 2256 3218 (20)
2288 3147 2528 3218 Decedit.
2577 3145 2744 3200 Corb.
2798 3161 2934 3218 mss
2960 3161 2992 3199 a
3033 3145 3290 3218 secunda
3337 3159 3516 3218 manu
3549 3144 3726 3218 etiam

2075 3215 2188 3274 uno
2222 3215 2444 3298 anglic.
2477 3218 2728 3298 discedit.
2761 3216 3197 3298 Egistimandus
3228 3233 3341 3272 non
3372 3220 3461 3272 est
3489 3215 3726 3298 Cypria-

2073 3308 2184 3345 nus
2215 3291 2285 3345 de
2317 3291 2524 3344 horum
2558 3289 2748 3344 salute
2797 3288 3013 3344 dubius
3058 3293 3114 3344 et
3159 3303 3374 3359 anceps
3412 3288 3723 3343 exstitisse.

2070 3365 2318 3418 Mentem
2346 3378 2517 3417 suam
2560 3379 2626 3417 ea
2676 3361 2745 3414 de
2789 3377 2848 3416 re
2895 3360 3077 3430 Epist.
3124 3376 3232 3428 LVI,
3265 3376 3366 3415 seu
3415 3361 3505 3425 58,
3539 3359 3726 3430 aperit

2072 3435 2164 3489 his
2195 3433 2383 3489 verbis
2409 3450 2420 3487 :
2459 3435 2574 3488 Etsi
2598 3434 2897 3504 fugientem
2928 3431 2985 3487 in
3007 3431 3304 3488 solitudine
3349 3448 3412 3486 ac
3451 3431 3724 3504 montibus

375 3500 494 3573 (18)
520 3501 761 3578 _I_doneus
789 3519 903 3559 esse
930 3519 1038 3578 non
1069 3512 1263 3578 potest,
1296 3504 1414 3560 Ista
1443 3505 1500 3559 in
1533 3504 1785 3578 speciem
1816 3521 1958 3578 pug-
1994 3507 2036 3574 ο
2074 3507 2215 3561 latro
2246 3500 2743 3578 Oppresserit,'feru
2791 3504 3077 3578 invaserit,
3122 3505 3304 3578 fames
3350 3506 3447 3558 aut
3473 3503 3596 3558 sitis
3627 3505 3727 3557 aut

302 3547 450 3648 nare
477 3547 753 3629 videntur
781 3591 914 3630 cum
942 3575 1036 3648 his
1057 3547 1184 3646 qua:
1207 3547 1362 3631 idem
1387 3547 1618 3648 praesul,
1652 3593 1785 3631 cum
1817 3547 1961 3631 licii-

301 3643 503 3700 nullos
533 3661 894 3772 praepropere
922 3651 979 3703 et
1010 3643 1342 3718 importune
1372 3643 1572 3719 pacem
1608 3643 1671 3703 et
1701 3664 1962 3703 commu-

302 3715 546 3771 nionem
593 3722 761 3772 nostu
793 3735 889 3772 are
935 3736 969 3772 a
1021 3720 1376 3772 nresbvteris
1432 3736 1497 3772 ac
1546 3720 1808 3772 diaconis
1838 3720 1962 3772 suis

302 3715 548 3791 nionem
593 3715 889 3791 postulare
935 3736 969 3774 a
1021 3715 1389 3791 presbyteris
1432 3736 1497 3775 ac
1546 3720 1808 3775 diaconis
1838 3720 1964 3775 suis

300 3786 635 3856 didicisset,
673 3789 871 3862 Epist.
921 3786 1039 3860 xxv;
1090 3786 1426 3862 rescripsit:
1463 3792 1569 3860 Qui
1618 3793 1669 3846 si
1723 3793 1964 3846 nimium

300 3864 628 3932 properant,
663 3861 864 3934 habent
893 3863 949 3916 in
1001 3878 1102 3917 sua
1151 3861 1412 3934 potestate
1472 3863 1610 3934 quod
1663 3863 1961 3934 postulant,

301 3940 550 4007 tempore
605 3932 744 4003 quod
789 3935 1067 4007 postulant
1113 3932 1404 4007 largiente.
1456 3932 1607 3991 Acies
1651 3932 1828 3990 adhuc
1872 3932 1962 4006 ge?

301 4005 480 4077 ritur,
513 4007 563 4077 ct
592 4020 741 4072 agon
770 4006 1012 4077 quotidie
1051 4005 1407 4062 celebratur:
1443 4009 1495 4061 si
1540 4009 1817 4064 commissi
1844 4005 1966 4062 vere

299 4078 354 4132 et
384 4075 630 4146 ﬁrmiter
655 4075 898 4147 panitet,
931 4081 981 4132 et
999 4077 1130 4148 ﬁdei
1147 4079 1296 4151 calor
1321 4080 1602 4151 praeualet,
1625 4080 1722 4150 qui
1750 4079 1967 4151 diﬂerri

300 4162 419 4202 non
444 4151 634 4217 potest,
662 4151 836 4218 potest
877 4152 1146 4205 coronari.
1193 4149 1407 4205 Verum
1439 4150 1532 4205 hic
1581 4149 1696 4206 nan
1729 4149 1962 4206 omnem

302 4218 402 4286 iis,
437 4217 1070 4293 quibusiEucharistiaa
1113 4222 1404 4293 perceptio
1456 4239 1570 4277 non
1603 4223 1961 4288 conceditur,

303 4289 572 4365 martyrii
588 4291 893 4365 subeundi
925 4289 1298 4365 potestatem;
1329 4295 1429 4349 sed
1476 4293 1702 4349 facilem
1734 4298 1962 4349 tantum

306 4367 362 4436 et
393 4362 727 4436 expeditam
754 4362 1215 4436 quap‘aratiores
1244 4362 1406 4431 fiant,
1440 4366 1637 4436 negari
1671 4367 1806 4420 inde
1835 4382 1966 4420 con-

309 4434 529 4509 ficitur.
557 4434 784 4509 _Neque
824 4434 999 4491 etiam
1046 4436 1138 4491 his
1179 4437 1238 4491 in
1287 4436 1428 4492 locis
1475 4434 1672 4492 eccum
1708 4454 1966 4509 pugnare

303 4504 797 4578 vigilantissimus
831 4512 1027 4578 pastor
1069 4510 1398 4564 censendus
1447 4513 1552 4576 est,
1607 4504 1967 4574 sed-diversa

308 4577 559 4651 diversis
608 4577 974 4651 temporibus
1030 4580 1285 4635 remedia
1333 4578 1623 4651 sapienter
1669 4580 1964 4646 adhibere,

308 4650 459 4720 Cum
493 4650 910 4720 paenitentibus
939 4650 1417 4706 communionem
1453 4652 1670 4707 differri
1718 4651 1964 4718 volebat,

309 4721 370 4794 in
407 4719 464 4775 id
497 4719 683 4776 unum
715 4723 1072 4787 intendebat,
1110 4740 1181 4778 ne
1210 4722 1392 4794 lapsis
1428 4725 1667 4779 omnino
1700 4740 1964 4779 necessa-

310 4793 470 4865 rium
494 4794 744 4863 probatae
767 4794 1115 4865 paenitentia
1143 4793 1466 4850 remedium
1489 4812 1622 4851 cum
1649 4795 1968 4851 multorum

2070 3580 2248 3649 frigus
2275 3576 2564 3648 afﬂixerit,
2598 3576 2680 3630 vel
2707 3591 2808 3649 per
2836 3577 3024 3630 maria
3054 3576 3406 3649 navigantem
3436 3582 3726 3649 tempestas

2073 3645 2136 3705 ac
2153 3645 2408 3719 procella
2436 3648 2795 3703 submerserit
2817 3665 2835 3702 :
2872 3650 3074 3718 spectat
3100 3648 3336 3701 militem
3371 3645 3726 3702 suum’Ctn'i-

2071 3729 2184 3776 stus
2240 3720 2550 3790 ubicunque
2609 3724 2944 3792 pugnantem
2997 3725 3048 3792 et
3119 3719 3510 3792 persecutionis
3565 3734 3730 3792 causa

2070 3809 2169 3864 pro
2211 3794 2451 3846 nominis
2497 3793 2587 3845 sui
2611 3790 2834 3846 'honore
2881 3790 3140 3845 morienti
3183 3790 3727 3864 premiumfeddit,

2072 3861 2213 3936 quod
2241 3864 2501 3920 daturum
2548 3879 2604 3918 se
2647 3865 2706 3919 in
2746 3864 3146 3936 persecutione
3168 3863 3440 3936 promisit.
3493 3861 3594 3916 Nec
3621 3863 3729 3936 mi-

2073 3931 2182 3992 nor
2205 3940 2280 3990 est
2302 3936 2562 4006 martyrii
2607 3931 2788 4004 gloria
2835 3950 2942 3989 non
2989 3931 3206 4004 publice
3251 3936 3303 3987 et
3348 3931 3730 4006 intermultos

2072 4009 2293 4079 perisse,
2351 4002 2474 4062 cum
2524 4002 2806 4079 pereundi,
2845 4002 3128 4079 causa_sit
3172 4007 3398 4079 propter
3456 4002 3731 4079 Clit-istum

2073 4073 2272 4148 perire.
2307 4081 2377 4132 At
2421 4073 2918 4148 quemadmodum
2963 4073 3231 4146 culpandi
3280 4073 3480 4148 essent
3507 4073 3727 4148 ﬁdeles,

2073 4145 2121 4207 si
2157 4168 2267 4206 non
2301 4145 2533 4205 omnem
2564 4149 2862 4205 dedissent
2892 4145 3151 4219 operam,
3186 4150 3248 4219 ut
3291 4145 3426 4201 hinc
3456 4161 3569 4200 non
3603 4146 3731 4200 sine

2072 4223 2280 4279 viatico
2313 4227 2432 4276 tam
2469 4221 2792 4277 necessario
2842 4217 3179 4290 migrarent,
3210 4217 3290 4272 ita
3338 4221 3395 4272 et
3426 4221 3726 4290 pastores,

2073 4295 2122 4350 si
2156 4293 2236 4348 illi
2268 4309 2467 4366 eorum
2501 4293 2856 4366 negligentia
2885 4288 3046 4346 tanto
3079 4305 3321 4344 munere
3349 4288 3560 4361 privati
3592 4289 3730 4345 tuis-

2073 4370 2222 4422 sent.
2256 4365 2571 4421 COUS’I‘ANT.

2145 4437 2255 4508 (21)
2310 4437 2580 4508 Consolati
2625 4435 2769 4508 estis.
2823 4431 2971 4501 Quod
3022 4432 3450 4508 contribulatum
3493 4435 3576 4508 est
3617 4447 3729 4508 non

2074 4503 2444 4564 consolidasti.
2501 4506 2744 4561 Librarii
2793 4520 2989 4560 vocem
3041 4503 3189 4576 hanc
3238 4503 3296 4576 in
3344 4503 3571 4576 vulgari
3618 4503 3729 4558 tri-

2076 4579 2388 4634 bulationis
2439 4578 2557 4633 sive
2605 4594 2876 4631 aerumnae
2935 4575 3229 4630 notatione
3281 4575 3726 4646 intelligebant;

2076 4657 2134 4707 et
2164 4652 2292 4706 ideo
2323 4649 2780 4705 consolationem
2835 4647 3045 4702 melius
3093 4648 3445 4718 respondere
3473 4647 3729 4702 credide-

2079 4728 2251 4789 runt;
2304 4726 2504 4777 contra
2553 4720 2703 4775 sacri
2746 4723 2940 4775 textus
2991 4724 3266 4773 mentem.
3321 4719 3478 4787 LXX,
3525 4719 3732 4789 legunt

2077 4789 2427 4862 κατεδήσατε,
2478 4792 2818 4864 ροιιὶείιειὶβ.
2881 4791 3089 4864 Tertut.
3149 4791 3385 4864 FELsus.
3448 4790 3731 4845 Fellinam

312 4861 946 4946 exitio—“sperneretur.
1005 4867 1168 4922 Nunc
1216 4883 1362 4946 vero
1400 4867 1497 4922 ubi
1543 4867 1968 4946 Eucharistiam
2004 4883 2048 4946 D
2081 4866 2217 4946 edit.
2247 4861 2509 4946 secutus
2552 4861 2842 4946 summio”
2870 4879 2986 4933 qua
3033 4861 3115 4917 sic
3162 4862 3735 4946 restitutum-estne}:

309 4934 601 5010 concedit,
633 4953 700 4993 eo
731 4942 956 5009 spectat
987 4946 1046 4994 ut
1078 4938 1480 5010 persecutione
1506 4938 1828 4994 saevissima
1857 4939 1970 4994 im-

314 5007 608 5082 minante,
631 5007 1036 5082 potentissimo
1066 5007 1194 5082 ejus
1221 5010 1488 5080 praasidio
1522 5012 1732 5066 armati
1757 5010 1974 5065 milites

315 5077 534 5135 Christi
585 5077 812 5136 fortiter
866 5077 1501 5138 certare'et‘inimicis
1559 5082 1692 5138 ﬁdei
1745 5082 1976 5138 invictis

313 5149 534 5226 animis
566 5153 835 5226 resistere
878 5154 1066 5209 tutius
1115 5153 1362 5209 valeant.
1415 5154 1678 5226 Denique
1726 5155 1824 5208 ubi
1859 5155 1971 5226 ait:

314 5222 540 5297 Habent
588 5225 645 5277 in
696 5242 797 5280 sua
841 5230 1102 5296 potestate
1156 5227 1298 5297 quod
1343 5222 1644 5297 postulant,
1689 5226 1768 5282 ibi
1817 5225 1975 5296 adju-

316 5295 740 5368 pantquomino
772 5295 1178 5368 supplendum—
1211 5295 1355 5353 esse
1385 5299 1763 5353 manifestum
1794 5295 1890 5352 est
1912 5313 1980 5352 ex

316 5365 427 5440 his,
451 5364 794 5440 libriipsius
815 5364 1300 5424 de'Mortalitate:
1349 5371 1466 5425 Non
1496 5378 1572 5424 est
1604 5372 1662 5424 in
1712 5375 1804 5424 tua
1831 5371 1978 5440 pote-

314 5437 604 5518 st_aie,_sed
634 5437 711 5494 Vin
761 5444 863 5518 Dei
908 5442 1223 5518 (lignatione
1268 5443 1776 5518 martyriuinJmo
1806 5437 1980 5496 etiam

319 5509 429 5584 ubi
461 5509 532 5564 de
561 5526 647 5584 eo,
681 5513 781 5584 qui
814 5509 1287 5569 communionem
1320 5509 1538 5569 differri
1571 5513 1677 5568 sibi
1713 5529 1860 5584 aegre
1891 5530 1982 5584 pa-

314 5582 496 5654 titur,
526 5580 642 5640 ait:
689 5580 793 5653 Qui
839 5585 1053 5660 diﬂerri
1099 5601 1208 5642 non
1245 5589 1440 5658 potest,
1487 5593 1666 5659 potest
1705 5580 1981 5658 coronari,

2081 4939 2324 5009 scriptis,
2374 4937 2600 5008 opinor,
2649 4935 3071 5009 codicibus‘pro
3117 4933 3736 5009 nonrconsolatiAestis,

2086 5003 2242 5081 quod
2275 5003 2490 5081 habent
2510 5003 2785 5081 impressi.
2811 5003 3144 5081 Harduinus
3168 5005 3388 5081 notavit
3418 5020 3527 5081 m_s.
3556 5003 3741 5058 Socie-

2085 5076 2221 5137 t'atis
2253 5099 2371 5136 suae
2405 5076 2675 5136 exhibere
2711 5094 2823 5133 non
2873 5077 3136 5133 consolati
3181 5079 3333 5143 estis,
3383 5076 3482 5130 sed
3516 5090 3737 5130 memo-

2089 5154 2235 5210 ravit
2281 5152 2553 5208 Baluzius
2603 5151 2663 5205 in
2707 5149 2890 5207 codice
2938 5147 3230 5204 Sorbonico
3275 5147 3559 5218 scriptum
3611 5161 3740 5202 esse

2086 5241 2196 5280 non
2223 5224 2559 5280 consolidati
2604 5224 2752 5278 estis.
2805 5219 3052 5290 Vulgata
3100 5220 3311 5290 Interp.
3360 5219 3556 5284 habet,
3596 5218 3743 5291 quod

2087 5300 2431 5367 confractum
2458 5301 2559 5361 est,
2593 5311 2702 5349 non
2732 5293 3053 5367 redurpistis;
3084 5291 3306 5367 Rourn.

2161 5362 2270 5440 (32)
2331 5371 2726 5440 Comatulos-ani.
2787 5365 2974 5440 Codes
3022 5362 3740 5440 Remigianusromestio-

2088 5433 2234 5507 nem,
2255 5433 2634 5495 'Corbeiensis
2663 5436 3100 5507 deprzpdatione,
3119 5433 3478 5490 Turonensis
3505 5434 3572 5489 de
3599 5449 3743 5504 pra?-

2089 5503 2382 5568 dicationc.
2437 5503 2743 5566 BALuzwsI
2796 5503 3045 5580 Vulgata
3090 5506 3284 5577 habet,
3335 5508 3394 5561 in
3432 5503 3741 5565 devoratio—

2088 5601 2232 5641 nem.
2266 5584 2486 5640 Reum.
