4102 6180
459 321 571 384 891

1427 319 1930 382 NOVATIANUS
1976 319 2442 383 PRESBYTER
2489 323 2894 385 ROMANUS.
3713 320 3810 384 892

531 451 591 506 3ο
619 451 839 507 Nomen
879 454 1050 507 sectae
1085 451 1256 522 juxta
1312 453 1757 524 grammaticam
1816 453 2100 524 originem
2135 460 2182 527 Α
2216 453 2610 512 conclusionis
2649 454 3040 512 communiter
3087 453 3147 508 in
3225 451 3474 508 favorem
3515 451 3812 510 Latinorum

463 540 637 598 habet
692 558 803 596 non
865 559 898 595 a
950 543 1269 608 Noratiuno,
1332 543 1430 598 sed
1492 543 1685 614 potius
1770 560 1804 598 a
1875 545 2103 609 Novato,

464 646 643 702 quam
666 630 1128 686 observationem
1159 635 1215 685 S.
1250 631 1618 703 Augustinus
1640 632 1699 687 in
1758 631 1963 687 ultimo
2010 649 2111 688 su-

463 736 570 792 pra
599 720 847 775 adducto
879 719 1004 774 loco
1034 720 1342 775 confirmat
1373 746 1386 788 ;
1413 721 1505 776 cui
1533 726 1728 776 tamen
1761 721 1855 776 alii
1890 722 1948 776 in
1980 721 2109 792 hoc,

463 810 955 881 quemadmodum
990 809 1140 865 infra
1161 811 1443 882 dicemus,
1481 812 1905 866 contradicunt.

535 901 594 954 4ο
621 899 887 954 Nominis
942 901 1137 955 Nova-li
1181 900 1453 972 frequens
1513 901 1666 972 apud
1726 901 1994 970 antiquos
2049 900 2114 955 ﬁt

463 990 704 1054 mentio,
736 989 1000 1060 illudque
1033 991 1407 1046 notissimum
1436 991 1772 1060 ;Novatiani
1803 1009 1934 1048 vero
1955 1008 2114 1064 pror-

463 1097 567 1136 8118
597 1096 733 1136 BOD.

536 1170 615 1224 Ad
649 1168 1058 1240 objectionem,
1110 1169 1261 1239 quod
1293 1169 1612 1242 Cyprianus
1672 1175 1866 1226 tamen
1899 1169 2114 1240 ubique

464 1259 582 1315 fere
609 1257 1010 1329 presbyterum
1043 1258 1371 1312 Romanum
1429 1259 1791 1314 Novatianum
1832 1259 2112 1327 nominet,

466 1348 780 1419 respondet
833 1347 1183 1414 Lardnerus,
1218 1349 1395 1418 quod,
1447 1349 1586 1420 quia
1615 1347 2114 1420 Carthaginiensis

465 1436 644 1508 hujus
676 1436 930 1508 episcopi
966 1435 1216 1491 multum
1240 1437 1537 1504 intererat,
1559 1438 1958 1510 presbyterum
1978 1437 2112 1491 Car-

464 1525 892 1598 thaginiensem
922 1527 1195 1581 Novatum
1224 1531 1501 1597 tanquam
1561 1528 1918 1599 praecipuum
1959 1525 2112 1581 schi-

466 1614 674 1671 smatis
705 1619 997 1670 auctorem
1033 1616 1359 1686 designare,
1411 1633 1475 1671 eo
1507 1616 1752 1672 consilio
1785 1617 2112 1671 Romanum

465 1703 826 1760 Novatianum
893 1703 1285 1775 appellaverit,
1348 1709 1408 1759 ut
1481 1705 1687 1761 exinde
1761 1706 2112 1771 ostenderet,

467 1808 601 1848 eum
633 1795 975 1848 sectatorem
1009 1793 1189 1848 fuisse
1213 1796 1423 1850 Novati
1448 1794 1968 1867 Carthaginiensis.

540 1880 636 1935 ΙΙΙ.
671 1885 748 1935 De
779 1880 886 1935 hac
923 1881 1315 1937 Lardneriana
1346 1883 1620 1954 opinione
1652 1884 1773 1938 hac
1824 1883 2116 1937 monenda

465 1986 595 2026 esse
620 1969 918 2026 duximus.
962 1971 1244 2038 Primum,
1296 1974 1452 2044 quod
1504 1973 1910 2029 controversia:
1939 1975 2116 2044 caput

467 2063 711 2131 spectat,
759 2058 1027 2114 videntur
1085 2061 1253 2116 nobis
1311 2062 1391 2116 Cl.
1442 2062 1716 2118 Lardneri
1775 2066 2118 2134 argumenta

465 2148 624 2204 haud
679 2147 821 2203 satis
875 2148 1216 2216 decretoria,
1274 2154 1331 2205 et
1388 2152 1886 2222 praeponderantia
1940 2167 2116 2218 esse;

467 2254 605 2293 nam
638 2241 1026 2310 praeterquam
1057 2239 1207 2309 quod
1235 2238 1406 2294 allata
1438 2241 1603 2308 ratio,
1641 2258 1744 2296 cur
1781 2241 1839 2296 S.
1887 2240 2118 2312 Cypria-

471 2343 588 2382 nus
614 2325 828 2395 virum,
863 2327 960 2398 qui
993 2327 1138 2382 alias
1168 2327 1469 2384 dicebatur
1517 2329 1792 2396 Novatus,
1846 2328 2121 2386 continuo

474 2415 862 2471 Novatianum
890 2415 1213 2488 appellarit,
1236 2418 1376 2490 quin
1390 2436 1651 2491 unquam
1679 2436 1852 2475 suum
1887 2435 2121 2491 permu-

473 2504 579 2561 tati
610 2504 866 2560 nominis
897 2505 1206 2562 consilium
1229 2507 1573 2579 indigitarit,
1606 2510 1760 2565 haud
1787 2506 2121 2565 verisimilis

478 2594 578 2662 sit,
614 2611 727 2648 non
759 2593 948 2649 solum
979 2595 1321 2667 Cyprianus,
1356 2599 1457 2653 sed
1499 2598 1622 2671 ipse
1650 2615 1881 2671 quoque
1913 2598 2124 2653 Corne-

477 2682 615 2749 lius,
651 2683 750 2754 qui
781 2684 932 2738 inter
960 2701 1162 2741 omnes
1220 2687 1311 2742 sui
1345 2688 1680 2753 adversarii,
1713 2696 1767 2743 et
1797 2686 1992 2744 rivalis
2024 2703 2126 2742 no-

479 2789 613 2827 men
647 2773 862 2843 optime
896 2789 1067 2828 nosse
1096 2775 1604 2846 debuerat,suisin
1637 2777 1899 2849 epistolis
1931 2775 2128 2832 latinis

2220 547 2277 598 et
2333 544 2614 600 invidiam
2671 545 2994 601 Grascoram
3044 542 3167 599 ﬁeri
3225 542 3600 609 consueverit,
3652 548 3817 600 nostra

2221 633 2474 704 profecto
2497 635 2769 707 opinione
2799 633 2882 690 Cl.
2912 634 3240 689 Lardnerus
3272 631 3411 686 satis
3442 629 3613 686 solide
3657 632 3815 700 evicit,

2221 739 2348 777 eam
2375 723 2825 795 applicationem
2858 726 3009 777 recta
3063 721 3269 776 inverti
3317 736 3482 792 posse
3515 737 3527 785 ;
3559 736 3666 774 non
3691 737 3819 788 vero,

2222 813 2376 882 quod
2407 812 2488 867 ita
2519 813 2641 867 ﬁeri
2698 813 2940 879 debeat;
2973 810 3153 866 altera
3211 808 3499 864 conclusio
3553 809 3664 863 hac
3703 812 3779 863 est
3808 826 3819 863 :

2222 906 2356 958 ante
2378 918 2555 974 penes
2586 907 2898 973 utramque
2925 905 3147 972 partem
3171 903 3263 955 est
3291 897 3520 954 veritas.

2292 995 2568 1047 Caeterum
2597 993 2904 1046 observatu
2938 990 3183 1062 dignum
3211 988 3485 1059 est,quod
3501 986 3578 1042 Cl.
3611 987 3826 1042 Lardne-

2222 1098 2321 1135 rus
2344 1081 2436 1134 hic
2458 1086 2738 1136 annotare
2771 1079 3106 1150 neglexerit,
3145 1077 3362 1150 pluries
3392 1078 3515 1147 jam
3563 1074 3828 1142 accidisse,

2222 1170 2374 1226 865
2407 1171 2559 1241 quod
2577 1186 2783 1224 nomen
2811 1168 3060 1239 alicujus
3083 1183 3342 1238 persona!
3373 1165 3596 1219 diverso
3617 1163 3830 1219 modoin

2223 1259 2460 1331 scriptis
2517 1259 2894 1330 antiquorum
2952 1257 3300 1312 offendatur.
3381 1253 3476 1310 Sic
3534 1256 3618 1320 (ut
3669 1251 3836 1322 aliqua

2222 1349 2401 1419 hujus
2432 1347 2514 1403 rei
2546 1347 2816 1417 exempla
2848 1344 3230 1415 adducamus)
3273 1347 3602 1398 antecessor
3628 1339 3840 1396 Cornelii

2224 1454 2338 1493 non
2366 1436 2556 1492 solum
2590 1437 2746 1508 apud
2786 1435 3044 1504 Latinos,
3105 1433 3206 1488 sed
3264 1432 3516 1497 Graecos,
3567 1429 3840 1484 Eusebium

2222 1525 2442 1582 scilicet
2473 1525 2614 1598 (16),
2650 1524 2942 1580 Fabianus
2973 1540 2986 1592 ;
3022 1527 3078 1578 et
3101 1523 3256 1594 apud
3271 1521 3420 1576 alios
3441 1520 3661 1575 Graecos
3677 1517 3844 1573 Favis-

2222 1632 2335 1671 nus
2364 1618 2604 1670 vocatur
2631 1615 2765 1686 (17).
2799 1614 2868 1668 Et
2891 1615 3015 1683 jam
3077 1612 3148 1666 ab
3198 1609 3462 1680 antiquis
3518 1606 3841 1679 temporibus

2223 1709 2427 1760 auctor
2451 1703 2872 1759 Manicbaaismi
2923 1718 3038 1756 non
3062 1701 3253 1756 solum
3283 1703 3506 1768 Manes,
3543 1697 3639 1753 sed
3683 1696 3840 1751 Mani-

2223 1794 2416 1850 chazus
2473 1809 2701 1864 quoque
2749 1790 3106 1846 nominatur.
3131 1789 3347 1844 Notum
3365 1787 3539 1842 etiam
3573 1788 3659 1840 est
3684 1783 3842 1838 omni-

2227 1884 2354 1952 bus,
2389 1882 2761 1938 Lactantium
2813 1881 2985 1935 modo
3015 1877 3271 1945 Caelium,
3307 1876 3486 1932 modo
3535 1872 3840 1937 Caecilium;

2225 1977 2521 2027 auctorem
2543 1971 2685 2026 Vitae
2715 1971 2773 2026 S.
2809 1968 3121 2041 Augustini
3155 1983 3310 2022 nunc
3345 1965 3689 2029 Possidium,
3711 1975 3840 2016 nunc

2226 2061 2639 2117 Possidonium
2687 2059 2879 2115 vocari
2911 2075 2924 2113 :
2960 2060 3062 2114 aut
3094 2057 3303 2112 ultima
3361 2051 3781 2111 nomenclatura
3819 2065 3844 2104 a

2228 2151 2596 2222 Schostgenio
2628 2153 2910 2220 tanquam
2968 2163 3209 2204 erronea
3250 2143 3705 2218 reprehendatur
3733 2139 3840 2209 (18).

2230 2241 2380 2297 Fieri
2430 2240 2626 2311 itaque
2676 2237 2844 2294 facile
2902 2236 3108 2309 potuit,
3176 2235 3330 2307 quod
3410 2232 3564 2289 circa
3617 2229 3846 2286 homines

2231 2330 2465 2386 aliunde
2496 2329 2653 2384 haud
2681 2326 2900 2384 illustri
2930 2326 3054 2383 loco
3086 2329 3254 2381 natos
3286 2325 3346 2378 in
3390 2339 3503 2379 usu
3537 2319 3702 2376 fuerit
3727 2322 3849 2373 utro-

2234 2436 2346 2493 que
2377 2418 2549 2474 modo
2580 2433 2782 2474 eorum
2839 2432 3052 2472 nomen
3102 2419 3231 2471 tum
3286 2407 3722 2484 pronuntiandi,
3752 2410 3849 2461 tum

2235 2507 2549 2578 scribendi,
2603 2511 2777 2578 atque
2853 2505 3010 2577 quod
3072 2501 3384 2561 Cornelius
3461 2504 3516 2556 et
3571 2496 3852 2570 Cyprianus

2235 2599 2532 2667 integrum
2582 2610 2795 2650 nomen
2844 2609 2911 2648 eo
2967 2591 3268 2647 lubentius
3327 2585 3698 2654 retinuerint,
3725 2579 3850 2652 quod

2239 2685 2468 2743 facilius
2501 2688 2676 2756 atque
2720 2681 3051 2754 accuratius
3108 2679 3316 2735 exinde
3369 2677 3557 2734 ambae
3612 2686 3851 2746 personae,

2240 2779 2496 2835 Novatus
2527 2774 2750 2830 scilicet
2782 2790 2846 2828 ac
2874 2772 3252 2836 Novatianus,
3290 2767 3769 2824 discernerentur.

480 2861 677 2934 ipsum
708 2861 924 2933 pariter
952 2864 1336 2940 Novatiangm
1370 2883 1601 2940 semper
1629 2866 1952 2922 nominavit
1983 2884 1996 2933 ;
2032 2864 2131 2920 ubi

481 2951 673 3007 adhuc
703 2955 905 3007 notatu
939 2953 1184 3025 dignum
1216 2957 1371 3025 quod
1403 2956 1462 3011 in
1510 2973 1698 3029 graeca
1727 2956 1970 3028 epistola
1999 2955 2133 3011 Cor-

483 3039 622 3096 nelii
654 3041 726 3096 ad
767 3041 1009 3097 Fabium
1070 3045 1518 3117 Antiochenum,
1569 3046 1738 3117 cujus
1766 3044 2133 3100 luculentum

485 3130 880 3202 fragmentum
922 3132 1088 3188 nobis
1139 3135 1498 3190 conservavit
1553 3135 1862 3200 Eusebius,
1923 3149 2134 3189 nomen

2313 2867 2506 2923 Tertio
2543 2866 2780 2920 demum
2823 2863 3222 2928 observamus,
3282 2859 3447 2932 quod
3509 2874 3577 2913 ex
3621 2848 3853 2910 Lardneri

2243 2953 2853 3013 animadversionibus
2884 2952 3176 3008 evidenter
3198 2953 3490 3022 patescat,
3531 2961 3708 3016 neque
3737 2939 3854 2996 Lati-

2243 3062 2351 3102 nos
2374 3043 2688 3100 discrimen
2719 3041 2874 3098 inter
2903 3041 3188 3097 Novatum
3221 3043 3277 3094 et
3304 3037 3690 3094 Novatianum
3734 3045 3854 3088 sem-

2246 3152 2348 3208 per
2377 3134 2736 3200 observasse,
2773 3135 2905 3186 utut
2961 3147 2996 3184 a
3043 3127 3476 3184 recentioribus
3533 3122 3720 3181 latinis
3746 3116 3857 3176 scri-

485 3197 665 3291 huj'us
686 3219 792 3274 viri
825 3238 1126 3294 nunquam
1159 3229 1426 3279 occurrat
1459 3243 1471 3293 ;
1507 3226 1702 3281 adhzec
1733 3197 1928 3297 potius
1973 3221 2127 3278 acci-
2161 3197 2203 3264 (ἶ
2243 3197 2507 3297 ptoribus
2525 3197 2829 3277 laudatum
2853 3219 3166 3276 discrimen
3183 3221 3303 3272 tam
3323 3215 3536 3272 sedulo
3558 3210 3857 3297 inculcetur,

486 3308 620 3364 dere
647 3310 855 3381 potuit,
886 3293 1038 3381 quod
1064 3311 1243 3367 Grmci
1280 3313 1626 3369 vocabulum
1657 3293 2000 3371 Ndvatz'anus
2031 3328 2132 3385 pro
2244 3293 2401 3385 quod
2434 3310 2714 3366 nimirum
2745 3309 3058 3365 exduobus
3079 3306 3195 3362 illis
3213 3305 3576 3379 presbyteris
3604 3293 3858 3359 Novatiani

486 3397 703 3472 aliquo,
737 3400 809 3455 ab
845 3399 988 3456 alias
1048 3406 1182 3457 noto
1231 3407 1289 3458 et
1344 3404 1580 3475 proprio
1630 3403 1866 3459 nomine
1899 3407 2136 3460 Novatus
2245 3400 2585 3458 schismatis
2617 3397 3018 3472 antesignanis
3073 3394 3585 3469 Carthaginiensis
3626 3392 3860 3475 Novatus,

488 3489 664 3556 dicto,
729 3493 905 3561 atque
980 3495 1148 3546 sectae
1208 3474 1757 3548 nomineiderivato
1801 3491 2134 3556 habuerint,
2247 3492 2546 3547 Romanus
2571 3505 2705 3544 vero
2730 3487 3090 3544 Novatianus
3134 3484 3429 3541 dicendus
3485 3484 3582 3540 sit.
3638 3481 3754 3536 Haec
3801 3474 3862 3530 ul-

486 3595 553 3633 ac
603 3578 809 3633 exinde
851 3579 923 3633 ad
982 3581 1337 3635 credendum
1390 3582 1609 3637 inducti
1664 3583 1895 3646 fuerint,
1946 3580 2135 3635 virum
2245 3582 2392 3636 tima
2438 3577 2787 3646 observatio,
2847 3594 2970 3649 quae
3029 3592 3098 3631 ex
3157 3573 3579 3631 Dissertatione
3632 3563 3860 3626 Lardneri

485 3665 655 3722 illum
688 3671 955 3724 Novatum
1002 3669 1353 3740 appellatum
1418 3672 1620 3740 fuisse,
1662 3671 1802 3743 quin
1838 3674 2139 3742 propterea
2249 3670 2503 3742 primum
2537 3668 2717 3724 menti
2748 3671 2958 3723 nostrae
2989 3664 3244 3732 obvenit,
3277 3679 3560 3734 magnam
3597 3659 3860 3716 utilitatem

488 3757 560 3812 de
590 3756 926 3812 confusione
941 3758 1187 3814 duarum
1220 3777 1602 3832 personarum
1624 3765 1744 3816 tam
1775 3761 2137 3818 diversarum

489 3845 803 3902 accusandi
836 3848 954 3902 sint
982 3866 994 3916 ;
1031 3849 1181 3904 unde
1229 3851 1576 3906 recentiores
1610 3850 1777 3905 latini
1808 3849 2140 3922 scriptores,

489 3935 589 4008 qui
620 3935 882 4008 priorum
937 3937 1210 4009 operibus
1261 3940 1569 3996 manifesto
1621 3941 1710 3996 usi
1743 3941 1992 4009 fuerant,
2024 3939 2145 3995 illo-

493 4042 627 4080 rum
667 4027 912 4099 vestigia
970 4033 1312 4098 presserunt
1346 4048 1358 4097 ;
1393 4047 1570 4101 quam
1630 4034 1696 4085 ut
1747 4029 2049 4086 Cornelius
2091 4033 2148 4084 et

491 4114 816 4186 Cyprianus
847 4115 905 4169 in
941 4116 1176 4171 nomine
1226 4118 1496 4173 errarint.
1564 4119 1819 4190 Denique
1872 4118 2148 4176 omnibus

493 4221 560 4259 ex
591 4204 906 4260 momentis
950 4206 1226 4260 Lardneri
1262 4224 1330 4263 ea
1377 4209 1712 4264 consecutio
1756 4208 1912 4263 haud
1945 4224 2148 4264 neces-
2257 4209 2526 4264 innixum
2559 4206 2851 4260 rationum
2877 4202 3190 4258 momentis
3217 4200 3672 4272 sequimur,quo
3695 4203 3864 4286 nomen

493 4294 647 4349 sario
680 4293 946 4364 infertur,
971 4296 1126 4366 quod
1160 4295 1346 4350 Latini
1401 4296 1744 4353 hallucinati
1778 4296 1994 4353 fuerint
2027 4313 2040 4352 :
2077 4297 2152 4352 εἰ·
2258 4298 2513 4352 Novatus
2536 4295 2607 4351 de
2636 4294 2902 4349 Africano
2932 4291 3235 4358 duntaxat,
3291 4293 3348 4344 et
3406 4303 3616 4343 nomen
3646 4282 3864 4338 Novatia-

496 4383 734 4455 quidem
794 4383 908 4439 duo
964 4384 1120 4440 inter
1202 4385 1302 4442 illa
1358 4391 1616 4442 extrema
1670 4388 1908 4442 tertium
1959 4387 2151 4442 adhuc
2261 4403 2373 4442 nus
2404 4385 2754 4440 deRomano
2786 4381 3124 4454 presbytero
3155 4379 3488 4435 adhibetur.

496 4473 690 4529 locum
723 4474 919 4543 habet,
953 4476 1107 4547 quod
1167 4475 1409 4532 alterius
1450 4482 1661 4533 nostrae
1693 4477 2150 4532 animadversio-
2333 4475 2426 4530 IV.
2457 4473 2815 4530 Novatianus
2846 4487 2915 4526 ex
2941 4469 3239 4542 Phrygum
3271 4473 3466 4540 gente,
3517 4465 3565 4521 si
3597 4460 3863 4552 Philostor-

498 4562 590 4616 nis
633 4563 924 4632 objectum
969 4565 1290 4621 constituit.
1347 4566 1404 4620 Si
1457 4583 1662 4623 omnes
1721 4566 2153 4622 observationes
2183 4575 2229 4638 ι)
2261 4565 2354 4638 gio
2385 4565 2530 4620 fides
2562 4561 2927 4636 (19),saaculo
2952 4561 3030 4616 Ill
3051 4561 3290 4615 ineunte
3314 4553 3869 4614 ortumduxisseems-

498 4650 676 4706 simul
710 4651 1072 4724 colligamus,
1099 4671 1166 4710 ex
1198 4655 1268 4710 iis
1314 4673 1428 4712 non
1463 4657 1574 4712 nisi
1623 4657 1744 4711 haec
1772 4655 1986 4727 duplex
2016 4672 2148 4711 con-
2261 4655 2558 4711 stimatur.
2592 4655 2917 4724 Antequam
2948 4650 3175 4705 Christo
3195 4665 3409 4704 nomen
3443 4648 3625 4711 daret,
3655 4639 3867 4727 philoso:

500 4740 685 4796 clusio
742 4741 940 4797 inferri
1000 4749 1234 4814 potest;
1288 4746 1478 4816 prima
1533 4751 1622 4801 est
1655 4764 1668 4805 :
1703 4750 1804 4801 aut
1855 4763 1991 4813 una,
2052 4749 2154 4800 aut
2245 4745 2461 4818 phiam
2503 4742 2824 4798 excoluisse
2877 4740 3235 4814 perhibetur.
3286 4737 3564 4793 Scribens
3621 4718 3867 4818 enimuad

499 4830 679 4886 altera
710 4848 867 4903 pars,
928 4831 1155 4887 scilicet
1180 4833 1268 4888 vel
1303 4834 1506 4902 Latini,
1559 4834 1644 4889 vel
1695 4835 1873 4891 Graeci
1933 4835 1992 4890 in
2050 4852 2152 4890 no-
2262 4815 2751 4907 Sympronianum
2810 4832 2869 4887 S.
2951 4830 3251 4893 Pacianus,
3311 4827 3435 4882 haec
3507 4824 3674 4880 habet
3723 4815 3866 4907 (20)

502 4919 657 4976 mine
688 4925 977 4977 errarunt.
1011 4921 1142 4977 Jam
1182 4937 1336 4992 vero,
1379 4938 1514 4978 cum
1571 4922 1880 4994 applicatio
1909 4923 2153 4980 laudatas
2265 4898 2715 4980 «vNovatianum
2748 4920 2890 4976 mihi
2924 4919 3143 4992 ingeris
3171 4918 3199 4973 ‘I
3251 4913 3668 4987 Philosophum
3712 4898 3869 4963 seculi

2250 3777 2315 3816 ac
2347 3762 2712 3815 momentum
2761 3757 2937 3812 habet
2983 3755 3053 3810 ad
3086 3771 3201 3810 non
3256 3769 3483 3824 paucas
3542 3745 3862 3805 difﬁcultates

2251 3848 2582 3914 solvendas,
2616 3847 2748 3902 inde
2781 3847 3165 3917 emergentes,
3200 3842 3356 3913 quod
3397 3842 3456 3896 in
3497 3838 3690 3896 latinis
3718 3831 3862 3890 Patri-

2253 3941 2364 3996 bus
2394 3938 2520 3995 loca
2549 3938 2620 3992 de
2670 3937 2887 3992 Novato
2939 3932 3410 4005 Carthaginiensi
3461 3931 3797 4001 exponentur
3840 3935 3862 3971 a

2255 4028 2671 4101 Scriptoribus,
2720 4043 2844 4097 qua:
2909 4039 3108 4078 revera
3164 4027 3366 4076 tamen
3443 4021 3515 4075 de
3598 4011 3864 4101 Novatiano

2256 4100 2459 4191 agunt.
2489 4117 2774 4172 Caeterum
2807 4114 2898 4169 hic
2929 4113 3228 4183 vulgarem
3277 4127 3528 4175 morem,
3581 4105 3696 4162 suis
3725 4100 3862 4155 etiam

574 5084 684 5156 (16)
717 5083 927 5156 Euseb.
962 5083 1028 5138 H.
1064 5084 1123 5138 E.
1159 5099 1234 5151 v1,
1268 5100 1393 5154 cap.
1425 5084 1515 5138 29.

2267 5089 2457 5141 tratur
2485 5083 2752 5139 Valesius
2774 5101 2840 5139 ex
2889 5099 2978 5152 eo,
3028 5081 3180 5153 quod
3239 5077 3459 5153 multos
3502 5060 3870 5153 sectatofe's‘

575 5155 685 5226 (17)
709 5155 970 5210 Bolland.
1003 5161 1123 5210 Ασι.
1157 5156 1276 5224 SS.,
1322 5161 1461 5211 tom.
1493 5156 1539 5211 ΙΙ
1587 5157 1745 5223 Jan.,

3045 5136 3432 5238 ’Novatira’pus‘.
3495 5145 3651 5238 Copi.
3700 5136 3872 5238 ναιεῖὲ

2270 5205 2781 5285 saturarum
2813 5205 3014 5294 siis,
3055 5205 3229 5296 as."
3253 5205 3339 5296 ξε.
3394 5218 3650 5296 scopa...
3691 5231 3742 5285 ρ.
3778 5205 3872 5296 gi;

3255 5275 3334 5349 Cl.
3392 5275 3874 5360 ΙαοιίεοῐιηῬῖῖῗίῗί

2271 5345 2857 5444 ᾆᾶᾜριῖῗῇᾈξῖᾶἑῖξιῖἱ
2884 5345 3616 5444 pagj'ga"ta;ana_u._an
3651 5345 3872 5444 ςνέᾳερέι.

2272 5448 2334 5513 of
2353 5429 2517 5499 mé‘o.
2553 5445 2615 5497 II.
2651 5447 2798 5514 part.
2833 5429 2902 5512 u:
2929 5429 3038 5496 vol.
3089 5440 3178 5507 IX,
3215 5454 3340 5511 pag.
3407 5437 3493 5501 17,
3527 5429 3675 5489 haud
3710 5433 3872 5478 veris:-

2275 5515 2472 5572 milem
2507 5521 2766 5570 censent.
3699 5569 3712 5574 _
3758 5564 3808 5574 _.

2492 5559 2937 5660 EacianﬁEpist.
2970 5583 3118 5660 {iud
3139 5583 3450 5660 δῃηῳνονῃ.⁷
3504 5582 3639 5660 tom:
3668 5569 3717 5660 ll

2277 5646 2383 5717 P15.
2431 5646 2610 5717 Paris.
2661 5646 2820 5732 pag.‘
2852 5659 2942 5730 56,
2975 5646 3304 5726 Hieron'yni.
3354 5646 3459 5722 Ep.
3493 5646 3569 5705 ad
3593 5646 3874 5701 Damasum.

575 5160 685 5226 (17)
709 5160 970 5210 Bolland.
1003 5161 1123 5210 Ασι.
1157 5160 1276 5224 SS.,
1322 5161 1461 5211 tom.
1493 5160 1539 5211 ΙΙ
1587 5160 1745 5223 Jan.,
1775 5174 1906 5230 pag.
1937 5160 2044 5213 252
2099 5163 2158 5214 et

505 5228 658 5300 2567;
694 5226 1029 5281 Tillcmont.
1061 5229 1345 5283 Memoirc's
1375 5245 1472 5281 sur
1527 5228 1583 5282 S.
1642 5231 1873 5300 Fabien,
1905 5234 2046 5286 tom.
2084 5231 2158 5286 Ill

504 5300 573 5355 H.
606 5299 885 5386 pag.
948 5299 1089 5368 362;
1136 5301 1341 5355 Bower
1400 5301 1533 5354 Hist.
1585 5299 1881 5372 Paper-um,
1936 5306 2082 5375 part.
2120 5320 2159 5370 ι,

985 5446 1125 5500 tom.
1162 5444 1223 5498 Vl
1256 5443 1513 5498 Bz’blz’oth.
1557 5445 1654 5499 lat.
1696 5444 1838 5500 med.
1873 5453 1923 5500 et
1949 5447 2159 5516 inﬁrm.

505 5521 678 5578 ἄξιαι,
703 5529 833 5586 pag.
867 5521 955 5570 2-1.

506 5585 1077 5670 _.(.1‘9)‘Philpsto_rg.
1119 5587 1186 5642 Η.
1364 5587 1466 5670 lib,
1501 5586 1620 5654 νιὶι,
1682 5605 1809 5670 cap.
1840 5588 1952 5670 __15.
2005 5587 2164 5670 Hanc

505 5657 878 5732 Philostorgii
902 5657 1234 5734 opinionem
1258 5659 1577 5717 admodum
1597 5657 1974 5718 verisimilem
2008 5659 2164 5717 arbi-
