4102 6180
265 313 384 375 893

1801 313 2145 374 ΝΟΤΙΤΙΑ.

3564 304 3681 366 89ι

268 447 450 502 fuisse
468 445 662 501 audio.
691 468 721 496 »
745 445 908 511 Quod
933 445 1086 502 866
1110 445 1486 518 quidemjam
1503 448 1676 501 antea
1714 444 1921 501 docue-
1952 447 2007 513 Α
2039 449 2174 503 utor
2196 445 2532 519 Hieronymi
2555 445 2690 518 (28).
2725 443 2948 511 Quibus
2980 444 3177 498 autem
3210 439 3435 496 artibus
3477 439 3685 495 Roma-

269 541 359 591 rat
382 537 443 592 S.
469 535 789 608 Cyprianus
813 536 923 606 (21,
951 552 965 590 :
991 552 1190 608 exquo
1213 536 1390 590 etiam
1425 534 1733 599 discimus,
1774 534 1925 589 Stoi-

270 642 470 682 corum
505 625 740 696 placitis
775 625 970 696 ipsum
997 625 1176 680 fuisse
1199 623 1520 679 addictum.
1543 623 1925 680 Patriadomo

271 713 474 768 relicta
504 713 746 769 Romam
783 729 844 767 se
870 712 1139 780 contulit,
1171 729 1201 767 e
1230 712 1462 766 Porticu
1499 712 1553 766 in
1607 711 1921 767 Ecclesiam

273 802 588 858 transiens.
625 801 833 856 Adhuc
864 801 1328 856 Catechumenus
1361 802 1518 873 gravi
1571 800 1773 855 morbo
1799 817 1922 855 cor-

272 896 492 963 reptus,
528 890 788 947 Clinicus
824 890 1181 963 Baptismum
1230 889 1505 961 suscepit.
1559 890 1806 962 «Neque
1837 899 1922 946 ta-

272 997 423 1047 men,
454 984 516 1034 ut
546 980 750 1036 scribit
783 980 839 1034 S.
871 978 1171 1034 Cornelius
1195 982 1332 1048 (22),
1359 978 1594 1034 sanitati
1619 979 1923 1034 restitutus

269 1069 495 1140 reliqua
528 1069 805 1140 percepit,
841 1085 968 1140 quae
1002 1069 1324 1124 secundum
1359 1067 1621 1123 Ecclesiae
1659 1070 1919 1140 regulam

266 1158 645 1230 percipienda
674 1162 853 1224 sunt;
888 1174 1075 1229 neque
1105 1159 1176 1212 ab
1220 1157 1492 1229 episcopo
1541 1158 1921 1229 consignatus

264 1253 377 1303 est.
414 1247 720 1318 Deinceps,
755 1246 956 1302 subdit
987 1247 1140 1302 idem
1192 1251 1431 1302 sanctus
1482 1247 1737 1317 pontifex
1783 1248 1918 1316 (23),

265 1336 628 1409 presbyterio
660 1335 1075 1392 cohonestatus
1106 1339 1195 1390 est
1225 1351 1325 1406 per
1353 1335 1601 1408 gratiam
1632 1340 1688 1391 et
1727 1334 1919 1390 indul-

265 1427 528 1498 gentiam
558 1425 900 1497 Episcopi...
933 1424 1326 1480 intercedebat
1361 1425 1517 1480 enim
1567 1424 1758 1480 omnis
1806 1424 1916 1480 cle-

266 1531 393 1584 rus,
427 1519 484 1569 et
516 1514 685 1570 multi
718 1532 786 1570 ex
804 1513 1000 1583 laicis;
1026 1530 1090 1570 eo
1113 1515 1265 1585 quod
1290 1531 1402 1569 non
1425 1513 1622 1568 liceret
1642 1531 1774 1568 eum
1797 1515 1918 1586 qui,

265 1605 767 1677 quemadmodum
795 1609 850 1659 et
879 1601 999 1672 ille,
1058 1603 1118 1658 in
1167 1602 1378 1659 lectulo
1427 1609 1668 1673 urgente
1717 1604 1918 1659 morbo

264 1695 543 1766 perfusus
564 1693 793 1764 fuisset,
819 1693 876 1747 in
901 1692 1121 1747 clerum
1145 1691 1400 1764 aliquem
1433 1693 1675 1748 assumi.
1704 1696 1918 1748 Verum

264 1782 493 1855 rogavit
524 1783 855 1855 episcopus,
891 1786 954 1836 ut
981 1798 1114 1837 eum
1150 1799 1335 1836 unum
1357 1781 1628 1836 ordinare
1649 1781 1760 1837 sibi
1790 1799 1916 1854 per~
1947 1824 1994 1888 Β

263 1872 616 1928 mitteretur.
654 1896 681 1922 ››

339 1961 406 2016 ν.
442 1961 905 2018 Existimaverim
938 1961 1172 2032 quidem
1205 1977 1337 2016 cum
1367 1961 1507 2016 viris
1538 1959 1914 2032 eruditis(24)

259 2050 419 2105 haud
457 2051 734 2106 mediocri
764 2067 1066 2106 sacrarum
1099 2050 1427 2106 litterarum
1458 2049 1704 2106 scientia
1741 2055 1913 2122 atque

257 2139 620 2211 eloquentia,
653 2139 868 2212 quibus
900 2139 1163 2195 imbutus
1194 2143 1319 2194 erat
1365 2139 1740 2206 Novatianus,
1795 2155 1914 2210 per-

256 2235 491 2284 motum
520 2228 700 2284 fuisse
731 2228 1086 2300 pontiﬁcem,
1120 2226 1239 2284 sive
1269 2227 1318 2282 is
1353 2227 1591 2284 demum
1649 2227 1821 2283 fuerit
1852 2227 1908 2282 S.

252 2317 576 2385 Fabianus,
607 2317 727 2373 sive
759 2318 954 2390 potius
985 2316 1199 2389 aliquis
1228 2334 1296 2373 ex
1329 2318 1459 2387 ejus
1482 2315 1909 2382 decessoribus,

255 2411 329 2462 ut
358 2407 553 2478 ipsum
587 2406 657 2461 ad
709 2405 1052 2479 presbyterii
1096 2407 1344 2478 gradum
1393 2406 1695 2462 eveheret:
1750 2409 1910 2460 ratus

256 2495 542 2551 nimirum
576 2495 858 2550 hactenus
910 2496 1192 2550 duntaxat
1217 2513 1250 2550 a
1289 2499 1567 2551 consueta
1612 2493 1913 2549 ecclesias-

255 2586 382 2641 tica
412 2583 722 2656 disciplina
751 2585 864 2640 sibi
896 2585 982 2640 fas
1012 2601 1140 2640 esse
1186 2585 1473 2651 recedere,
1527 2585 1600 2640 ob
1649 2599 1906 2655 operam,

255 2690 442 2743 quam
479 2672 644 2727 illum
674 2673 939 2728 Ecclesiaa
967 2672 1316 2729 collaturum
1349 2673 1621 2745 sperabat
1651 2674 1796 2743 (25):
1854 2677 1912 2726 et

254 2762 454 2835 primo
505 2762 742 2834 quidem
793 2767 1078 2834 conceptae
1125 2762 1539 2818 existimationi
1581 2779 1716 2817 eum
1767 2761 1910 2816 satis

255 2851 658 2922 respondisse,
692 2853 857 2907 testis
891 2858 979 2907 est
1005 2851 1265 2924 locuples
1325 2857 1526 2906 auctor
1573 2857 1911 2924 Anonyiuus

245 2940 373 3012 ipsi
406 2956 648 3007 coaevus,
683 2940 824 2995 dum
857 2943 937 2996 ait
969 2941 1118 3013 (26):
1168 2963 1196 2992 ‹‹
1247 2940 1630 2997 Novatianum
1681 2957 1912 3013 semper

245 3029 320 3085 in
353 3029 529 3085 domo
563 3046 701 3095 una,
733 3030 788 3084 id
824 3042 931 3099 est,
963 3029 1175 3086 Christi
1209 3029 1484 3097 Ecclesia,
1511 3030 1908 3101 proximorum

255 3118 479 3174 delicta
509 3122 574 3174 ut
611 3119 846 3191 propria
894 3119 1160 3188 flevisse;
1211 3134 1388 3175 onera
1433 3119 1702 3186 fratrum,
1757 3119 1912 3174 sicut

2037 553 2171 590 nam
2208 536 2485 591 invaserit
2514 536 2733 604 sedem,
2786 533 3068 605 quibusve
3112 529 3423 586 calumniis
3472 528 3681 584 Corne-

2036 623 2179 679 lium
2214 642 2282 680 ex
2313 641 2380 680 ea
2408 625 2720 680 deturbare
2751 626 2998 677 conatus
3031 621 3222 687 fuerit,
3256 618 3578 691 Cyprianus
3610 618 3682 672 ad

2040 714 2427 768 Antonianum
2461 713 2621 768 hisce
2670 713 2842 767 refert
2897 710 3088 766 verbis
3131 710 3277 781 (29):
3317 731 3344 759 «
3379 708 3541 774 Quod
3585 725 3683 763 au-

2032 808 2150 857 tem
2183 803 2450 874 quaedam
2483 803 2553 857 de
2586 801 2702 866 illo,
2726 823 2754 851 »
2791 801 2846 855 id
2880 805 2968 855 est
2997 798 3261 856 Cornelio
3311 799 3484 869 Papa,
3537 818 3565 845 «
3600 796 3682 850 in-

2033 891 2298 959 honesta,
2331 897 2389 947 et
2421 890 2680 963 maligna
2701 891 3027 962 jactentur,
3060 887 3192 942 nolo
3227 886 3494 953 mireris;
3546 901 3681 940 cum

2032 981 2205 1053 scias,
2239 981 2347 1037 hoc
2378 996 2506 1036 esse
2537 997 2684 1052 opus
2717 995 2947 1050 semper
2983 976 3222 1042 Diaboli,
3263 980 3326 1030 ut
3351 991 3546 1030 servos
3579 974 3680 1030 Dei

2032 1069 2334 1125 mendacio
2364 1069 2596 1137 laceret,
2627 1073 2684 1124 et
2715 1067 3090 1140 opinionibus
3146 1064 3310 1120 falsis
3360 1063 3679 1136 gloriosum

2030 1175 2241 1214 nomen
2274 1157 2546 1225 infamet;
2581 1163 2644 1211 ut
2671 1157 2769 1228 qui
2814 1154 3183 1212 conscientiae
3227 1171 3345 1208 suta
3394 1152 3519 1207 luce
3569 1151 3682 1207 cla-

2029 1251 2289 1316 rescunt,
2308 1247 2515 1303 alienis
2541 1245 2875 1301 rumoribus
2897 1244 3291 1300 sordidentur.
3336 1241 3680 1313 Explorasse

2029 1341 2223 1392 autem
2255 1335 2507 1408 collegas
2539 1339 2768 1391 nostros
2801 1335 2970 1402 scias,
3002 1338 3059 1389 et
3083 1331 3387 1387 verissime
3445 1345 3677 1401 compe-

2029 1426 2196 1494 risse,
2234 1425 2394 1481 nulla
2423 1424 2590 1480 illum
2629 1423 2828 1493 libelli,
2861 1428 2925 1478 ut
2966 1421 3207 1496 quidam
3245 1422 3488 1491 jactant,
3544 1418 3676 1474 labe

2032 1515 2384 1571 maculatum
2419 1531 2588 1582 esse;
2641 1515 2741 1570 sed
2795 1528 2985 1584 neque
3035 1528 3168 1568 cum
3213 1508 3522 1581 episcopis,
3575 1507 3676 1579 qui

2029 1605 2520 1670 sacriﬁcaverunt,
2556 1602 3145 1658 communicationem
3164 1597 3509 1670 sacrilegam
3542 1596 3678 1652 mis-

2028 1694 2221 1750 cuisse
2257 1711 2269 1749 :
2303 1694 2404 1749 sed
2437 1710 2537 1749 eos
2568 1695 2828 1762 demum,
2863 1707 3113 1762 quorum
3145 1705 3317 1744 causa
3357 1686 3579 1750 audita,
3620 1689 3677 1740 et

2027 1782 2360 1838 innocentia
2381 1782 2760 1853 comprobata
2777 1779 2874 1845 sit,
2903 1777 3270 1849 conjunxisse
3295 1774 3618 1831 nobis-tum.
3647 1796 3668 1824 ι

2026 1872 2411 1944 Trophimum
2445 1876 2641 1926 autem
2666 1871 2982 1942 quemdam
3003 1870 3074 1924 ab
3097 1868 3300 1923 eodem
3328 1880 3461 1920 cum
3486 1862 3674 1919 Eccle-

2024 1959 2258 2031 siajure
2280 1960 2718 2016 reconciliatum
2746 1959 2944 2024 fuisse,
2969 1957 3235 2029 pluribus
3263 1951 3668 2026 persequitur:

2023 2050 2253 2119 deinde,
2295 2069 2316 2098 ι
2352 2050 2505 2121 quod
2543 2051 2761 2122 passim
2787 2048 3220 2104 communicare
3267 2061 3401 2100 cum
3441 2042 3667 2098 sacrifi-

2023 2139 2168 2194 catis
2199 2138 2532 2196 Cornelium
2563 2138 2667 2193 tibi
2700 2138 3037 2193 nuntiatum
3068 2140 3174 2204 est,
3208 2135 3316 2190 hoc
3365 2131 3543 2189 etiam
3597 2131 3667 2188 de

2020 2230 2432 2300 Apostatarum
2457 2228 2604 2283 fictis
2625 2227 2961 2283 rumoribus
2985 2225 3261 2280 nascitur.
3293 2223 3490 2293 Neque
3509 2219 3665 2276 enim

2023 2321 2269 2390 possunt
2296 2316 2534 2372 laudare
2565 2334 2690 2384 nos,
2725 2316 2824 2388 qui
2857 2315 3152 2382 recedunt,
3186 2318 3287 2369 aut
3335 2313 3668 2383 exspectare

2021 2408 2324 2474 debemus,
2351 2412 2416 2462 ut
2437 2406 2771 2479 placeamus
2788 2404 2924 2473 illis,
2958 2405 3056 2476 qui
3079 2403 3245 2459 nobis
3266 2400 3665 2474 diSplicentes,

2020 2499 2076 2552 et
2105 2503 2306 2552 contra
2337 2495 2655 2552 Ecelesiam
2689 2494 2954 2564 rebelles,
2979 2492 3367 2550 sollicitandis
3392 2492 3461 2547 de
3484 2489 3668 2546 Eccle-

2020 2585 2106 2641 sia
2140 2585 2416 2641 fratribus
2447 2585 2728 2642 violenter
2756 2583 3054 2639 insistunt.
3087 2585 3278 2648 Quare
3307 2587 3366 2637 et
3412 2581 3485 2635 de
3535 2581 3668 2637 Cor-

2020 2676 2195 2740 nelio,
2227 2680 2284 2731 et
2312 2677 2382 2731 de
2414 2675 2582 2730 nobis
2633 2690 2994 2745 quaecunque
3034 2674 3354 2744 jactentur,
3407 2687 3511 2726 nec
3569 2686 3668 2725 au-

2020 2765 2147 2820 dias
2179 2763 2366 2830 facile,
2420 2781 2523 2820 nec
2573 2765 2794 2829 credas,
2839 2764 3014 2818 frater
3069 2762 3432 2816 charissima.
3468 2782 3496 2810 »
3548 2759 3665 2814 Hoc

2019 2854 2340 2926 Cyprianus
2383 2854 2451 2909 de
2482 2852 2797 2908 calumniis
2827 2851 2886 2908 in
2918 2850 3245 2907 Cornelium
3304 2864 3514 2921 papam
3554 2847 3675 2902 vul-

2019 2943 2190 3016 gatis,
2224 2958 2469 3013 quarum
2503 2958 2570 2997 ea
2609 2941 2901 3014 praecipua
2951 2944 3095 3012 erat,
3132 2939 3288 3011 quod
3344 2937 3540 3010 lapsos
3593 2937 3664 2992 ad

2020 3034 2492 3092 communionem
2526 3032 3040 3088 indiscriminatim
3075 3030 3445 3087 admitteret:
3475 3028 3675 3100 “Nova-

2021 3125 2219 3181 tianus
2250 3139 2279 3179 e
2309 3128 2529 3194 contra,
2556 3124 2803 3194 ejusque
2836 3121 3068 3178 sectarii
3109 3121 3180 3176 ad
3213 3135 3436 3192 pacem,
3481 3121 3537 3173 et
3565 3117 3671 3172 Ec-

244 3206 580 3280 Apostolus
611 3208 894 3274 hortatur,
943 3207 1336 3263 sustinuisse:
1391 3206 1648 3264 lubricos
1695 3209 1755 3262 in
1802 3208 1914 3265 {ide
1944 3193 1986 3260 C
2025 3213 2213 3270 οιθδίω
2246 3193 2723 3268 communionem
2779 3212 3052 3284 nuspiam
3103 3209 3498 3265 admittendos
3545 3223 3675 3263 esse

250 3295 485 3352 caelesti
516 3295 868 3353 allocutione
899 3297 1325 3352 corroborasse.
1361 3318 1389 3346 »
1442 3300 1657 3352 Verum
1704 3298 1914 3352 deinde

250 3385 459 3459 palam
495 3386 646 3456 fecit,
691 3402 867 3457 quam
918 3387 1198 3458 indignus
1247 3386 1571 3442 sacerdotio
1617 3392 1792 3454 esset,
1842 3389 1914 3443 ad

246 3474 415 3546 quod
439 3477 641 3530 contra
663 3480 1004 3531 consuetam
1029 3474 1294 3532 Ecclesia)
1318 3475 1703 3547 disceplinam
1727 3477 1916 3532 fuerat

244 3568 516 3620 evectus.
552 3565 758 3620 Exorta
789 3565 944 3620 enim
978 3564 1376 3637 persecutione
1407 3565 1658 3620 Deciana
1714 3583 1846 3621 cum
1880 3582 1914 3620 a

250 3653 532 3710 Diaconis
592 3660 945 3716 moneretur,
982 3660 1043 3707 ut
1073 3653 1360 3723 cubiculo,
1404 3672 1517 3726 quo
1577 3672 1638 3708 se
1684 3654 1912 3709 concluo

243 3748 433 3810 serat,
472 3743 864 3813 egrederetur,
924 3747 1099 3813 atque
1149 3743 1470 3817 Presbyteri
1522 3743 1711 3799 officio
1761 3745 1912 3799 inter

245 3832 471 3888 fratres
491 3830 826 3887 laborantes
845 3835 900 3886 et
922 3849 1232 3904 oppressos
1253 3833 1611 3905 fungeretur,
1639 3834 1906 3904 negabat,

244 3938 316 3977 se
375 3921 431 3974 id
489 3919 802 3987 facturum,
856 3920 974 3976 imo
1033 3928 1228 3992 aperte
1274 3921 1664 3995 signiﬁcabat,
1717 3924 1910 3978 mode-

241 4016 414 4066 stum
440 4008 553 4063 sibi
577 4009 901 4082 Presbyteri
925 4026 1142 4063 munus
1163 4027 1307 4078 esse,
1337 4028 1516 4081 seque
1537 4012 1607 4066 ad
1650 4011 1908 4067 Philoso-

243 4099 452 4173 phiam
479 4115 646 4153 suam
671 4099 873 4154 reverti
889 4099 1061 4154 velle:
1089 4101 1587 4171 quemadmodum
1603 4101 1905 4157 Cornelius

245 4187 404 4244 867
444 4187 844 4257 testatur(27).
869 4188 951 4241 Ad
977 4191 1298 4243 extremum
1343 4192 1462 4243 tam
1501 4190 1738 4260 perdita.-
1780 4207 1902 4245 am-

244 4275 496 4332 bitionis
526 4280 672 4331 aestu
705 4276 983 4347 abreptus
1027 4277 1157 4344 fuit,
1204 4281 1441 4348 tamque
1487 4277 1613 4334 dira
1663 4281 1907 4352 flagrare

247 4364 428 4436 coepit
458 4365 734 4434 amentia,
766 4368 831 4418 ut
864 4381 976 4420 non
1010 4365 1284 4436 puduerit
1314 4388 1342 4415 «
1377 4367 1657 4422 adversus
1695 4371 1903 4424 Corne-

2023 3304 2357 3360 censebant.
2389 3303 2502 3359 Sed
2535 3309 2592 3358 et
2621 3302 2877 3358 Novatus
2908 3300 3253 3372 Carthagine
3309 3299 3549 3370 quidem
3599 3299 3670 3354 ad

2028 3393 2376 3465 captandam
2411 3392 2598 3464 plebis
2629 3409 2833 3448 auram
2860 3391 3056 3463 lapsos
3088 3391 3214 3446 sine
3245 3387 3580 3444 discrimine
3598 3388 3670 3442 ad

2028 3483 2504 3539 communionem
2536 3482 2870 3548 admiserat,
2906 3485 2970 3536 ut
2999 3484 3198 3536 narrat
3224 3478 3584 3552 Cyprianus;
3617 3479 3676 3531 at

2030 3575 2255 3627 mutato
2280 3571 2474 3627 Roma;
2497 3570 2762 3638 consilio,
2793 3588 2909 3625 una
2929 3587 3064 3625 cum
3087 3567 3423 3634 Novatiauo,
3450 3566 3673 3622 nuliam

2028 3661 2537 3726 reconciliationis,
2572 3666 2673 3716 aut
2702 3659 3134 3715 communionis
3163 3676 3327 3730 spem
3362 3657 3541 3728 lapsis
3585 3671 3674 3710 re-

2025 3749 2332 3819 linquebat
2365 3767 2378 3806 :
2414 3750 2673 3806 Ecclesia
2704 3765 2838 3828 vero
2869 3748 3162 3804 Catholica
3194 3746 3449 3802 mediam
3481 3744 3671 3801 iniens

2023 3841 2176 3897 viam
2211 3839 2360 3911 (quea
2410 3840 2711 3894 tutissima
2766 3838 2877 3909 est)
2925 3836 3290 3910 singulorum
3342 3835 3672 3891 examinata

2025 3945 2224 3993 causa,
2259 3931 2389 4000 post
2421 3933 2712 3999 peractam
2748 3945 2848 4000 pro
2889 3927 3203 3982 criminum
3254 3924 3530 3980 varietate
3562 3939 3672 3994 pce-

2024 4017 2354 4083 nitcntiam,
2388 4015 2571 4089 lapsis
2599 4034 2822 4088 pacem,
2856 4022 2911 4071 et
2941 4014 3410 4072 communionem
3474 4012 3667 4067 dabat.

2092 4111 2319 4161 Interea
2348 4122 2480 4160 cum
2513 4106 2584 4160 de
2607 4105 2875 4174 Cornelii,
2927 4109 2983 4160 et
3028 4102 3330 4159 Novatiani
3391 4101 3670 4156 electione

2018 4195 2161 4251 varii
2193 4195 2449 4266 undique
2481 4199 2896 4267 spargerentur
2925 4210 3206 4262 rumores,
3241 4209 3305 4246 ac
3353 4192 3507 4245 fama
3553 4189 3669 4244 veri

2016 4284 2264 4356 falsique
2285 4285 2493 4340 nuntia
2522 4285 2677 4340 inter
2706 4301 2767 4340 se
2815 4283 3102 4339 contraria
3151 4281 3450 4353 vulgarat;
3503 4282 3566 4333 ut
3607 4278 3666 4333 in

2019 4391 2080 4430 re
2137 4375 2485 4446 gravissima
2536 4377 2702 4429 caute
2760 4376 2998 4446 agerent
3049 4371 3302 4427 Africani
3383 4368 3662 4441 episcopi,

247 4453 399 4509 lium
431 4451 782 4508 Catbedram
833 4453 1253 4510 sacerdotalem
1291 4455 1598 4512 invadere:
1650 4479 1676 4506 ‹‹
1713 4459 1903 4514 verbis
1935 4473 1980 4538 D
2016 4462 2236 4535 legatos
2268 4463 2535 4529 Romam,
2571 4466 2635 4517 ut
2665 4479 2782 4518 rem
2813 4461 3051 4534 propius
3073 4459 3449 4532 inspicerent,
3487 4458 3660 4513 mise-

321 4658 438 4737 (2.1.)
464 4657 1101 4737 gpryprianLqutn
1132 4661 1210 4737 ad
1260 4661 1460 4737 Anton.
1523 4662 1686 4718 Conf.
1733 4664 1910 4737 Suys-

260 4729 422 4786 kenii
464 4730 580 4784 Vita
611 4729 854 4786 Cornelii
881 4729 938 4803 p1
971 4733 1039 4787 84
1071 4733 1128 4786 in
1159 4735 1280 4789 Act.
1329 4735 1588 4790 Sanctor.
1647 4739 1790 4792 tom.
1819 4729 1908 4793 Ἰν

251 4803 418 4872 Sept.
457 4817 586 4871 pag.
623 4803 742 4856 154.

473 4873 711 4951 Cprn_e_l._
735 4873 915 4951 Epist.
949 4875 1018 4928 ad
1049 4876 1280 4930 Fabium
1309 4877 1560 4932 Antioch.
1596 4878 1625 4951 §
1650 4879 1698 4932 4.

349 4945 445 5014 23)
480 4944 565 5014 Id.
596 4944 737 4999 ibid.
770 4947 798 5013 §
825 4947 877 5001 6.

482 5013 740 5092 bellandi
771 5017 884 5092 Aci.
919 5015 1210 5092 SS.__Sept._
1241 5022 1381 5092 tom.
1415 5021 1508 5082 IV,
1545 5037 1675 5092 pag.
1708 5021 1832 5076 456.

326 5087 447 5159 (25)
482 5087 631 5145 Num
685 5088 961 5164 praeclara
1009 5087 1314 5164 Novatiani
1374 5087 1728 5164 meritafvel
1773 5110 1907 5164 spes

256 5165 568 5229 metusque
625 5160 963 5235 episcopum
1023 5161 1375 5235 induxerint.
1419 5167 1483 5216 ut
1531 5163 1730 5218 statim
1778 5160 1908 5235 p'ost

252 5236 597 5306 susceptum
617 5232 982 5306 Baptismum
1006 5234 1097 5306 ad,
1121 5235 1591 5306 presbyterorum
1642 5232 1906 5292 ordinem

252 5318 407 5376 eum
425 5302 714 5369 aveheret,
747 5321 816 5359 ne
838 5304 1018 5360 sacris
1041 5302 1388 5360 Christianis
1412 5306 1584 5361 homo
1635 5308 1904 5376 resiliret,

253 5380 311 5429 et
341 5374 413 5428 ad
445 5379 665 5429 veteres
695 5377 896 5431 sordes
947 5382 1343 5445 reverteretur,
1391 5395 1567 5445 quam
1622 5379 1766 5433 forte
1817 5374 1907 5435 vo—

254 5445 544 5500 luntatem
595 5463 708 5501 non
759 5447 1186 5515 dissimulabat,
1237 5450 1316 5503 uti
1366 5445 1447 5504 Cl.
1521 5450 1903 5516 Moshemius,

261 5534 316 5589 p.
346 5518 453 5589 5'16
483 5524 800 5589 comment,
859 5519 924 5575 de
979 5520 1139 5576 rebus
1194 5531 1318 5575 tmte
1367 5524 1652 5577 Constant.
1701 5523 1769 5577 Μ.
1825 5523 1904 5578 Ιο-

258 5588 694 5666 quituquuare
738 5591 846 5646 hoc
894 5608 1025 5647 eum
1073 5591 1289 5666 honore
1338 5591 1577 5665 alligare
1625 5595 1908 5666 quodam-

261 5659 435 5718 modo
467 5659 754 5733 Ecclesia,
807 5666 982 5737 atque
1010 5680 1045 5721 a
1073 5663 1392 5720 deiectione
1442 5659 1709 5723 revocare
1756 5667 1908 5724 vole-

2019 4667 2138 4734 bat,
2159 4668 2359 4739 judice
2381 4667 2463 4723 Cl.
2491 4667 2754 4723 Walchio
2776 4670 3021 4724 Historia
3064 4669 3346 4726 Haeresum
3378 4682 3510 4738 pag.
3528 4665 3662 4739 _197,

2018 4737 2260 4811 partem,
2289 4739 2519 4794 deliniri
2545 4740 2699 4794 haud
2740 4740 2908 4796 facile
2948 4745 3154 4812 potest.
3200 4737 3665 4812 FalsasEulogii

2018 4810 2383 4893 narrationes
2413 4813 2485 4867 de
2517 4811 2851 4870 Novatianis
2883 4810 3096 4867 refutat
3141 4810 3502 4883 Suyskenius
3553 4810 3661 4865 loc.

2017 4887 2202 5038 :lt(.26.)
2258 4955 2598 5038 Anonymus
2653 4955 2723 5011 ad
2782 4955 3110 5028 Novaium§
3163 4955 3249 5020 13,
3309 4954 3459 5008 inter
3516 4953 3660 5023 Opp.

2017 5027 2096 5099 Cy
2145 5027 2312 5082 ﬁant
2436 5027 2439 5028 ⁷

2091 5043 2204 5168 ἑἹ)
2263 5098 2487 5155 Cornel.
2543 5098 2722 5170 Epist.
2784 5097 2855 5153 ad
2910 5097 3137 5153 Fabium
3187 5094 3435 5152 Antioch.
3511 5093 3665 5165 apud

2018 5170 2564 5313 Ellaghieronym.
2599 5242 2663 5297 de
2701 5243 2805 5297 Vir.
2855 5241 3060 5313 "lustr.
3112 5256 3238 5308 cap.
3268 5237 3385 5313 770;
3437 5235 3666 5313 Moshe-

2019 5311 2263 5368 mius’in
2296 5318 2610 5368 comment.
2643 5314 2706 5368 tle
2755 5315 2913 5368 rebus
2969 5312 3300 5366 Christianis
3347 5317 3477 5363 ante
3527 5311 3666 5366 Con-

2014 5392 2180 5440 stant.
2243 5385 2342 5452 M.,
2406 5403 2537 5456 pag.
2596 5386 2720 5449 513,
2782 5388 2839 5456 et
2895 5382 3198 5456 Walchius
3258 5383 3404 5456 part.
3438 5398 3480 5437 ιι
3507 5382 3664 5456 _Ilist.

2016 5457 2270 5513 Ilaeretic.
2304 5453 2434 5527 pag.
2460 5453 2582 5525 2‘31,
2608 5455 2948 5511 ambitionis
2969 5459 3139 5526 atque
3178 5453 3406 5510 invidias
3439 5453 3658 5527 crimen

2017 5545 2051 5583 a
2083 5525 2403 5584 Novatiano
2432 5545 2726 5584 removere
2747 5525 3062 5598 conantur,
3090 5527 3188 5582 sed
3223 5541 3350 5582 mea
3390 5525 3667 5600 opinione

2016 5601 2181 5655 irrito
2213 5604 2445 5654 conatu.

2087 5671 2199 5744 (29)
2229 5670 2495 5745 Cyprian.
2527 5671 2630 5744 Ep.
2665 5687 2765 5728 ιιι.
