4102 6180
467 351 588 418 895

1439 355 1950 418 NOVATIANUS
1994 356 2459 417 PRESBYTER
2507 354 2909 416 ROMANUS.
3016 332 3029 342 ’

3705 357 3798 421 896

469 493 630 545 runt.
666 487 768 543 Vix
799 493 992 545 autem
1021 488 1205 562 {legati
1256 490 1496 546 Romam
1559 490 1931 560 advenerant,
1981 507 2113 545 cum
2145 493 2196 559 Α
2229 488 2754 562 remissionemque
2810 489 2925 544 Deo
2977 487 3449 559 permitterent.»
3508 487 3583 544 Ne
3641 493 3798 547 tamen

467 581 705 650 repente
734 577 1093 634 Novatianus
1124 579 1274 634 868
1308 579 1626 652 Episcopus
1656 579 1960 635 ordinatus
2008 584 2116 634 est.

469 667 594 732 Qua
625 671 818 724 autem
861 668 1085 724 ratione
1136 669 1492 724 Novatianus
1545 669 1866 724 Romanam
1918 669 2117 724 sedem

469 755 768 822 invaserit,
793 772 858 811 ac
881 756 1203 830 Episcopus
1238 757 1410 812 fuerit
1447 757 1772 826 ordinatus,
1818 755 2120 812 Cornelius

471 847 544 902 ad
576 846 814 901 Fabium
855 847 1276 902 Antiochenum
1308 848 1645 919 episcopum
1681 847 1948 918 pluribus
1997 863 2122 919 per-

474 933 762 1004 sequitur,
789 950 919 987 eum
948 934 1172 990 scilicet
1194 935 1542 1006 episcopalis
1564 936 1869 1006 dignitatis
1894 935 2120 1006 cupidi-

470 1026 588 1078 tate
618 1020 921 1076 incensum
957 1039 1124 1077 suam
1159 1023 1500 1095 aliquandiu
1535 1025 1910 1080 ambitionem
1953 1026 2123 1080 affec-

471 1114 596 1166 tata
624 1109 960 1166 humilitate
1019 1113 1253 1178 texisse,
1310 1116 1374 1166 ut
1423 1112 1551 1166 fidei
1603 1112 1965 1167 confessores
2011 1110 2122 1166 sibi

475 1199 760 1256 sociaret:
794 1201 951 1254 brevi
984 1205 1204 1265 tamen,
1237 1199 1370 1272 quis
1403 1201 1596 1270 fuerit,
1647 1212 1981 1272 quantoque
2027 1217 2124 1255 su-

475 1288 690 1362 perbia
721 1287 931 1359 spiritu
961 1289 1287 1358 duceretur,
1316 1290 1678 1362 apparuisse.
1731 1313 1758 1338 ‹‹
1788 1294 1932 1344 Nam
1965 1305 2126 1361 egre-

481 1377 615 1452 gius
646 1377 745 1434 ille
773 1378 880 1447 vir,
901 1377 998 1449 qui
1023 1379 1345 1434 tremendis
1369 1379 1720 1447 quibusdam
1745 1379 2128 1434 sacramentis

478 1466 893 1537 afﬁrmaverat,
947 1482 1010 1524 se
1067 1467 1465 1539 episcopatum
1524 1485 1638 1524 non
1695 1468 2127 1540 concupiscere,

478 1559 717 1628 repente
745 1560 1030 1627 tanquam
1059 1573 1126 1612 ex
1157 1557 1428 1612 machina
1459 1559 1713 1628 quadam
1759 1557 1817 1612 in
1870 1557 2130 1612 medium

478 1645 777 1718 projectus
806 1644 1114 1717 episcopus
1145 1647 1433 1718 apparuit.
1467 1651 1534 1701 Et
1562 1646 1632 1714 is,
1667 1646 1767 1719 qui
1821 1663 1883 1702 se
1933 1647 2131 1701 docto-

478 1749 625 1798 rem,
681 1741 736 1790 et
789 1734 1192 1790 ecclesiastica:
1252 1735 1576 1806 disciplinas
1636 1740 2130 1808 propugnatorem

477 1821 722 1889 ferebat,
755 1838 887 1878 cum
920 1823 1318 1895 episcopatum
1345 1823 1456 1879 sibi
1488 1840 1520 1879 a
1554 1828 1664 1879 Deo
1701 1823 1945 1879 minime
1994 1839 2131 1878 con-

477 1925 710 1968 cessum
742 1929 965 1984 rapere,
998 1930 1065 1968 ac
1087 1913 1382 1969 vindicare
1407 1918 1738 1981 conaretur,
1761 1914 1910 1969 duos
1932 1912 2131 1985 deplo-

476 2005 616 2056 rata
648 2001 854 2056 salutis
883 2002 1150 2058 homines
1179 2003 1291 2058 sibi
1335 2003 1525 2058 socios
1577 2003 1867 2075 adjunxit,
1921 2007 1985 2057 ut
2031 2019 2130 2058 eos

475 2090 536 2146 in
570 2091 863 2163 exiguam,
897 2109 963 2148 ac
992 2091 1338 2149 vilissimam
1373 2093 1548 2149 Italia
1581 2099 1804 2165 partem
1851 2093 2128 2161 mitteret,

477 2183 656 2252 atque
687 2180 851 2235 illinc
883 2181 1100 2236 accitos
1131 2185 1250 2238 tres
1281 2183 1608 2254 episcopos,
1641 2183 1914 2238 homines
1964 2182 2131 2254 plane

479 2270 678 2337 rudes,
711 2286 776 2325 ac
794 2270 1110 2339 simplices,
1143 2271 1515 2327 fraudulenta
1547 2272 1801 2343 quadam
1835 2269 2135 2326 molitione

483 2359 798 2430 deciperet,
831 2361 1305 2415 constantissime
1336 2361 1662 2426 affirmans,
1717 2360 1877 2432 ipsos
1926 2375 2131 2430 quam-

481 2446 741 2520 primum
777 2448 1019 2504 Romam
1055 2449 1340 2520 proficisci
1375 2454 1657 2521 oportere,
1697 2453 1759 2503 ut
1789 2447 1982 2513 omnis
2033 2465 2137 2502 un-

483 2537 784 2606 decunque
814 2545 938 2594 orla
967 2539 1259 2593 discordia
1317 2539 1576 2611 ipsorum
1638 2555 1752 2593 una
1813 2554 1946 2592 cum
2005 2535 2135 2592 aliis

484 2625 776 2698 episcopis
803 2625 1157 2693 interventu,
1191 2632 1366 2699 atque
1397 2628 1637 2683 arbitrio
1671 2628 1992 2682 sedaretur.
2027 2626 2132 2690 Qui

485 2731 620 2770 cum
653 2715 1026 2772 advenissent
1054 2716 1345 2781 homines,
1378 2721 1443 2772 ut
1467 2718 1591 2787 jam
1615 2717 1892 2781 diximus,
1917 2714 2140 2787 simpli-

484 2803 658 2859 cioris
685 2804 924 2876 ingenii,
961 2822 1064 2860 nec
1098 2806 1154 2860 in
1187 2805 1280 2861 his
1314 2806 1673 2876 perditorum
1707 2805 2011 2860 hominum
2048 2821 2138 2858 ar-

483 2893 667 2957 tibus,
698 2909 763 2947 ae
796 2893 1038 2948 fallaciis
1068 2895 1212 2950 satis
1245 2894 1384 2964 triti,
1418 2911 1516 2949 eos
1569 2894 1686 2962 ille,
1720 2911 1751 2947 a
1785 2893 2134 2964 quibusdam

491 2982 582 3038 sui
616 2981 957 3053 simillimis,
992 2999 1139 3055 quos
1169 2985 1240 3039 ad
1274 2984 1331 3039 id
1363 2987 1821 3056 comparaverat,
1880 2981 2140 3037 inclusos

489 3071 634 3126 hora
662 3071 906 3137 decima,
935 3071 1304 3137 temulentos,
1337 3077 1394 3128 et
1425 3072 1664 3145 crapula
1685 3088 2019 3144 oppressos,
2046 3071 2146 3125 ad-

492 3159 766 3215 umbrata
814 3161 1088 3231 quadam,
1122 3166 1178 3218 et
1227 3162 1385 3216 inani
1439 3178 1721 3217 manuum
1770 3160 2144 3232 impositione

491 3248 891 3320 episcopatum
928 3250 1038 3306 sibi
1070 3252 1298 3307 tradere
1331 3269 1432 3323 per
1478 3251 1593 3306 vim
1647 3250 1838 3322 cogit;
1890 3265 2144 3321 eumque
2173 3237 2216 3305 C

492 3335 656 3392 nullo
687 3337 796 3393 sibi
829 3339 964 3409 jure
1022 3344 1444 3411 competentem
1497 3357 1599 3412 per
1649 3339 1910 3395 fraudem
1971 3343 2146 3409 atque

492 3425 740 3483 insidias
769 3425 1046 3482 vindicat.
1081 3433 1196 3484 Nec
1255 3428 1438 3484 multo
1500 3434 1631 3500 post
1690 3445 1845 3483 unus
1901 3443 1967 3483 ex
2028 3426 2145 3480 illis

491 3516 788 3589 episcopis
818 3518 886 3571 ad
923 3517 1232 3572 Ecclesiam
1267 3519 1458 3585 rediit,
1493 3518 1769 3572 delictum
1805 3533 1979 3572 suum
2013 3532 2146 3570 cum

492 3604 770 3659 lamentis
802 3623 866 3660 ac
925 3607 1160 3661 fletibus
1219 3608 1525 3662 confitens.
1587 3610 1766 3672 Quem
1827 3622 1954 3675 nos,
2013 3621 2144 3659 cum

495 3693 805 3749 universus
829 3695 1076 3767 populus
1109 3713 1212 3767 pro
1245 3697 1343 3750 illo
1377 3697 1825 3762 intercessisset,
1870 3696 1939 3749 ad
1991 3710 2149 3749 com-

498 3783 838 3838 munionem
876 3784 1080 3839 laicam
1106 3786 1498 3856 suscepimus.
1537 3807 1563 3833 »

569 3872 662 3926 Vl.
693 3872 849 3935 Quos
879 3891 1012 3929 vero
1044 3876 1372 3940 seduxerat,
1405 3880 1468 3929 ut
1501 3875 1558 3928 in
1592 3873 1908 3929 schismate
1950 3871 2156 3926 conﬁr-

501 3966 709 4026 maret,
753 3962 1058 4034 sacrilegio
1106 3963 1464 4018 Novatianus
1513 3962 1959 4034 constingebat;
2016 3977 2152 4015 nam

500 4051 929 4108 Eucharistiam
965 4053 1289 4124 porrigens,
1323 4070 1387 4108 ac
1421 4070 1630 4108 manus
1673 4053 1822 4122 ejus,
1874 4051 1973 4122 qui
2025 4065 2154 4105 eam

503 4141 846 4214 accipiebat,
898 4143 1182 4196 ambabus
1211 4143 1334 4198 suis
1385 4143 1657 4197 manibus
1704 4139 2156 4212 comprehensas

504 4231 782 4294 retinens,
804 4253 833 4280 ‹‹
855 4231 998 4286 Jura
1021 4231 1186 4297 mihi,
1213 4232 1462 4298 dicebat,
1490 4249 1590 4303 per
1611 4247 1823 4301 corpus
1845 4232 1901 4284 et
1921 4227 2156 4299 sangui-

506 4335 637 4375 nem
674 4320 904 4375 Domini
937 4321 1118 4375 nostri
1151 4320 1289 4375 Jesu
1325 4320 1560 4388 Christi,
1594 4325 1648 4374 te
1670 4334 1973 4390 nunquam
1998 4333 2156 4372 meae

508 4414 704 4481 partes
736 4409 1128 4474 deserturum,
1165 4427 1268 4465 nec
1302 4411 1370 4464 ad
1403 4408 1734 4466 Cornelium
1763 4424 1890 4463 esse
1939 4408 2161 4463 reditu-

507 4514 716 4553 rum.»
750 4503 980 4553 Etcum
1015 4517 1220 4570 panem
1269 4499 1435 4554 illum
1485 4498 1778 4570 accipiens
1827 4497 2019 4552 dicere
2059 4497 2160 4552 de-

509 4587 736 4643 buisset
766 4610 794 4635 «
828 4594 1035 4656 Amen,
1067 4611 1093 4637 ››
1125 4590 1253 4660 eius
1281 4589 1404 4644 loco
1437 4589 1786 4659 respondere
1815 4588 2158 4657 cogebatur:

514 4699 542 4727 «
575 4681 700 4730 Non
735 4681 988 4732 revertar
1013 4679 1288 4750 deinceps
1319 4679 1387 4733 ad
1421 4677 1774 4734 Cornelium.
1810 4697 1836 4726 ››
1871 4678 2163 4745 Occupato

513 4767 573 4824 in
606 4765 765 4820 hunc
795 4767 1035 4820 modum
1087 4768 1704 4840 pseudo-episcopatu,
1755 4765 1977 4838 legatos
2027 4779 2164 4818 suos

514 4870 986 4926 quaquaversum
1036 4857 1386 4923 transmisit,
1438 4857 1538 4927 qui
1586 4856 1642 4911 id
1684 4855 2063 4921 nuntiarent;
2111 4857 2168 4908 et

515 4946 566 5001 si
619 4944 838 5000 Socrati
891 4945 1005 5016 (30)
1053 4943 1367 5009 credimus,
1423 4945 1598 4999 simul
1648 4944 1960 5011 edicerent,
2012 4965 2040 4991 «
2083 4941 2166 4995 uti

516 5051 636 5101 eos,
660 5035 756 5107 qui
789 5033 1125 5090 simulacris
1151 5032 1579 5102 immolassent,
1633 5031 1876 5087 minime
1919 5032 1991 5087 ad
2044 5047 2168 5102 my-

518 5124 696 5181 steria
718 5123 1112 5193 admitterent,
1140 5122 1240 5177 sed
1266 5123 1636 5177 hortarentur
1653 5121 1722 5176 ad
1743 5120 2167 5193 ptsnitentiam,

612 5286 702 5350 30)
728 5285 950 5340 Socrat.
985 5284 1050 5338 Η.
1083 5284 1145 5340 Ε.
1181 5284 1280 5339 lib.
1315 5301 1388 5348 iv,
1421 5301 1544 5355 cap.
1578 5284 1663 5346 l8,
1697 5282 1771 5338 al.
1795 5283 1882 5337 23.

617 5358 708 5497 31)
739 5356 950 5411 Euseb.
985 5359 1052 5410 Η.
1090 5357 1148 5410 Ε.
1185 5356 1283 5412 lib.
1320 5374 1393 5422 ιν,
1427 5373 1553 5427 cap.
1589 5357 1676 5410 45.

617 5430 686 5484 32
739 5428 1010 5497 Cyprian.
1043 5429 1224 5497 Epist.
1260 5446 1361 5482 xm
1391 5429 1458 5481 (ut
1513 5427 1731 5482 Corneli

615 5427 706 5497 32)
739 5428 1010 5500 Cyprian.
1043 5429 1224 5500 Epist.
1260 5446 1361 5482 XLV
1391 5429 1458 5481 (ut
1513 5427 1851 5500 Cornelium.

596 5493 1123 5574 (33)N—u'msolum
1174 5500 1325 5555 inter
1380 5499 1820 5574 Schismaticos,
1882 5512 1953 5550 an
1996 5493 2174 5574 etiam
2284 5493 2467 5574 212g
2499 5509 2638 5574 sisqq

524 5566 1007 5630 inter'hwreticos
1040 5573 1323 5628 referendi
1358 5575 1473 5627 sint
1506 5569 1829 5636 Novatiani,
1860 5566 2013 5638 apud
2055 5566 2176 5623 Cri-

527 5645 675 5723 ticos
724 5649 1437 5723 controversum-astans
1468 5649 1584 5723 tota
1613 5657 1740 5723 mea
1769 5639 2179 5723 Opinipntl-de-

528 5718 741 5792 pendet
762 5735 795 5776 a
814 5717 1044 5775 diversa
1068 5716 1300 5775 notione
1321 5715 1598 5773 heretici.
1626 5709 1858 5770 Videsis
1891 5710 1972 5770 Cl.
2015 5709 2179 5770 Wal-

2229 578 2608 651 apostolicam
2629 577 2844 634 Cathed
2856 594 2974 633 ram
3001 577 3526 649 turpiterinvasisse
3541 577 3800 652 videretur,

2228 667 2524 724 simulavit
2555 671 2840 723 veterator
2872 682 3000 723 sese
3034 666 3276 721 invitum
3325 666 3392 722 ad
3438 682 3555 721 eam
3589 671 3804 724 evectum

2231 758 2428 822 fuisse,
2463 760 2526 812 ut
2557 772 2623 811 ex
2653 756 2907 828 Dionysii
2940 755 3309 811 Alexandrini
3339 754 3576 825 Epistola
3617 756 3680 810 ab
3719 758 3806 812 Eu-

2230 847 2390 902 sebio
2411 847 2524 919 (31)
2559 845 2792 901 laudata
2816 850 3062 909 constat,
3095 844 3152 899 in
3176 861 3290 916 qua
3311 861 3438 899 eum
3477 843 3613 899 inter
3643 851 3809 902 cetera

2231 937 2526 1003 admonet,
2586 935 2994 1006 hortaturque,
3055 938 3119 989 ut
3177 951 3350 1005 quam
3403 933 3544 988 869
3611 933 3810 990 invitum

2232 1043 2294 1082 se
2351 1025 2684 1080 ascendisse
2736 1024 3056 1078 Romanam
3123 1022 3462 1077 Cathedram
3534 1021 3811 1094 scripserat,

2233 1118 2439 1188 sponte
2470 1113 2846 1184 relinqueret:
2877 1111 3234 1182 «Siquidem
3284 1112 3514 1175 invitus,
3538 1115 3600 1166 ut
3624 1112 3816 1179 asseris,

2235 1220 2300 1260 eo
2327 1203 2616 1258 adductus
2640 1218 2724 1266 es,
2743 1202 2797 1255 id
2824 1201 2995 1256 nobis
3015 1201 3308 1264 ostendes,
3331 1204 3432 1254 tua
3471 1205 3658 1272 sponte
3686 1201 3818 1255 rede-

2235 1293 2430 1348 undo:
2468 1314 2495 1340 ››
2527 1308 2660 1347 cum
2721 1291 2908 1346 satius
2965 1290 3175 1346 fuisset
3232 1288 3453 1361 quidvis
3507 1289 3634 1360 pati,
3679 1305 3818 1360 quam

2236 1381 2553 1438 Ecclesiam
2612 1380 2712 1435 Dei
2764 1385 2883 1435 tam
2965 1380 3196 1434 funesto
3273 1378 3575 1434 schismate
3648 1377 3821 1433 discin-

2238 1471 2394 1537 dere,
2428 1473 2494 1525 ut
2551 1468 2819 1540 pluribus
2877 1469 3080 1524 eodem
3135 1467 3262 1523 loco
3321 1465 3615 1539 Dionysius
3664 1482 3822 1538 perse-

2239 1559 2472 1630 quitur.
2528 1557 2872 1631 Dionysium
2930 1556 3387 1613 Alexandrinum
3441 1556 3688 1611 imitatus
3757 1559 3826 1609 est

2241 1647 2584 1720 Cyprianus,
2673 1646 2796 1719 qui,
2887 1651 3083 1702 coacto
3174 1644 3517 1718 Carthagine
3605 1642 3824 1709 concilio,

2240 1738 2465 1808 legatos
2497 1753 2616 1792 una
2675 1753 2808 1792 eum
2863 1734 3126 1808 epistolis
3183 1733 3482 1789 Novatiani
3527 1731 3830 1803 adjiciendos

2235 1825 2418 1898 jussit
2447 1826 2562 1896 (32)
2601 1826 2767 1880 Anno
2807 1825 2933 1895 251,
2977 1823 3034 1879 in
3085 1823 3332 1880 concilio
3381 1823 3626 1878 Romano
3655 1837 3684 1876 a
3708 1837 3832 1876 sexa-

2240 1915 2403 1988 ginta
2434 1914 2724 1987 episcopis
2753 1913 2969 1969 ibidem
3020 1911 3391 1984 congregatis
3439 1910 3672 1980 denique
3712 1913 3837 1963 extra

2241 2003 2560 2060 Ecclesiam
2589 2002 2946 2058 Novatianus
2977 2001 3216 2057 omnino
3267 1998 3541 2072 expulsus
3586 2003 3683 2053 est.
3725 1996 3837 2051 Cum

2241 2097 2438 2148 tamen
2473 2109 2705 2163 semper
2749 2092 3002 2147 doceret.
3053 2089 3370 2146 Ecclesiam
3421 2104 3522 2143 nec
3565 2103 3718 2159 posse
3761 2101 3838 2140 nec

2245 2183 2452 2238 debere
2484 2181 2766 2254 apostntis
2799 2196 3000 2252 pacem
3033 2180 3193 2244 dare,
3229 2179 3353 2234 haec
3382 2177 3644 2232 severitas
3679 2174 3839 2229 multis

2245 2270 2482 2345 placuit,
2514 2271 2746 2342 duxque
2779 2269 3088 2335 haereseos,
3120 2285 3250 2340 quas
3281 2268 3383 2322 diu
3415 2267 3473 2322 in
3503 2263 3740 2321 Ecclesia
3764 2265 3838 2318 ob~

2243 2360 2438 2427 tinuit,
2469 2360 2657 2414 factus
2686 2363 2775 2414 est
2806 2359 2938 2430 (33).

2315 2451 2446 2514 Quae
2470 2449 2586 2504 fata
2616 2447 2720 2502 viri
2755 2448 2931 2519 hujus
2966 2450 3095 2519 post
3133 2445 3534 2517 expulsionem
3581 2459 3643 2498 ex
3684 2439 3838 2496 Eccle-

2247 2539 2332 2595 sia
2362 2539 2627 2594 Romana
2657 2536 2893 2602 fuerint,
2924 2535 3163 2590 omnino
3194 2535 3518 2606 ignoratur.
3564 2532 3699 2588 Num
3741 2546 3840 2584 vero

2247 2628 2479 2700 egregio
2511 2625 2897 2681 confessionis
2951 2623 3230 2696 martyrio
3287 2624 3462 2679 vitam
3519 2621 3573 2676 in
3629 2635 3842 2692 persecu-

2248 2717 2406 2772 tione
2462 2713 2778 2784 Valeriani,
2837 2713 3341 2785 quemadmodum
3399 2713 3651 2768 Socrates
3708 2707 3845 2762 refert

2248 2808 2382 2882 (311),
2417 2806 2650 2876 finierit,
2693 2823 2908 2879 magna
2953 2805 3333 2860 contentione
3385 2804 3534 2858 inter
3577 2799 3844 2872 Scriptores

2249 2902 2373 2952 tum
2407 2895 2776 2968 antiquioris,
2810 2899 2933 2950 tum
2974 2893 3317 2950 recentioris
3350 2893 3533 2948 aetatis
3579 2895 3846 2946 controver-

2251 2987 2420 3056 titur,
2453 2985 2584 3041 aliis
2616 2984 2854 3056 quidem
2890 2983 3351 3055 affirmantibus,
3385 2981 3516 3039 oliis
3562 2983 3736 3036 autem
3773 2991 3846 3030 ne-

2251 3075 2529 3149 gantibus
2563 3074 2694 3147 (35).

2893 3196 3129 3254 CAPUT
3178 3197 3254 3254 II.

2569 3306 2872 3346 NOVANIANI
2915 3305 3149 3344 SCRIPTA
3187 3305 3259 3343 ET
3297 3303 3592 3344 DOCTRINA.

2431 3398 2629 3452 ARTIC.
2667 3398 2709 3452 Ι.
2747 3397 2823 3451 De
2854 3397 2992 3452 libro
3023 3397 3321 3452 Novatiam'
3348 3395 3412 3450 de
3456 3394 3714 3449 Trinitate.

2330 3523 2371 3574 1.
2405 3523 2620 3574 Praeter
2646 3519 2965 3592 Epistolam
2999 3523 3134 3574 ante
3183 3519 3315 3589 ejus
3366 3517 3616 3573 schisma
3668 3509 3850 3567 nomine

2259 3609 2395 3665 cleri
2431 3608 2673 3664 Romani
2727 3609 3028 3681 scriptam,
3073 3608 3460 3680 Hieronymus
3509 3607 3734 3660 testatur
3771 3603 3854 3652 tra-

2261 3704 2453 3754 ctatus
2467 3701 2777 3769 sequentes
2791 3699 3193 3769 composuisse
3213 3698 3392 3752 Novat
3406 3690 3849 3763 ianum,nimirum

2261 3790 2333 3844 de
2367 3787 2670 3854 Paschate,
2727 3787 2798 3842 de
2852 3786 3128 3852 Sabbato,
3188 3787 3262 3843 de
3321 3782 3766 3846 Circumcisione,
3805 3774 3853 3828 de

2262 3893 2496 3933 summo
2535 3876 2865 3940 Saccrdote,
2900 3876 2971 3930 de
3001 3875 3300 3943 Oratione,
3331 3876 3403 3930 de
3434 3873 3575 3930 cibis
3626 3864 3852 3929 Judaicis,

2264 3967 2334 4023 de
2367 3965 2540 4022 Attali
2581 3964 2931 4032 constantia,
2967 3964 3306 4035 multosque
3337 3963 3483 4019 alios
3520 3977 3646 4018 cum
3692 3967 3854 4024 magno

2263 4055 2558 4112 volumine
2589 4054 2658 4108 de
2700 4054 2985 4109 Trinitate
3011 4053 3143 4123 (36),
3169 4053 3327 4123 quod
3355 4058 3446 4108 est
3466 4049 3624 4123 quasi
3646 4058 3858 4116 compen—

2266 4146 2428 4200 dium
2489 4141 2834 4198 Tertulliani
2892 4142 3109 4215 Operis,
3171 4142 3326 4212 quod
3403 4139 3569 4195 multi
3634 4134 3857 4208 (:ypriano

2266 4234 2577 4300 tribuunt;
2613 4249 2727 4288 non
2762 4231 2916 4303 quod
2945 4229 3346 4286 Tertullianus
3391 4229 3581 4286 dedita
3627 4240 3774 4298 Opera
3811 4219 3858 4271 de

2265 4322 2549 4378 Trinitate
2581 4321 2792 4375 librum
2828 4319 3187 4392 scripsisset,
3220 4320 3346 4382 sed,
3381 4335 3495 4390 qua
3524 4311 3774 4390 quidquid
3809 4306 3858 4359 de

2270 4413 2552 4470 Trinitate
2592 4411 2841 4474 dicebat,
2874 4426 2941 4464 ex
2973 4407 3140 4465 libris
3184 4407 3529 4464 Tertulliani
3579 4407 3858 4470 desumpse-

2271 4507 2376 4558 rat.
2414 4500 2654 4556 Nullum
2690 4499 2894 4554 horum
2929 4515 3172 4569 operum
3205 4498 3317 4553 sub
3346 4493 3640 4551 Novatiani
3678 4486 3860 4544 nomine

2197 4614 2240 4677 D
2273 4593 2496 4657 exstat;
2531 4590 2629 4645 sed
2667 4588 2985 4642 admodum
3016 4587 3336 4677 verisimile
3369 4592 3467 4677 est
3496 4586 3776 4677 tractatum
3813 4572 3862 4677 dt:

2271 4679 2577 4744 Trinitate,
2615 4677 2950 4750 librumque
2978 4677 3049 4731 de
3097 4675 3246 4730 cibis
3296 4674 3561 4731 Judaicis
3613 4667 3702 4742 qui
3749 4657 3862 4734 apud

2272 4767 2697 4824 Tertullianum
2727 4767 3039 4832 habentur,
3072 4765 3310 4821 eosdem
3344 4780 3496 4833 esse,
3541 4775 3678 4833 quos
3724 4754 3866 4811 Hiero

2277 4875 2488 4931 nymus
2519 4856 2836 4913 Novatiano
2866 4855 3125 4911 ascribit.

2351 4949 2420 5003 Il.
2442 4947 2768 5018 Principem
2791 4945 2988 5016 itaque
3011 4944 3160 4999 inter
3179 4942 3483 5000 Novatiani
3512 4933 3863 5008 scriptalocum

2279 5037 2500 5094 obtinet
2528 5034 2675 5090 liber
2732 5035 2800 5090 de
2858 5033 3166 5098 Trinitate,
3223 5034 3293 5089 de
3351 5048 3467 5106 quo
3513 5031 3628 5086 haec
3674 5023 3864 5114 sanctus

2280 5127 2666 5197 Hieronymus
2699 5123 2848 5196 (3’7):
2884 5146 2911 5173 ‹‹
2945 5121 3301 5178 Novatianus
3334 5123 3624 5178 Romanus
3652 5109 3863 5170 Ecclesia

2283 5277 2396 5335 chii
2433 5275 2875 5348 IlzeresiolOgiam
2905 5279 3054 5348 part.
3089 5293 3150 5345 ιι,
3185 5289 3314 5346 pag.
3351 5275 3456 5348 283
3486 5276 3541 5328 ct
3577 5282 3723 5339 seqq.

2379 5351 2468 5421 34)
2499 5346 2923 5421 Ξοοι-ιιιζῌλΕῖ
2950 5346 3051 5401 lib.
3088 5363 3318 5421 IVLCRP.
3345 5347 3435 5400 28.

2379 5353 2468 5421 34)
2499 5353 2718 5404 Socrat.
2756 5353 2822 5402 Η.
2856 5353 2915 5402 E.
2951 5353 3051 5401 lib.
3088 5363 3161 5413 iv,
3195 5364 3318 5418 cap.
3345 5353 3435 5400 28.

2355 5353 2468 5494 E35)
2498 5420 2729 5476 Vidcsis
2759 5417 3097 5494 Tillemont.
3153 5419 3393 5475 Memoir.
3453 5421 3587 5471 tom.
3647 5409 3729 5476 lll,
3765 5413 3862 5473 PES-

2380 5499 2467 5548 :ct
2499 5509 2638 5564 seqq
2675 5535 2687 5558 ,
2731 5495 2840 5546 art.
2873 5492 2923 5546 3.

2380 5567 2468 5635 36)
2503 5565 2835 5632 Hieronym.
2869 5562 2932 5618 de
2971 5563 3079 5620 Vir.
3114 5564 3323 5619 Illuslr.
3359 5577 3483 5632 cap.
3514 5557 3598 5610 70.

2380 5569 2468 5635 36)
2503 5569 2835 5632 Hieronym.

2357 5569 2469 5711 £37)
2504 5637 2583 5694 Id.
2619 5635 2859 5692 ibidem.
