4102 6180
242 273 358 342 897

1780 275 1826 338 Ν
1837 271 2126 338 OTlTIA.

242 414 640 486 Prosbyter....
676 410 994 484 scripsit...
1026 410 1096 466 de
1146 409 1429 466 Trinitate
1460 411 1678 483 grando
1727 409 1886 466 volu-
1920 415 1971 480 Α
2005 411 2260 484 praebere
2289 412 2449 468 visus
2480 418 2588 469 est.
2611 411 2731 469 Sub
2761 413 2954 484 operis
2982 413 3158 470 finem
3189 413 3478 486 egregiam
3514 414 3645 470 uni-

243 521 398 571 men,
438 526 466 553 »
497 501 664 572 quasi
700 499 977 572 tmmpu‘w
1012 500 1124 572 (38)
1173 500 1362 572 operis
1408 499 1750 555 Tertulliani
1803 500 1889 553 fa-

243 591 620 660 ciens;810
669 589 823 663 quod
885 589 1148 662 plerique
1207 589 1553 654 nescientes,
1621 588 1892 660 Cypriani

242 706 268 731 ‹‹
304 682 645 737 existimant
707 702 734 729 »
784 680 931 734 Hinc
962 679 1208 734 fortasse
1240 683 1366 734 orta
1414 677 1640 734 occasio
1691 677 1893 733 Rufino

243 770 536 827 scribendi
573 770 684 842 (39)
717 767 1162 824 Macedonianos
1193 767 1537 823 Tertulliani
1573 767 1789 822 librum
1824 767 1894 822 de

243 859 530 914 Trinitate
596 856 1097 928 Constantinopoli
1159 857 1269 911 sub
1329 856 1565 911 nomine
1623 855 1893 928 Cypriani

245 947 574 1020 evulgasse,
607 963 720 1018 quo
751 946 953 1002 haeresi
989 963 1108 1002 suis
1168 945 1579 1000 auctoritatem
1639 961 1895 1001 accerse-

245 1040 394 1092 rent.
419 1035 522 1092 Cui
575 1035 811 1107 quidem
845 1034 1039 1090 Ruﬁni
1062 1033 1362 1090 sententias
1395 1050 1705 1089 occurrens
1739 1033 1895 1088 idem

245 1126 673 1198 Hieronymus:
743 1145 764 1172 α
825 1125 1078 1192 Transit,
1135 1122 1349 1194 inquit,
1415 1122 1551 1194 (40),
1610 1121 1897 1194 inclytum

247 1219 586 1288 martyrem,
619 1221 670 1268 et
707 1213 848 1269 dicit
881 1211 1223 1269 Tertulliani
1260 1211 1496 1281 librum,
1559 1211 1651 1267 cui
1689 1210 1898 1267 titulus

245 1305 428 1359 estde
450 1303 883 1369 Trinitate,sub
913 1303 1151 1357 nomine
1177 1301 1305 1371 ejus
1336 1299 1832 1372 Constantinopoli
1867 1318 1900 1356 a

249 1392 681 1448 Macedonianae
749 1392 932 1463 partis
989 1390 1278 1446 haereticis
1339 1389 1608 1446 lectitari.
1663 1391 1724 1445 In
1783 1406 1899 1460 quo

247 1482 496 1536 crimine
527 1480 811 1536 mentitur
841 1481 977 1535 duo.
1004 1480 1150 1535 Nam
1198 1496 1302 1534 nec
1352 1478 1696 1534 Tertulliani
1756 1478 1902 1533 liber

246 1577 356 1636 est,
392 1588 496 1625 nec
524 1569 791 1642 Cvpriani
826 1569 1058 1632 dicitur,
1093 1570 1191 1623 sed
1254 1568 1578 1636 Novatiani,
1615 1569 1785 1638 cujus
1844 1572 1901 1622 et

248 1659 592 1715 inscribitur
621 1659 787 1714 titulo
831 1663 886 1714 et
933 1657 1187 1714 auctoris
1219 1657 1517 1728 eloquium
1579 1657 1712 1730 styli
1764 1671 1898 1729 pro-

251 1751 471 1822 prietas
503 1749 884 1804 demonstrat.
917 1770 945 1797 δ»
979 1749 1062 1802 Ad
1096 1763 1270 1818 quem
1303 1747 1495 1802 locum
1530 1747 1712 1802 nolim
1745 1746 1903 1817 equi-

251 1841 389 1894 dem
421 1837 702 1894 excidisse
733 1854 955 1910 nupero
1002 1837 1590 1909 Hieronymianorum
1646 1835 1902 1906 Operum

254 1928 465 1984 editori
495 1927 594 1984 CL.
629 1926 762 1982 Viro
793 1927 1036 1982 Domino
1059 1925 1368 1997 Vallarsio,
1403 1931 1608 1981 caetera
1653 1924 1902 1994 erudito,

258 2017 696 2073 annotationem
721 2016 902 2083 illam,
924 2033 1039 2087 qua
1059 2023 1364 2071 monenlur
1387 2016 1667 2083 Lcctores,
1697 2036 1723 2065 «
1747 2014 1902 2068 haud

256 2111 488 2162 exstare
529 2106 831 2162 Novatiani
862 2106 1101 2161 Librum
1133 2105 1480 2162 Tertulliani
1513 2104 1700 2177 operis
1732 2101 1907 2157 ἐπιτο-

261 2195 372 2268 μήν
404 2196 540 2267 (41)ο
574 2217 602 2245 υ

333 2285 430 2340 ΙΙΙ.
456 2285 758 2353 Caeterum,
792 2287 856 2338 ut
887 2283 989 2339 viri
1026 2282 1181 2338 docti
1230 2284 1406 2338 verba
1461 2298 1738 2354 usurpem
1771 2281 1904 2354 (42),

258 2372 344 2428 nil
377 2389 518 2428 sane
563 2371 801 2439 mirum,
837 2371 1135 2427 haereticos
1168 2372 1239 2427 ad
1267 2371 1478 2427 erroris
1510 2371 1906 2427 defensionem

256 2468 525 2518 veterum
557 2461 932 2517 Testimoniis
946 2460 1108 2516 abuti
1128 2476 1140 2528 ;
1162 2477 1268 2516 nec
1282 2462 1408 2532 jam
1434 2461 1550 2516 fere
1584 2459 1907 2532 quidquam

259 2551 394 2624 puri
434 2555 492 2606 et
538 2550 872 2606 intaminati
896 2554 1248 2622 superesset,
1283 2549 1354 2617 si,
1400 2549 1684 2622 quidquid
1709 2550 1804 2604 isti
1837 2549 1908 2604 ad

260 2657 456 2696 causae
498 2657 618 2694 suae
673 2640 1007 2711 praesidium
1056 2639 1448 2711 arripuerunt,
1507 2639 1720 2695 erroris
1775 2642 1912 2694 nota

261 2729 617 2802 signaretur.
643 2729 754 2784 Sed
789 2727 985 2784 minus
1007 2729 1370 2784 considerate
1394 2729 1610 2784 factum
1630 2746 1662 2783 a
1682 2729 1910 2795 Rufino,

266 2823 335 2873 ut
364 2818 522 2872 hunc
554 2817 766 2873 librum
801 2819 872 2873 de
903 2817 1155 2890 Spiritus
1186 2818 1372 2873 sancti
1414 2817 1726 2873 Divinitate
1756 2816 1914 2872 miri-

267 2909 377 2963 ﬁce
443 2908 826 2962 disserentem
875 2931 902 2956 «
964 2907 1514 2962 Pneumatomachis
1556 2929 1583 2956 »
1643 2907 1912 2961 traderet.

265 2996 573 3068 Siquidem
606 3002 808 3052 auctor
827 3019 855 3046 «
881 2997 1054 3052 fidem
1086 2995 1143 3050 in
1169 2996 1450 3067 Spiritum
1471 2999 1741 3051 sanctum
1774 3017 1800 3045 »
1827 2994 1918 3050 iti-

267 3087 408 3140 dem
424 3089 488 3140 ut
509 3085 566 3139 in
586 3085 812 3140 Patrem
831 3089 888 3140 et
920 3084 1131 3140 Filium
1160 3085 1549 3140 necessariam
1582 3101 1712 3140 esse
1751 3085 1919 3140 docet

262 3176 423 3246 (45);
477 3175 1038 3246 immutabilitatcm,
1119 3192 1296 3247 quam
1363 3175 1512 3230 inter
1559 3174 1919 3230 certissimas
1951 3161 1992 3227 C
2030 3172 2184 3223 esset
2215 3167 2546 3238 ingenitus:
2585 3184 2718 3221 nam
2752 3167 2878 3222 duae
2909 3167 3097 3222 forent
3142 3167 3504 3235 substantiis,
3539 3181 3674 3224 cum
3781 3185 3787 3191 '

265 3263 605 3320 Divinitatis
638 3268 805 3320 notas
830 3268 1110 3335 recenset,
1145 3262 1381 3335 Spiritui
1403 3267 1606 3319 sancto
1637 3263 1921 3319 vindicat:

267 3354 387 3426 ipsi
431 3371 664 3426 quoque
709 3355 1006 3426 conceptis
1051 3355 1290 3411 V81‘bl8u
1340 3354 1595 3409 divinam
1642 3353 1925 3410 mternita-

270 3447 446 3498 tem»
470 3442 675 3498 tribuit
700 3461 714 3510 ;
740 3442 1025 3514 Spiritum
1048 3443 1188 3498 item
1211 3433 1479 3499 sanctum
1498 3443 1779 3499 miracula
1792 3443 1925 3498 ede-

275 3548 377 3597 re;
427 3531 920 3588 immortalitatem
975 3533 1144 3601 dare;
1180 3533 1396 3604 ubique
1443 3533 1648 3588 adesse
1678 3549 1930 3605 presen-

278 3626 418 3692 tem,
451 3620 682 3692 aliaque
714 3620 1016 3692 complura
1053 3637 1348 3693 peragere,
1411 3639 1538 3693 quae
1596 3621 1780 3677 solius
1829 3621 1930 3677 Dei

278 3725 412 3766 esse
444 3709 588 3765 ﬁdes
628 3712 911 3782 agnoscit,
967 3713 1163 3780 aperte
1223 3710 1543 3782 profitetur.
1598 3710 1738 3773 Quis
1795 3727 1930 3779 ergo

277 3797 585 3854 Novatiani
612 3797 946 3852 Doctrinam
978 3798 1048 3853 de
1080 3798 1296 3869 Spiritu
1331 3803 1535 3854 sancto
1580 3815 1694 3854 non
1730 3799 1934 3870 probet

279 3887 376 3943 cui
420 3887 540 3941 hac
597 3886 794 3942 omnia
846 3887 1290 3942 accuratissime
1340 3887 1630 3942 ascribit?
1688 3886 1934 3960 Reliqua

281 3993 480 4048 porro,
513 3993 639 4048 quae
672 3975 966 4031 Pamelius
1009 3980 1291 4047 tanquam
1339 3976 1486 4031 871
1543 3977 1744 4032 minus
1800 3993 1932 4048 pro-

280 4067 558 4122 nuntiata
597 4067 988 4138 reprehendit,
1042 4069 1100 4121 et
1144 4066 1350 4121 Ruﬁno
1399 4065 1670 4122 similiter
1725 4066 1932 4139 displi-

281 4155 480 4212 cuisse
505 4159 689 4226 putat,
721 4154 895 4226 paulo
929 4155 1078 4209 infra
1101 4156 1520 4226 expendemus.

357 4243 452 4298 ιν.
489 4243 679 4298 Unum
703 4243 894 4298 adhuc
908 4242 1433 4311 hicaddereliceat,
1460 4244 1531 4300 ad
1548 4243 1741 4300 locum
1765 4243 1932 4299 illum

283 4334 610 4406 pertinens,
669 4332 766 4403 qui
817 4332 1050 4388 laudato
1133 4331 1386 4389 Pamelio
1445 4334 1677 4389 errandi
1729 4351 1931 4390 ansam

361 4476 454 4544 (38
487 4475 804 4547 Ἐπιτομήν.
838 4475 971 4530 Mihi
1006 4477 1327 4531 etiamnum
1363 4475 1600 4541 arridet,
1633 4477 1825 4547 inquit
1854 4476 1932 4531 Cl.

2002 500 2140 555 tatis
2201 502 2542 558 substantiae
2574 502 2633 558 in
2668 502 2832 557 Patre
2871 507 2926 557 et
2959 502 3099 559 Filio
3154 503 3647 579 asseverationem

2005 594 2265 645 attexeus
2294 591 2813 661 Novatianus,hac
2845 591 3020 647 habet
3052 593 3124 647 de
3153 591 3339 648 Verbo
3371 591 3471 647 Dei
3499 593 3646 664 (44):

2005 701 2032 727 «
2069 677 2295 749 Omnia,
2321 681 2528 751 inquit,
2562 686 2692 752 post
2719 681 2910 752 ipsum
2944 687 3101 747 sunt,
3135 681 3271 752 quia
3321 698 3421 754 per
3449 682 3650 754 ipsum

2005 773 2163 823 sunt.
2241 770 2309 824 Et
2347 771 2554 825 merito
2594 771 2718 842 ipse
2765 776 2856 826 est
2914 777 3048 825 ante
3107 771 3323 838 omnia,
3384 771 3486 826 sed
3518 775 3652 842 post

2005 857 2253 927 Patrem,
2289 860 2521 930 quando
2551 875 2654 930 per
2684 859 2852 914 illum
2885 861 3035 915 facta
3060 864 3202 915 sunt
3245 861 3460 915 omnia.
3498 866 3651 916 Deus

2006 947 2209 1018 utique
2240 948 2559 1018 procedens
2587 966 2656 1003 ex
2684 949 2820 1018 Deo,
2854 949 3170 1004 secundam
3196 966 3505 1020 personam
3528 951 3655 1005 effi-

2006 1037 2167 1092 ciens
2196 1041 2326 1107 post
2360 1037 2585 1093 Patrem
2646 1055 2764 1109 qua
2822 1038 3025 1104 Filius,
3069 1038 3171 1093 sed
3225 1055 3340 1093 non
3399 1038 3653 1110 eripiens

2008 1125 2151 1180 illud
2173 1124 2345 1194 Patri,
2367 1127 2519 1197 quod
2545 1143 2698 1181 unus
2729 1131 2819 1182 est
2850 1126 3024 1181 Deus.
3055 1151 3081 1175 ››
3115 1126 3215 1181 Cui
3247 1127 3486 1198 quidem
3518 1144 3652 1183 sen-

2009 1215 2201 1271 tentiae
2235 1214 2540 1270 simillima
2596 1221 2654 1270 et
2701 1216 2950 1270 maxime
3008 1215 3263 1285 genuina
3302 1219 3461 1283 sunt,
3516 1233 3644 1288 quas

2009 1310 2251 1360 sanctus
2280 1302 2683 1360 Methodiusin
2720 1305 2890 1359 Libro
2922 1307 2992 1359 de
3024 1305 3244 1360 Creatis
3265 1322 3278 1372 ;
3300 1304 3397 1360 ubi
3415 1307 3485 1360 de
3518 1309 3655 1361 Ver-

2009 1395 2064 1450 bi
2091 1394 2420 1464 principatu
2454 1393 2608 1465 apud
2644 1394 2870 1448 Patrem
2901 1411 3082 1465 agens
3130 1395 3215 1449 sic
3265 1393 3459 1464 inquit
3498 1395 3650 1466 (45):

2009 1481 2211 1536 Οὐκοῦν
2269 1481 2416 1556 ἀρχὴ
2470 1483 2604 1554 μετὰ
2659 1483 2758 1549 τὴν
2807 1478 2943 1535 ἰδίαν
3005 1484 3239 1557 ἄναρχον
3303 1483 3505 1558 ἀρχὴν,
3561 1481 3656 1539 τὸν

2010 1571 2241 1644 Πατέρα,
2283 1570 2441 1630 αὐτὸς
2495 1575 2602 1625 τῶν
2660 1569 2845 1625 ἀλλων
2906 1571 3128 1645 γίνεται,
3182 1568 3252 1624 δι’
3307 1575 3372 1640 ’ἧς
3451 1574 3658 1627 ἅπαντα

2011 1657 2446 1734 δημιουργεῖται.
2483 1683 2511 1710 ››
2543 1664 2681 1716 Post
2718 1677 2854 1732 ergo
2911 1661 3209 1732 singulare
3241 1662 3382 1716 illud
3433 1663 3657 1718 Princi-

2012 1750 2174 1821 pium
2225 1751 2449 1821 absque
2481 1750 2788 1821 principio,
2813 1751 2912 1821 qui
2944 1755 3034 1804 est
3064 1750 3248 1817 Pater,
3280 1754 3370 1806 est
3401 1751 3593 1823 ipsum
3624 1772 3654 1802 ι»

2014 1839 2308 1910 (Verbum)
2339 1838 2587 1894 aliorum
2629 1838 3000 1910 principium,
3040 1859 3067 1891 ιι
3099 1857 3200 1910 per
3255 1840 3407 1910 quod
3459 1841 3661 1896 omnia

2014 1934 2306 1983 creantur.
2340 1950 2367 1977 »
2405 1928 2503 1984 Ubi
2527 1927 2714 1982 sancti
2764 1927 3035 1998 Martyris
3091 1929 3269 1984 verba
3325 1929 3657 1992 edisserens

2015 2008 2420 2078 Combefisius,
2456 2007 2660 2075 Patris,
2708 2007 2810 2073 ait,
2860 2007 3019 2062 illam
3071 2007 3310 2076 ingeniti
3362 2009 3660 2064 notionem

2016 2113 2083 2152 ac
2131 2097 2534 2152 auctoritatem
2584 2096 2849 2152 insinuat
2903 2096 3254 2163 Methodius,
3306 2115 3422 2169 qua
3483 2099 3662 2154 etiam

2016 2186 2445 2243 emanationem
2503 2186 2576 2242 ad
2607 2186 2781 2254 intra,
2839 2186 3140 2257 totiusque
3196 2186 3497 2243 Trinitatis
3530 2187 3661 2242 fons

2019 2276 2250 2345 dicitur,
2274 2280 2331 2332 et
2357 2280 2446 2331 est
2471 2292 2625 2330 unus
2657 2275 2782 2347 ipse
2829 2273 2976 2349 ἀρχὴ
3028 2273 3265 2350 ἄναρχος
3299 2292 3313 2331 :
3375 2293 3490 2332 non
3551 2275 3666 2331 uti-

2019 2383 2131 2439 que
2191 2367 2263 2422 ad
2306 2363 2623 2420 existentiae
2682 2364 2892 2436 prioris
2939 2363 3367 2433 exclusionem;
3401 2364 3486 2422 sic
3507 2364 3667 2421 enim

2019 2460 2076 2510 et
2106 2453 2286 2510 Filius
2343 2458 2432 2509 est
2463 2453 2717 2527 ἄναρχος,
2752 2458 2815 2508 ut
2847 2454 2992 2509 bene
3029 2454 3341 2527 Gregorius
3373 2455 3530 2509 Orat.
3594 2455 3666 2510 de

2021 2543 2296 2614 Theolog.
2330 2543 2542 2614 aliique
2573 2541 2796 2614 passim
2837 2543 3050 2611 Graeci;
3085 2545 3184 2598 sed
3234 2560 3333 2615 per
3389 2543 3668 2599 remotio-

2023 2651 2154 2689 nem
2188 2630 2378 2702 αἰτίας,
2407 2649 2472 2687 ac
2519 2632 2677 2688 velut
2708 2649 2916 2702 causai,
2953 2631 3342 2703 priucipiique
3398 2632 3665 2690 essendi:

2023 2740 2158 2778 nam
2189 2739 2427 2777 causam
2473 2721 2531 2776 in
2565 2721 2784 2777 Divinis
2815 2738 2929 2776 non
2965 2722 3043 2776 ita
3099 2721 3295 2776 ferunt
3347 2721 3553 2791 Latini,
3605 2724 3671 2776 ut

2024 2828 2128 2867 nec
2160 2812 2340 2868 Graeci
2369 2810 2546 2885 ἀρχήν
2575 2828 2588 2878 ;
2625 2811 2772 2866 bono
2803 2810 3036 2881 utrique
3092 2827 3294 2878 sensu,
3320 2811 3568 2882 aliisque
3613 2813 3672 2866 et

2025 2900 2156 2956 aliis
2186 2901 2397 2971 verbis,
2431 2901 2584 2973 quod
2617 2917 2825 2955 sanum
2855 2905 2961 2970 est,
3013 2899 3388 2971 explicantes.

2095 2989 2311 3045 Eodem
2343 2989 2513 3060 plane
2545 3005 2742 3059 sensu,
2777 2993 2833 3044 et
2859 2988 3157 3043 Novatiani
3181 2987 3354 3043 verba
3383 2987 3674 3060 accipien-

2028 3079 2120 3146 da,
2154 3080 2252 3149 qui
2278 3079 2410 3149 jure
2443 3077 2848 3148 concludebat,
2884 3078 3029 3132 duos
3062 3078 3180 3134 fore
3211 3077 3381 3143 Deos,
3411 3078 3460 3133 si
3494 3077 3680 3136 Filius

2036 3261 2244 3312 neuter
2273 3255 2345 3311 ab
2386 3254 2568 3311 altero
2600 3254 2971 3311 Divinitatem
3003 3256 3343 3327 accepisset.
3380 3255 3524 3312 Cum
3568 3253 3679 3328 igi-

2037 3351 2132 3401 tur
2160 3344 2477 3402 Novatiano
2511 3345 2654 3400 nihil
2685 3344 2835 3400 aliud
2871 3345 3235 3417 propositum
3288 3345 3384 3412 sit,
3419 3362 3597 3417 quam
3618 3347 3684 3401 ut

2038 3434 2178 3490 illud
2230 3433 2668 3489 incommodum
2729 3449 2797 3488 ex
2854 3434 3083 3489 duobus
3142 3433 3422 3505 ingenitis
3477 3449 3680 3490 conse-

2039 3540 2224 3595 quens
2257 3522 2460 3595 fugiat,
2485 3525 2610 3593 jam
2649 3539 2758 3577 non
2791 3521 2945 3576 ludit
2975 3521 3321 3578 catholicam
3354 3524 3682 3579 doctrinam

2039 3593 2138 3668 sed
2174 3593 2499 3678 conlirmat,
2535 3611 2653 3666 sive
2676 3612 2816 3666 dum
2852 3612 3073 3666 Patrem
3109 3628 3292 3666 unum
3325 3628 3452 3668 esse
3498 3617 3683 3668 Deum

2041 3702 2268 3768 asserit,
2303 3701 2437 3771 quia
2460 3699 2642 3755 Filius
2669 3701 2740 3754 ab
2772 3717 2836 3755 eo
2871 3699 3241 3756 Divinitatem
3296 3702 3550 3773 accepit;
3608 3701 3686 3756 si-

2043 3807 2106 3846 ve
2152 3792 2291 3845 dum
2318 3790 2529 3845 Filium
2555 3789 2768 3845 idcirco
2801 3793 2968 3845 Patre
2999 3790 3306 3858 minorem,
3339 3790 3553 3846 idcirco
3573 3795 3687 3847 Pa-

2042 3881 2114 3936 tri
2147 3882 2558 3952 obsequentem
2611 3881 2766 3948 facit,
2828 3882 2966 3954 quia
3026 3882 3192 3937 Pater
3242 3883 3370 3936 l'ons
3419 3886 3476 3937 et
3523 3881 3686 3954 origo

2043 3969 2396 4025 Divinitatis.
2431 3971 2516 4024 Ad
2544 3987 2862 4039 summam,
2886 3976 2948 4026 ut
2978 3971 3216 4026 demum
3241 3969 3687 4038 concludamus,

2042 4060 2400 4117 Novatianus
2431 4077 2498 4115 ea
2531 4060 2674 4115 Filio
2709 4079 2820 4115 non
2846 4059 3048 4116 tribuit
3077 4060 3209 4130 (46),
3250 4083 3270 4109 σι
3320 4074 3686 4132 quaecunque

2043 4163 2181 4214 sunt
2225 4158 2496 4227 Patris,»
2534 4178 2645 4214 non
2693 4176 2822 4214 vero
2879 4163 3068 4231 negat,
3129 4165 3492 4232 qimeounque
3549 4163 3690 4216 sunt

2043 4248 2142 4303 Dei
2176 4249 2310 4319 (47).

2114 4336 2180 4391 V.
2208 4337 2371 4392 Nunc
2402 4353 2531 4392 vero
2555 4335 2971 4407 inquirendum
2995 4341 3262 4410 superest
3291 4354 3406 4410 quo
3428 4341 3689 4412 tempore

2047 4478 2532 4533 Tertullianiliber
2561 4480 2657 4544 est,
2689 4492 2788 4531 nec
2820 4475 3090 4547 Cypriani
3142 4477 3364 4546 dicitur,
3425 4478 3517 4534 sed
3575 4484 3686 4538 No-

289 4538 715 4620 Vallarsiusgi'n
737 4538 955 4620 laudat.
991 4548 1048 4620 S.
1103 4547 1438 4620 Hieronymi
1467 4538 1682 4616 locum,
1715 4538 1937 4616 conjec-
1968 4538 2014 4600 D
2047 4551 2280 4613 nationi,
2309 4549 2464 4618 cujus
2485 4552 2535 4602 cl
2559 4538 3099 4613 inscribz'tmvlitulo,
3148 4549 3308 4606 nullo
3353 4538 3539 4607 'verbo
3596 4552 3686 4606 in-

287 4627 425 4676 tura
455 4618 694 4675 Pamelii
723 4618 1080 4690 suspicantis
1111 4616 1347 4672 ἐπίτασιῦ
1383 4621 1780 4690 reponendum
1812 4636 1938 4690 pro-

289 4691 585 4762 ἐπιτομὴν,
616 4707 746 4746 cum
781 4689 980 4762 nullus
1013 4689 1186 4762 allius
1204 4689 1549 4746 Tertulliani
1578 4693 1644 4745 de
1677 4689 1940 4746 Trz'ni'tate

287 4782 356 4821 ex
391 4761 687 4835 preposito
718 4779 898 4833 agens
928 4761 1086 4835 liber
1104 4761 1200 4829 sit,
1232 4768 1334 4835 aut
1361 4762 1732 4835 olimqfuerit,
1758 4779 1932 4832 quam

285 4833 1040 4909 quiludversum‘Praazeam
1076 4834 1438 4909 inscribitur,
1476 4833 1565 4889 hic
1599 4851 1729 4888 vero
1754 4835 1936 4909 Nova-

282 4904 432 4963 tiani
465 4905 870 4962 lucubratione
901 4904 1087 4976 multo
1132 4904 1208 4976 sit
1254 4905 1482 4960 brevior
1514 4921 1527 4961 :
1580 4921 1763 4976 eaque
1794 4907 1936 4960 adeo

283 4977 694 5036 Tertullianicl
729 4979 921 5049 operis
944 4974 1234 5047 ἐπιτομὴν,
1261 4977 1380 5032 sive
1399 4974 1804 5049 compendium
1823 4975 1938 5032 dici

286 5050 456 5108 nullo
491 5049 662 5105 modo
694 5046 946 5120 potuerit
975 5046 1132 5120 sede
1160 5049 1451 5120 contrario
1501 5046 1761 5118 ὲᾶτίτασις,
1819 5049 1940 5104 sive

284 5122 563 5192 dilatatio
593 5118 947 5192 argumenti.
980 5120 1094 5175 Nec
1119 5118 1455 5191 infrequens
1475 5120 1824 5192 Hieronymo
1850 5123 1940 5192 est

284 5191 562 5274 ἐπιτάσει»)
591 5191 852 5274 vocehuti
873 5207 940 5248 eo
988 5207 1190 5272 sensu,
1225 5208 1337 5263 quo
1361 5191 1940 5274 aliquidrepiosius

283 5265 536 5338 tractari
570 5265 954 5338 significatur,
987 5263 1106 5318 sive
1137 5262 1269 5317 cum
1293 5262 1733 5338 reicujuspiam
1746 5279 1939 5319 acces-

289 5341 467 5397 sione
499 5334 782 5392 denotari.
820 5336 1077 5406 Denique
1098 5351 1233 5390 cum
1263 5334 1345 5390 ait
1373 5336 1444 5390 de
1474 5334 1705 5405 Ruﬁno,
1739 5338 1942 5406 contra

291 5409 579 5468 eumdem
597 5407 860 5464 scribens
881 5405 997 5463 lib.’
1017 5423 1078 5471 ιι,
1100 5423 1262 5461 num.
1288 5407 1378 5476 20,
1403 5407 1544 5462 dicit
1568 5425 1580 5463 :
1612 5405 1942 5463 Tertulliani

294 5485 536 5544 librum,
577 5482 668 5534 cui
701 5480 894 5535 titulus
923 5487 1001 5536 est
1029 5479 1094 5534 de
1125 5479 1414 5548 Trinilale,
1442 5479 1539 5535 sub
1586 5480 1814 5534 nomine
1839 5480 1944 5549 Cy-

335 5553 496 5610 riani
525 5550 990 5624 ConstantinOpoli
1016 5568 1051 5624 α
1077 5549 1398 5624 Macedoniae
1450 5551 1623 5624 partis
1671 5551 1945 5608 haeretici:

353 5625 568 5684 ctitari.
613 5625 672 5681 In
732 5639 835 5700 quo
873 5621 1126 5681 crimine
1170 5621 1613 5686 mentitur’duo;
1660 5639 1792 5681 nam
1843 5638 1946 5683 nec

2048 4621 2172 4694 nuit
2202 4637 2541 4691 expressum
2575 4637 2706 4694 eum
2741 4620 2954 4694 librum
2989 4638 3056 4676 ex
3087 4621 3466 4694 Tertulliano,
3529 4625 3685 4694 quod

2046 4692 2250 4761 utique
2282 4708 2598 4762 praecavere
2623 4692 2942 4761 debuisset,
2999 4710 3069 4748 ne
3127 4692 3267 4764 quid
3317 4692 3686 4752 adversarius

2048 4767 2367 4819 rcnonerct.

2114 4782 2389 4905 £58305.
2516 4834 2800 4908 adulterat
2832 4837 2948 4890 Lib.
2985 4835 3236 4908 0rigen.,
3278 4852 3415 4908 pag.
3463 4837 3554 4905 53,
3614 4838 3686 4893 ad

2047 4909 2260 4962 calcem
2298 4913 2438 4960 tom.
2473 4907 2538 4960 IV
2584 4924 2716 4977 opp.
2753 4907 2959 4977 Origen
2995 4907 3131 4961 edit.
3167 4907 3339 4962 Paris.
3373 4907 3531 4962 1759.

2120 4925 2260 4962 icem
2298 4925 2438 4960 tom.
2473 4925 2533 4960 ιν
2584 4925 2615 4961 o
2665 4925 2716 4976 ρ.
2753 4925 2959 4977 urlgen
2995 4925 3131 4961 sunt.
3167 4925 3339 4962 l’ﬂI‘IS.
3373 4925 3420 4962 ι

2118 4979 2228 5049 (40)
2264 4979 2592 5046 I-licronyui.
2624 4925 2748 5033 Eib.
2787 4996 2823 5032 ιι
2855 4987 3042 5034 contra
3072 4981 3304 5048 [tu/img
3338 4980 3420 5034 19.

2119 5051 2228 5117 (41';
2255 5049 2491 5104 Vallars.
2518 5050 2646 5104 Not.
2672 5067 2705 5105 a
2729 5066 2856 5121 pag.
2881 5051 3005 5105 313.
3034 5057 3207 5117 ;tom.
3227 5068 3287 5117 ιι,
3317 5054 3464 5120 part.
3491 5051 3684 5107 Ledit.

2047 5121 2249 5176 Venet.
2280 5122 2446 5176 iii-4°.
2481 5123 2638 5176 4767.

2118 5193 2471 5318 (ἐὲἒξνέαωη.
2503 5193 2568 5248 de
2594 5191 2824 5248 Divinit.
2855 5190 3054 5246 Christ.
3079 5191 3180 5247 lib.
3213 5209 3288 5260 ιν,
3314 5207 3442 5264 cap.
3475 5193 3602 5261 19,§
3630 5194 3687 5264 3,

2050 5265 2341 5338 pag._5l_9.
2520 5334 2533 5338 _
2600 5336 2633 5338 _
2683 5335 2691 5338 Α
2746 5335 2753 5338 _
3052 5333 3098 5338 Α(

2125 5332 2236 5407 (43)
2265 5336 2465 5391 Novat.
2500 5334 2563 5389 de
2597 5335 2851 5407 Trinitat.
2885 5349 3011 5405 cap.
3047 5332 3136 5386 29.

2123 5406 2235 5478 (44)
2261 5407 2425 5472 ιθίάη
2451 5421 2576 5478 cap.
2605 5406 2692 5460 34.

2123 5475 2234 5551 (45)
2269 5475 2607 5551 Methodfde
2635 5478 2808 5532 Great.
2842 5478 2870 5543 §

2129 5547 2224 5606 '46"
2265 5550 2566 5606 Novatian.
2589 5549 2626 5604 l.
2661 5565 2710 5604 c.
2743 5564 2873 5620 cap.
2905 5547 2996 5604 31.

2121 5554 2237 5701 (4Ἱέ
2263 5621 2407 5680 Vide
2434 5619 2657 5678 Maran.
2689 5619 2727 5677 l.
2763 5637 2813 5679 c.
2849 5635 2979 5699 pag.

2145 5619 2234 5700 47)
2263 5621 2407 5680 Vide
2434 5619 2657 5678 Maran.
2689 5619 2727 5677 l.
2763 5619 2979 5699 c.’pag.
3012 5621 3137 5700 518.

3531 283 3650 345 898
3755 267 3758 270 ’

4075 1824 4084 2028 l

4075 2037 4083 2276 Ι
