3942 6172
459 361 577 418 899

1434 349 1931 412 NOVATIANUS
1975 347 2438 411 PRESBYTER
2489 349 2890 412 IlOMANUS.

460 490 616 546 hunc
649 487 1138 545 commentarium
1188 484 1490 558 scripserit
1537 483 1912 540 Novatianus.
1963 482 2100 539 Exi-
2134 483 2186 550 Α
2224 482 2637 539 Ptolemaidem
2685 487 3044 540 commotum
3094 487 3202 539 est.
3262 506 3288 533 »

3653 363 3738 423 900

3341 489 3522 545 Verum
3561 509 3651 548 non
3685 497 3740 551 ait

458 578 718 636 stimavit
747 579 981 651 quidem
1017 575 1302 633 Baronius
1334 576 1467 646 (48),
1514 571 2002 630 commentarium
2033 571 2104 626 de
2211 571 2544 645 Dionysius,
2575 589 2704 628 eam
2750 573 3074 629 doctrinam
3108 591 3141 630 a
3171 573 3400 630 Sabellio
3428 577 3576 635 fuisse
3600 604 3623 628 «
3660 599 3741 638 nu.

456 668 740 724 Trinitate
773 668 953 722 fuisse
1000 667 1072 721 ah
1131 668 1364 728 auctore
1429 661 1634 718 litteris
1693 661 2100 733 consignatum

2213 677 2315 732 per
2365 685 2385 710 η
2451 662 2603 734 apud
2682 661 3077 718 Ptolemenses
3128 662 3429 720 invectam:
3477 668 3594 738 quin
3658 670 3740 726 imo

458 758 611 814 circa
641 757 853 814 Christi
889 772 1109 811 annum
1148 771 1334 821 ch'tx,
1370 769 1484 824 quo
1515 769 1548 806 a
1579 751 1842 806 Patrihus
1871 747 2102 805 concilii
2211 749 2514 816 Eusebius,
2548 751 2647 824 qui
2700 751 2958 824 Dionysii
3017 751 3327 824 Epistolam
3379 753 3621 826 integram
3660 776 3743 830 pra

452 846 798 904 Antiocheni
859 847 1170 900 damnatus
1220 847 1308 899 est
1355 841 1569 896 Paulus
1639 844 2096 896 Samosatenus:

452 940 760 1010 propterea
803 935 1042 1004 scilicet,
1082 933 1237 1006 quod
1271 932 1394 987 viro
1456 947 1668 1003 magno
1715 930 1877 986 visus
1926 927 2099 984 fuerit

451 1025 700 1099 scriptor
728 1025 881 1081 872
913 1023 1010 1079 ille
1035 1021 1401 1078 Samosateni
1431 1019 1722 1089 haeresim,
1768 1018 1902 1074 licet
1949 1034 2095 1089 sup-

447 1132 651 1189 presso
682 1113 939 1180 nomine,
981 1111 1624 1182 fortiterimpugnasse.
1674 1108 1890 1164 Verum
1943 1106 2092 1162 nihil

449 1206 662 1276 obstat,
732 1203 1050 1276 quonimus
1106 1200 1464 1256 Novatianus
1520 1196 1834 1253 dimicasse
1894 1197 2093 1269 potius

446 1295 677 1351 dicatur
697 1293 975 1349 adversus
998 1291 1294 1356 Arteman,
1321 1290 1489 1359 cujus
1509 1287 1796 1343 haereseos
1819 1285 2093 1357 deinceps

450 1387 795 1440 sectatorem
830 1383 1389 1454 propagatoremquc
1421 1379 1871 1433 Samosatenum
1912 1376 2092 1430 fuisse

447 1477 694 1529 constat.
729 1472 823 1526 Sic
853 1470 1007 1526 enim
1039 1467 1407 1524 Antiochense
1453 1466 1669 1539 Synodi
1729 1467 1925 1521 Patres
1955 1465 2086 1535 (49).

444 1566 530 1633 Τῷ
580 1558 636 1615 δὲ
667 1561 901 1636 Ἀρτεμᾷ
945 1558 1100 1618 οὗτος
1147 1553 1479 1610 ἐπιτελλέτω
1532 1554 1620 1609 καὶ
1677 1554 1727 1608 οἱ
1755 1556 1822 1607 τὰ
1851 1554 2090 1628 Ἀρτεμᾶ

444 1653 762 1727 φρονοῦντες
833 1646 1012 1720 τούτῳ
1091 1643 1535 1700 κοινωνείτωσαν.
1644 1664 1666 1692 ε
1747 1643 1848 1698 Hic
1957 1659 2088 1698 vero

443 1744 458 1812 (
493 1740 708 1796 Paulus
755 1736 1195 1808 Samosatenus)
1227 1737 1298 1790 ad
1330 1737 1604 1790 Artemao
1640 1733 1876 1803 scribat,
1911 1732 1957 1786 si
1996 1737 2086 1787 lu-

2209 839 2395 895 oculis
2425 840 2694 906 habebat,
2725 840 3116 913 fragmentum
3149 840 3289 896 illud
3334 843 3552 899 recitans
3583 846 3740 904 diserte

2205 930 2474 998 testatur,
2525 929 2874 1001 Episcopum
2905 929 3352 986 Alexandrinum
3383 932 3444 987 de
3473 933 3743 992 Sabelliania

2205 1015 2328 1090 περὶ
2356 1021 2464 1070 τῶν
2491 1017 2626 1071 κατὰ
2661 1012 2959 1072 Σαϐἐλλιον
2992 1019 3298 1094 αἱρετικῶν,
3345 1037 3628 1078 sermonem
3674 1025 3749 1080 ha-

2203 1106 2403 1163 buisse
2427 1125 2439 1163 :
2465 1112 2530 1162 ut
2547 1108 3118 1180 proptercaDionysii
3142 1108 3292 1165 878
3322 1110 3476 1166 verba
3492 1111 3552 1165 de
3570 1112 3751 1168 Sabellii

2203 1196 2396 1267 potius
2423 1197 2825 1264 sectatoribus,
2857 1196 2956 1268 qui
2981 1201 3121 1253 tunc
3142 1199 3412 1270 temporis
3440 1199 3752 1258 increbresce-

2200 1285 2360 1351 bant,
2396 1302 2573 1356 quam
2605 1286 2675 1340 de
2705 1285 2831 1357 ipso
2863 1285 3112 1342 Sabellio
3146 1287 3267 1342 sint
3291 1288 3604 1358 accipienda.
3634 1290 3753 1345 Hunc

2202 1373 2626 1445 slquidemjam
2653 1375 2875 1430 dudum
2894 1375 3087 1446 pravis
3110 1375 3296 1443 Noeti,
3323 1376 3562 1447 magistri
3586 1379 3676 1448 sui,
3693 1396 3757 1434 er-

2201 1463 2428 1519 roribus
2446 1463 2762 1533 imbutum,
2788 1480 2886 1521 eos
2908 1464 3080 1536 longe
3101 1465 3307 1520 antein
3321 1465 3512 1538 vulgus
3533 1468 3757 1537 sparsisse

2199 1553 2487 1623 oportuit:
2521 1553 2779 1624 adeoque
2810 1553 2996 1625 ipsius
3026 1554 3296 1610 haeresim
3327 1559 3450 1610 ante
3479 1572 3665 1610 annum
3693 1573 3760 1612 CCI.

2199 1641 2554 1699 Novatianus
2574 1643 2953 1715 impugnasse
2974 1642 3394 1698 existimandus
3418 1649 3759 1716 ;quotempore

2198 1732 2420 1786 scilicet
2451 1731 2714 1787 Ecclesiae
2760 1732 3034 1787 Romanae
3077 1732 3394 1806 presbyter,
3453 1733 3761 1789 orthodoxam

442 1830 573 1897 bet;
606 1833 662 1884 et
693 1828 790 1900 qui
819 1833 1092 1883 Arteman
1126 1829 1444 1895 sectantur,
1480 1840 1612 1877 cum
1663 1839 1727 1878 eo
1761 1821 2084 1877 communi-
2116 1859 2162 1922 B
2194 1819 2322 1922 ejus
2345 1821 2667 1875 doctrinam
2690 1822 3072 1892 proﬁtebatur
3093 1823 3607 1894 prOpugnabatque.
3628 1825 3763 1894 Atque

441 1924 592 1975 cent.
627 1941 656 1967 »
689 1917 798 1972 Alii
832 1921 1048 1988 autem,
1078 1932 1225 1987 quos
1269 1915 1423 1969 inter
1478 1911 1889 1969 Tillemontius
1944 1911 2080 1984 (50),
2116 1908 2162 1922 ⁵³
2193 1908 2532 1980 hujusmodi
2557 1910 2791 1982 quidem
2827 1911 3174 1966 sententiam
3205 1911 3681 1984 Pamelioprimum
3700 1929 3763 1966 ar-

439 2013 494 2064 et
523 2008 741 2064 Caveus
773 2009 886 2078 (51)
918 2006 1080 2062 ocius
1110 2005 1371 2076 quidem,
1408 2007 1541 2074 post
1571 2001 1829 2057 schisma
1861 2007 2079 2069 tamen,

439 2114 588 2171 opus
620 2114 797 2152 suum
831 2095 1249 2165 conscripsisse
1296 2091 1682 2147 Novatianum
1723 2091 2077 2162 conjiciunt;

444 2193 602 2253 riam,
624 2183 1146 2258 iuquiunt.Sabelii
1176 2181 1446 2237 meminit
1463 2185 1664 2235 auctor
1685 2181 1817 2252 (52),
1837 2182 2080 2251 ejusque

435 2276 794 2348 impietatem
865 2272 1178 2339 convellit;
1241 2270 1340 2342 qui
1418 2269 1640 2326 scilicet
1696 2287 1761 2324 ex
1821 2267 2079 2341 Dionysii

435 2363 808 2422 Alexandrini
858 2361 1072 2416 litteris
1111 2361 1269 2415 Sixto
1320 2359 1365 2413 II
1423 2359 1722 2429 inscriptis
1779 2358 1891 2430 (53)
1949 2361 2081 2430 post

436 2453 695 2509 medium
718 2453 955 2508 demum
976 2449 1170 2505 saeculi
1201 2466 1283 2513 in,
1302 2448 1566 2504 haeresim
1593 2464 1761 2504 suam
1789 2448 2079 2520 sparsisse

433 2541 809 2614 comperitur.
846 2543 914 2592 At
947 2555 1078 2593 vero
1109 2536 1401 2592 sententia
1427 2537 1553 2606 ejus
1586 2535 1742 2590 modi
1767 2535 1918 2590 haud
1939 2534 2076 2590 levi-

430 2633 542 2686 bus
573 2627 1020 2685 difﬁcultatibus
1071 2625 1362 2681 invenitur
1419 2623 1723 2695 implicita.
1784 2625 2074 2680 Sabellius

429 2720 605 2788 enim,
640 2722 703 2774 ut
735 2717 921 2789 liquet
941 2714 1332 2770 exPhilastrio
1353 2713 1488 2785 (54),
1515 2717 1571 2768 et
1587 2713 1914 2785 Augustino
1937 2714 2074 2786 (55),

431 2809 593 2866 Nocti
614 2805 940 2878 discipulus
965 2804 1094 2870 fuit,
1119 2804 1288 2873 cujus
1313 2801 1553 2874 proinde
1570 2801 2072 2874 blasphemiarum

427 2897 649 2954 exstitit
697 2897 1064 2968 propagator.
1101 2891 1246 2959 Quid
1280 2907 1414 2947 vero
1445 2891 1516 2946 de
1558 2891 1736 2946 Noeto
1778 2892 2073 2948 memorias

430 2985 768 3059 proditum?
796 2984 1106 3048 Nimirum,
1149 2981 1208 3036 S.
1250 2980 1620 3053 Hippolytus,
1652 2980 1749 3052 qui
1787 2978 1940 3036 circa
1965 2985 2072 3036 Do-

429 3075 574 3131 mini
632 3091 851 3130 annum
892 3089 1031 3128 ccxx
1089 3070 1304 3138 floruit,
1387 3074 1450 3124 ut
1507 3069 1770 3141 agnoscit
1826 3069 2075 3140 ipsemet

427 3162 837 3220 Tillemontius
867 3162 1000 3233 (56),
1025 3161 1300 3216 adversus
1331 3157 1576 3214 Nectum
1601 3158 1862 3213 scribens
1895 3161 2070 3214 testa-

2193 1997 2390 2053 risisse
2421 1999 2551 2070 (59),
2579 2000 2786 2054 deinde
2814 2000 3176 2055 Jacksonum
3207 2001 3469 2072 pluribus
3507 2000 3765 2056 astruxisse

2191 2088 2608 2159 comperimus.

2260 2179 2354 2234 VI.
2388 2180 2647 2251 Anatysis
2699 2179 2858 2250 hujus
2891 2179 3062 2234 Libri.
3096 2210 3163 2218 —-
3217 2179 3493 2234 Dividitur
3541 2183 3763 2234 tractatus

2190 2268 2492 2325 Novatiani
2523 2270 2589 2323 de
2622 2269 2910 2334 Trz‘nizate,
2944 2268 3003 2322 in
3034 2267 3280 2340 triginta
3309 2273 3366 2324 et
3411 2284 3578 2322 unum
3618 2268 3766 2338 capita

2187 2357 2449 2414 Primum
2473 2358 2636 2413 deiis
2689 2359 2882 2414 verbis
2941 2380 2968 2409 »
3037 2359 3253 2430 regulae
3301 2358 3564 2423 veritatis,
3614 2382 3636 2407 »
3693 2374 3766 2413 seu

2193 2472 2213 2498 σ
2253 2447 2384 2502 ﬁdei
2417 2469 2443 2496 »
2476 2450 2677 2518 (quam
2695 2447 3038 2520 Symbolum
3061 2451 3764 2516 vocamus)commentatur,

2188 2554 2314 2610 qua:
2345 2554 2450 2593 nos
2481 2538 2992 2608 crederejuhent¢<
3027 2537 3084 2592 in
3119 2537 3305 2594 Deum
3340 2541 3557 2592 Patrem
3587 2540 3636 2592 et
3680 2535 3768 2590 Do-

2187 2627 2414 2682 minum
2445 2626 2931 2698 omnipotentem,
2965 2643 3156 2682 rerum
3181 2627 3448 2682 omnium
3479 2623 3767 2699 perfectissi-

2186 2731 2348 2770 mum
2381 2720 2721 2783 creatorem,
2761 2733 2846 2770 na
2893 2715 3080 2787 capite
3112 2733 3152 2782 ι,
3201 2717 3278 2772 ad
3309 2733 3408 2771 vui
3452 2731 3648 2786 usque;
3695 2712 3768 2767 ubi

2183 2804 2335 2860 inter
2363 2803 2477 2859 alia
2504 2803 2682 2860 etiam
2736 2804 3020 2860 attributa
3075 2804 3298 2874 divina,
3355 2803 3766 2868 immensitatem,

2181 2893 2582 2960 aeternitatem,
2609 2893 2917 2964 unitatem,
2937 2890 3768 2960 bonitatem,iminutabilitatem

2181 2981 2709 3050 immortalitatem,
2741 2982 3215 3054 spiritualitatem
3243 2982 3453 3050 partim
3485 2999 3546 3036 ex
3575 2979 3766 3043 ratione,

2182 3071 2392 3144 partim
2425 3089 2493 3127 ex
2523 3072 2622 3128 SS.
2660 3071 2890 3127 Litteris
2913 3072 3163 3139 astruit;
3228 3073 3504 3144 additque
3544 3085 3634 3125 nec
3667 3081 3772 3139 pas-

2182 3161 2395 3226 siones,
2432 3178 2536 3216 nec
2563 3161 2826 3217 membra
2857 3161 2971 3216 Deo
3003 3161 3247 3216 attribui
3281 3177 3472 3233 posse,
3503 3159 3706 3230 haecque
3724 3156 3766 3208 in

428 3253 713 3326 tur(57)«
749 3268 863 3306 non
907 3249 1091 3305 multo
1122 3253 1279 3319 ante,
1314 3245 1375 3300 οὐ
1426 3247 1531 3321 πρὸ
1580 3243 1794 3300 πολλοῦ
1846 3245 2048 3321 χρόνου

2189 3251 2481 3322 Scriptura
2556 3249 2926 3305 solummodo
3005 3248 3506 3324 ἀνθρωποπαθικῶς
3579 3249 3640 3303 de
3682 3244 3768 3301 Deo

429 3342 625 3414 ipsum
659 3341 1014 3412 impietatem
1050 3355 1218 3393 suam
1242 3335 1434 3408 palam
1460 3337 1808 3408 prodidisse,
1842 3335 1980 3408 quia
2001 3336 2074 3391 ab

424 3431 692 3486 Ecclesiae
725 3428 1137 3485 communione
1162 3429 1474 3498 propterea
1531 3426 1774 3496 ejectus,
1809 3447 1836 3474 «
1899 3424 2072 3497 paulo

425 3525 557 3591 post
585 3520 851 3584 moritur,
879 3540 906 3566 »
937 3515 1130 3587 inquit
1170 3514 1529 3588 Epiphanius
1570 3515 1702 3586 (58),
1734 3510 1959 3584 τελευτᾷ
2016 3509 2073 3567 δὲ

426 3606 585 3666 αὐτὸς
619 3603 865 3680 ἔναρχος.
899 3607 1029 3660 Jam
1060 3621 1193 3660 vero
1237 3603 1282 3658 si
1318 3603 1452 3675 quis
1499 3603 1878 3676 Hippolytum
1936 3619 2071 3659 cum

424 3694 752 3768 Epiphanio
792 3694 1070 3759 conferat,
1131 3691 1368 3764 colligat
1412 3707 1648 3747 necesse
1677 3697 1768 3747 est
1795 3692 2068 3755 Noetum,

429 3808 449 3835 α
487 3784 586 3857 qui
620 3800 733 3839 non
768 3782 953 3838 multo
976 3786 1110 3837 ante
1142 3804 1168 3831 »
1203 3797 1383 3836 anum
1411 3797 1551 3836 ccxx
1580 3780 2068 3836 contumeliosum

421 3874 483 3930 in
519 3872 950 3942 Deum'_Patrem
975 3871 1199 3941 Dogma
1224 3861 1728 3942 evomuit,quippe
1753 3869 1924 3941 paulo
1939 3873 2070 3942 post

421 3967 669 4020 mortem
701 3961 942 4034 oppetiit
985 3960 1222 4015 ineunte
1275 3957 1485 4014 saeculo
1536 3976 1616 4027 ni,
1681 3963 1744 4013 ut
1791 3959 2064 4030 maxime,

419 4052 742 4108 satanicam
778 4050 936 4104 illam
960 4047 1281 4103 doctrinam
1313 4045 1620 4118 discipulis
1645 4047 1767 4102 suis
1799 4048 2064 4104 dissemi-

419 4141 673 4196 nandam
706 4138 1032 4210 reliquisse.
1060 4137 1161 4192 His
1184 4141 1377 4191 autem
1410 4136 1636 4208 positis,
1696 4136 1830 4207 quis
1890 4154 2061 4209 porro

418 4229 531 4286 sibi
579 4229 947 4302 persuadeat,
983 4225 1280 4282 Sabelium
1328 4225 1488 4282 Noeti
1545 4224 1901 4296 discipulum
1934 4231 2064 4298 post

419 4318 810 4391 quadraginta
841 4315 1072 4371 circiter
1114 4330 1298 4369 annos
1357 4313 1429 4368 ab
1486 4313 1647 4368 obitu
1707 4316 2062 4387 preceptoris

418 4408 533 4476 sui,
568 4405 813 4462 haeresin
847 4406 1084 4460 demum
1109 4403 1451 4459 Noetianam
1479 4402 1805 4458 instaurare
1837 4421 1903 4459 ac
1925 4421 2062 4476 pro-

418 4495 682 4567 mulgare
704 4494 947 4566 ccepisse
977 4493 1005 4546 ?

486 4583 677 4639 Nolim
701 4583 974 4654 equidem
1006 4581 1264 4649 infitiari,
1312 4579 1648 4653 Dionysium
1674 4597 1824 4636 anno
1843 4579 2058 4638 Christi

417 4689 588 4731 CCI.th
620 4673 692 4728 ad
722 4673 901 4727 istum
936 4671 1243 4742 scripsisse
1285 4670 1408 4744 περὶ
1460 4673 1554 4722 τοῦ
1609 4672 1699 4723 νῦν
1753 4670 2062 4738 κινηθέντος

415 4759 466 4816 ἒν
498 4763 566 4834 τῇ
597 4755 937 4832 Πτολεμαΐδι
972 4755 1264 4834 δόγματος,
1298 4759 1406 4814 hoc
1436 4764 1547 4827 est,
1594 4758 1825 4815 Valesio
1883 4760 2063 4817 inter-

414 4855 597 4926 prete,
626 4874 654 4903 ‹‹
687 4851 757 4906 de
789 4851 1060 4923 dogmate
1085 4847 1207 4915 illo,
1231 4848 1386 4920 quod
1422 4865 1625 4921 nuper,
1660 4849 1874 4921 inquit,
1906 4851 2060 4923 apud

510 5049 601 5119 48)
635 5049 840 5104 Baron.
878 5047 948 5102 ad
974 5062 1110 5119 ann,
1144 5046 1320 5119 272,_§
1342 5044 1430 5100 15.

629 5120 795 5202 Apud
829 5118 1042 5202 Euseb;
1073 5117 1225 5202 Η.
1255 5114 1485 5202 Ιίὺζῐγιι,
1520 5132 1646 5202 cap.
1671 5115 1740 5170 30

507 5187 597 5261 50)
629 5187 962 5248 Tillemont.
995 5189 1148 5244 Mem.
1168 5193 1308 5261 tom.
1333 5187 1844 5261 III,art.3,_rsrurles
1867 5189 2058 5246 Novat.

507 5259 598 5333 51)
623 5269 769 5319 Cave
803 5265 937 5318 Hist.
973 5262 1208 5316 litterar.
1245 5260 1314 5314 ad
1339 5276 1559 5333 annum
1587 5259 1714 5329 251,
1747 5263 1889 5316 tom.
1915 5265 1959 5316 Ι.

483 5331 596 5406 (52)
628 5335 830 5391 Novat.
863 5334 1164 5406 deTrinz't.
1198 5349 1324 5403 cap.
1358 5331 1446 5406 12,

483 5402 853 5531 (53)Dionys.
889 5404 1195 5460 Alexandr.
1230 5402 1364 5475 opus
1395 5402 1597 5458 Euseb.
1627 5403 1697 5459 ΙΙ.
1727 5406 1785 5457 Ε.
1820 5402 1920 5458 lib.
1955 5419 2057 5471 vn,

487 5495 542 5531 ο.
587 5497 627 5531 ).

414 5493 542 5532 οδω.
573 5493 627 5532 ῠ.

482 5495 894 5619 (³54))Ῥὶιὶιειειιι.
916 5548 980 5602 de
1007 5548 1210 5620 Haeres,
1245 5562 1350 5620 cap
1378 5546 1468 5601 54.

483 5620 596 5689 (55)
628 5621 872 5689 August.
906 5620 1107 5674 Haeres.
1141 5619 1229 5674 41.

484 5687 600 5766 (56)
621 5687 952 5747 Tillemont.
979 5689 1019 5746 l.
1053 5705 1103 5748 c.

2181 3339 2538 3396 ennuntiari.
2559 3341 2605 3394 A
2626 3339 2814 3411 capite
2834 3358 2908 3407 xi,
2939 3355 3125 3410 usque
3143 3341 3215 3395 ad
3240 3357 3437 3408 xxvm,
3470 3339 3536 3394 ad
3568 3354 3626 3393 ea
3650 3336 3777 3406 Sym-

2183 3428 2299 3484 boli
2332 3427 2514 3484 nostri
2565 3445 2798 3500 quoque
2828 3429 3003 3484 verba
3044 3426 3158 3484 late
3214 3428 3554 3501 explicanda
3604 3421 3774 3480 accedit

2182 3536 2309 3590 quea
2341 3518 2510 3573 nobis
2541 3518 2713 3572 fidem
2746 3519 3163 3573 commendant
3198 3519 3260 3574 in
3294 3541 3324 3568 «
3363 3517 3564 3573 Filium
3602 3513 3685 3570 Dei
3702 3513 3776 3567 Je-

2180 3624 2312 3663 sum
2345 3607 2661 3676 Christum,
2698 3607 3008 3662 Dominum
3042 3605 3226 3662 Deum
3277 3611 3557 3662 nostrum.
3585 3626 3609 3654 υ
3646 3597 3769 3656 Chri-

2179 3699 2336 3751 stum
2371 3695 2430 3750 in
2459 3695 2650 3751 Veteri
2683 3696 3056 3751 Testamento
3089 3697 3456 3767 promissum
3489 3694 3591 3766 (60)
3617 3704 3771 3746 verum

2178 3783 2476 3840 hominem
2501 3785 2636 3857 (61),
2667 3800 2988 3857 verumque
3019 3784 3205 3840 Deum
3239 3801 3372 3841 esse
3401 3785 3529 3856 (62),
3566 3780 3770 3852 Scriptu-

2178 3891 2373 3929 rarum
2401 3873 2642 3942 Veteris,
2682 3871 2943 3945 Novique
2980 3873 3238 3928 Fmderis
3291 3872 3627 3930 auctoritate
3673 3883 3773 3940 pro-

2177 3961 2276 4017 bat
2306 3963 2460 4032 (63);
2491 3963 2680 4034 capite
2708 3978 2844 4016 xvm
2895 3978 3152 4034 errorem
3211 3961 3664 4018 Sabellianorum
3705 3970 3768 4009 re-

2178 4051 2348 4121 futat,
2381 4055 2436 4106 et
2465 4050 2806 4106 auctoritate
2837 4051 2936 4108 SS.
3000 4051 3333 4107 Literarum
3394 4047 3772 4106 distinctionem

2178 4140 2366 4195 Patris
2389 4145 2443 4195 et
2488 4139 2617 4195 Filii
2641 4141 2969 4210 conﬁrmat,
2993 4140 3293 4212 hujusque
3316 4137 3687 4196 haeresiarchas
3699 4133 3774 4188 ob-

2169 4228 2525 4299 jectionibus
2553 4228 2920 4301 aliorumque
2952 4230 3085 4285 dein
3126 4230 3448 4302 respondet
3469 4229 3593 4301 (64).
3614 4230 3677 4281 De
3693 4220 3777 4278 ﬁde

2174 4316 2231 4371 in
2267 4316 2548 4388 Spiritum
2577 4322 2846 4374 sanctum
2878 4317 2998 4390 agit
3017 4317 3207 4390 capite
3236 4319 3502 4390 vigesino
3531 4331 3685 4378 nono,
3712 4312 3776 4364 in-

2172 4405 2414 4477 quiens:
2450 4430 2471 4458 ι
2514 4405 2800 4479 Deinceps
2863 4407 2995 4462 ﬁdei
3048 4407 3465 4464 auctoritatem
3514 4405 3819 4476 admonere.

2170 4512 2300 4561 nos,
2331 4499 2462 4567 post
2491 4496 2714 4551 Patrem
2745 4503 2803 4552 et.
2830 4497 3051 4562 Filium,
3077 4497 3315 4552 credere
3341 4497 3518 4552 etiam
3547 4495 3602 4549 in
3633 4487 3777 4562 Spiri-

2094 4604 2137 4668 ι)
2159 4588 2291 4640 tum
2325 4589 2615 4654 sanctum,
2653 4607 2680 4634 »
2712 4586 2882 4655 cujus
2909 4585 3280 4657 Operationes
3307 4601 3377 4641 ex
3397 4579 3691 4655 Scripturis
3709 4591 3776 4632 re-

2175 4677 2390 4744 censet,
2417 4677 2473 4728 et
2502 4673 2863 4745 comprobat.
2898 4673 3038 4728 Dein
3072 4672 3363 4729 unitatem
3397 4672 3494 4728 Dei
3523 4685 3643 4726 cum
3671 4667 3776 4722 ante

2173 4761 2486 4834 disputatis
2519 4762 2873 4834 conjungere
2903 4762 3100 4818 studet
3128 4762 3263 4835 (65),
3290 4762 3633 4832 tandemque
3650 4767 3776 4812 sum-

2174 4867 2326 4906 mam
2356 4866 2550 4906 rerum
2581 4850 2974 4922 expositarum
3005 4850 3261 4907 exhibet.

2381 5044 2688 5128 liippolyt.
2704 5045 2843 5128 pdv.
2874 5050 3154 5128 Nge_t.n§_1

2266 5119 2357 5190 58)
2380 5119 2664 5190 Epiphan.
2697 5120 2899 5174 Haeres.
2932 5122 3022 5190 57,
3047 5122 3073 5187 §
3102 5121 3154 5173 1.

2267 5188 2356 5263 59)
2389 5188 2604 5263 _P_arhel_.
2639 5191 2698 5244 in
2728 5191 2842 5245 Not.
2876 5191 2947 5246 ad
2975 5188 3222 5263 inscript.

2243 5262 2357 5328 (60)
2387 5261 2698 5333 Novatian.
2723 5278 2848 5333 cap.
2882 5263 2938 5317 9.

2242 5333 2354 5404 (61)
2376 5332 2559 5400 Idem,
2591 5349 2719 5404 cap.
2746 5332 2831 5388 10.

2243 5405 2354 5476 (62)
2388 5405 2569 5476 Idem,
2601 5419 2730 5475 cap.
2758 5404 2843 5458 11.

2262 5474 2352 5546 63)
2387 5475 2562 5545 Idem,
2596 5474 2722 5546 cap.
2755 5474 2948 5531 12-17.

2260 5547 2351 5619 64)
2383 5547 2564 5616 Idem,
2597 5564 2629 5601 a
2658 5563 2784 5619 cap.
2825 5547 3004 5603 18-29.

2259 5619 2351 5692 65)
2382 5619 2564 5692 idem.
2596 5635 2722 5692 cap.
2752 5619 2842 5692 βο.

2260 5690 2349 5764 66)
2381 5690 2562 5763 Idem,
2591 5690 2718 5764 cap.
2741 5691 2831 5748 31.

2331 5477 2352 5764 ἓ

2238 5479 2260 5766 Ξ
