4102 6180
231 337 341 400 901

1760 332 2105 399 NOTI’I‘IA.

3532 345 3650 406 902

225 475 422 530 Aa'ric.
455 472 524 527 Il.
553 473 630 528 De
658 470 976 528 Novatiani.
1027 470 1254 544 epistola
1294 469 1360 527 de
1417 469 1560 526 Cibis
1604 469 1876 528 Judaicis.
1910 473 1966 538 Α
1994 473 2160 524 ctus:
2194 467 2802 542 cuiaccessitquoque
2821 468 3150 529 Jacksonus
3172 471 3283 545 (74)
3306 472 3650 533 existimans

298 580 341 634 Ι.
388 577 708 650 Epistolam
781 579 848 635 de
896 577 1046 634 Cibis
1096 577 1340 635 Judaicis
1387 578 1448 633 S.
1496 577 1887 649 Hieronymus

228 671 512 724 memorat
541 684 675 723 cum
706 668 766 723 in
790 668 960 724 Libro
983 669 1054 724 de
1077 668 1231 723 Viris
1264 667 1620 737 Illustribus,
1651 671 1778 722 tum
1814 665 1885 720 ad

227 763 544 813 Damasum
575 758 839 814 scribens
868 758 1005 830 (67),
1033 774 1148 828 quo
1180 757 1240 812 in
1282 756 1407 813 loco
1455 755 1714 811 declarat
1750 771 1884 810 san-

227 852 356 903 ctus
387 847 608 917 doctor,
641 847 790 902 duas
818 864 852 902 a
891 863 953 902 se
992 845 1355 919 praetermitti
1405 844 1883 917 quaestiunculas,

223 953 474 1009 quarum
506 935 688 992 altera
713 959 734 986 α
771 938 842 992 de
878 935 1109 992 Mundis
1140 941 1198 992 et
1228 935 1558 992 immundis
1607 933 1886 990 animali-

222 1027 416 1092 bus,»
439 1024 623 1082 altera
659 1048 679 1076 ι
716 1027 786 1081 de
835 1025 1292 1082 Circumcisione
1320 1043 1334 1093 ;
1367 1025 1540 1096 quod,
1575 1023 1786 1094 inquit,
1811 1023 1884 1078 ab

219 1114 722 1187 eloquentissimis
739 1114 902 1184 viris,
924 1113 1281 1170 Tertulliano
1305 1118 1506 1169 nostro
1546 1111 1786 1182 scilicet,
1829 1114 1887 1168 et

220 1203 561 1274 Novatiano,
593 1203 774 1260 latino
801 1220 1069 1261 sermone
1092 1203 1210 1260 sint
1231 1202 1418 1259 editae.
1446 1224 1467 1252 ι
1504 1203 1571 1258 Et
1591 1201 1884 1274 posterius

220 1293 463 1364 quidem
491 1292 793 1348 Novatiani
826 1309 973 1365 opus
1003 1292 1320 1362 intercidit,
1356 1291 1518 1365 prius
1549 1307 1682 1347 vero
1713 1307 1870 1364 supe;

221 1386 345 1437 rest
375 1381 530 1437 874
558 1382 909 1454 inscriptum
942 1383 1013 1439 de
1041 1382 1200 1438 Cibis
1216 1381 1500 1438 Judaicis.
1536 1379 1884 1437 Guilielmus

222 1472 450 1526 Caveus
481 1472 593 1544 (68)
619 1471 934 1544 ambiguus
965 1476 1072 1539 est,
1097 1488 1170 1526 an
1203 1474 1356 1526 certo
1405 1487 1552 1542 opus
1609 1469 1680 1525 de
1727 1469 1882 1526 Cibis

221 1559 491 1616 Judaicis
520 1561 595 1616 sit
625 1561 962 1616 Novatiani:
997 1561 1152 1632 quod
1177 1559 1322 1616 mihi
1366 1563 1588 1616 certum
1629 1559 1881 1630 videtur,

221 1650 421 1723 inquit
450 1652 715 1708 Oudinus
744 1652 878 1724 (99),
909 1668 1043 1708 cum
1092 1650 1602 1724 expressamillius
1632 1649 1883 1706 mentio-

223 1757 363 1796 nem
386 1740 556 1797 facial
584 1741 972 1814 Hieronymus
1000 1741 1125 1797 loco
1157 1740 1352 1811 citato,
1383 1743 1556 1811 atque
1597 1740 1884 1806 interpres

222 1831 462 1886 Graecus
506 1830 624 1886 sive
673 1830 824 1886 alius
876 1830 1156 1902 antiquus
1188 1829 1448 1898 omnino,
1479 1827 1600 1904 περὶ
1665 1827 1885 1904 βρωμά-
1916 1847 1962 1912 Β

218 1939 330 1972 των
367 1915 697 1974 Ἰουδαϊκῶν.
751 1923 1037 1975 Praeterea
1066 1926 1267 1975 auctor
1306 1919 1486 1990 hujus
1543 1919 1735 1991 cperis
1775 1918 1885 1974 sub

221 2007 465 2063 initium
499 2007 712 2080 inquit,
738 2008 985 2081 scriptas
1017 2026 1050 2064 a
1082 2024 1143 2064 se
1178 2008 1357 2064 fuisse
1389 2009 1537 2064 duas
1575 2006 1884 2080 Epistolas,

219 2098 443 2169 quibus
474 2097 728 2153 ostendit
755 2097 988 2154 Judaaos
1019 2097 1323 2170 ignorasse
1353 2120 1379 2148 «
1401 2113 1595 2153 veram
1635 2097 1882 2152 circum-

228 2187 544 2254 cisionem,
567 2191 624 2242 et
642 2204 841 2242 verum
892 2187 1234 2242 Sabbatum.
1271 2208 1298 2235 ››
1317 2186 1494 2258 Atqui
1520 2187 1728 2242 horum
1751 2187 1891 2241 duo-

220 2293 362 2332 rum
397 2276 809 2348 opusculorum
837 2277 893 2332 in
927 2276 1267 2346 Novatiano,
1300 2276 1650 2333 nominatim
1674 2276 1887 2331 citatus

219 2365 618 2438 Hieronymus
650 2365 954 2422 meminit:
989 2367 1145 2422 unde
1175 2365 1420 2422 dubium
1451 2365 1677 2422 nullum
1714 2364 1890 2421 relin-

221 2456 456 2528 quitur,
485 2455 627 2526 quin
659 2473 804 2528 opus
823 2455 894 2512 de
918 2455 1077 2511 Cibis
1095 2455 1357 2511 Judaicis
1388 2459 1608 2528 spectet
1629 2455 1700 2510 ad
1723 2471 1886 2510 eum-

227 2545 395 2601 dem.
429 2543 688 2616 Denique
717 2561 784 2600 ex
815 2543 924 2601 hoc
954 2544 1236 2616 opusculo
1280 2545 1350 2601 de
1388 2543 1545 2602 Cibis
1601 2544 1884 2613 Judaicis,

225 2633 522 2690 asseritur
550 2649 782 2705 quoque
812 2633 1130 2689 Novatiano
1161 2632 1406 2705 epistola
1436 2649 1536 2689 seu
1567 2631 1800 2688 libellus
1825 2632 1890 2688 de

225 2739 361 2778 vera
395 2723 827 2780 Circumcisione
847 2721 998 2778 inter
1022 2739 1197 2795 opera
1228 2722 1345 2778 divi
1392 2722 1726 2794 Hieronymi
1776 2722 1890 2776 im-

224 2811 723 2886 pressuszquippe
737 2812 905 2882 cujus
920 2812 1274 2868 mentionem
1292 2811 1464 2867 faciat
1481 2816 1539 2867 tu
1551 2829 1606 2866 m
1619 2811 1891 2884 Hierony-

225 2917 374 2956 mus
394 2900 464 2955 de
495 2897 893 2971 Scriptoribue
922 2898 1344 2955 Ecclesiasticis
1376 2915 1502 2970 cap.
1526 2897 1661 2954 8vel
1687 2900 1740 2965 7,
1761 2903 1889 2954 tum

223 2987 598 3044 Novatianus
621 2987 746 3058 ipse
766 2987 876 3041 sub
892 2985 1125 3040 initium
1141 2985 1332 3058 operis
1346 2987 1416 3040 de
1429 2985 1584 3040 Cibis
1605 2985 1888 3054 Judaicis,

224 3076 329 3131 ubi
367 3074 452 3130 ait
489 3074 809 3147 Epistolam
843 3093 876 3130 a
907 3092 969 3130 se
999 3076 1070 3130 de
1100 3091 1235 3130 vera
1264 3073 1716 3130 Circumcisione
1746 3091 1888 3130 con-

221 3166 540 3234 scriptam,
574 3163 728 3236 quod
769 3163 905 3219 huic
960 3163 1260 3234 opuscubo
1297 3164 1558 3235 apprime
1589 3163 1880 3231 convenit,

224 3251 481 3311 Nullum
511 3252 707 3324 itaque
739 3253 810 3307 de
844 3252 936 3307 his
979 3251 1281 3308 Novatiani
1326 3252 1601 3324 operibus
1633 3252 1879 3308 dubium

223 3357 426 3413 aequm
460 3357 587 3397 esse
621 3345 848 3412 potest;
882 3340 1206 3413 praesertim
1239 3357 1368 3395 cum
1397 3341 1595 3412 judice
1634 3341 1884 3414 Dupinio

221 3431 561 3488 similitudo
593 3430 724 3503 styli
757 3431 1014 3503 idipsum
1079 3417 1425 3503 persuadeat
1474 3432 1609 3503 (70).
1649 3455 1669 3482 ι
1723 3433 1886 3488 Patet

221 3525 455 3588 autem,
507 3520 700 3591 inquit
738 3519 1032 3576 Pamelius
1071 3521 1183 3591 (71)
1227 3519 1378 3575 hanc
1444 3520 1766 3593 Epistolam
1823 3522 1880 3577 in

220 3625 470 3666 secessu
502 3608 683 3665 fuisse
714 3610 1101 3681 conscriptam
1135 3611 1268 3681 (72),
1306 3610 1591 3680 fortassis,
1653 3611 1700 3666 si
1740 3612 1882 3682 quid

219 3697 664 3766 divinarelicet,
688 3715 842 3767 cum,
859 3703 924 3754 ut
943 3698 1147 3755 scribit
1168 3699 1226 3754 S.
1244 3698 1542 3754 Cornelius
1565 3698 1698 3772 (95),
1724 3705 1882 3757 metu

217 3786 657 3860 persecutionis
676 3787 732 3842 in
754 3787 927 3844 domo
949 3804 1011 3844 se
1032 3786 1371 3844 conclusum
1386 3787 1694 3844 occuleret.
1721 3789 1883 3853 Quod

219 3893 365 3934 cum
401 3876 461 3930 in
494 3875 594 3932 illo
625 3877 861 3932 tandem
894 3876 1416 3949 reprehenderetur
1436 3893 1469 3932 a
1489 3877 1752 3933 diaconis
1773 3883 1883 3935 Ro-

221 3964 450 4032 manis,
483 3971 541 4021 et
567 3969 887 4037 rogaretur,
933 3969 1000 4020 ut
1041 3981 1332 4038 egressus,
1376 3970 1661 4038 quantum
1720 3984 1918 4038 pres-.

221 4055 437 4127 bytero
467 4053 686 4119 liceret,
719 4059 1126 4126 quantumque
1156 4053 1216 4109 in
1250 4055 1377 4125 ejus
1401 4055 1579 4109 situm
1607 4061 1760 4111 esset
1781 4072 1882 4128 po-

221 4147 470 4210 testate,
521 4144 728 4198 fratres
779 4143 839 4198 in
903 4143 1158 4215 periculo
1218 4143 1568 4199 constitutos
1629 4145 1881 4217 juvaret,

221 4236 465 4288 tantum
500 4231 707 4297 abfuit,
742 4237 806 4287 ut
827 4231 940 4287 illis
974 4249 1192 4288 morem
1217 4237 1458 4305 gereret,
1483 4237 1548 4288 ut
1570 4233 1745 4289 etiam
1768 4252 1882 4291 non

220 4323 359 4378 sine
396 4321 697 4376 stomacho
728 4322 1072 4388 discederet,
1123 4339 1186 4376 se
1234 4321 1385 4377 nolle
1443 4322 1697 4394 amplius
1756 4340 1884 4379 esse

220 4411 640 4484 presbyterum
675 4427 964 4466 asserens.
993 4411 1151 4466 Hanc
1183 4411 1380 4482 itaque
1428 4411 1681 4483 primam
1718 4429 1882 4468 occa-

222 4503 457 4557 sionem
492 4500 575 4556 illi
607 4501 790 4556 fuisse
812 4501 1172 4572 schismatis,
1213 4501 1422 4557 deinde
1467 4505 1526 4557 et
1572 4501 1879 4572 haereseos,

1996 557 2148 612 hanc
2174 557 2481 629 epistolam
2515 557 2822 630 scripsisse
2869 559 3260 618 Novatianum
3309 564 3418 620 sub
3472 565 3651 621 ﬁnem

1995 646 2131 700 anni
2162 663 2281 713 CCL,
2330 663 2462 701 cum
2513 647 2871 715 secessisset,
2924 651 3389 720 persecutionem
3450 654 3650 710 Decia-

1995 752 2132 790 nam
2164 735 2485 803 declinans,
2541 753 2667 807 quae
2728 753 2881 792 anno
2935 756 3094 794 CCle
3153 746 3396 798 exeunte
3456 742 3652 800 Romte

1996 829 2212 894 exorta,
2236 825 2471 879 demum
2496 825 2786 880 deferbuit
2808 827 3044 882 ineunte
3068 847 3219 885 anno
3238 847 3374 886 ηοω.
3394 833 3455 886 In
3475 831 3650 890 aliam

1994 911 2142 967 abiit
2171 912 2520 968 sententiam
2550 911 2962 970 Tillemontius
2987 918 3137 986 (75);
3172 920 3281 973 sub
3315 921 3441 992 ejus
3493 922 3651 980 enim

1993 1000 2264 1072 Epistolas
2293 1001 2524 1057 initium
2548 1002 2888 1075 episcopum
2915 1010 3180 1076 agentem
3205 1008 3650 1068 schismaticum

1994 1089 2291 1146 hominem
2323 1092 2688 1163 perspexisse
2721 1093 2830 1147 sibi
2863 1097 3175 1164 persuasit.
3205 1100 3365 1162 Quod
3399 1104 3532 1155 ante
3557 1101 3651 1173 ip-

1993 1196 2125 1235 sum
2149 1180 2276 1251 jam
2308 1180 2714 1236 observaverat
2743 1181 3033 1253 Dupinius
3068 1185 3148 1240 ita
3178 1186 3473 1244 disserens
3496 1189 3648 1261 (76);

1993 1291 2021 1318 «
2055 1267 2250 1324 Prima
2279 1270 2408 1340 ejus
2436 1268 2786 1343 (Vovetiani)
2807 1273 2978 1326 verba
3010 1274 3153 1328 mihi
3179 1276 3429 1331 suadent
3456 1277 3650 1348 potius

1995 1357 2175 1414 fuisse
2204 1357 2506 1430 scriptam,
2539 1362 2852 1431 postquam
2889 1363 3142 1432 partium
3194 1365 3310 1419 dux
3345 1365 3532 1422 factus
3559 1371 3650 1424 est

1993 1445 2143 1501 Galli
2167 1450 2224 1502 et
2245 1445 2549 1502 Volusiani
2593 1452 3019 1519 persecutionis
3055 1458 3337 1524 tempore.
3369 1477 3396 1502 ››

2062 1534 2214 1591 875
2249 1534 2316 1589 II.
2357 1534 2616 1606 Aualysis
2645 1535 2814 1608 hujus
2874 1540 3164 1594 Tractatum
3191 1574 3257 1582 —-
3289 1543 3475 1614 Hujus
3518 1549 3637 1601 tra-

1991 1627 2184 1680 ctatus
2213 1641 2426 1696 scopus
2457 1630 2546 1680 est
2576 1627 2879 1682 ostendere
2910 1629 3184 1684 animalia
3203 1649 3330 1702 quae
3353 1631 3442 1687 lex
3463 1633 3642 1690 Mosis

1993 1713 2295 1769 comedere
2326 1714 2652 1786 prohibeat,
2677 1732 2791 1770 non
2815 1717 3139 1774 absolutate
3163 1737 3290 1775 esse
3312 1721 3641 1781 immunda.

1995 1804 2073 1857 Ad
2107 1802 2214 1857 hoc
2245 1803 2614 1875 probandum
2655 1804 2755 1875 ait,
2781 1806 3054 1863 arborum
3109 1810 3332 1865 fructus
3382 1812 3642 1882 primum

1996 1891 2300 1947 hominum
2325 1892 2520 1948 cibum
2548 1893 2763 1950 fuisse:
2798 1900 2998 1966 postea
3017 1897 3085 1951 de
3108 1915 3277 1953 carne
3299 1900 3645 1958 animalium

1995 1998 2094 2037 eos
2125 1982 2544 2050 manducasse;
2577 1983 2806 2039 venisse
2848 1986 3054 2040 deinde
3100 1986 3307 2059 legem,
3359 2006 3485 2061 quae
3526 1991 3647 2046 dis-

1995 2073 2331 2128 tinctionem
2367 2073 2577 2128 fecerat
2614 2075 2766 2130 inter
2800 2077 3097 2148 animalia,
3135 2097 3263 2151 quae
3295 2082 3647 2138 manducare

1999 2163 2084 2218 tas
2117 2167 2257 2230 erat,
2293 2167 2348 2217 et
2370 2180 2436 2218 ea
2466 2164 2536 2218 de
2564 2164 2778 2234 quibus
2811 2168 3114 2222 comedere
3174 2186 3286 2225 non
3347 2175 3637 2242 poterant,

1996 2251 2204 2323 haeque
2235 2251 2542 2307 immunda
2581 2253 2928 2324 appellasse,
2963 2274 3075 2311 non
3100 2259 3254 2328 quod
3280 2277 3474 2316 revera
3504 2261 3646 2318 talia

1997 2345 2212 2410 essent,
2245 2358 2379 2396 cum
2410 2359 2443 2396 a
2464 2341 2580 2396 Deo
2601 2342 2849 2398 fuissent
2869 2350 3060 2400 creata
3087 2372 3098 2413 ;
3123 2349 3222 2402 sed
3249 2349 3436 2419 primo
3461 2355 3524 2404 ut
3544 2350 3648 2405 ho-

1999 2430 2188 2486 mines
2219 2430 2502 2487 discereni
2538 2429 2736 2504 fugere
2755 2433 2894 2489 vitia
2922 2435 3080 2491 hisce
3115 2437 3469 2493 animalibus
3503 2440 3649 2511 figu-

1998 2524 2125 2574 rata
2153 2523 2209 2575 et
2237 2525 2650 2592 repraesentata
2679 2523 2814 2593 (77),
2839 2529 2894 2577 et
2919 2527 3173 2580 secundo
3199 2531 3262 2581 ut
3319 2529 3646 2584 remedium

2000 2609 2463 2680 intemperantia
2497 2615 2730 2679 essent;
2756 2611 3079 2682 Christum,
3106 2617 3279 2670 ﬁnem
3311 2621 3367 2670 et
3397 2615 3648 2688 comple-

2001 2703 2264 2754 mentum
2300 2698 2468 2771 legis,
2498 2716 2625 2754 eam
2657 2700 3022 2772 explicuisse,
3048 2708 3102 2757 et
3125 2703 3650 2761 hominibusliber-

1999 2792 2178 2842 tatem
2210 2788 2483 2843 omnibus
2501 2789 2776 2844 carnibus
2799 2791 3064 2845 vescendi
3089 2792 3338 2862 dedisse,
3368 2795 3536 2848 modo
3558 2795 3647 2849 in-

2001 2881 2089 2931 tra
2121 2877 2453 2932 sobrietatis
2485 2877 2815 2932 christiana:
2847 2878 3062 2934 limites
3100 2881 3422 2937 consistant
3451 2901 3464 2949 ;
3509 2882 3644 2938 hinc

1999 2971 2194 3021 autem
2229 2965 2433 3036 arripit
2471 2965 2859 3034 occasionem,
2914 2969 3226 3024 nonnullos
3285 2971 3645 3029 Christianos

2000 3054 2723 3127 intemperanterviventes
2745 3058 3226 3128 reprehendendi.
3245 3061 3522 3116 Observat
3537 3061 3645 3118 hoc

1998 3161 2125 3200 esse
2151 3162 2389 3217 prorsus
2439 3145 2746 3218 indignum
2786 3147 3125 3203 hominibus
3166 3151 3265 3220 qui
3307 3150 3406 3205 diu
3440 3155 3647 3208 noctu-

1911 3221 1954 3290 C
1993 3252 2106 3307 que
2126 3251 2290 3290 orare
2308 3234 2536 3289 debent.
2568 3235 2822 3307 Denique
2846 3237 2914 3291 de
2938 3255 3179 3293 numero
3203 3241 3489 3308 carnium,
3511 3241 3643 3313 qui-
3740 3288 3750 3298 .

1994 3325 2105 3380 bus
2130 3324 2282 3380 vesci
2341 3324 2428 3379 fas
2460 3330 2568 3393 est,
2600 3323 2773 3380 idolis
2795 3326 3149 3382 sacriticatas
3171 3328 3404 3400 excipit,
3428 3329 3644 3400 quibus

1994 3412 2504 3485 primiChristiani
2537 3413 2786 3470 sollicite
2820 3415 3210 3484 abstinebant,
3257 3418 3466 3488 hisque
3515 3437 3641 3475 ver-

1995 3504 2105 3570 bis,
2141 3519 2266 3575 qua:
2300 3502 2476 3559 totius
2509 3505 2637 3574 ejus
2686 3506 2980 3560 sermonis
3023 3512 3161 3562 sunt
3207 3509 3642 3580 compendium,

1994 3592 2278 3649 absolvit:
2320 3591 2549 3664 «Igitur
2578 3593 2843 3648 carnium
2889 3599 3099 3650 natura
3144 3596 3447 3668 explicata,
3498 3598 3645 3672 legis

1995 3681 2175 3738 Mosis
2200 3699 2444 3753 scopum
2471 3682 2724 3748 exhibet,
2772 3687 2828 3738 et
2884 3685 3139 3740 ostendit
3175 3703 3300 3756 quae
3339 3687 3414 3742 sit
3456 3689 3648 3744 Evan-

1993 3771 2127 3845 gelii
2158 3770 2598 3843 libertas,modo
2629 3776 2822 3828 tamen
2846 3775 3245 3845 temperantiae
3277 3778 3648 3848 studeamus,

1993 3866 2049 3918 et
2077 3861 2352 3916 carnibus
2381 3860 2554 3917 idolis
2575 3862 2917 3917 sacriﬁeatis
2941 3864 3341 3920 abstineamus
3365 3882 3377 3920 :
3427 3867 3648 3936 gratias

1993 3967 2240 4022 agamus
2296 3949 2536 4005 Domino
2588 3955 2785 4006 nostro
2840 3955 2977 4006 Jesu
3027 3953 3275 4020 Christo,
3318 3955 3445 4025 ejus
3478 3955 3642 4026 Filio,

1993 4039 2086 4096 cui
2122 4039 2325 4106 honos,
2360 4037 2508 4109 laus,
2533 4043 2589 4094 et
2605 4039 2860 4111 gloriain
2885 4042 3081 4096 omnia
3105 4042 3336 4097 saecula.
3385 4049 3591 4099 Amen.
3620 4066 3642 4095 ι

2069 4151 2392 4203 An'ricuws
2423 4145 2518 4200 Ill.
2557 4148 2626 4199 De
2659 4149 2950 4202 Novatimzz'
2976 4150 3200 4218 cpistola
3225 4150 3371 4205 Cleri
3415 4151 3651 4206 Romani

2365 4220 2587 4272 nomine
2609 4218 2662 4272 S.
2699 4221 2971 4290 Cypriane
3004 4222 3288 4291 inscripta.

2067 4325 2107 4378 Ι.
2181 4323 2427 4378 Alteram
2461 4340 2693 4394 quoque
2727 4324 3062 4395 Epistolam,
3117 4344 3243 4396 quae
3299 4329 3647 4398 praecedenti

1993 4413 2325 4483 subjicitur,
2350 4412 2496 4466 Cleri
2549 4413 2795 4468 Romani
2848 4414 3082 4469 nomine
3127 4421 3329 4470 sancto
3360 4417 3648 4489 Cypriane

1992 4501 2337 4573 inscriptam
2373 4501 2688 4558 Novatiano
2721 4501 2978 4557 vindicat
3007 4503 3256 4575 ipsemet
3300 4505 3645 4578 Cyprianus.

223 4590 615 4646 admonuisse
640 4589 896 4645 sufﬁciat
921 4616 934 4659 ;
959 4591 1058 4645 sed
1119 4595 1406 4662 quantum
1465 4595 1724 4662 apparet,
1758 4594 1890 4662 post
1919 4595 1964 4658 D
1995 4591 2269 4646 Scribens
2296 4589 2451 4645 enim
2485 4591 2556 4645 ad
2589 4592 2983 4647 Antonianum
3015 4594 3149 4665 (78),
3201 4594 3392 4650 locum
3443 4597 3648 4653 recitat

223 4680 516 4751 scriptam
549 4677 699 4734 hanc
731 4683 787 4734 et
820 4678 1043 4734 similes
1070 4679 1383 4752 Epistolas.
1417 4701 1444 4729 ››
1492 4679 1622 4733 Haec
1655 4679 1754 4733 Vir
1777 4679 1884 4734 do-

228 4895 424 5035 14567;
445 4893 805 5021 ,Ηίθνοηγω
854 4896 1034 4967 Epist.
1081 4895 1169 4964 36,
1215 4895 1284 4950 ad
1343 4895 1661 4967 Damasum,
1739 4894 1887 4954 alias

452 5037 620 5118 gave.
647 5037 842 5094 Πέδιον.
878 5036 1362 5118 littcr._inhsa2culo
1392 5038 1695 5118 vaatian.

297 5108 420 5182 (69)
452 5108 662 5165 Oudin.
688 5113 1000 5165 comment.
1032 5109 1095 5165 de
1125 5109 1388 5182 Scriptor.
1424 5113 1621 5167 Eccles.
1663 5114 1804 5167 tom.
1844 5108 1884 5180 l,

223 5187 664 5264 maiusmag-
695 5183 822 5264 28.3.:

300 5254 428 5336 (79)
480 5251 1121 5336 Du_pin,-.Bibi‘ioihéqiie
1162 5251 1274 5334 .dcs
1334 5255 1578 5323 auteurs,
1651 5257 1792 5310 tom.
1840 5255 1885 5322 Ι,

223 5343 282 5399 p.
317 5323 452 5399 28:2,
485 5323 814 5399 edit._latin.
847 5323 1230 5399 Coloniensis.

303 5398 423 5463 (71)
449 5395 664 5468 Remel.
691 5401 812 5452 not.
846 5398 900 5463 2,
934 5396 1010 5451 ad
1039 5399 1209 5468 Epist.
1243 5394 1308 5451 de
1337 5397 1452 5452 Cib.
1484 5396 1607 5452 Jud.

303 5469 424 5538 (72)
447 5465 648 5540 Novat.
681 5469 861 5540 Epist.
894 5469 962 5540 de
987 5465 1094 5523 cib.
1123 5467 1246 5524 Iud.
1280 5483 1405 5540 cap.
1440 5469 1492 5522 1.

305 5539 426 5611 (73)
451 5538 674 5611 Cornel.
701 5538 869 5611 epist.
894 5539 964 5594 ad
995 5541 1122 5594 Fab.
1157 5538 1406 5595 Antioch.
1440 5541 1466 5608 §
1495 5540 1548 5592 5.

337 5611 429 5685 7:4)
459 5610 700 5685 gahson.
736 5610 797 5684 L,
831 5630 880 5668 c.
918 5628 1049 5685 pag.
1081 5612 1168 5668 40.

330 5683 428 5758 75)
456 5681 792 5757 Tillemont,
822 5681 1040 5743 meai.
1080 5687 1222 5741 tom.
1247 5681 1346 5752 Ill,
1380 5686 1488 5743 art.
1547 5682 1601 5756 3,
1641 5697 1738 5740 sur
1782 5682 1890 5743 No-

1995 4697 2063 4736 ex
2089 4679 2289 4734 eadem
2315 4678 2574 4749 Epistola
2601 4686 2904 4752 sumptum
2941 4683 3071 4754 (79),
3105 4683 3425 4757 statimque
3446 4685 3648 4741 subdit

1998 4895 2199 4952 ratien.

2068 4966 2179 5039 (76)
2211 4964 2440 5039 Dupin,
2460 4964 2572 5039 loc.
2603 4968 2720 5032 cit.,
2757 4983 2886 5039 pag,
2919 4970 3043 5022 283.

2070 5038 2178 5112 (77)
2212 5037 2468 5112 Exempli
2501 5041 2707 5112 gratia,
2743 5037 2860 5094 ait?
2921 5045 3261 5112 Praeceptum
3304 5040 3369 5094 de
3400 5057 3506 5095 non
3562 5056 3651 5098 co-

1997 5111 2258 5164 medenda
2286 5125 2446 5180 porco
2479 5111 2600 5166 ideo
2633 5115 2849 5165 tantum
2894 5112 3082 5167 datum
3114 5111 3267 5179 esse,
3321 5121 3378 5166 ut
3411 5113 3652 5168 discere-

1999 5199 2139 5248 mus,
2167 5185 2343 5253 vitam,
2363 5183 2647 5236 carnalem
2676 5199 2785 5237 non
2814 5198 2928 5238 esse
2981 5184 3243 5253 agendam
3269 5202 3290 5246 ,-
3343 5199 3467 5238 cum
3499 5199 3652 5240 mus-

2000 5254 2135 5308 telas
2165 5252 2445 5326 comedere
2471 5253 2851 5324 prohibemur,
2887 5256 2984 5309 hoc
3017 5252 3384 5323 signiﬁcare,
3439 5257 3654 5326 furtum

1999 5342 2110 5382 esse
2137 5324 2518 5397 prohibitum;
2547 5327 2724 5380 corvis
2742 5326 3052 5397 voluptates
3083 5327 3388 5396 designari,
3412 5324 3523 5381 etc.

2070 5396 2485 5522 (78%92'8prian.
2527 5397 2696 5468 Epist.
2740 5414 2824 5462 IlI,
2870 5396 3002 5469 pag.
3055 5397 3176 5467 464,
3231 5398 3368 5454 edit.
3421 5397 3649 5454 Veneta

2070 5486 2134 5522 n.
2324 5508 2336 5521 .

2000 5485 2134 5524 ann.
2176 5485 2336 5522 1146.

2072 5537 2530 5616 (7?)_N_ovat_ian.
2594 5539 2766 5611 Epist.
2820 5539 3188 5616 ailACyprian.
3231 5540 3262 5616 ξ
3311 5541 3366 5613 6,
3425 5543 3548 5600 not.
3597 5538 3653 5613 Ι,

2001 5609 2158 5687 apud
2180 5609 2446 5668 Galland.
2470 5615 2612 5668 tom.
2640 5609 2785 5684 ‘pag.
2819 5613 2943 5670 322.
