3942 6172
490 323 609 388 903

1463 318 1972 380 NOVA'I‘IANUS
2017 319 2484 381 PRESBYTER
2531 271 2934 386 ROMEANUS.
3688 345 3769 400 901

491 457 732 512 sanctus
762 454 984 524 martyr
1015 465 1028 506 :
1072 471 1092 498 α
1129 447 1401 504 Additum
1431 452 1520 503 est
1563 449 1758 516 etiam,
1820 449 2138 507 Novatiano
2171 456 2220 520 Α
2251 467 2347 507 eos
2379 470 2582 509 omnes
2617 457 2916 511 tractatus.
2952 471 3099 528 quos
3119 456 3173 511 S.
3213 457 3558 532 Hieronymus
3596 463 3683 521 hoc
3717 486 3776 524 or.

490 549 630 602 tune
662 543 968 606 scribente,
1000 544 1052 596 et
1087 539 1238 610 quod
1274 538 1610 610 scripserat,
1663 555 1769 593 sua
1814 554 1947 594 voce
2005 539 2143 594 rcci-

488 639 667 704 tante,
690 639 749 689 et
779 631 1112 704 presbytero
1157 627 1313 682 Mose
1352 633 1491 681 tunc
1551 628 1740 682 adhuc
1789 629 2138 695 confessore,

489 741 646 781 nunc
669 725 791 794 jam
827 724 1097 790 martyre.
1118 716 1544 782 subscribente,
1568 720 1633 770 ut
1656 715 1836 788 lapsis
1865 717 2138 785 inﬁrmis,

491 819 549 872 et
577 814 633 869 ln
670 813 826 868 exitu
857 806 1193 863 constitutis
1225 823 1331 878 pas
1362 806 1630 860 daretur:
1658 823 1786 878 quae
1813 805 2015 861 litteras
2041 823 2142 878 per

489 907 678 959 totum
714 899 999 954 mnndum
1039 894 1230 951 missas
1263 901 1422 950 sunt.
1459 915 1487 944 »

564 993 737 1048 Porro
788 1005 915 1060 quae
965 987 1057 1040 hic
1105 984 1442 1057 Cyprianus,
1520 983 1722 1038 eadem
1793 983 2138 1041 confirmare

491 1080 832 1156 perhibetur
861 1091 1189 1148 anonymus
1219 1077 1422 1128 auctor
1446 1072 1763 1128 Novatiano
1795 1089 2017 1129 comvus
2037 1073 2137 1144 qui

493 1169 731 1244 quidem
763 1169 834 1223 de
865 1183 931 1222 eo
960 1166 1134 1221 verba
1191 1162 1411 1218 faciens
1459 1162 1550 1233 (80
1591 1179 1603 1217 :
1663 1183 1692 1211 «
1741 1161 1902 1217 Unde
1958 1161 2139 1235 igitur

490 1261 704 1333 inquit,
727 1263 846 1313 tam
875 1253 1175 1312 discordiae
1208 1252 1400 1307 furore
1429 1267 1680 1308 vesanus
1703 1252 1989 1307 exstiterit
2025 1251 2137 1308 iste

487 1350 874 1415 Novatianus,
905 1343 1164 1401 invenire
1195 1358 1308 1396 non
1343 1357 1581 1412 possum
1605 1359 1627 1404 ;
1657 1341 1755 1412 qui
1798 1357 2030 1413 semper
2074 1341 2134 1396 in

488 1441 662 1495 domo
705 1454 841 1503 una,
891 1434 946 1488 id
986 1438 1096 1498 est,
1157 1430 1367 1486 Christi
1421 1429 1692 1494 Ecclesia,
1732 1430 2132 1501 proximorum

491 1529 644 1584 876
676 1526 908 1590 delicta,
939 1527 1006 1579 ut
1039 1519 1271 1594 propria
1302 1519 1558 1586 ﬂeverit;
1627 1535 1805 1574 onera
1861 1519 2131 1590 fratrum,

489 1619 643 1674 sicut
677 1612 984 1687 Apostolus
1015 1609 1306 1677 hortatur,
1348 1609 1732 1674 sustinuerit;
1767 1607 2025 1662 lubricos
2075 1609 2132 1662 in

488 1707 600 1762 fide
630 1702 843 1760 coelesti
878 1699 1225 1755 allocutione
1256 1697 1732 1753 eorroboraverit.
1774 1720 1793 1744 ιι
1844 1697 1944 1751 I-lis
1975 1697 2134 1752 deni-

485 1813 599 1867 que
629 1794 934 1850 addendus
964 1792 1021 1844 S.
1059 1789 1363 1856 Pacianus,
1387 1786 1484 1858 qui
1519 1784 1723 1842 sietulo
1783 1786 2133 1858 insequente
2168 1829 2209 1892 Β

486 1883 701 1939 ﬂoruit.
732 1905 759 1931 «
793 1885 905 1934 Cur
933 1879 1128 1945 igitur,
1188 1877 1399 1948 inquit,
1447 1875 1932 1948 Sympronianum
1991 1874 2132 1930 allo-

487 1989 674 2046 quens
700 1971 832 2043 (81),
865 1969 1220 2024 Novatianus
1252 1969 1410 2030 tuus,
1447 1980 1515 2020 ne
1547 1964 1692 2020 falso
1751 1963 1987 2035 quidem
2031 1965 2132 2019 ad-

488 2064 603 2119 huc
620 2061 957 2131 episcopatu
980 2056 1273 2123 sacerdos,
1295 2053 1464 2126 longe
1489 2057 1624 2108 ante
1641 2070 1817 2123 quam
1833 2052 2134 2108 Cornelius

488 2153 798 2226 episcopus
829 2151 1010 2210 fieret,
1040 2151 1175 2202 ante
1225 2161 1402 2218 quam
1453 2144 1775 2200 sacerdotio
1833 2143 1993 2199 illius
2051 2144 2136 2198 in-

485 2244 725 2298 videret:
749 2241 872 2295 haec
903 2237 1085 2295 suasit
1109 2241 1126 2304 (
1153 2236 1224 2290 de
1273 2235 1478 2306 Lapsis
1517 2234 1909 2306 recipiendis).
1943 2234 2134 2289 Habes

489 2330 757 2404 Cypriani
788 2326 1262 2385 testimonium...
1289 2328 1432 2378 Nam
1457 2324 1709 2395 quodam
1735 2324 1791 2377 in
1814 2322 1938 2378 loco
1957 2323 2137 2395 serip-

489 2422 568 2477 εἰῐ
590 2440 602 2476 Ζ
634 2435 892 2476 ADDITUM
915 2433 1016 2472 EST
1038 2432 1230 2479 ETIAM,
1253 2429 1567 2469 NOVATXANO
1587 2429 1738 2469 ΤυΝο
1759 2429 2088 2481 εειιιΒεΝτε,
2104 2434 2132 2462 ))

488 2516 556 2566 Et
587 2514 793 2565 caetera
823 2522 950 2578 quae
981 2504 1148 2559 modo
1181 2519 1245 2558 ex
1263 2501 1546 2574 Cypriane
1563 2499 1893 2555 retulimus.
1919 2501 2135 2556 Deinde

489 2599 726 2655 subdit:
757 2621 783 2646 «
819 2595 963 2662 Quid
991 2594 1096 2660 ais,
1129 2591 1551 2664 Symproniane
1583 2589 1808 2646 frater?
1865 2590 2134 2645 Novatia-

489 2706 602 2744 nus
631 2687 752 2742 haec
781 2683 1038 2756 scripsit,
1079 2685 1134 2737 et
1165 2685 1225 2735 ut
1246 2681 1567 2752 obsequum
1602 2695 1772 2734 merae
1820 2677 2137 2734 voluntatis

493 2779 870 2848 adjungeret,
900 2773 1076 2827 etiam
1111 2769 1332 2842 scripta
1362 2768 1643 2824 recitavit.
1668 2768 1861 2823 Testis
1897 2772 1985 2823 est
2013 2769 2142 2838 ejus

492 2867 724 2932 dextra;
758 2863 947 2927 testis,
972 2878 1098 2934 quas
1121 2859 1377 2930 scripsit,
1438 2875 1650 2914 manus
1675 2875 1688 2926 ;
1717 2857 1882 2914 testis
1912 2857 2136 2930 lingua,

493 2974 621 3029 quas
657 2955 818 3026 legit.
850 2951 1054 3007 Adhuc
1076 2947 1401 3015 Cornelius,
1435 2965 1538 3020 pro
1593 2965 1707 3020 quo
1757 2948 1972 3002 ommis
2018 2947 2137 3002 haec

489 3047 682 3100 vestra
727 3041 921 3115 erupit
971 3039 1212 3104 invidia,
1262 3037 1572 3110 episcopus
1623 3053 1734 3092 non
1800 3041 2016 3093 erat....
2076 3036 2136 3092 Si

488 3133 817 3207 paenitentis
842 3130 1144 3203 negandus
1176 3133 1264 3184 est
1284 3127 1497 3194 aditus,
1526 3125 1880 3182 Novatianus
1911 3126 1971 3181 in
2025 3125 2135 3181 cri-

2252 541 2385 596 dine
2411 544 2850 616 recensuit(84:
2887 544 3162 601 nimirum
3195 546 3257 601 de
3292 551 3538 620 Pascltate,
3589 553 3640 609 de
3683 555 3776 612 Sab-

2249 630 2388 698 bato,
2423 632 2489 686 de
2519 632 2963 701 Circumcz‘sionr,
3012 634 3074 690 de
3123 635 3398 693 Saccrdote
3436 639 3581 709 (forte
3621 643 3675 698 de
3704 645 3778 700 Sa-

2249 721 2504 776 cerdotio
2537 722 2759 778 Veteris
2805 724 3212 796 Testamenti),
3261 725 3320 780 de
3353 727 3594 796 Oratione,
3636 733 3684 786 de
3719 736 3780 788 ln-

2247 811 2472 880 stantia,
2507 812 2572 866 de
2599 813 2802 868 Attalo.
2845 813 3264 870 Circumfertur
3309 816 3524 886 quidem
3572 823 3784 878 tractatus

2249 899 2485 968 quidam
2535 899 2600 955 de
2645 902 3073 958 Circumcisione
3121 902 3272 958 inter
3300 921 3459 976 opera
3500 907 3598 962 divi
3647 909 3785 966 Hiero-

2249 991 2405 1061 nymi
2455 993 2568 1062 (85)
2617 1010 2790 1064 quem
2838 993 2936 1048 alii
2987 994 3305 1050 Novatiano
3353 997 3789 1067 acripserunt;sed

2246 1079 2318 1133 ob
2351 1081 2706 1136 mentionem
2755 1082 3127 1150 Arianorum,
3179 1089 3232 1138 et
3281 1085 3692 1158 Manichzeorum,
3727 1091 3792 1144 vix

2244 1167 2562 1224 Novatiano
2594 1170 2716 1226 dari
2737 1176 2946 1244 potest,
2973 1173 3296 1245 meritoque
3328 1174 3638 1246 igiturinter
3653 1177 3798 1248 deper-

2245 1255 2398 1311 ditas
2420 1256 2581 1314 illius
2598 1257 3367 1333 lucubrationesEpistolam
3379 1263 3439 1317 de
3463 1264 3803 1322 Circumcisione

2246 1362 2648 1402 numeramus.
2679 1349 2925 1416 Quidam
2978 1349 3295 1423 Epistolam
3346 1351 3401 1407 S.
3450 1354 3717 1425 Augustini
3756 1355 3801 1411 de

2244 1435 2514 1490 Paschale
2542 1437 2741 1492 ordine
2775 1455 2840 1493 LV
2863 1439 3032 1509 juxta
3075 1440 3493 1520 ’Benedictinos
3548 1447 3805 1498 statuerunt

2244 1523 2574 1580 habendam
2625 1526 2772 1581 877
2829 1543 2957 1583 esse
3015 1545 3117 1599 pro
3157 1529 3421 1584 Tractatu
3457 1529 3714 1585 Novatiani
3757 1533 3807 1587 de

2243 1612 2522 1669 Paschate
2562 1617 2694 1687 (86).
2758 1615 3062 1688 inscriptio
3112 1616 3525 1674 lucubrationis
3568 1619 3802 1675 Novatiani

2241 1701 2305 1756 de
2337 1706 2606 1759 [natantia
2638 1706 2863 1760 videtur
2896 1706 3062 1762 nobis
3085 1707 3400 1762 admodum
3431 1707 3806 1776 obscura;Gra~

2242 1808 2343 1846 cus
2376 1791 2664 1865 interpres
2698 1795 2906 1865 reddit,
2932 1793 3056 1869 περὶ
3091 1793 3396 1849 ἐνεστώτων
3431 1815 3443 1852 :
3478 1796 3608 1852 forte
3634 1796 3748 1868 legis
3767 1797 3811 1852 de

2243 1881 2606 1937 lnstantibus.
2667 1883 2781 1939 Nos
2839 1883 3300 1956 interpretamur
3329 1885 3396 1940 de
3439 1884 3686 1940 instantia
3729 1901 3799 1940 seu

2244 1971 2672 2039 perseverantia
2703 1971 2760 2027 in
2795 1973 3057 2028 oratione
3088 1973 3224 2045 (87).

2315 2059 2530 2114 Omnes
2593 2078 2828 2132 quoque
2867 2061 3173 2117 Novatiani
3239 2061 3480 2132 litteras,
3538 2079 3664 2131 quas
3710 2061 3813 2116 facto

2242 2147 2578 2216 schismate,
2613 2150 2682 2204 ad
2717 2150 2971 2205 diversas
3003 2150 3261 2206 exaravit
3288 2151 3579 2215 Ecclesias,
3614 2151 3735 2207 edax
3757 2167 3813 2206 re-

2244 2253 2373 2291 rum
2403 2241 2636 2310 tempus
2659 2239 3010 2311 absumpsit.
3037 2239 3306 2295 Meminit
3333 2241 3390 2296 S.
3414 2241 3700 2312 Cyprianus
3731 2255 3816 2311 per-

2243 2343 2394 2399 saepe
2423 2343 2622 2383 earum
2656 2328 3069 2400 Epistolarum,
3105 2346 3257 2401 quas
3305 2329 3654 2396 Novatianus,
3704 2331 3816 2400 post-

2251 2431 2428 2487 quam
2473 2417 2821 2472 Cathedram
2884 2418 3207 2474 Romanam
3272 2419 3586 2490 occupavit.
3615 2417 3674 2473 ad
3715 2415 3816 2471 alios

2244 2505 2548 2578 episcopos
2589 2507 2948 2578 perscripsit.
2985 2507 3239 2563 Sanctus
3274 2507 3449 2563 etiam
3506 2507 3816 2578 Hieronymus

2243 2595 2580 2650 earumdem
2615 2595 2968 2651 mentionem
3022 2596 3157 2650 facit
3198 2595 3298 2651 his
3331 2596 3552 2652 verbis:
3596 2595 3818 2664 Simulque

2245 2683 2509 2756 Epistolas
2567 2685 2883 2751 Novatiani,
2939 2689 3020 2752 ut,
3081 2685 3215 2740 dum
3275 2685 3607 2740 Schismatici
3641 2684 3818 2739 hominis

2246 2791 2452 2831 venena
2480 2775 3158 2846 cognoscimushlibentius
3176 2778 3362 2830 sancti
3385 2776 3626 2847 Martyris
3650 2774 3820 2844 Cypria-

2245 2865 2311 2919 ni
2343 2864 2597 2918 bibamus
2627 2863 2931 2920 antidotum
2953 2864 3088 2934 (88).
3123 2863 3291 2920 Unde
3336 2862 3663 2935 colligimus,
3711 2857 3820 2931 quod

2245 2954 2332 3009 hae
2363 2951 2564 3008 littera
2599 2951 2930 3024 Hieronymi
2961 2957 3128 3006 astate
3158 2951 3356 3007 adhuc
3377 2951 3694 3008 exstiterint.

2316 3047 2392 3098 De
2423 3040 2570 3113 style
2603 3039 2903 3095 Novatiani
2936 3040 3057 3096 haec
3089 3045 3256 3096 notat
3287 3040 3372 3096 Cl.
3429 3039 3686 3111 Dupinius
3709 3037 3820 3109 (89):

2249 3153 2276 3180 ‹‹
2310 3129 2412 3186 Hic
2443 3133 2647 3185 auctor
2675 3128 2930 3200 ingenio,
2961 3127 3318 3200 eloquentia,
3351 3134 3410 3186 et
3455 3128 3674 3186 scientia
3699 3124 3824 3199 polle-

487 3197 647 3279 inine
677 3225 767 3278 est
787 3220 887 3292 qui
917 3197 1038 3274 hinc
1068 3215 1320 3288 scripsit,
1354 3215 1560 3285 suasit,
1592 3218 1649 3270 et
1678 3214 1836 3286 legit.
1871 3213 2132 3270 Ubitunc
2162 3197 2206 3264 C
2245 3220 2362 3276 bat,
2397 3219 2536 3290 Ejus
2567 3197 2767 3290 stylus-
2783 3221 2872 3273 est
2916 3197 3121 3290 pum—3,
3157 3197 3399 3279 nitidus.
3465 3224 3519 3274 ει
3562 3197 3820 3288 expetitus;

487 3312 802 3384 impatiens
835 3307 1036 3380 rigor?
1068 3306 1162 3362 ubi
1199 3306 1352 3360 ferox
1384 3304 1484 3360 illa
1527 3302 1820 3359 censura?
1867 3303 1926 3358 Si
1961 3319 2132 3359 nemo

482 3401 648 3458 vobis
673 3397 1000 3456 Cornelium
1035 3395 1406 3468 praatulisset,
1441 3397 1701 3449 maneret
1733 3392 1834 3447 illa
1879 3393 2135 3449 scriben-

485 3493 556 3546 tis
589 3487 930 3547 auctoritas.
971 3508 996 3534 ››
1033 3486 1323 3541 Hactenus
1349 3487 1587 3538 sanctus
1618 3481 1714 3537 ille
1746 3481 1980 3554 praesul.

556 3580 637 3634 Ex
669 3577 884 3650 quibus
915 3574 1186 3646 equidem
1220 3573 1475 3628 arbitror
1504 3571 1648 3626 satis
1679 3587 1806 3626 esse
1867 3587 2130 3643 comper-

484 3673 632 3732 tum,
663 3666 1068 3721 incunctanter
1088 3663 1405 3718 Novatiano
1428 3660 1578 3716 hanc
1603 3676 1729 3716 esse
1759 3660 2129 3715 tribuendam

485 3754 828 3828 Epistulam.
863 3753 1092 3825 Scripta
1124 3751 1232 3807 fuit
1261 3756 1455 3806 autem
1487 3755 1755 3805 currente
1804 3767 1956 3804 anno
2011 3767 2128 3817 cca,

483 3844 572 3900 vel
607 3845 748 3898 forte
777 3843 1012 3897 ineunte
1030 3857 1172 3895 οδω.
1193 3841 1284 3895 Sic
1308 3840 1462 3895 enim
1488 3839 1852 3912 Auctor(8‘3):
1881 3861 1907 3888 «
1933 3838 2128 3902 Quan-

486 3950 661 4007 quam
695 3932 863 3988 nobis
893 3930 1212 3986 differenda
1243 3929 1422 4000 hujus
1454 3929 1534 3984 rei
1567 3928 1883 3983 necessitas
1941 3927 2130 3998 major

481 4023 804 4091 incumbat,
837 4020 1073 4093 quibus,
1101 4022 1231 4091 post
1259 4034 1562 4073 excessum
1596 4015 1976 4072 nobilissimae
2007 4032 2127 4072 me-

482 4112 680 4168 moriae
711 4110 816 4165 viri
852 4107 1110 4173 Fabiani,
1147 4107 1407 4163 nondum
1439 4110 1526 4161 est
1555 4105 1863 4176 episcopus
1893 4108 2130 4177 propter

480 4218 676 4258 rerum
703 4203 760 4255 et
789 4203 1119 4270 temporum
1162 4194 1538 4251 difficultates
1569 4193 1944 4250 censtitutus.
1981 4215 2008 4243 »
2056 4197 2128 4248 At

476 4291 771 4348 Fabianus
803 4287 1080 4360 martyrio
1113 4285 1383 4342 sublatus
1415 4287 1502 4340 est
1522 4300 1673 4340 anno
1713 4299 1832 4354 ccc,
1891 4282 1956 4338 l3
1995 4280 2122 4338 Kal.

2243 3308 2485 3380 phrases
2516 3306 2731 3372 electae,
2758 3306 3140 3378 cogitationes
3168 3307 3496 3374 naturales,
3521 3312 3572 3362 et
3592 3301 3825 3361 ratiocinia

2241 3395 2446 3452 solida.
2479 3394 2660 3450 Multa
2689 3394 2864 3449 habet
2893 3393 3210 3465 Scriptura
3233 3395 3365 3451 loca
3391 3395 3636 3468 apposite
3662 3393 3822 3452 citata;

2242 3485 2360 3540 imo
2407 3484 2466 3538 in
2511 3483 2900 3550 Tractatibus,
2951 3483 3053 3555 qui
3099 3500 3258 3540 nunc
3319 3488 3567 3554 exstant,
3627 3481 3739 3538 ordo
3786 3481 3824 3532 et

2243 3574 2555 3629 metliodus
2604 3571 2826 3644 Optima
2863 3572 3230 3639 observatur,
3289 3589 3627 3646 semperque
3663 3566 3826 3642 placide

2241 3667 2298 3719 et
2333 3665 2625 3718 moderate
2655 3649 2934 3732 loquitur.
2974 3685 2993 3710 ι
3036 3662 3220 3731 Hujus
3253 3663 3392 3718 crisi
3421 3668 3653 3734 utroque
3679 3655 3827 3731 pollice

2240 3751 2558 3808 subscribit
2590 3750 2896 3822 perdoctus
2927 3749 3157 3805 Ceillier
3175 3753 3298 3823 (90)
3335 3751 3586 3807 Libellus
3623 3749 3679 3804 de
3703 3747 3823 3815 Nega-

2237 3841 2443 3897 toribus
2478 3840 2824 3910 recipiendis,
2859 3838 3022 3910 quia
3064 3839 3320 3896 Paciano
3377 3841 3433 3913 (9
3473 3841 3489 3910 )
3545 3834 3823 3894 adscribitur

2238 3933 2438 3986 nostro
2462 3934 2624 4001 potes
2673 3945 2802 3984 esse
2851 3945 3019 3982 xxxv:
3087 3927 3356 4000 Epistula
3403 3930 3552 3984 inter
3596 3920 3823 3998 Cypriani-

2237 4035 2356 4086 cas,
2391 4017 2538 4074 Cleri
2586 4018 2830 4072 Romani
2881 4017 3116 4073 nomine
3157 4018 3385 4090 scripta
3401 4018 3566 4088 juxta
3609 4011 3824 4070 Oxonien-

2239 4125 2362 4165 sem
2396 4108 2736 4164 editionem.

2309 4211 2642 4261 ARTICULUS
2676 4207 2742 4260 V.
2775 4235 2842 4244 —-
2876 4203 3158 4260 Editiones
3191 4221 3423 4276 operum
3453 4201 3734 4260 Novatiani.

2305 4304 2384 4359 Ex
2425 4303 2497 4358 iis
2528 4308 2722 4359 autem
2754 4301 3052 4374 operibus,
3078 4319 3207 4374 quae
3231 4302 3353 4360 huc
3375 4319 3559 4375 usque
3579 4298 3827 4356 Novatiano

480 4381 667 4450 Pebr.,
694 4379 864 4450 eique
894 4375 1177 4434 successit
1205 4373 1503 4431 Cornelius
1525 4373 1763 4428 ineunte
1781 4371 1955 4428 Junio
1973 4371 2112 4428 inse

2252 4393 2617 4459 isseruimus,
2668 4371 2884 4447 librum
2930 4389 2996 4448 de
3038 4371 3309 4448 Trinitatis
3328 4371 3484 4448 cum
3519 4385 3744 4462 Epistola
3782 4381 3830 4435 ἀι

480 4469 682 4542 quanti
723 4466 860 4523 anni
893 4482 1036 4521 cem.
1086 4464 1169 4520 uti
1210 4480 1315 4520 suo
1345 4461 1470 4519 loco
1519 4460 1949 4531 annotavimus,
1990 4459 2126 4517 licet

479 4560 655 4631 paulo
687 4557 854 4613 aliter
883 4555 1260 4614 Constantius
1289 4555 1422 4627 (83).

519 4660 846 4710 Anrrcuws
879 4654 971 4710 IV.
1003 4656 1074 4710 De
1126 4653 1378 4725 aperibus
1427 4651 1726 4708 Novatiani
1779 4648 2092 4722 deperditis.

554 4751 894 4825 lnteropera
915 4751 1216 4808 Novatiaui
1230 4750 1528 4822 deperdita
1545 4764 1926 4804 numeramus
1944 4745 2132 4819 primo

556 4896 668 4967 (80)
699 4895 980 4967 Anonym.
1010 4895 1219 4967 Tractat
1240 4895 1331 4967 Ade
1362 4893 1550 4964 lapsis,
1581 4892 1610 4959 §
1650 4890 1738 4958 13,
1789 4889 1943 4962 apud
1998 4888 2131 4946 Gal-

483 4965 656 5024 land.
690 4972 833 5022 tom.
868 4965 964 5034 lll,
993 4982 1120 5038 pag.
1155 4965 1278 5019 374.

555 5041 680 5113 (81)
702 5030 1183 5113 Βδοὶαηέξῑμῐδζτγ
1203 5035 1373 5113 mnad
1399 5033 1790 5113 Syinproniam
1821 5030 1968 5087 Bibl.
2024 5031 2130 5086 PP.

483 5106 626 5168 tom.
663 5111 762 5174 Ill,
796 5127 926 5182 pag.
951 5106 1045 5163 59;
1075 5109 1213 5182 edit.
1248 5106 1448 5182 ParisL
1470 5106 1625 5182 1844.

556 5183 670 5254 (82)
719 5174 1026 5237 Νόνειῖἰᾶιι.
1079 5180 1252 5252 Epist.
1297 5179 1371 5233 ad
1411 5177 1467 5232 S.
1506 5175 1778 5249 Cyprian,
1810 5175 1838 5244 §
1868 5174 1918 5246 4,
1978 5175 2133 5248 apud

483 5253 750 5310 Galland.
775 5270 906 5326 pag.
937 5254 1061 5326 322.

557 5327 669 5398 (83)
728 5315 996 5452 (isil‘and.
1068 5321 1217 5380 Bibl.
1299 5321 1397 5378 PP.
1466 5323 1588 5376 tom
1647 5316 1742 5373 ΙΙΙ.
1802 5315 2128 5390 Prologom,

557 5415 610 5452 Ο.
643 5415 719 5452 ιν.
851 5439 863 5452 .

484 5412 610 5453 can.
643 5415 719 5453 IV.
752 5412 782 5453 ἢ
813 5412 863 5453 1.

578 5396 1028 5535 ἓάἶνίίἓέόιιγω.
1057 5465 1122 5522 de
1154 5467 1272 5523 Vir.
1307 5463 1528 5535 Illustr,
1543 5477 1674 5535 cap.
1705 5458 1796 5516 70.

559 5530 670 5611 (85)
715 5539 860 5611 Opp.
909 5530 1256 5611 Hieronym.
1310 5542 1450 5592 tom.
1508 5530 1930 5611 V,_:pag._15Q,
1989 5530 2127 5589 edit.

483 5604 868 5681 martianf'et
912 5614 1032 5665 tom
1080 5604 1173 5676 XI,
1222 5613 1370 5681 part.
1429 5624 1491 5680 ιι,
1540 5604 1678 5666 edit.

489 5679 648 5750 1771,
681 5694 813 5753 pag.
847 5681 952 5738 220
981 5685 1040 5740 et
1067 5679 1232 5755 seqq;

1781 5607 1932 5662 enet.
1989 5620 2127 5663 ann.

2237 4481 2384 4537 Cibis
2411 4481 2664 4538 Iudaici:
2695 4479 2922 4552 primus
2955 4496 3025 4536 ex
3053 4480 3476 4552 antiquissimo
3507 4478 3685 4536 codice
3703 4475 3748 4530 in
3763 4469 3826 4525 lu-

2160 4565 2204 4630 D
2237 4587 2360 4628 cem
2384 4569 2609 4639 extulit,
2642 4568 2902 4635 Parisiis,
2935 4585 3087 4625 anno
3120 4570 3555 4640 1446,.loannes
3575 4567 3821 4637 Casurus.

2239 4659 2458 4716 Deinde
2488 4659 2558 4714 ad
2591 4675 2735 4714 mss.
2769 4657 3168 4714 Britannicum
3201 4659 3263 4714 in
3298 4655 3653 4715 Masburensi
3679 4655 3830 4706 Caeno-

2243 4749 2336 4805 bio
2368 4748 2660 4820 repertum
2693 4747 2882 4819 exegit
2911 4747 3209 4814 Gelenius,
3242 4748 3608 4820 vulgavitque
3652 4737 3832 4798 Basilea

2314 4891 2427 5016 (ἐξ)
2453 4890 2710 4946 Lardner
2745 4891 2806 4944 in
2834 4890 3150 4962 credibilin
3197 4891 3274 4964 of
3288 4890 3382 4947 the
3411 4889 3470 4945 G.
3518 4893 3586 4946 Η.
3626 4887 3750 4958 part.
3788 4892 3831 4944 in

2243 4979 2428 5104 Ρ’(ῗςίί)
2462 5033 2641 5104 idem.
2677 5032 2820 5087 Ibid.
2857 5049 2989 5104 pag.
3015 5034 3104 5087 21.

2314 5035 2405 5101 (87
2462 5034 2641 5088 ldem.
2677 5034 2820 5087 Ibid.
2857 5049 2989 5104 pag.
3015 5034 3104 5087 2t.

2314 5034 2428 5177 (88)
2460 5103 2794 5177 Hieronym.
2828 5106 2997 5177 Epist.
3030 5122 3066 5160 x
3093 5104 3164 5160 ad
3217 5103 3470 5160 Paulum
3508 5095 3830 5177 ϐοπεοζάίϐηδι

2240 5165 2500 5232 Το’ω.’1ν
2527 5165 2845 5248 Ορρ.ἐᾱίι.
2871 5165 3073 5231 ’Βθιιθῖη
3089 5192 3220 5302 pag.
3285 5177 3378 5248 17,
3409 5179 3467 5232 et
3515 5180 3648 5229 tom.
3676 5169 3711 5238 Ι,
3733 5165 3830 5237 pari

2241 5265 2282 5302 ι.
2317 5263 2449 5302 nae.
2471 5248 2562 5302 24.
2594 5247 2730 5302 edit.
2762 5246 2962 5302 Venet.
2996 5247 3055 5302 in
3121 5254 3165 5302 '.
3196 5247 3360 5302 1766.

2241 5265 2282 5314 ι,
2317 5263 2449 5322 pag.
2471 5246 2730 5322 24,“ιι(1ίι,ἔ
2762 5246 2962 5322 Venet,
2996 5247 3055 5302 in
3089 5246 3369 5322 4⁸,ξ1766ζ
3421 5317 3480 5322 ,Α
3628 5311 3662 5322 η

2357 5266 2388 5303 8
2436 5289 2449 5304 ο
2472 5265 2562 5318 ΖΦ,
2590 5265 2730 5331 ραιι.
2761 5265 2962 5330 γορεῑ,
2996 5265 3055 5302 In
3089 5265 3165 5314 4',
3196 5265 3360 5303 1100.
3653 5311 3662 5322 .

2313 5265 2667 5446 ἐξῇ.
2700 5318 2963 5376 Β³ω⁸⁰⁶¹λ
2987 5323 3130 5376 ίοω·
3165 5319 3205 5391 Ι»
3249 5335 3386 5393 Pas.
3416 5317 3540 5377 28..
3582 5313 3703 5370 Odlt.
3734 5307 3826 5363 Lat.

2240 5391 2438 5535 ῗοέῗῶ.
2459 5391 2706 5534 ἐέἐῖᾗέτ,
2765 5462 3002 5519 Histoire
3043 5461 3300 5533 générale
3326 5461 3419 5520 des
3445 5467 3669 5517 autsurs.
3695 5451 3825 5507 Tom.

2237 5532 2334 5591 IIl.
2370 5532 2498 5662 pag).
2530 5534 2657 5616 296.
2691 5532 2697 5534 ⁷
2810 5605 2818 5616 1
3051 5532 3056 5533 “
3386 5605 3397 5616 υ

2311 5609 2423 5680 (91)
2499 5623 2685 5663 aeian.
2715 5603 2883 5678 Epist.
2916 5621 2976 5662 ιιι
3007 5603 3077 5662 ad
3098 5603 3576 5682 Sympromanu—m.
