4102 6180
221 323 339 408 eos

1760 341 2068 406 NOTITIA
2087 391 2100 405 .

3517 349 3637 412 906

220 490 371 531 anno
429 472 587 542 1550,
645 471 982 544 iterumque
1039 469 1194 529 1562.
1255 473 1547 529 Pamelius
1598 476 1869 544 praeterea
1897 478 1946 540 Α
1981 474 2157 542 hujus
2180 475 2422 531 Romani
2455 476 2772 550 presbyteri
2806 493 2981 549 opera
3011 476 3080 533 ad
3114 494 3220 534 nos
3243 476 3637 550 pervenerint,

218 564 421 622 multis
452 564 514 620 in
544 562 688 621 locis
721 563 1054 635 recognovit
1085 563 1151 616 ad
1189 562 1494 633 Anglicum
1530 579 1640 617 ms.
1675 578 1869 616 exem-

213 654 344 730 plar
372 653 484 710 Dn.
516 650 762 709 Joannis
792 651 1126 718 Clementis,
1164 655 1219 704 ct
1249 651 1603 721 quibusdam
1635 667 1704 705 ex
1734 667 1868 705 con-

203 743 454 816 jectnris
479 739 669 798 Latini
723 738 952 801 Latinii.
984 744 1160 810 atque
1203 741 1478 811 cperibus
1526 739 1867 794 Tertulliani

212 831 482 898 attexuit,
500 829 672 886 Duaci
701 829 954 901 primum
979 827 1149 883 editis
1174 843 1325 883 anno
1353 829 1509 897 1579,
1535 827 1870 900 saepiusque

211 921 487 993 deinceps
537 918 778 976 reeusis.
829 924 996 972 Anno
1045 917 1280 972 demum
1332 916 1676 987 insequente
1710 916 1868 981 1580,

208 1009 524 1076 recensuit,
557 1008 854 1079 ediditque
884 1006 1125 1061 Parisiis
1147 1005 1405 1060 chatus
1428 1004 1776 1060 Laurentius
1797 1005 1868 1058 dn

209 1099 267 1154 la
295 1098 494 1155 Barre.
525 1100 707 1170 Atque
740 1096 1024 1152 hactenus
1049 1095 1202 1151 inter
1222 1111 1397 1166 opera
1422 1092 1763 1150 Tertulliani
1790 1092 1869 1148 la-

206 1187 323 1244 tuit
353 1188 551 1255 Novati
561 1203 730 1242 anus.

281 1277 610 1350 Separatim
658 1291 792 1331 vero
848 1274 1104 1347 primum
1155 1272 1370 1346 prodiit
1418 1272 1665 1328 Londini
1715 1289 1868 1330 anno

209 1369 372 1436 1709,
394 1373 636 1424 curante
657 1367 966 1424 Wilhelmo
993 1365 1320 1433 Whistono,
1345 1365 1415 1420 ad
1439 1362 1652 1419 calcem
1676 1364 1868 1435 operis

205 1458 452 1531 Anglice
479 1457 766 1528 inscripti,
798 1456 1057 1512 Sermone
1088 1454 1197 1509 and
1237 1456 1445 1525 Essays
1492 1469 1637 1524 upon
1661 1470 1874 1523 severa;

203 1550 467 1620 subjects,
502 1563 632 1619 pag.
665 1546 754 1613 32,
805 1543 1014 1600 deinde
1061 1543 1266 1599 Oxonii
1316 1560 1469 1598 anno
1522 1543 1678 1608 1724,
1713 1543 1867 1599 notis

203 1637 364 1692 878
395 1636 725 1690 illustratus
757 1651 860 1706 per
905 1633 1243 1688 Eduardum
1299 1630 1659 1686 Welchman.
1697 1631 1868 1686 Ueni-

201 1744 320 1799 que
376 1741 584 1780 rursus
642 1722 889 1778 Londini
950 1738 1101 1776 anno
1157 1721 1312 1775 1720.
1377 1720 1572 1775 studio
1624 1719 1869 1776 Joannis

196 1813 479 1881 Jackson,
513 1809 778 1865 Ecclesia
807 1808 1135 1880 Anglicanas
1177 1807 1517 1880 presbyteri,
1552 1807 1724 1863 in-8°.
1758 1813 1858 1862 At-

193 1919 311 1972 que
345 1901 650 1954 Wistonus
700 1897 936 1970 quidem
993 1914 1174 1952 unum
1226 1895 1441 1951 librum
1491 1896 1555 1950 de
1593 1898 1864 1952 Trinitate

194 1990 520 2046 lectoribus
541 1988 794 2043 exhibet.
823 1986 1238 2042 Welchmanua
1260 2003 1390 2040 vero
1411 1985 1560 2040 duas
1586 1991 1868 2056 praeterea

195 2079 497 2150 Epistolas
528 2078 760 2146 adjecit,
807 2075 1049 2130 alteram
1100 2075 1172 2130 de
1223 2074 1370 2129 Cibis
1416 2075 1684 2140 Judaicis,
1720 2073 1868 2130 alte-

194 2184 327 2222 ram
363 2168 594 2222 Romani
621 2166 770 2220 Cleri
800 2167 1022 2219 nomine
1053 2163 1355 2234 scriptam.
1387 2163 1637 2218 Jaekson
1670 2169 1869 2218 autem

192 2257 438 2312 tertiam
473 2256 714 2327 insuper
736 2254 932 2324 junxit
967 2250 1303 2324 Epistolani,
1333 2268 1510 2322 quam
1540 2253 1737 2306 clerus
1761 2252 1869 2306 Ro-

196 2361 420 2400 manus
451 2343 734 2415 Cypriano
765 2341 1100 2413 inscripsit:
1128 2342 1612 2412 ineertus,tamen
1645 2346 1701 2396 et
1722 2341 1869 2420 ipse,

193 2441 404 2489 utrum
439 2432 728 2502 ejusmodi
763 2431 1017 2502 Epistola
1039 2429 1426 2486 Novatianum
1455 2439 1734 2501 agnoscat
1762 2447 1870 2484 au-

191 2528 446 2578 ctorem.
478 2530 693 2576 Umnes
726 2519 784 2574 hi
816 2525 936 2575 tres
964 2519 1216 2575 editores
1246 2518 1631 2574 Novatianum
1665 2518 1870 2574 erudi-

189 2611 453 2667 tissimis
485 2610 640 2665 notis
692 2614 868 2680 atque
915 2608 1421 2664 observationibus
1472 2607 1866 2690 illustrarunt,

190 2701 306 2756 hoc
340 2705 538 2754 tamen
570 2698 934 2762 discrimine,
968 2698 1122 2769 quod
1159 2696 1523 2752 Welchmani
1556 2701 1701 2752 notes
1736 2713 1865 2752 om-

185 2791 337 2844 nino
393 2788 727 2843 orthodoxaa
781 2785 914 2853 sint,
966 2787 1324 2857 reliquorum
1375 2786 1628 2840 duorum
1673 2786 1866 2856 quoad

183 2879 419 2950 dogma
449 2877 518 2932 de
549 2876 855 2930 divinitate
886 2875 1011 2930 Filii
1041 2892 1249 2946 purum
1279 2875 1664 2945 putidumque
1699 2875 1866 2928 Aria-

186 2969 464 3023 nismum
488 2966 748 3037 sapiant.
777 2965 1090 3034 Hucusque
1113 2967 1183 3018 de
1205 2963 1562 3018 editionibus
1577 2963 1840 3034 antiquis

255 3035 680 3120 Novissimam,
714 3071 889 3125 quam
923 3050 1006 3108 Cl.
1044 3053 1302 3106 Andreus
1325 3050 1665 3106 Gallandius
1699 3035 1864 3122 pars:

181 3147 294 3213 vit,
327 3144 647 3200 editionem
682 3143 870 3213 exegit
900 3141 1272 3213 potissimum
1307 3141 1378 3195 ad
1423 3138 1719 3212 exemplar
1748 3144 1861 3195 Pa-

185 3235 523 3298 melianum,
545 3231 809 3302 illudque
831 3247 963 3285 cum
989 3229 1218 3285 duobus
1241 3229 1551 3301 postremis
1581 3229 1852 3283 editioni-
1885 3223 1928 3291 C

187 3326 328 3391 bus,
363 3320 678 3378 Oxoniensi
708 3327 762 3374 et
803 3320 1175 3389 Londinensi,
1227 3318 1507 3374 contulit:
1543 3334 1726 3388 neque
1759 3334 1856 3373 ne-

189 3412 508 3485 gligendas
557 3409 794 3466 omnino
846 3409 1162 3464 arbitratus
1210 3413 1298 3463 est
1345 3407 1627 3463 editiones
1668 3408 1857 3478 magis

187 3502 497 3573 antiquas.
549 3498 696 3554 Illud
747 3515 880 3553 vero
931 3499 1179 3552 maxime
1226 3497 1473 3563 curavit,
1526 3502 1588 3551 ut
1637 3497 1703 3550 ad
1749 3514 1857 3552 sua

179 3606 439 3664 quaeque
489 3589 615 3644 loca
662 3588 1080 3644 reducerentur
1129 3585 1328 3641 luxata
1377 3585 1658 3652 membra,
1709 3586 1855 3641 duce

178 3679 574 3751 potissimum
593 3683 893 3749 parmunte
925 3675 1227 3743 Cotelerio,
1263 3677 1362 3746 qui
1395 3677 1652 3746 capitum
1679 3677 1854 3744 traje-

177 3769 411 3824 ctiones
432 3767 494 3821 in
517 3765 664 3820 libro
687 3765 752 3819 de
775 3765 1038 3819 Trinitate
1063 3767 1189 3834 post
1222 3760 1528 3816 llenricum
1553 3759 1848 3816 Valesium

176 3862 356 3912 acute
405 3855 658 3910 advertit
708 3852 1142 3923 annotavitque.
1196 3851 1272 3905 Ex
1320 3851 1538 3922 quibus
1583 3855 1672 3905 est
1719 3867 1848 3921 per-

175 3947 346 4017 spicu
358 3961 482 4011 um,
499 3948 788 4016 quantum
808 3942 1014 3997 debeat
1031 3940 1286 4012 praeferri
1314 3939 1716 3995 recentissima
1731 3938 1851 3993 haec

170 4033 492 4091 Novatiani
525 4033 702 4088 editio
726 4030 950 4086 caeteris
975 4029 1460 4102 przecedentibus.
1491 4035 1656 4082 Anno
1696 4029 1847 4096 I782,

171 4124 335 4196 typis
367 4121 722 4177 Stahelianis
754 4120 1120 4191 Wireeburgi
1151 4117 1452 4176 Novatiani
1485 4134 1659 4190 opera
1692 4133 1851 4176 recu-

173 4229 244 4268 sa
276 4213 443 4267 fuere
464 4210 760 4267 volumine
808 4226 862 4263 IV
892 4209 1044 4263 inter
1091 4224 1266 4280 opera
1297 4208 1396 4263 SS.
1450 4211 1686 4262 Patrum
1719 4207 1848 4262 lati-

175 4317 421 4368 norum,
455 4316 488 4356 a
518 4315 650 4372 pag.
705 4299 957 4365 453544,
991 4297 1159 4352 in-80.
1208 4296 1484 4368 Analysin
1539 4297 1850 4368 utriusque

179 4389 460 4463 opusculi
491 4394 617 4445 tum
652 4389 723 4443 de
766 4388 1069 4454 Trinitate,
1121 4390 1248 4442 tum
1281 4388 1351 4441 de
1401 4387 1556 4442 Cibis
1587 4387 1850 4441 Judaieis

176 4479 436 4536 confecit
465 4477 550 4536 Cl.
583 4480 642 4533 P.
671 4475 1010 4533 Dominieus
1033 4476 1298 4542 Sehram,
1323 4481 1468 4531 tom.
1504 4475 1574 4530 Vl
1597 4476 1689 4531 sui
1711 4491 1844 4546 ope-

177 4569 264 4625 ris
321 4567 636 4633 Patristici,
697 4584 732 4622 a
789 4582 920 4638 pag.
974 4565 1236 4636 269-349,
1295 4582 1447 4620 anno
1499 4565 1660 4621 1784.
1715 4569 1844 4621 Jam

179 4675 339 4681 η--
400 4657 534 4681 una
616 4656 675 4681 m
753 4654 1120 4681 m._:-.:-_.-_
1171 4654 1498 4681 m-u--:-..-
1551 4653 1824 4681 θυμω.-

1972 4565 2166 4576 cm-.-
2201 4565 2523 4589 “ww”...
2555 4565 2756 4577 ...μων

1980 4609 2172 4681 nquit,
2207 4626 2320 4664 non
2352 4610 2545 4680 ipsum
2586 4609 2795 4666 maledi

177 4675 342 4713 anno
400 4657 556 4723 1777,
615 4656 700 4712 Cl.
753 4654 1122 4710 Christianus
1171 4654 1499 4710 Fridericus
1551 4653 1845 4723 Roslerus,

174 4750 342 4802 tomo
369 4745 443 4801 III
469 4745 835 4802 Bibliotheca:
869 4744 1103 4799 Patrum
1131 4744 1336 4816 Lipsiae
1369 4745 1660 4815 impresso
1693 4760 1722 4799 e
1743 4744 1852 4801 No-

175 4835 404 4890 vatiani
451 4835 728 4890 Tractatu
780 4835 850 4888 de
899 4833 1183 4889 Trinitate
1232 4838 1502 4904 excerpta
1557 4834 1616 4888 in
1651 4833 1852 4904 lingua

177 4930 390 4979 nostra
417 4925 729 4978 vernacula
777 4923 1022 4993 adjectis
1071 4921 1487 4978 eruditissimis
1537 4922 1691 4977 notis
1724 4923 1849 4991 orbi

177 5013 416 5070 erudito
449 5011 922 5068 communicavit.

830 5116 1064 5175 CAPUT
1108 5117 1210 5174 ΙΙΙ.

699 5225 978 5265 ΒΟΟἸἮῙΝΑ
1020 5225 1338 5264 ΝονΑΤιΑΝι.

183 5302 391 5354 Λιιτια.
425 5298 468 5354 Ι.
502 5327 572 5340 -
614 5303 829 5354 Puncta
875 5297 1209 5370 dogmaticaﬂ
1245 5297 1310 5352 de
1360 5297 1484 5364 Deo,
1542 5299 1851 5370 divinisque

719 5372 836 5440 ejus
865 5369 1315 5442 perfectionibus.

262 5458 384 5515 Etsi
415 5475 602 5532 pauca
631 5458 972 5528 admodum,
1025 5474 1211 5528 eaque
1257 5457 1606 5514 brevissima
1638 5463 1855 5537 vetusti

265 5599 378 5674 (9'2)
405 5599 606 5674 Novat.
639 5600 707 5674 de
738 5601 992 5674 Trinitat.
1030 5617 1159 5673 cap.
1195 5601 1241 5656 1.

268 5672 377 5747 (93)
408 5672 623 5731 Invidia
651 5672 858 5729 diaboli
885 5672 1119 5730 intravit
1163 5688 1309 5729 mors
1353 5674 1414 5729 in
1443 5673 1630 5731 orbem
1661 5679 1852 5734 terra-

525 5801 788 5866 Ρλτιιοι..
835 5800 940 5866 lll.

1983 569 2296 618 occurrunt
2321 565 2700 620 nihilominus
2725 567 2780 620 in
2808 570 2934 639 ejus
2956 567 3225 621 Tractatu
3245 566 3315 620 de
3331 566 3635 635 Trimtate,

1982 652 2078 722 qui
2135 654 2336 708 fusiori
2386 654 2608 710 calamo
2657 661 2928 711 exaratus
2977 660 3084 723 est,
3136 655 3445 710 innumera
3493 670 3640 724 pene

1980 742 2220 796 dixerim
2259 743 2508 814 pretiosa
2542 745 2867 815 fragmenta
2893 744 3083 816 quoad
3118 744 3439 816 praicipuas
3469 743 3635 798 Chri-

1979 832 2183 886 stiana:
2217 831 2494 886 doctrinas
2537 832 2822 888 veritates.
2863 834 2942 887 lbi
2986 833 3280 904 siquidem
3312 832 3636 904 deprehen-

1979 919 2154 990 ditur,
2192 920 2332 992 quid
2367 921 2437 976 de
2483 922 2596 975 Deo
2647 922 3016 976 sentiendum
3052 921 3127 977 sit
3175 921 3420 993 ejusque
3453 922 3636 993 perfe-

1977 1007 2309 1077 ctionibus;
2339 1026 2606 1080 quaenam
2638 1010 2713 1065 sit
2744 1010 2887 1065 ﬁdes
2933 1009 3202 1065 Ecclesia:
3232 1009 3386 1065 circa
3417 1015 3638 1082 myste-

1977 1097 2131 1152 rium
2163 1099 2550 1154 sanctissimze
2574 1099 2900 1167 Trinitatis,
2923 1104 2980 1155 et
3009 1099 3150 1155 Jesu
3181 1098 3398 1154 Christi
3429 1098 3640 1154 divini.

1975 1189 2158 1242 tatem
2181 1186 2425 1258 ejusque
2449 1187 2930 1243 incarnationem.

2047 1320 2406 1376 Novatianus
2432 1321 2598 1377 initio
2631 1323 2939 1377 Tractatus
2981 1321 3070 1375 sui
3105 1321 3174 1376 de
3221 1320 3506 1376 Trinitate
3532 1320 3634 1374 do-

1979 1413 2088 1476 cet,
2109 1409 2293 1465 teneri
2318 1425 2443 1476 nos,
2471 1415 2642 1481 prout
2664 1409 3061 1482 praescribitur
3079 1409 3137 1464 in
3161 1409 3458 1480 Symbolo,
3481 1408 3638 1480 quod

1980 1496 2241 1569 regulam
2278 1497 2434 1564 ﬁdei,
2483 1514 2584 1553 seu
2637 1498 2898 1553 veritatis
2947 1502 3270 1569 nuncupat,
3317 1498 3549 1552 credere
3576 1496 3638 1551 in

1978 1586 2160 1642 Deum
2195 1587 2444 1652 Patrem,
2478 1593 2534 1642 et
2559 1587 2872 1642 Dominum
2900 1586 3386 1659 omnipotentem,
3416 1587 3642 1642 univer-

1977 1676 2026 1730 si
2059 1675 2440 1731 conditorem.
2474 1676 2630 1732 Deus
2661 1675 2767 1730 iste
2804 1692 2916 1731 non
2959 1674 3150 1730 solum
3183 1675 3396 1730 creavit
3427 1673 3638 1730 emlum

1976 1769 2034 1818 et
2062 1768 2298 1831 terram,
2335 1765 2434 1820 sed
2464 1765 2706 1836 insuper
2736 1763 2856 1820 haec
2887 1764 3086 1819 omnia
3133 1763 3383 1836 propriis
3415 1768 3473 1818 et
3501 1779 3638 1818 con-

1893 1859 1937 1924 Β
1969 1854 2585 1926 dignisinstrumentis
2613 1853 2765 1909 819
2790 1857 3155 1921 etornata,et
3178 1853 3348 1924 plena
3371 1851 3639 1924 digessit.

1979 1943 2202 1998 Creavit
2233 1942 2328 1998 ille
2359 1943 2655 1998 hominem
2691 1943 2758 1997 ad
2795 1942 3111 2016 imaginem
3143 1958 3334 2011 suam,
3359 1941 3450 1997 cui
3475 1957 3638 1996 men-

1980 2037 2096 2088 tem
2129 2036 2186 2086 et
2216 2033 2500 2087 rationem
2553 2031 2768 2086 indidit
2815 2036 2870 2086 et
2920 2030 3311 2102 prudentiam,
3346 2034 3410 2084 ut
3453 2030 3636 2085 Deum

1980 2125 2176 2192 posset
2201 2120 2441 2175 imitari.
2474 2120 2654 2191 Cujus
2685 2119 2792 2176 etsi
2841 2118 3101 2190 corporis
3133 2124 3361 2174 terrena
3391 2117 3638 2190 primor-

1979 2211 2095 2278 dia,
2127 2210 2378 2266 caelestis
2412 2216 2603 2266 tamen
2637 2216 2692 2264 et
2721 2210 2902 2265 divini
2948 2209 3166 2266 halitus
3196 2209 3480 2281 inspirata
3500 2209 3640 2264 sub-

1978 2299 2230 2355 stantia:
2266 2317 2390 2372 quee
2421 2316 2555 2354 cum
2579 2299 2774 2355 omnia
2796 2300 2850 2354 in
2886 2299 3225 2354 servitutem
3249 2299 3330 2354 illi
3359 2299 3641 2368 dedisset,

1979 2387 2172 2444 solum
2204 2387 2452 2444 liberum
2485 2404 2613 2444 esse
2642 2388 2844 2444 voluit.
2878 2389 2947 2443 Et
2978 2405 3048 2443 ne
3090 2388 3147 2442 in
3182 2387 3508 2460 periculum
3542 2404 3637 2444 ca-

1978 2477 2140 2532 deret
2191 2495 2426 2533 rursum
2489 2477 2680 2532 soluta
2736 2477 2995 2543 libertas,
3047 2478 3391 2532 mandatum
3445 2477 3641 2548 posuit

1978 2565 2268 2638 (homini),
2303 2583 2418 2638 quo
2456 2570 2652 2622 tamen
2685 2583 2798 2620 non
2847 2565 3043 2621 inesse
3093 2565 3313 2620 malum
3356 2563 3412 2619 in
3449 2567 3639 2621 fructu

1979 2654 2207 2711 arboris
2241 2655 2550 2722 diceretur,
2593 2655 2691 2710 sed
2744 2655 3030 2719 futurum,
3064 2654 3111 2708 si
3165 2656 3308 2709 forte
3337 2669 3404 2708 ex
3433 2653 3642 2708 volun-

1978 2748 2097 2798 tate
2128 2742 2381 2799 hominis
2412 2744 2482 2798 de
2513 2747 2846 2815 contemptu
2879 2743 3026 2798 datae
3070 2741 3217 2814 legis
3246 2757 3636 2814 praemonere-

1976 2835 2074 2886 tur
2105 2831 2238 2901 (92).
2280 2833 2456 2886 Arbor
2485 2831 2681 2904 itaque
2710 2831 2883 2887 vetita
2906 2833 3076 2903 juxta
3099 2830 3484 2886 Novatianum
3519 2846 3632 2886 non

1976 2936 2044 2976 ex
2074 2935 2135 2975 se
2165 2928 2289 2976 erat
2317 2926 2602 2976 venenata
2641 2925 2742 2976 aut
2789 2919 2976 2976 noxia.
3018 2941 3045 2974 α
3091 2920 3160 2974 Et
3201 2918 3350 2974 liber
3375 2936 3502 2975 esse
3531 2919 3632 2974 de-

1975 3008 2202 3079 buerat,
2255 3009 2442 3080 pergit
2495 3009 2870 3077 Novatianus,
2924 3026 2995 3065 ne
3052 3009 3503 3081 incongruenter
3530 3007 3634 3066 Dei

1973 3096 2167 3170 imago
2199 3099 2459 3166 serviret,
2509 3104 2568 3154 et
2596 3101 2686 3154 lex
2733 3100 3020 3169 addenda,
3055 3115 3126 3154 ne
3166 3114 3354 3170 usque
3385 3098 3458 3154 ad
3489 3115 3634 3154 oon-

1974 3190 2260 3258 temptum
2293 3187 2487 3242 dantis
2519 3186 2758 3243 libertas
2787 3187 3078 3242 elfrtsnata
3110 3195 3532 3259 prorumperet,
3565 3204 3604 3244 ιι

1968 3280 2025 3330 et
2055 3275 2293 3346 prmmia
2325 3275 2611 3346 condigna
2632 3281 2688 3330 et
2713 3276 2920 3332 merita
2942 3292 3245 3347 pmnarum
3269 3291 3628 3348 consequen-

1964 3357 2053 3418 ter
2099 3365 2420 3435 exciperet:
2472 3381 2540 3419 ex
2589 3382 2702 3435 quo
2752 3365 3101 3431 mortalitas,
3150 3365 3368 3420 invidia
3427 3364 3631 3437 utique

1964 3452 2102 3525 (93),
2143 3453 2200 3507 in
2233 3455 2426 3524 ipsum
2462 3455 2630 3520 redit,
2681 3455 2779 3524 qui
2819 3470 2953 3509 cum
3005 3454 3167 3509 illam
3215 3454 3287 3509 de
3317 3453 3628 3510 obedentia

1965 3548 2164 3613 posset
2195 3543 2457 3606 evadere,
2507 3543 2564 3596 in
2597 3543 2864 3598 eamdem
2915 3542 3184 3611 incurrit,
3217 3542 3358 3598 dum
3386 3560 3455 3599 ex
3483 3559 3624 3601 con-

1963 3630 2093 3686 silio
2128 3647 2394 3703 perverso
2420 3631 2572 3687 Deus
2603 3647 2730 3688 esse
2775 3632 3030 3688 festinat.
3065 3633 3242 3704 Cujus
3274 3637 3471 3688 tamen
3503 3649 3623 3705 pce-

1963 3737 2098 3775 nam
2151 3720 2534 3777 nihilominus
2585 3720 2958 3792 indulgenter
3004 3721 3352 3795 temperavit
3399 3725 3622 3797 (Deus),

1962 3809 2100 3862 dum
2137 3826 2249 3863 non
2281 3815 2400 3864 tam
2431 3809 2575 3882 ipse,
2609 3826 2788 3881 quam
2835 3810 3063 3866 labores
3101 3813 3230 3882 ejus
3260 3811 3619 3868 maledicun-

1961 3903 2058 3952 tur
2089 3915 2266 3968 super
2294 3905 2530 3954 terram.
2581 3899 2743 3963 Quod
2795 3917 2866 3956 ne
2910 3900 2980 3955 de
3029 3900 3188 3972 ligno
3231 3899 3458 3956 arboris
3487 3901 3619 3957 vita!

1959 3986 2280 4058 contingat,
2309 3992 2558 4058 arcetur,
2610 4005 2723 4042 non
2756 3988 2826 4042 de
2875 3988 3101 4042 invidias
3153 3987 3408 4061 maligno
3440 3987 3618 4045 livore

1958 4075 2280 4141 descendit,
2314 4076 2414 4131 sed
2448 4092 2518 4131 ne
2560 4075 2759 4132 vivens
2789 4077 2848 4131 in
2899 4083 3204 4146 aeternum,
3236 4077 3347 4132 nisi
3382 4082 3618 4149 peccata

1957 4164 2226 4220 Christus
2257 4171 2388 4220 ante
2419 4165 2710 4233 donasset,
2745 4166 3142 4222 circumferret
3172 4181 3370 4221 secum
3397 4165 3456 4220 in
3489 4183 3613 4238 pm-

1959 4268 2094 4307 nam
2144 4253 2234 4308 sui
2284 4269 2514 4324 semper
2559 4253 2890 4308 immortale
2944 4254 3240 4309 delictum.
3278 4276 3298 4303 ι»
3361 4255 3614 4312 Irenaeul

1957 4340 2197 4397 adducit
2224 4343 2397 4398 etiam
2431 4342 2740 4416 antiquum
2783 4343 3127 4414 scriptorem
3153 4343 3286 4415 {94),
3321 4343 3420 4414 qui
3453 4359 3612 4400 asse-

1958 4431 2074 4484 ruit
2105 4447 2338 4503 quoque
2373 4448 2484 4486 non
2515 4436 2634 4487 tam
2669 4431 2984 4501 hominem,
3019 4448 3194 4502 quam
3236 4436 3449 4488 terram
3484 4448 3616 4489 ma-

1958 4518 2168 4576 ledicto
2201 4521 2523 4589 subjectam
2555 4521 2756 4577 fuisse.
2802 4543 2828 4570 ‹‹
2852 4521 3012 4576 Sicut
3033 4526 3266 4576 enarrat
3289 4522 3616 4595 Scriptura,

2803 4611 2885 4665 xit
2914 4611 3120 4679 Adam,
3153 4610 3254 4667 sed
3305 4615 3520 4667 terram
3551 4611 3613 4669 in

1961 4698 2236 4768 operibus
2265 4700 2415 4768 ejus,
2439 4700 2935 4770 quemadmodum
2960 4717 3028 4754 ex
3057 4701 3349 4756 veteribus
3375 4701 3613 4773 quidam

1961 4786 2077 4842 ait:
2111 4788 2394 4851 Quoniam
2440 4787 2673 4858 quidem
2707 4788 2851 4859 (haec
2883 4789 3172 4844 sententia
3218 4791 3426 4846 veteris
3457 4789 3618 4846 illius

1960 4876 2234 4947 auctoris)
2267 4874 2563 4931 transtulit
2594 4876 2743 4932 Deus
2792 4878 3161 4933 maledictum
3193 4877 3251 4933 in
3283 4883 3520 4946 terram,
3552 4883 3620 4936 ut

1961 4982 2075 5021 non
2106 4970 2501 5037 perseveraret
2530 4965 2590 5020 in
2621 4965 2876 5023 homine.
2911 4987 2939 5018 »

2028 5100 2229 5156 Tradit
2272 5100 2650 5170 Novatianus,
2702 5101 2854 5175 quod
2906 5118 2993 5172 ea,
3044 5119 3171 5174 quea
3218 5103 3370 5160 infra
3398 5106 3617 5161 terram

1951 5194 2170 5264 jacent,
2208 5209 2394 5264 neque
2425 5193 2544 5248 sint
2573 5193 2814 5262 digestis
2844 5199 2899 5248 et
2921 5193 3204 5248 ordinatis
3231 5193 3618 5266 potestatibus

1957 5297 2158 5336 vacua.
2194 5281 2380 5338 Locus
2411 5281 2566 5338 enim
2597 5286 2706 5349 est,
2751 5298 2864 5354 quo
2895 5281 3127 5354 piorum
3167 5283 3376 5338 animus
3407 5281 3620 5356 impio-

1961 5387 2210 5442 rumque
2231 5371 2545 5442 ducuntur,
2569 5370 2751 5426 futuri
2769 5369 2981 5442 judicii
3005 5371 3343 5444 prejudicia
3360 5372 3620 5430 sentien-

1961 5464 2070 5516 tes.
2103 5459 2436 5516 Secundum
2487 5465 2740 5527 mentem
2788 5459 3006 5516 nostris
3053 5462 3310 5518 auctoris
3359 5462 3410 5519 is
3452 5461 3620 5524 locul

1961 5619 2106 5660 rum.
2137 5600 2392 5673 Sapient.

2037 5675 2150 5744 (94)
2185 5671 2331 5730 Iron.
2364 5671 2463 5729 lib.
2498 5688 2561 5728 ιιι
2593 5672 2696 5729 adv
2723 5673 2916 5733 haeres.
2946 5690 3072 5748 cap.
3096 5676 3189 5733 25.

3261 5804 3343 5869 29
