4102 6180
555 359 671 420 907

1528 345 2028 412 NOVATIANUS
2071 347 2544 412 PRESBYTER
2589 351 2998 414 ROMANUS.

3786 367 3874 434 908

553 486 698 540 forte
728 487 817 540 est
845 477 943 551 ᾅδῃ
969 481 1298 552 (infernus),
1323 495 1600 552 magnum
1624 478 1769 534 illud
1802 497 1831 534 e
1862 479 2203 552 corporibus
2233 484 2282 550 Α
2316 485 2573 538 nostram
2609 483 3002 554 proferuntur,
3034 501 3102 538 ex
3130 483 3390 554 consilio,
3425 502 3527 542 non
3557 505 3618 545 ex
3642 493 3777 565 vitio,
3802 515 3876 554 ve-

554 573 959 631 decedentium
994 571 1320 626 animarum
1360 568 1786 640 receptaculum
1822 571 1954 640 (95).

623 665 784 718 Sirca
832 661 1264 733 simplicitatem
1319 659 1412 711 iit-.1
1463 659 1766 729 sequentia
1814 659 1979 713 docet
2025 659 2206 713 Nova-

550 753 752 811 tianus
782 753 931 824 (96):
966 773 992 800 ‹‹
1028 750 1128 804 Est
1167 749 1411 818 simplex
1451 749 1645 818 (Deus)
1677 752 1731 801 et
1763 747 1887 802 sine
1932 747 2050 802 ulla
2080 764 2208 803 cor-

552 858 729 915 porea
785 839 1214 896 concretione...
1295 837 1769 909 quandoquidem
1830 836 2072 908 spiritus
2133 837 2210 893 sit

553 932 765 988 dictus.
802 952 830 980 »
861 930 931 985 Et
959 929 1097 983 dum
1130 929 1430 998 Scriptura
1463 926 1575 980 Deo
1606 925 1811 980 tribuit
1840 926 2059 993 oculos,
2083 927 2212 982 bra-

553 1019 706 1091 chia,
739 1034 972 1083 manus,
1001 1016 1200 1088 pedes,
1224 1015 1453 1085 aliaque
1479 1015 1718 1070 humani
1744 1015 2002 1086 corporis
2028 1031 2208 1070 mem-

553 1110 679 1178 bra,
702 1125 815 1164 non
840 1106 1092 1162 intendit
1112 1105 1210 1160 Dei
1242 1105 1555 1160 essentiam
1591 1105 1932 1175 exprimere,
1965 1105 2210 1175 ejusque

552 1215 750 1255 veram
781 1195 950 1252 nobis
975 1198 1388 1266 repraesentare
1430 1198 1723 1259 naturam,
1755 1193 1855 1246 sed
1889 1192 2208 1248 solummo-

553 1289 629 1342 do
687 1301 820 1342 eum
880 1285 965 1340 sic
1021 1299 1358 1355 proponere,
1415 1282 1647 1354 qualem
1699 1299 1900 1354 capere
1951 1281 2210 1337 humana

554 1393 724 1433 mens
755 1378 979 1447 potest:
1012 1378 1133 1431 Non
1175 1373 1440 1443 quomodo
1487 1373 1627 1426 Deus
1656 1381 1780 1426 erat
1826 1371 1919 1427 sed
1949 1371 2210 1442 quomodo

550 1466 784 1538 populus
839 1478 1028 1534 capere
1049 1466 1261 1534 poterat
1317 1460 1466 1530 (97);
1529 1463 1593 1514 ut
1643 1460 1825 1531 igitur
1882 1459 2002 1514 haec
2052 1461 2210 1514 side

555 1555 674 1610 Deo
705 1553 993 1619 dicantur,
1027 1566 1141 1605 non
1167 1549 1300 1616 Deo,
1331 1549 1484 1603 880
1507 1549 1603 1603 sed
1630 1548 1842 1619 populo
1875 1549 2070 1619 potius
2102 1549 2208 1602 im-

557 1646 830 1716 putetur:
885 1642 1002 1697 Νοη
1060 1641 1234 1708 igitur
1287 1638 1578 1693 mediocris
1637 1639 1798 1705 Deus,
1853 1638 1950 1692 sed
2010 1637 2208 1709 populi

555 1730 864 1788 mediocris
892 1735 980 1785 est
1009 1745 1239 1785 sensus.
1266 1750 1292 1777 »
1327 1727 1427 1782 Cui
1460 1725 1918 1799 praeclarissima:
1948 1727 2216 1781 observa-

2318 578 2549 628 nerunt.
2586 574 2740 626 Hunc
2767 589 2897 640 ergo
2929 574 3117 641 Deum,
3142 573 3427 628 concludit
3446 576 3759 638 Novatianus
3777 587 3878 657 (99),

2320 663 2477 717 novit
2506 667 2562 716 et
2589 668 2894 716 veneratur
2945 661 3218 732 Ecclesia,
3259 664 3348 718 cui
3396 667 3757 727 testimonium
3783 649 3879 730 red;

2319 751 2403 804 dit
2448 755 2568 804 tam
2617 748 3023 816 invisibilium,
3074 766 3248 820 quam
3299 752 3468 807 etiam
3512 755 3810 827 visibilium,
3841 768 3881 817 et

2317 854 2570 910 semper,
2602 843 2658 894 et
2688 844 2809 894 tota
2829 845 3061 905 natura,
3085 856 3257 910 quem
3280 841 3473 912 Angeli
3500 843 3736 915 adorant,
3756 865 3882 906 mens

2319 927 2581 982 humana
2611 927 2806 995 sentit,
2840 927 2939 996 qui
2975 928 3346 1000 protoplastis
3374 935 3585 986 aeternis
3613 935 3724 988 vitis
3750 953 3881 992 mun-

2319 1017 2458 1071 dum
2492 1018 2805 1088 quemdam
2831 1017 3170 1072 Paradisum
3205 1018 3265 1072 in
3287 1019 3509 1075 Oriente
3536 1023 3886 1097 constituit(l),

2319 1107 2575 1161 Arborem
2595 1108 2722 1162 vitae
2742 1108 3056 1177 plantavit;
3075 1109 3321 1165 scientia:
3333 1109 3456 1164 boni
3470 1115 3517 1165 et
3533 1113 3658 1168 mali
3674 1112 3888 1170 similiter

2318 1194 2561 1250 alteram
2597 1195 2865 1250 arborem
2897 1195 3232 1264 collocavit;
3257 1199 3586 1255 mandatum
3607 1201 3762 1267 dedit,
3790 1219 3888 1258 sen-

2320 1284 2562 1339 tentiam
2597 1290 2795 1339 contra
2844 1284 3122 1340 delictum
3171 1287 3464 1343 statuit....
3497 1288 3548 1344 Is
3593 1290 3764 1362 (Deus)
3790 1309 3888 1363 pro-

2319 1373 2525 1444 phetas
2554 1372 2769 1444 Spiritu
2803 1373 3102 1440 instruxit,
3144 1379 3198 1429 et
3243 1392 3345 1446 per
3374 1375 3478 1432 hos
3523 1394 3706 1434 omnes
3733 1380 3890 1436 Filium

2320 1477 2493 1516 suum
2526 1461 2818 1517 Christum
2853 1462 3208 1534 repromisit,
3241 1468 3297 1518 et
3343 1466 3567 1535 quando
3595 1467 3825 1522 daturum
3851 1485 3893 1524 se

2320 1551 2730 1622 spoponderat,
2769 1551 2953 1614 misit,
2987 1567 3085 1622 per
3107 1568 3281 1622 quem
3319 1553 3554 1608 nobisin
3587 1555 3812 1610 notitiam
3829 1572 3900 1610 ve-

2323 1640 2446 1693 nire
2475 1639 2678 1704 voluit,
2712 1644 2768 1694 et
2798 1639 2855 1693 in
2891 1656 2998 1694 nos
3029 1640 3407 1711 indulgentia
3435 1661 3546 1698 suae
3577 1645 3724 1700 sinus
3748 1645 3894 1716 largos

2322 1728 2599 1799 profudit,
2651 1729 2849 1800 egenis
2894 1728 3240 1800 locupletem
3291 1731 3564 1802 Spiritum
3595 1735 3896 1789 conferendo.

557 1821 702 1876 tioni
735 1819 1040 1891 subjungit
1085 1817 1462 1883 Novatianus,
1505 1816 1864 1888 Scripturam
1896 1832 1999 1887 per
2028 1831 2210 1870 mem-
2243 1811 2288 1874 B
2321 1817 2467 1872 881
2506 1821 2572 1871 Et
2604 1819 2744 1887 quia
2772 1817 2922 1873 ultro
2954 1823 3009 1872 et
3039 1819 3237 1890 largus
3269 1825 3325 1873 et
3355 1822 3538 1877 bonus
3565 1827 3662 1888 est,
3693 1840 3752 1878 ne
3779 1829 3896 1879 totus

555 1911 661 1967 bra
693 1927 806 1966 non
855 1907 1180 1982 corporalia
1229 1907 1597 1977 lineamenta,
1649 1907 1748 1962 sed
1799 1906 2056 1961 diversas
2107 1906 2206 1962 Dei

555 1999 922 2072 operationes
951 1998 1294 2054 ostendere:
1340 1996 1611 2051 efficaciae
1657 1996 1840 2067 igitur
1891 1995 1966 2050 ibi
1999 1995 2207 2050 divinas

553 2107 658 2162 per
688 2088 952 2145 membra
982 2091 1402 2142 monstrantur.
1437 2107 1464 2136 «
1499 2085 1645 2139 Nam
1684 2089 1739 2139 et
1769 2101 1902 2138 cum
1934 2083 2084 2139 oculi
2115 2084 2210 2138 de-

554 2178 911 2243 scribuntur,
947 2198 972 2225 »
1020 2173 1391 2247 prosequitur
1436 2173 1591 2228 idem
1640 2173 1960 2245 presbyter,
1990 2195 2016 2222 «
2053 2172 2207 2243 quod

554 2267 752 2322 omnia
779 2265 997 2333 audiat,
1028 2262 1395 2336 exprimitur.
1432 2263 1500 2316 Et
1530 2262 1763 2333 quando
1786 2262 1964 2328 auris,
1991 2285 2017 2310 ‹‹
2053 2262 2206 2333 quod

555 2355 754 2415 omnia
783 2355 993 2420 videat,
1023 2351 1384 2426 proponitur.
1426 2351 1494 2405 Et
1524 2367 1656 2406 cum
1708 2351 1950 2423 digitus,
1984 2349 2206 2422 signiﬁ-

555 2444 748 2500 cantia
779 2442 1045 2515 quaedam
1073 2441 1390 2497 voluntatis
1439 2440 1700 2512 aperitur
1728 2457 1741 2508 ;
1776 2445 1833 2495 et
1861 2439 1945 2495 sic
1975 2439 2045 2494 de
2077 2438 2208 2494 reli-

557 2534 710 2606 quis.
743 2533 942 2604 Neque
991 2531 1146 2586 enim
1203 2529 1252 2585 ei
1305 2533 1406 2584 aut
1455 2529 1738 2598 membra,
1787 2532 1886 2582 aut
1916 2527 2208 2582 membro-

557 2639 687 2679 rum
719 2621 910 2678 officia
957 2623 1097 2675 sunt
1153 2618 1503 2688 necessaria,
1557 2620 1628 2672 ad
1679 2619 1848 2688 cujus
1896 2617 2206 2672 selum.....

557 2711 886 2782 arbitrium,
937 2713 994 2766 et
1040 2708 1319 2778 serviunt,
1377 2712 1432 2761 et
1481 2707 1696 2762 adsunt
1747 2705 1964 2762 omnia.
2005 2725 2032 2757 ιι
2095 2705 2210 2760 Cur

554 2802 712 2858 enim
746 2798 1003 2870 requirat
1033 2796 1252 2865 oculos,
1289 2796 1387 2868 qui
1419 2796 1518 2850 lux
1543 2795 1676 2850 est?
1711 2797 1823 2850 Aut
1855 2811 1958 2850 cur
1986 2797 2210 2866 quaerat

555 2890 748 2962 pedes,
783 2887 883 2960 qui
915 2887 1132 2958 ubique
1165 2891 1252 2941 est
1271 2885 1298 2938 Ἰ
1327 2887 1440 2940 Aut
1469 2902 1572 2939 cur
1595 2901 1802 2938 manus
1831 2887 2081 2956 expetat,
2114 2901 2211 2939 cu-

548 2980 651 3050 jus
681 2995 848 3033 mens
879 2977 950 3032 ad
971 2975 1165 3032 omnia
1187 2974 1545 3028 instituenda
1576 2972 1782 3027 artifex
1803 2977 1909 3039 est,
1944 2977 1999 3027 et
2030 2972 2210 3028 silens

555 3069 824 3123 voluntas
844 3066 871 3121 ?
903 3066 1017 3120 Nec
1050 3065 1292 3120 auribus
1322 3065 1585 3135 eget,qui
1614 3063 1817 3117 tacitas
1849 3063 2025 3117 etiam
2054 3061 2212 3116 novit

557 3156 905 3213 voluntates.
964 3157 1073 3210 Aut
1128 3159 1364 3225 propter
1421 3169 1596 3223 quam
1649 3168 1888 3206 causam
1946 3151 2202 3223 linguam
2238 3181 2280 3247 ϐ

557 3249 798 3318 quaerat,
832 3267 860 3295 «
893 3242 985 3298 cui
1015 3241 1534 3314 cogitarejussisse
1563 3243 1695 3295 est?
1718 3261 1746 3288 ‹‹
1781 3241 2086 3296 Fateamur
2118 3239 2207 3294 in-

552 3351 762 3409 genue,
795 3349 998 3390 omnes
1030 3332 1135 3386 bas
1175 3332 1336 3386 ideas
1379 3328 1776 3384 nobilissimas
1828 3345 1894 3384 ac
1925 3328 2208 3384 sublimes

553 3441 702 3492 esse,
737 3423 946 3494 hisque
977 3419 1274 3491 indigitari
1305 3418 1558 3474 auctoris
1595 3417 1892 3489 ingenium
1927 3418 2204 3474 eximium

550 3514 810 3570 omnino.
841 3512 956 3566 Nec
989 3509 1186 3564 minus
1217 3509 1381 3563 docte
1411 3513 1585 3579 atque
1629 3507 1924 3562 subtiliter
1953 3508 2184 3577 exponit

547 3620 664 3674 quo
723 3604 887 3674 pacto
931 3597 1296 3668 interpretari
1353 3572 1616 3668 oporteat
1675 3572 2204 3666 passionem—quas,

545 3691 846 3762 Scriptura
880 3695 988 3743 Deo
1039 3689 1293 3744 tribuere
1340 3687 1570 3741 videtur
1599 3689 1676 3739 ita
1723 3686 2017 3740 disserens
2048 3687 2198 3756 (98):

541 3803 571 3830 «
607 3780 767 3844 Quod
836 3779 882 3834 si
922 3778 1017 3833 Dei
1078 3775 1409 3832 iracundias
1465 3774 1737 3845 legimus,
1771 3779 1830 3829 et
1859 3775 1991 3828 odia
2024 3773 2201 3831 relata

541 3868 937 3942 agnoscimus,
971 3883 1084 3922 non
1111 3871 1304 3921 tamen
1329 3865 1448 3919 haec
1472 3863 1854 3934 intelligimus
1889 3863 1956 3917 ad
1990 3863 2197 3918 huma-

539 3974 748 4014 norum
800 3956 981 4013 relata
1037 3972 1166 4011 esse
1221 3953 1486 4025 exempla
1538 3951 1849 4017 vitiorum;
1897 3951 2201 4023 passiones

540 4048 696 4104 enim
729 4047 856 4102 ista;
903 4045 960 4100 in
1011 4042 1351 4100 hominibus
1401 4041 1608 4096 merito
1657 4040 1939 4106 dicentur,
1990 4039 2048 4094 in
2083 4040 2196 4095 Deo

541 4153 658 4193 non
692 4136 898 4191 merito
942 4133 1402 4206 judicabuntur;
1439 4129 1731 4198 corrumpi
1755 4129 1910 4183 enim
1945 4145 2047 4200 per
2077 4129 2195 4185 haec

539 4222 715 4280 homo
747 4228 959 4296 potest,
992 4223 1131 4295 quia
1174 4221 1466 4292 corrumpi
1513 4225 1737 4289 potest;
1771 4219 2063 4289 corrumpi
2099 4236 2197 4290 per

536 4313 658 4370 haec
676 4313 830 4370 Deus
852 4329 967 4368 non
990 4315 1200 4384 potest,
1219 4309 1352 4380 quia
1374 4325 1477 4363 nec
1494 4306 1788 4378 corrumpi
1807 4312 1997 4377 potest
2020 4325 2032 4375 ;
2057 4325 2192 4363 nam

535 4407 592 4459 et
619 4403 770 4474 quod
804 4401 1076 4458 irascitur
1105 4399 1280 4469 Deus,
1313 4415 1427 4454 non
1461 4413 1530 4452 ex
1558 4396 1701 4451 vitio
1732 4399 1856 4465 ejus
1885 4395 2062 4463 venit,
2090 4397 2189 4452 sed

534 4492 603 4547 ad
638 4493 961 4547 remedium
992 4496 1256 4546 nostrum
1301 4488 1441 4544 illud
1477 4487 1650 4555 facit;
1683 4485 1994 4558 indulgens
2033 4487 2188 4542 enim

2319 1906 2413 1961 hic
2445 1906 2601 1962 orbis
2632 1923 2870 1962 aversus
2903 1908 3100 1980 gratia:
3133 1909 3261 1979 ejus
3285 1909 3620 1967 ﬂuminibus
3648 1917 3892 1982 aresceret,

2319 1995 2614 2066 apostolos
2639 1996 3006 2051 institutores
3029 1997 3084 2050 in
3122 2001 3311 2052 totum
3342 1999 3537 2054 orbem
3561 2001 3696 2055 mitti
3725 2018 3805 2070 per
3827 2002 3892 2055 Fi-

2318 2083 2462 2139 lium
2495 2101 2669 2139 suum
2703 2085 2903 2149 voluit,
2927 2089 2990 2140 ut
3011 2086 3264 2141 conditio
3281 2089 3503 2158 generis
3524 2088 3742 2144 humani
3761 2107 3892 2163 agno-

2319 2177 2506 2229 sceret
2534 2173 2988 2239 institutionem,
3021 2175 3146 2230 etsi
3170 2176 3338 2247 sequi
3365 2175 3670 2244 maluisset,
3693 2178 3894 2244 haberet,

2319 2279 2487 2332 quem
2524 2279 2626 2334 pro
2659 2267 2770 2317 Deo
2799 2261 2856 2316 in
2901 2263 3171 2334 suisjam
3219 2265 3696 2335 postulationibus
3722 2267 3892 2323 Patrem

2319 2353 2553 2407 diceret.
2586 2370 2612 2401 ιι
2652 2351 2810 2406 Hanc
2861 2351 2955 2406 Dei
3003 2353 3250 2423 ejusque
3294 2353 3614 2410 divinarum
3654 2355 3894 2428 profectio-

2320 2458 2460 2496 num
2490 2441 2676 2495 ideam
2711 2440 2978 2511 perbibet
3021 2441 3401 2498 Novatianus.
3447 2443 3733 2500 Videamus
3767 2444 3892 2499 modo

2321 2547 2450 2603 quae
2479 2530 2672 2584 tradat
2696 2528 2820 2600 ipse
2852 2529 3005 2584 circa
3047 2532 3391 2602 mysterium
3423 2533 3773 2589 sanctissimis
3798 2533 3896 2588 Tri-

2319 2619 2541 2675 uitatis.

2318 2729 2646 2783 ARTICUI.US
2704 2725 2770 2780 ll.
2827 2757 2891 2766 —
2927 2728 3190 2800 Doctrina
3245 2727 3538 2783 Novatiani
3589 2729 3650 2784 de
3697 2729 3894 2800 mystm’o

2735 2822 2738 2825 -
2930 2797 3028 2852 SS.
3066 2799 3366 2854 Trinitatis.

2394 2911 2420 2937 ‹‹
2454 2885 2676 2960 Regula
2705 2886 2882 2957 exigit
2924 2886 3206 2952 veritatis,
3251 2887 3447 2959 inquit
3487 2888 3892 2958 Novatianus(‘2),

2320 2981 2383 3032 ut
2414 2978 2601 3049 primo
2625 2976 2887 3030 omnium
2911 2976 3220 3032 credamus
3241 2975 3301 3031 in
3326 2977 3506 3032 Deum
3530 2977 3807 3033 Patrem...
3825 2977 3894 3030 Ea-

2321 3069 2450 3120 dem
2486 3065 2684 3137 rcgula
2712 3067 2994 3132 veritatis,
3034 3088 3052 3114 ι
3103 3066 3294 3138 pergit
3344 3066 3439 3121 ille
3467 3067 3562 3138 (3),
3606 3090 3630 3117 «
3660 3067 3890 3121 docetnos

2319 3155 2551 3212 credere
2583 3158 2713 3225 post
2737 3157 2962 3208 Patrem
2988 3153 3045 3208 in
3079 3153 3288 3209 Filium
3313 3155 3413 3210 Dei
3445 3155 3719 3211 Christum
3739 3155 3886 3210 Jesuin

2317 3243 2628 3298 Dominum
2664 3243 2842 3298 Deum
2885 3247 3173 3298 nostrum.
3205 3266 3234 3292 ››
3271 3244 3551 3312 Tandem,
3583 3259 3736 3317 prope
3763 3243 3885 3297 ﬁnem

2315 3334 2576 3403 ejusdem
2636 3333 2963 3399 Tractatus,
3023 3349 3298 3404 expresse
3354 3335 3548 3402 tradit,
3597 3335 3773 3388 debere
3816 3346 3886 3384 nos

2315 3422 2548 3476 credere
2579 3421 2637 3474 in
2669 3421 2949 3492 Spiritum
2983 3426 3278 3489 sanctum,
3313 3421 3452 3477 olim
3480 3421 3723 3478 Ecclesiae
3749 3434 3884 3490 repro-

2315 3511 2584 3579 missum,
2643 3509 2744 3564 sed
2798 3510 3032 3564 statutis
3065 3513 3398 3582 temporum
3430 3509 3879 3584 opportunitatibus

2315 3598 2607 3653 redditum
2665 3599 2778 3669 (li):
2845 3617 2865 3644 ι
2899 3599 3010 3653 Sed
3068 3598 3227 3654 enim
3260 3601 3401 3656 ordo
3460 3600 3683 3656 rationis
3721 3602 3768 3652 et
3790 3592 3882 3648 ﬁdei

2313 3687 2632 3742 auctoritas
2662 3687 2902 3758 digestis
2922 3687 3160 3742 vocibus
3193 3693 3252 3743 et
3277 3688 3486 3745 litteris
3508 3687 3715 3745 Domini
3742 3686 3879 3740 admo-

2312 3782 2410 3830 net
2443 3792 2546 3830 nos
2577 3780 2709 3846 post
2751 3775 2870 3829 haec
2915 3776 3147 3831 credere
3193 3777 3374 3832 etiam
3422 3777 3480 3832 in
3519 3777 3764 3849 Spiritum
3788 3788 3874 3827 sau-

2309 3870 2488 3919 ctum.
2518 3886 2544 3913 ››
2568 3864 2756 3920 Habes
2782 3864 2959 3936 igitur
2981 3865 3344 3922 tresdivinas
3366 3883 3635 3939 personas
3653 3863 3876 3938 perspicue

2307 3969 2342 4008 a
2389 3953 2705 4008 Novatiano
2755 3953 3082 4018 distinctas,
3135 3954 3238 4024 qui
3292 3955 3467 4027 paulo
3513 3955 3652 4009 infra
3693 3953 3788 4007 haec
3809 3947 3873 4000 ba-

2308 4042 2403 4096 bet
2433 4043 2510 4112 (5)
2537 4058 2548 4096 :
2588 4065 2607 4090 α
2646 4042 2714 4096 Et
2742 4040 2862 4096 haec
2893 4041 3128 4113 quidem
3179 4043 3250 4099 de
3285 4044 3471 4115 Patre,
3520 4048 3574 4100 et
3599 4044 3664 4098 de
3691 4039 3816 4103 Filio,
3838 4037 3873 4088 ei

2307 4132 2377 4186 de
2406 4130 2620 4202 Spiritu
2677 4134 2900 4186 sancto.
2955 4152 2984 4180 »
3015 4131 3092 4185 Ex
3142 4133 3364 4203 quibus
3395 4135 3627 4198 eruitur,
3673 4145 3757 4202 per
3777 4140 3871 4179 con-

2298 4221 2660 4290 junctionem
2697 4245 2718 4271 ι
2746 4226 2822 4287 et,
2852 4242 2877 4267 ››
2900 4219 3072 4274 sicuti
3103 4227 3161 4275 et
3185 4238 3290 4292 per
3312 4222 3636 4278 adverbium
3665 4242 3682 4268 ι
3706 4217 3869 4272 etiam»

2303 4315 2495 4364 textus
2527 4325 2706 4380 supra
2738 4307 3027 4380 recensiti,
3060 4308 3168 4364 hoc
3199 4309 3327 4366 loco
3353 4324 3666 4366 sermonem
3709 4317 3806 4358 esse
3825 4298 3871 4351 de

2302 4398 2492 4452 tribus
2541 4399 2804 4469 personis
2855 4397 3170 4464 distinctis,
3227 4415 3483 4471 quarum
3530 4414 3639 4454 una
3681 4409 3770 4449 non
3813 4388 3870 4441 est

2304 4486 2438 4542 alia.
2472 4486 2704 4541 Certum
2727 4485 2922 4557 itaque
2945 4487 3300 4557 firmumque
3323 4493 3536 4544 manet.
3566 4486 3866 4541 Novatianum

529 4585 618 4636 est
647 4581 821 4636 etiam
851 4585 1013 4647 tunc,
1044 4596 1180 4636 cum
1215 4578 1499 4647 minatur,
1529 4577 1672 4631 dum
1715 4591 1816 4646 per
1847 4575 1967 4629 haec
1998 4575 2188 4630 homi-
2221 4554 2268 4617 Π
2303 4593 2337 4632 a
2369 4575 2598 4631 nemine
2652 4573 2980 4630 insimulari
3031 4554 3222 4647 posse,
3274 4577 3430 4648 quod
3477 4574 3642 4632 errori
3669 4562 3867 4627 Scabellil

530 4687 632 4725 nes
660 4672 729 4725 ad
763 4675 917 4725 recta
967 4673 1286 4736 vocantur;
1333 4683 1468 4722 nam
1519 4665 1736 4736 quibus
1777 4663 1848 4718 ad
1882 4663 2184 4720 honestam

523 4759 705 4812 vitam
737 4758 897 4814 deest
919 4759 1084 4823 ratio,
1113 4761 1302 4811 metus
1333 4759 1423 4810 est
1445 4751 1835 4819 necessarius,
1870 4756 1955 4818 ut,
1979 4751 2077 4822 qui
2104 4769 2191 4809 ra-

524 4846 743 4902 tionem
778 4846 1163 4918 reliquerunt,
1195 4845 1280 4900 vel
1312 4849 1530 4898 terrore
1566 4846 1944 4908 moveantur;
1978 4845 2035 4895 et
2060 4841 2187 4898 ideo

527 4953 731 4992 omnes
763 4937 908 5003 istis,
957 4935 1044 4990 vel
1093 4933 1409 4988 iracundiae
1460 4929 1580 4995 Dei,
1622 4928 1711 4984 vel
1753 4930 1887 4984 odia
1937 4930 2053 4996 Dei,
2096 4930 2184 4986 vel

529 5040 913 5098 quiscumque
943 5027 1082 5078 sunt
1128 5018 1490 5092 hujusmodi,
1533 5019 1674 5072 dum
1729 5018 1798 5072 ad
1833 5018 2184 5074 medicinam

599 5186 710 5257 (95)
740 5183 967 5257 Nevat._
1001 5179 1244 5257 Tractde
1291 5179 1489 5234 Trinit.
1540 5193 1665 5246 cap.
1719 5177 1768 5231 1.
1823 5177 1881 5231 In
1917 5178 2181 5235 eamdem

525 5252 881 5314 sententiam
917 5252 1175 5324 plerique
1211 5257 1445 5305 Patrum
1473 5265 1828 5304 concessere.

595 5328 710 5399 (οδ)
741 5327 824 5399 ια.
854 5325 998 5399 ibid-
1027 5340 1152 5393 cap.
1186 5325 1239 5399 5,-

618 5401 709 5467 97)
743 5397 826 5451 ld.
860 5396 1002 5452 ibid.
1037 5412 1162 5467 cap.
1195 5398 1249 5449 ο.

618 5401 685 5452 97
743 5401 826 5451 ld.
860 5401 1002 5452 ibid.
1037 5412 1162 5467 cap.
1195 5401 1242 5449 (ὃς

615 5401 709 5539 981
739 5469 821 5524 ld.
857 5468 997 5524 ibid.
1029 5483 1155 5539 cap.
1187 5468 1242 5523 7.

614 5543 707 5612 99)
742 5541 823 5595 Id.
856 5540 997 5595 ibid.
1032 5557 1156 5610 cap.
1187 5541 1241 5594 8.

523 5679 533 5693 ⁸
591 5605 1292 5693 (l)'_Sin_e_controversia
1329 5609 1534 5693 itaque
1583 5605 1939 5693 vaatianus
1992 5606 2176 5664 histo-

2301 4666 2503 4721 faverit
2534 4670 2638 4719 aut
2667 4663 3011 4736 praeluserit.
3043 4665 3152 4719 Sed
3186 4666 3328 4736 quid
3361 4667 3432 4722 de
3462 4655 3787 4720 Arianismo?

2373 4756 2441 4809 ll.
2502 4753 2886 4808 Novatianum
2946 4753 3017 4808 de
3063 4755 3368 4811 Trinitatis
3419 4751 3671 4827 mysterio
3720 4769 3742 4796 α
3783 4754 3861 4797 non

2297 4843 2441 4898 satis
2472 4847 2738 4897 accurate
2785 4858 2914 4897 esse
2961 4842 3242 4913 locutum,
3297 4844 3414 4899 imo
3463 4840 3691 4899 absurde
3730 4831 3863 4905 plera-

2297 4949 2408 5004 que
2439 4929 2768 4999 tradidisse,
2819 4952 2847 4981 ››
2895 4931 3037 4986 dicit
3082 4932 3352 4988 Petavius
3402 4933 3514 5004 (6);
3562 4935 3613 4986 et
3653 4921 3858 4981 Sandius.

2294 5020 2511 5076 Petavii
2535 5019 2781 5092 judicio,
2815 5025 2880 5074 ut
2917 5020 3085 5088 solet,
3131 5021 3382 5078 nimium
3438 5020 3689 5080 confisus,
3717 5013 3856 5082 ipsum

2295 5179 2550 5263 admisit,
2583 5179 2731 5234 sicut
2761 5179 3119 5263 Theophilus
3143 5182 3559 5263 _Antiochenus,
3589 5185 3791 5250 quocum
3812 5166 3851 5220 in

2293 5254 2425 5310 aliis
2455 5251 2630 5307 etiam
2658 5251 2969 5327 sententiis
2997 5255 3236 5311 omnino
3267 5254 3576 5327 conspirat.

2360 5327 2437 5400 (ιζ)
2468 5323 2770 5400 ﬁovatian.
2805 5322 2903 5379 lib.
2931 5323 3000 5400 de
3031 5327 3288 5383 Trinitat.
3322 5322 3447 5400 cap.
3482 5326 3559 5380 10.

2359 5394 2551 5468 (3)1d.
2586 5394 2725 5468 ista.
2759 5411 2885 5466 cap.
2921 5397 2970 5450 1.

2359 5466 2436 5538 (4)
2469 5468 2552 5522 ld.
2588 5466 2729 5538 ibid.
2763 5483 2890 5538 cap.
2923 5468 3010 5521 29.

2358 5537 2436 5610 (5)
2472 5539 2554 5593 Id.
2589 5537 2730 5592 ibid.
2764 5537 2890 5610 cap.
2925 5539 3012 5594 30.

2355 5597 2657 5686 (6)_Petav_.
2711 5597 3011 5682 Theologic.
3063 5616 3314 5686 Dogmat.
3369 5613 3438 5670 de
3492 5606 3673 5666 Trinit.
3713 5597 3843 5658 lib-la

517 5681 666 5749 iram
701 5685 771 5742 de
801 5685 958 5744 Eden
1016 5689 1073 5740 et
1120 5681 1378 5743 hominis
1424 5681 1592 5754 lapsu
1637 5683 1921 5750 tanquam
1978 5695 2174 5737 veram
2284 5681 2420 5756 cap.
2442 5683 2496 5754 5,
2531 5698 2590 5738 n.
2619 5681 2675 5738 5.

3992 3167 3993 3201 1

3990 3261 3991 3309 1

3987 3383 3989 3417 1

3985 3497 3987 3525 1

3984 3585 3985 3631 1

3982 3713 3983 3739 1

3980 3821 3981 3847 1

3978 3929 3979 3955 1
