4102 6180
326 315 438 381 909

1851 297 2192 364 NOTlTlA.

3609 325 3730 385 910

320 449 584 506 accenset
609 444 684 502 iis
705 444 804 516 qui
858 442 1012 497 idem
1063 440 1216 512 quod
1275 438 1468 506 Arius,
1521 441 1655 492 ante
1704 435 1962 490 tradide-
1997 439 2045 502 Α
2079 440 2184 498 ost,
2221 440 2500 512 quidquid
2545 447 2686 504 illud
2720 455 2809 505 est
2833 451 3052 519 Filius;
3089 460 3178 508 est
3222 457 3494 508 manente
3532 458 3727 510 tamen

319 543 455 595 runt
481 535 586 606 (7).
618 534 834 590 Verum
883 531 1080 587 minus
1122 535 1392 585 accurata
1450 534 1508 582 et
1564 527 1821 581 absurda
1870 522 1970 577 illa
2008 553 2021 564 -

317 627 407 685 vel
437 626 509 682 ad
540 623 670 680 Filii
700 619 1036 692 οἱνοκομίαν,
1087 618 1174 675 vel
1243 619 1311 673 ad
1372 615 1767 671 minoritatem
1799 613 1966 668 istam

314 715 442 772 Filii
463 715 536 772 ad
569 713 800 770 Patrem
815 716 1096 782 tanquam
1115 709 1185 764 ad
1211 712 1506 764 auctorem
1538 709 1594 760 et
1613 702 1966 776 principium

314 820 492 862 suum
524 802 737 872 collati,
795 816 971 872 quam
1014 795 1295 853 Catholici
1351 809 1556 850 omnes
1611 793 1787 848 etiam
1840 797 1970 862 post

314 893 607 966 synodum
663 891 958 946 Nicaanam
1046 889 1429 960 agnoverunt,
1491 881 1791 938 referenda
1831 884 1968 935 sunt

307 981 510 1055 judice
545 979 887 1036 doctissimo
947 975 1112 1033 Bullo
1181 977 1278 1046 (8).
1339 971 1724 1028 Novatianum
1771 973 1964 1023 autem

313 1086 452 1126 cum
481 1068 616 1125 Ario
644 1067 887 1123 minime
906 1065 1183 1128 sensisse,
1217 1063 1418 1133 paucis
1467 1077 1534 1115 ex
1564 1059 1711 1128 ipso,
1745 1057 1841 1112 sed
1895 1056 1966 1111 iis

313 1154 1099 1224 luculentissimis,adductis
1113 1149 1462 1208 testimoniis
1475 1150 1836 1204 demonstrat
1851 1143 1964 1212 ;cui

314 1244 806 1303 demonstrationi
823 1248 985 1311 (sunt
1005 1242 1178 1297 verba
1193 1239 1276 1296 Cl.
1303 1238 1599 1306 Bulli)hoc
1619 1252 1801 1292 unum
1822 1251 1966 1306 prae-

314 1335 609 1390 mittimus
651 1331 1104 1396 observandum,
1150 1330 1343 1401 ipsum
1397 1326 1692 1382 Petavium
1727 1322 1864 1379 alibi
1887 1323 1966 1407 (9)

311 1425 487 1480 fateri
518 1422 754 1478 disertis
775 1421 988 1484 verbis,
1014 1419 1213 1474 minus
1269 1421 1541 1472 accurata
1593 1418 1650 1468 et
1708 1411 1967 1468 absurda

311 1513 441 1580 illa,
473 1530 597 1584 quas
621 1511 778 1582 operi
810 1526 917 1565 suo
970 1507 1220 1563 inseruit
1251 1504 1626 1566 Novatianus,
1652 1525 1678 1551 «
1713 1505 1813 1555 aut
1842 1499 1965 1555 solo

313 1601 595 1675 loquendi
620 1600 813 1665 modo,
855 1603 956 1653 aut
986 1602 1140 1651 certe
1195 1597 1342 1650 citra
1385 1591 1644 1664 mysterii
1695 1591 1968 1644 substan-

311 1693 485 1757 tiam,
517 1690 590 1744 ab
622 1687 906 1744 catholica
936 1684 1137 1756 regula
1195 1684 1543 1754 discrepare.
1609 1703 1627 1728 η
1684 1679 1800 1733 Ηοο
1831 1677 1964 1732 stri-

2081 532 2474 602 distinctione,
2509 543 2710 593 utnon
2757 541 2834 594 sit
2865 541 3032 595 Pater
3093 541 3189 597 ille
3221 543 3320 612 qui
3357 541 3556 606 Filius,
3591 544 3731 612 quia

2084 635 2184 672 nec
2219 620 2394 678 Filius
2427 623 2541 690 ille,
2577 626 2676 696 qui
2728 627 2897 683 Pater
2953 634 3061 683 est.
3097 652 3124 679 »
3172 629 3461 684 Nimirum
3494 629 3728 684 Sabellii

2078 707 2324 765 hmresin
2357 711 2436 766 ibi
2460 715 2628 770 unice
2658 715 3135 788 impugnat,quze
3169 718 3402 773 Patrem
3435 721 3492 772 et
3509 717 3726 774 Filium

2079 796 2162 851 sic
2194 815 2375 854 unum
2410 803 2704 872 prrdicat,
2739 809 2803 858 ut
2859 806 3294 861 distinctionem
3342 823 3726 876 personarum

2077 887 2318 944 omnino
2350 889 2536 946 tollat.
2565 893 2859 948 Adversus
2913 894 3062 949 hanc
3117 895 3366 949 heresin
3398 896 3583 963 docet,
3617 895 3724 950 Pa-

2076 980 2224 1030 trem
2257 984 2312 1032 et
2338 978 2546 1034 Filium
2580 998 2762 1036 unum
2797 983 3034 1053 quidem
3077 999 3204 1038 esse
3238 999 3370 1038 cum
3405 983 3726 1040 voluntatis

2077 1082 2388 1132 consensu,
2417 1073 2541 1123 tum
2573 1069 2748 1124 etiam
2782 1071 3126 1126 substantiis
3149 1071 3395 1142 unitate,
3430 1073 3724 1143 siquidem

2075 1153 2254 1209 Filius
2284 1172 2352 1210 ex
2381 1155 2508 1228 ipso
2558 1161 2813 1229 paternae
2856 1159 3124 1215 essentize
3179 1160 3336 1216 fonte
3387 1161 3724 1230 derivetur;

2077 1243 2177 1298 sed
2209 1246 2400 1300 tamen
2434 1245 2580 1302 duos
2611 1247 2850 1302 omnino
2881 1263 3010 1303 esse
3043 1248 3424 1304 subsistentia
3447 1248 3566 1305 sive
3593 1266 3728 1322 per-

2076 1349 2238 1389 sona.

2148 1422 2427 1478 Prmterea
2455 1422 2518 1477 τὸ
2561 1423 2854 1496 ὁμοούσιον
2899 1426 3025 1481 Filii
3075 1425 3544 1482 luculentissima
3594 1443 3730 1483 con-

2077 1511 2451 1568 firmatlocus
2481 1531 2548 1568 ex
2589 1515 2777 1585 capite
2808 1515 2896 1580 Η,
2950 1515 3049 1570 ubi
3109 1515 3180 1570 de
3239 1520 3486 1587 utraque
3517 1515 3735 1572 Christi

2077 1607 2305 1666 natura,
2339 1603 2532 1658 divina
2561 1609 2618 1658 et
2647 1603 3030 1669 humana,sic
3053 1604 3410 1660 Novatianus
3436 1604 3730 1676 loquitur:

2075 1712 2101 1739 ‹‹
2132 1690 2272 1745 Tam
2305 1691 2460 1745 enim
2482 1691 2779 1763 Scriptura
2807 1691 2982 1747 etiam
3030 1697 3209 1748 Deum
3238 1696 3546 1748 annuntiat
3566 1693 3732 1748 Chri-

310 1780 452 1871 ctim
485 1783 704 1871 notato,
746 1792 869 1871 rem
900 1767 1830 1871 i88.2.ipsumaggrediamurlln
1865 1781 1960 1871 οξς
1995 1807 2040 1871 Β
2073 1784 2443 1851 stum,quam
2463 1779 2638 1834 etiam
2660 1779 2855 1851 ipsum
2877 1780 3170 1835 hominem
3191 1781 3503 1836 annuntiat
3522 1783 3726 1838 Deum.

309 1870 435 1942 pite
463 1869 534 1923 23
564 1871 765 1922 auctor
795 1864 1004 1919 Christi
1036 1862 1404 1916 divinitatem
1445 1860 1530 1914 sic
1559 1857 1800 1914 astruit:
1841 1877 1869 1906 «
1900 1854 1960 1910 Si

310 1959 516 2022 homo,
575 1954 786 2026 inquit,
840 1951 1254 2007 tantummodo
1310 1948 1597 2013 Christus,
1670 1945 1963 2017 quomodo

311 2047 506 2102 dicit:
547 2046 655 2114 Ego
704 2060 772 2100 ex
826 2044 930 2097 Deo
969 2041 1170 2112 prodii,
1228 2041 1278 2094 et
1346 2038 1494 2106 veni,
1556 2052 1686 2091 cum
1736 2037 1965 2088 constat

309 2133 617 2190 hominem
651 2149 684 2188 a
713 2132 828 2186 Deo
853 2131 1067 2185 factum
1100 2144 1249 2193 esse,
1291 2143 1407 2182 non
1456 2142 1526 2181 ex
1566 2124 1681 2178 Deo
1731 2136 1961 2193 proces-

312 2223 520 2280 sisse?
553 2224 630 2278 Ex
662 2227 772 2276 Deo
832 2224 1028 2274 autem
1089 2217 1264 2272 homo
1314 2213 1609 2286 quomodo
1661 2229 1773 2266 non
1832 2225 1961 2280 pro-

309 2311 516 2381 cessit,
549 2311 632 2365 sic
683 2309 782 2364 Dei
837 2307 1092 2362 Verbum
1154 2304 1456 2376 processit.
1501 2322 1529 2351 ››
1581 2301 1710 2356 Mox
1752 2299 1960 2354 addit:

317 2422 340 2449 ι
371 2401 528 2456 Deus
559 2415 695 2470 ergo
724 2396 1004 2469 processit
1033 2411 1100 2448 ex
1151 2399 1283 2459 Deo,
1343 2392 1484 2445 dum
1535 2389 1635 2461 qui
1681 2386 1964 2461 processit

313 2491 550 2552 Sermo.
585 2487 737 2542 Deus
777 2490 884 2551 est,
916 2484 1014 2555 qui
1041 2481 1320 2554 processit
1344 2497 1411 2536 ex
1447 2481 1576 2535 Deo.
1613 2499 1640 2527 η

394 2579 490 2633 lll.
525 2576 670 2641 Quid
705 2575 821 2629 fere
879 2573 936 2627 in
986 2573 1114 2644 ipso
1173 2571 1401 2625 Nicszno
1456 2565 1730 2640 Symbolo
1762 2570 1964 2620 contra

311 2667 528 2722 Arium
559 2663 891 2736 expressius
918 2660 1131 2716 dicitur
1158 2660 1186 2713 ‘I
1216 2659 1360 2714 Nam
1393 2657 1515 2712 haec
1545 2657 1683 2723 duo,
1711 2677 1735 2705 «
1767 2672 1800 2710 a
1849 2659 1961 2708 Deo

308 2759 542 2813 factum
575 2770 724 2821 esse,
757 2756 814 2807 et
843 2767 913 2806 ex
969 2751 1078 2804 Deo
1126 2747 1454 2820 procedere,
1518 2767 1546 2796 »
1606 2743 1963 2800 Novatianus

309 2846 534 2900 diserte
554 2841 794 2914 opponit
826 2858 839 2896 :
877 2844 933 2895 et
969 2838 1267 2893 Christum
1313 2835 1370 2890 in
1417 2833 1806 2890 excellentiori
1854 2849 1964 2887 sua

309 2939 530 2990 natura
558 2948 672 2986 non
708 2930 922 2984 factum
957 2927 1075 2984 sive
1113 2925 1355 2980 minime
1387 2927 1644 2978 creatum
1677 2937 1826 2985 esse,
1860 2922 1959 2975 sed

305 3023 538 3093 exipso
569 3026 680 3076 Deo
738 3018 1114 3090 processisse,
1175 3014 1416 3086 proinde
1474 3018 1654 3067 Deum
1721 3027 1789 3066 ex
1847 3010 1961 3064 Deo

2075 1869 2217 1923 'l‘am
2253 1867 2549 1923 hominem
2583 1870 2781 1923 Jesum
2808 1885 2984 1939 quam
3024 1869 3202 1925 Deum
3247 1885 3479 1940 quoque
3511 1870 3729 1926 descri-

2074 1957 2192 2029 psit
2219 1957 2515 2012 Christum
2564 1956 2892 2012 Dominum.
2917 1958 3202 2023 Quoniam
3228 1975 3332 2012 nec
3360 1959 3452 2012 Dei
3490 1964 3724 2014 tantum

2070 2044 2237 2099 illum
2291 2045 2502 2100 Filium
2535 2061 2663 2100 esse
2693 2045 2983 2116 proponit,
3035 2045 3134 2100 sed
3192 2050 3249 2100 et
3276 2045 3537 2101 hominis
3571 2065 3584 2114 ;
3620 2063 3728 2104 nec

2073 2133 2331 2188 hominis
2370 2137 2602 2188 tantum
2659 2133 2810 2188 888
2870 2132 3028 2199 dicit,
3084 2135 3183 2188 sed
3242 2138 3298 2188 et
3355 2134 3453 2189 Dei
3515 2136 3729 2192 referre

2072 2223 2428 2277 consuevit:
2490 2225 2574 2288 ut,
2637 2222 2776 2276 dum
2827 2238 2896 2276 ex
2950 2228 3199 2292 utroque
3250 2228 3356 2288 est,
3411 2229 3730 2295 utrumque

2073 2310 2168 2376 sit,
2229 2310 2276 2365 si
2336 2309 2584 2365 alterum
2643 2315 2873 2365 tantum
2949 2311 3047 2381 sit,
3125 2312 3374 2366 alterum
3443 2328 3573 2368 esse
3610 2330 3728 2369 non

2073 2399 2278 2472 possit.
2342 2400 2408 2456 Ut
2463 2399 2619 2454 enim
2679 2399 3036 2470 praescripsit
3092 2399 3220 2470 ipsa
3277 2405 3487 2455 natura
3536 2400 3729 2456 homi-

2073 2505 2205 2544 nem
2255 2489 2632 2552 credendum,
2692 2487 2791 2559 qui
2832 2504 2899 2542 ex
2949 2487 3187 2544 homine
3246 2489 3341 2555 sit,
3401 2489 3481 2542 ita
3520 2491 3725 2545 eadem

2073 2584 2281 2633 natura
2341 2577 2664 2649 przescribit
2697 2581 2755 2630 et
2788 2577 2965 2631 Deum
3018 2578 3374 2633 credendum
3431 2594 3581 2643 esse,
3623 2578 3731 2650 qui

2073 2683 2141 2722 ex
2175 2666 2292 2721 Deo
2324 2667 2447 2721 sit:
2496 2682 2566 2719 ne
2617 2664 2665 2720 si
2727 2681 2842 2719 non
2897 2670 2956 2720 et
3014 2667 3164 2720 Deus
3218 2666 3411 2734 fuerit,
3464 2683 3599 2721 cum
3659 2683 3729 2721 ex

2074 2761 2184 2811 Deo
2209 2754 2304 2822 sit,
2330 2755 2452 2825 jam
2490 2770 2591 2809 nec
2621 2753 2794 2808 homo
2819 2753 2914 2820 sit,
2956 2753 3090 2810 licet
3136 2771 3205 2810 ex
3236 2754 3472 2811 homine
3531 2754 3722 2824 fuerit,

2073 2845 2211 2900 etin
2246 2845 2525 2899 alterutro
2587 2847 2904 2913 utrumque
2963 2842 3342 2914 periclitetur,
3412 2844 3552 2898 dum
3589 2843 3726 2897 alte-

2073 2950 2201 2988 rum
2234 2931 2413 2988 altero
2474 2931 2643 2985 ﬁdem
2699 2931 3022 3002 perdidisse
3053 2932 3433 2986 convincitur.
3472 2955 3497 2981 ››
3557 2933 3724 2989 Certe

2073 3038 2240 3077 mens
2298 3020 2378 3074 illi
2441 3025 2561 3075 tota
2599 3018 2831 3091 caligat,
2892 3018 2992 3090 qui
3043 3035 3155 3074 non
3243 3018 3361 3074 illic
3419 3019 3719 3092 perspicit,

307 3127 470 3179 esse,
503 3110 659 3165 hand
693 3106 890 3162 minus
913 3106 1125 3161 diserte
1155 3103 1429 3158 afﬁrmat-
1457 3102 1612 3157 [dem
1642 3099 1813 3172 ΡδυῙο
1834 3102 1963 3170 P0St
2001 3174 2032 3181 _
2069 3111 2230 3166 hisce
2263 3109 2456 3164 verbis
2499 3107 2870 3180 apertissime
2924 3109 3115 3164 doceri
3150 3107 3446 3163 Christum
3480 3109 3718 3181 perinde

305 3202 373 3256 in
410 3199 614 3255 θοάθω
643 3195 832 3268 capite
867 3212 880 3250 ³
919 3218 938 3242 ⁸
973 3193 1049 3262 Si,
1098 3191 1312 3263 inquit.
1345 3190 1519 3246 homo
1551 3187 1960 3244 ίθηιυωωοάο
1992 3174 2034 3240 C
2074 3201 2188 3256 Deo
2218 3197 2373 3254 Patri
2409 3174 2700 3268 ὁμοᾶύσιον
2733 3213 2880 3261 esse,
2935 3213 3050 3266 qua
3099 3213 3166 3252 ex
3227 3196 3335 3252 Deo
3391 3174 3501 3266 est,
3543 3202 3719 3270 atque

307 3287 612 3355 Christus,
702 3285 842 3357 quid
922 3288 1030 3350 est,
1091 3281 1243 3353 quod
1294 3280 1374 3335 ait
1431 3296 1444 3334 :
1511 3281 1626 3348 Ego
1691 3285 1742 3332 et
1798 3279 1964 3332 Pater

308 3395 492 3434 unum
523 3392 714 3432 sumus
746 3374 773 3429 ‘I
803 3373 1102 3437 Quomodo
1131 3371 1286 3425 enim
1318 3385 1423 3439 ego
1472 3372 1529 3423 et
1582 3367 1748 3422 Pater
1778 3381 1962 3420 unum

314 3483 558 3537 sumus,
591 3465 640 3521 si
673 3480 787 3519 non
817 3468 873 3517 et
930 3467 1079 3516 Deus
1138 3466 1227 3516 est
1280 3465 1338 3514 et
1381 3458 1583 3521 Filius,
1615 3456 1713 3528 qui
1749 3455 1964 3509 idcirco

318 3572 511 3613 unum
548 3558 736 3626 potest
767 3551 902 3617 dici,
935 3551 1073 3605 dum
1107 3567 1174 3604 ex
1213 3547 1342 3620 ipso
1383 3552 1489 3612 est,
1525 3550 1582 3600 et
1610 3546 1748 3600 dum
1786 3542 1967 3598 Filius

313 3646 455 3717 ejus
486 3647 594 3711 est,
619 3647 676 3698 et
703 3642 844 3695 dum
877 3656 943 3695 ex
974 3639 1101 3710 ipso
1134 3638 1413 3702 nascitur,
1449 3640 1506 3690 et
1553 3635 1690 3689 dum
1743 3650 1812 3686 ex
1843 3632 1968 3703 ipso

317 3732 690 3807 processisse
734 3729 1035 3801 repetitur,
1069 3745 1170 3799 per
1218 3727 1372 3797 quod
1431 3730 1490 3779 et
1537 3731 1686 3778 Usus
1736 3727 1826 3776 est
1879 3722 1907 3776 ?
1941 3742 1968 3768 ››

313 3823 405 3879 Ex
448 3839 563 3893 quo
621 3821 746 3876 loco
804 3818 956 3874 clare
1011 3815 1296 3871 refellitur
1326 3813 1534 3869 Petavii
1568 3810 1865 3867 calumnia
1911 3808 1970 3864 in

315 3913 511 3983 hujus
544 3909 677 3966 libri
701 3912 1020 3976 auctorem,
1073 3905 1216 3959 dum
1257 3902 1354 3973 ait,
1385 3904 1577 3974 ipsum
1609 3923 1636 3951 «
1672 3899 1845 3954 verba
1874 3897 1976 3953 illa

326 4000 580 4057 Joannis
611 3997 854 4066 decimo,
887 4000 1002 4067 Ego
1022 4002 1073 4049 et
1120 3998 1284 4048 Pater
1325 4008 1499 4046 unum
1528 4005 1735 4046 sumus.
1762 3987 1976 4043 Ariano

327 4104 484 4162 pene
513 4103 672 4142 more
704 4085 1027 4140 declarasse
1059 4101 1071 4150 ;
1103 4105 1130 4133 ››
1157 4083 1225 4136 ad
1262 4083 1409 4137 hanc
1439 4096 1749 4135 censuram
1772 4079 1977 4133 conﬁr-

332 4176 614 4233 mandam
637 4177 823 4230 citans
853 4173 966 4228 ista
987 4173 1114 4243 ejus
1143 4173 1317 4226 verba
1338 4187 1463 4242 cap.
1495 4186 1650 4224 xxxii
1677 4185 1688 4223 :
1726 4192 1752 4218 ‹‹
1788 4167 1978 4223 Unum

331 4270 535 4324 autem
566 4265 720 4336 quod
755 4261 854 4330 ait,
891 4262 961 4316 ad
985 4259 1352 4315 concordiam
1376 4264 1434 4313 et
1462 4259 1727 4314 eamdem
1748 4261 1978 4311 senten-

335 4355 507 4418 tiam,
541 4356 598 4408 et
625 4351 815 4423 ipsam
838 4349 1143 4405 charitatis
1196 4348 1532 4403 societatem
1592 4346 1840 4418 pertinet
1873 4362 1886 4411 ;
1921 4348 1986 4398 ut

334 4442 549 4498 merito
572 4456 756 4496 unum
789 4439 906 4494 sint
937 4441 1108 4492 Pater
1137 4442 1194 4492 et
1224 4436 1403 4491 Filius
1441 4452 1541 4506 per
1590 4434 1982 4502 concordiam,

335 4535 398 4588 et
425 4547 528 4603 per
568 4544 849 4598 amorem,
908 4531 966 4583 et
1011 4542 1113 4600 per
1160 4525 1553 4581 dilectionem.
1591 4546 1618 4572 ››
1650 4523 1847 4594 Atqui,
1895 4521 1985 4576 in—
2017 4543 2062 4607 D
2094 4533 2286 4588 vinam
2344 4529 2725 4584 aeternitatem
2781 4551 2802 4576 ιι

335 4636 538 4692 quam,
571 4635 640 4674 ex
678 4617 804 4673 loco
827 4617 954 4688 jam
985 4633 1019 4672 a
1050 4614 1216 4671 nobis
1247 4613 1420 4669 allato
1479 4616 1728 4678 constat,
1788 4615 1984 4666 aucto-

336 4725 463 4765 rem
508 4709 684 4764 verba
733 4706 835 4762 illa
873 4704 1114 4760 Joannis
1173 4721 1289 4759 non
1335 4703 1407 4758 de
1475 4701 1598 4757 sola
1655 4701 1984 4769 concordia,

337 4799 462 4855 sive
490 4813 780 4854 consensu
831 4793 1148 4850 voluntatis
1195 4792 1372 4865 (quod
1436 4790 1633 4847 Ariani
1686 4790 1988 4861 fecerunt),

339 4887 444 4944 sed
473 4887 668 4953 etiam,
704 4890 879 4958 atque
909 4884 967 4938 in
1016 4883 1242 4954 primis,
1298 4883 1368 4936 de
1416 4879 1827 4936 communione
1849 4879 1987 4934 sub-

339 4975 602 5044 stantiis,
633 4975 935 5046 quaeinter
963 4972 1188 5026 Patrem
1213 4970 1490 5026 etFilium
1522 4968 1989 5039 intercedit,cum

343 5063 649 5121 catholicis
679 5063 919 5119 omnino
952 5061 1327 5116 intellexisse.
1362 5060 1524 5126 Quod
1571 5064 1628 5114 et
1683 5074 1749 5113 eo
1780 5059 1904 5130 ipso
1933 5059 1988 5112 in

341 5154 498 5221 loco,
525 5169 699 5224 quem
733 5154 873 5208 citat
915 5151 1205 5218 Petavius,
1256 5155 1456 5204 auctor
1513 5148 1664 5203 clare
1724 5149 1867 5203 satis
1897 5165 1990 5203 ex-

347 5243 572 5316 primit,
598 5243 738 5297 dum
772 5241 893 5296 haec
926 5240 1098 5296 verba
1155 5239 1213 5310 (a
1250 5236 1480 5292 Petavio
1512 5236 1667 5291 haud
1698 5237 1852 5292 bona
1883 5237 1994 5292 ﬁde

345 5330 554 5403 celata)
597 5327 812 5402 ἆμὲσως
870 5327 1105 5400 subjicit
1155 5345 1222 5384 τα
1270 5331 1338 5381 Et
1392 5327 1670 5398 quoniam
1702 5344 1771 5382 ex
1830 5325 1996 5382 Patre

418 5493 496 5567 (7)
517 5492 695 5567 Sand.
718 5490 881 5567 ﬂuet.
912 5492 1072 5567 ιιηιξ.
1107 5489 1208 5567 l_i_b.
1237 5505 1277 5557 ι,
1309 5504 1442 5562 pag.
1479 5488 1600 5567 HQ.

443 5561 498 5639 ὃ)
530 5563 676 5639 Dull.
705 5565 930 5639 Defens,
959 5565 1056 5639 Fid
1111 5561 1325 5620 Nicwn.
1361 5577 1512 5639 pag.
1537 5561 1653 5614 134.

443 5632 500 5714 9)
533 5635 724 5694 Petav.
758 5632 797 5692 l'.
823 5652 872 5693 c.
898 5632 1122 5693 Praet'at.
1157 5651 1216 5690 in
1267 5632 1409 5690 toni.
1467 5633 1558 5705 11.,
1596 5648 1721 5707 cap.
1752 5632 1809 5703 5,
1843 5649 1900 5690 n.
1943 5634 1996 5691 3.

2073 3286 2367 3360 ὁμοούσιος
2399 3293 2487 3342 est
2514 3286 2681 3342 nobis
2712 3285 3070 3356 hominibus,
3094 3303 3210 3358 qua
3230 3303 3299 3342 ex
3320 3287 3558 3344 homine
3587 3292 3714 3357 est;

2075 3394 2264 3449 neque
2285 3377 2478 3430 minus
2509 3390 2707 3430 verum
2743 3379 2942 3441 Deum,
2976 3391 3153 3445 quam
3183 3391 3385 3430 verum
3421 3375 3718 3432 hominem

2076 3483 2223 3523 esse.
2256 3465 2539 3520 Caeterum
2587 3463 2742 3518 haud
2794 3463 3182 3534 injucundum
3240 3464 3350 3519 erit
3398 3464 3726 3533 observare,

2077 3556 2231 3628 quod
2258 3553 2634 3618 Novatianus,
2662 3569 2786 3623 cap.
2823 3552 2908 3617 t3,
2945 3552 3097 3608 sicut
3147 3556 3206 3608 et
3246 3553 3450 3624 reliqui
3500 3552 3733 3625 antiqui

2080 3647 2277 3701 Patres
2309 3643 2530 3715 passim
2585 3658 2684 3712 pro
2718 3640 3019 3696 divinitate
3057 3643 3189 3696 .Icsu
3223 3641 3436 3697 Christi
3490 3643 3734 3698 demon-

2080 3732 2320 3787 stranda
2351 3731 2422 3784 iis
2449 3731 2570 3784 sint
2602 3730 2691 3783 usi
2715 3729 2852 3782 Novi
2888 3730 3143 3785 Fcederis
3161 3731 3440 3800 testibus,
3474 3732 3734 3789 sc.Joan.

2084 3840 2119 3876 ι.
2152 3822 2186 3875 3
2215 3826 2270 3874 et
2300 3820 2365 3873 14
2398 3835 2411 3886 ;
2443 3817 2609 3873 Joan.
2645 3825 2726 3884 iu,
2764 3818 2831 3872 13
2860 3823 2917 3873 et
2955 3819 3014 3872 t7
3052 3843 3066 3886 ;
3098 3819 3267 3875 Joan.
3296 3838 3349 3888 χ,
3381 3821 3491 3887 8ος
3525 3820 3736 3890 xx,28;

2083 3911 2245 3965 Rom.
2280 3925 2373 3974 1x;
2401 3908 2470 3961 ad
2505 3905 2733 3961 Galat.i
2767 3905 3026 3973 ;Coloss.
3061 3925 3101 3974 l,
3153 3914 3285 3975 etc.,
3341 3924 3487 3979 quos
3528 3910 3736 3964 etiam-

2085 4014 2225 4054 num
2259 4003 2313 4052 et
2342 3995 2525 4051 nostri
2558 3993 2807 4067 theologi
2845 3995 2970 4051 suis
3026 3997 3084 4050 in
3113 3995 3602 4052 instructionibus
3633 3996 3735 4052 ad-

2087 4088 2314 4142 hihcnt.

2161 4175 2252 4232 IV.
2283 4180 2344 4229 1n
2371 4174 2580 4246 capitis
2608 4174 2678 4227 29
2710 4189 3005 4245 processu,
3047 4173 3402 4230 Novatianus
3431 4191 3529 4230 eas
3552 4174 3740 4246 Spiri-

2089 4266 2174 4322 tui
2208 4270 2410 4320 sanctn
2431 4262 2649 4318 addicit
2684 4262 2929 4318 virtutes
2982 4267 3041 4317 et
3087 4263 3478 4336 operationes,
3511 4281 3638 4336 quas
3681 4265 3742 4320 in

2093 4359 2419 4411 creaturam
2443 4357 2770 4423 competere
2803 4352 3142 4422 neutiquam
3179 4358 3447 4424 possunt.
3476 4359 3556 4409 Ae
3588 4352 3746 4409 deni-

2097 4460 2210 4516 que
2242 4457 2421 4515 pr0pe
2444 4440 2618 4495 finem
2652 4439 2860 4512 capitis
2891 4439 3078 4494 eidem
3118 4439 3357 4512 Spiritui
3389 4446 3638 4498 sancto«
3665 4441 3748 4497 di-

2866 4543 3136 4599 expresse
3189 4529 3417 4587 tribuit.
3469 4529 3751 4602 Spiritum

2095 4625 2389 4687 sanctum,
2422 4617 2519 4671 ubi
2553 4616 2742 4686 capite
2788 4633 2900 4686 xvi,
2934 4615 3009 4670 al.
3071 4634 3223 4683 xxiv,
3284 4619 3569 4675 minorem
3621 4633 3750 4676 esse

2097 4707 2239 4763 Filio
2294 4706 2459 4770 dicit,
2547 4705 2752 4759 eodem
2810 4703 2981 4776 plane
3063 4707 3230 4761 mede
3278 4706 3749 4780 intelligendum,

2098 4813 2212 4869 quo
2245 4794 2371 4850 Filii
2406 4793 2968 4859 subordinationem,
2999 4794 3068 4848 ad
3106 4795 3329 4851 Patrem
3370 4796 3555 4867 relati,
3588 4798 3751 4853 theo-

2095 4884 2211 4958 logi
2299 4884 2780 4954 interpretantur,
2869 4881 2951 4937 ita
3019 4882 3262 4948 scilicet,
3351 4890 3413 4940 ut
3496 4887 3751 4957 Spiritus

2099 4978 2369 5031 sanctum
2427 4972 2661 5027 dicatur
2721 4969 2863 5026 Filio
2924 4969 3118 5027 minor
3173 4989 3288 5029 non
3352 4976 3592 5042 natura),
3650 4973 3752 5031 sed

2099 5063 2345 5135 originis
2403 5065 2692 5132 respectu,
2751 5059 2887 5130 quia
2940 5076 3148 5131 nempe
3208 5079 3241 5115 a
3290 5061 3454 5116 Patre
3505 5078 3606 5133 per
3661 5061 3755 5118 Fi-

2101 5156 2247 5210 lium
2305 5151 2636 5216 deducitur,
2698 5155 2758 5204 ut
2795 5147 3056 5221 loquitur
3139 5150 3561 5216 Tertullianus,
3622 5151 3757 5209 adv.

2101 5243 2404 5308 Praxeam,
2437 5255 2563 5310 cap.
2599 5243 2652 5309 4,
2686 5254 2752 5293 ac
2797 5238 3042 5310 proinde
3099 5256 3207 5294 sua
3248 5238 3449 5296 omnia
3501 5256 3535 5295 a
3589 5243 3762 5298 Patre

2103 5349 2206 5406 per
2235 5331 2446 5386 Filium
2468 5326 2699 5399 accipit,
2733 5335 2796 5382 ut
2849 5326 2992 5383 dicit
3026 5326 3386 5385 Novatianus
3416 5328 3548 5402 (40).

2176 5492 2284 5564 (10)
2315 5491 2396 5546 Ex
2427 5486 2726 5570 Novatiani
2784 5485 3118 5614 principiis,
3149 5489 3249 5562 qui
3307 5489 3518 5546 Filium
3554 5493 3758 5562 quate-

2176 5583 2220 5614 IS
2250 5581 2280 5614 θ
2303 5563 2471 5614 Patre
2501 5564 2756 5614 genitus.
2834 5561 2943 5614 atri
2977 5563 3258 5614 aeaualem
3318 5568 3512 5614 negat.
3555 5568 3758 5614 antum

2109 5561 2224 5643 nus
2250 5561 2280 5618 e
2303 5563 2471 5643 Patre
2501 5561 2756 5643 genitus,
2790 5561 2943 5616 Patri
2977 5561 3267 5643 aequalem.
3313 5568 3512 5643 negat,
3555 5561 3763 5643 aptum

2108 5641 2236 5694 erat
2265 5632 2596 5691 omnino’et
2635 5646 3026 5708 consequens,
3044 5632 3116 5689 ut
3171 5632 3457 5710 Spiritum
3489 5632 3770 5714 sanctum
