4102 6180
463 325 578 386 911

1503 317 1944 384 NOVATIANI
1987 315 2480 381 PRESBYTERI
2529 310 2836 380 ROMANI
3695 324 3786 389 9|!

536 452 854 509 Levissima
885 455 1041 520 sunt,
1079 467 1205 524 quis
1239 449 1532 507 Pamelius
1559 451 1617 506 in
1649 451 1970 507 Novatiano
2031 468 2116 506 re-
2151 454 2203 519 Α
2233 467 2361 506 esse
2392 451 2597 519 Deum,
2649 451 2825 506 hocce
2890 450 2950 506 in
2997 449 3186 522 capite
3242 451 3434 508 auctor
3473 452 3787 517 demonstrat.

469 541 798 615 prehendit,
832 541 985 598 884
1017 542 1167 612 quod
1215 541 1455 612 capite7
1486 541 1704 596 scribat
1761 543 2064 611 sequont‘a
2097 558 2108 594 :

470 655 500 682 ‹‹
532 632 790 702 Denique
819 631 869 686 si
899 631 1188 701 acceperis
1219 630 1500 700 Spiritum
1541 630 1929 686 substantiam
1991 630 2112 698 Dei,

471 725 799 777 creaturam
854 717 1056 776 feceris
1104 719 1286 774 Deum
1337 736 1350 787 ;
1403 719 1596 774 omnis
1655 719 1811 774 enim
1871 718 2114 790 spiritus

471 812 737 865 creatura
765 813 872 864 est.
907 830 935 858 »
969 807 1098 863 Haec
1128 807 1286 863 enim
1312 808 1506 874 verba,
1543 829 1572 858 ‹‹
1630 807 1833 863 Omnis
1872 807 2115 879 spiritus

471 902 736 956 creatura
790 901 898 962 est,
935 920 956 946 ι
995 897 1236 952 minime
1283 897 1566 967 Spiritum
1616 902 1885 952 sanctum
1943 897 2116 952 attin-

469 991 637 1060 gunt,
669 986 1046 1044 Demonstrat
1073 985 1427 1042 Novatianus
1450 991 1630 1042 Deum
1663 987 1734 1040 ab
1777 985 2114 1041 hominibus

468 1076 631 1132 nulla
657 1091 796 1133 voce
835 1075 1128 1148 designari
1182 1091 1373 1147 posse,
1432 1093 1561 1146 quas
1619 1092 1735 1130 non
1791 1074 2112 1147 plurimum

467 1165 697 1222 aberret
728 1165 800 1220 ab
830 1163 1059 1219 infinita
1087 1162 1188 1218 illa
1223 1164 1546 1234 majestate.
1580 1163 1968 1227 Quamobrem
1996 1161 2114 1219 sive

466 1253 583 1324 lux,
616 1254 737 1311 sive
764 1255 1020 1325 spiritus,
1051 1254 1172 1309 sive
1203 1255 1356 1326 ignis
1409 1252 1655 1323 dicatur,
1716 1252 1860 1307 nihil
1900 1243 2111 1308 horum

465 1349 598 1415 apte
627 1344 698 1398 de
729 1343 844 1398 Deo
899 1347 958 1397 et
995 1343 1298 1397 commode
1357 1341 1750 1414 pronuntiari;
1809 1346 2114 1413 propterea

464 1433 622 1504 quod
653 1436 708 1487 et
763 1430 1006 1503 piritus
1065 1433 1121 1486 et
1191 1429 1345 1502 ignis
1398 1435 1673 1485 creaturae
1722 1430 1860 1485 sint.
1897 1429 2108 1497 «Haec,

463 1520 682 1594 inquit,
713 1520 1043 1593 figurantur
1073 1519 1293 1591 potius,
1318 1536 1494 1590 quam
1515 1519 1594 1573 ita
1613 1522 1771 1575 sunt.
1800 1519 1945 1574 Nam
1979 1523 2034 1573 et
2053 1519 2110 1574 in

463 1609 655 1667 Veteri
687 1609 1061 1666 Testamento
1090 1607 1244 1663 Deus
1275 1609 1419 1679 ignis
1441 1607 1692 1674 dicitur;
1729 1610 1791 1663 ut
1823 1607 2110 1680 peccatori

464 1698 680 1771 populo
702 1702 896 1754 metus
926 1697 1265 1761 incutiatur,
1292 1697 1630 1767 dumjudex
1649 1696 1978 1752 ostenditur
2009 1711 2023 1752 :
2055 1701 2112 1752 et

464 1787 525 1843 in
556 1788 711 1843 Novo
739 1788 1112 1886 Testamento
1130 1788 1366 1887 spiritus
1408 1802 1535 1885 esse
1567 1786 1874 1856 profertur,
1926 1789 1990 1840 ut
2020 1802 2111 1840 re-
2143 1822 2189 1887 Β

465 1877 645 1932 fector
667 1881 724 1932 et
751 1879 977 1932 creator
1025 1875 1082 1929 in
1113 1874 1344 1930 delictis
1403 1874 1528 1930 suis
1563 1879 1948 1943 mortuorum,
2011 1889 2112 1946 per

462 1965 613 2021 hanc
643 1966 962 2021 bonitatem
1021 1963 1242 2019 collatae
1295 1964 1667 2020 credentibus
1711 1962 2108 2035 indulgentias,

462 2055 893 2127 comprobatur.
953 2076 981 2103 »
1041 2053 1149 2109 Ubi
1197 2052 1379 2120 vidos,
1442 2052 1664 2125 «ignis
1722 2057 1779 2108 et
1800 2053 2042 2124 spiritus
2082 2073 2111 2101 »

461 2143 877 2216 appellationes
900 2142 1217 2198 Novatiano
1251 2158 1283 2196 a
1300 2142 1474 2196 rebus
1494 2139 1892 2196 materialibus
1925 2145 2111 2196 trans-

460 2233 610 2290 latas
657 2231 882 2300 videri;
921 2247 1023 2287 nec
1055 2247 1188 2286 eum
1238 2231 1309 2285 de
1364 2229 1576 2301 Spiritu
1637 2235 1840 2285 sancto
1893 2229 2112 2284 dictum

457 2320 731 2392 voluisse,
762 2321 916 2392 quod
949 2342 978 2371 «
1005 2335 1241 2376 omnem
1283 2319 1550 2392 spiritum
1585 2341 1614 2370 »
1675 2319 1755 2374 ait
1785 2322 2114 2374 creaturam

457 2427 606 2480 esse,
643 2409 773 2465 Haec
814 2409 1091 2465 Maranus
1123 2409 1167 2481 (1
1187 2409 1258 2480 1).

532 2498 806 2564 Qusritur
843 2497 976 2552 dein
1026 2495 1338 2565 Pamelius,
1372 2496 1781 2563 Novatianum,
1807 2496 1995 2566 capite
2025 2497 2116 2562 30,

464 2587 746 2659 Spiritum
768 2590 1037 2643 sanctum
1070 2602 1182 2641 non
1224 2584 1517 2658 appellare
1559 2585 1765 2655 Deum,
1800 2603 1904 2640 nec
1937 2585 2115 2640 ullam

470 2675 826 2733 mentionem
849 2676 978 2746 ejus
1008 2675 1354 2743 facere,cum
1376 2675 1599 2730 Patrem
1626 2679 1684 2730 et
1701 2673 1910 2730 Filium
1933 2690 2116 2730 unum

474 2838 573 2910 qui
609 2854 676 2892 ex
701 2841 868 2892 Patre
901 2836 1160 2910 Filioque
1207 2836 1488 2910 procedit,
1539 2845 1786 2910 utroque
1833 2835 2118 2910 minorem

472 2907 600 2965 esse
622 2912 918 2964 statueret.
954 2907 1065 2963 Nec
1098 2907 1285 2979 magis
1336 2908 1405 2962 de
1462 2907 1714 2979 Spiritus
1753 2908 1938 2979 sancti
1979 2907 2120 2962 divi-

476 2983 655 3036 nitate
685 2980 959 3043 detrahit,
985 2997 1116 3034 cum
1139 2978 1273 3034 eum
1322 2979 1428 3033 hoc
1460 2995 1634 3033 sensu
1668 2978 1944 3048 aqualem
1979 2979 2120 3033 Filio

474 3057 874 3135 negat._quam
915 3052 995 3133 de.
1017 3051 1168 3116 Filii,
1215 3067 1372 3135 cum.
1407 3050 1732 3135 eumPatri
1764 3050 2023 3135 subjicit,
2057 3055 2123 3134 ut

473 3120 1058 3195 ori'ginis'principio,
1091 3139 1124 3178 a
1153 3139 1266 3195 quo
1297 3126 1478 3195 totam
1508 3120 1834 3195 divinitatis
1873 3121 2118 3195 auctori-

475 3194 652 3266 tatem
682 3194 918 3266 accepit.

472 3284 586 3323 non
617 3263 1290 3322 leviter—commendatur
1344 3263 1452 3319 hoc
1489 3264 1632 3318 loco.

465 3343 563 3394 tus
595 3342 834 3393 sanctus
881 3342 1147 3392 creatura
1208 3339 1382 3402 esset,
1430 3335 1486 3390 id
1538 3352 1653 3390 non
1711 3336 1903 3405 majus
1962 3339 2119 3390 esset

463 3414 877 3482 argumentum
904 3406 1225 3482 divinitatis
1256 3407 1676 3482 Christi,qu_am
1710 3407 1866 3478 quod
1899 3410 2113 3482 catenis

461 3477 560 3538 res
584 3485 790 3537 creatas
831 3479 902 3535 ab
960 3480 1163 3536 eodem
1221 3479 1480 3550 accipere
1548 3477 1842 3534 dicuntur.
1899 3477 2116 3534 Deinde

1721 3281 1814 3319 am
1847 3265 1894 3318 si
1927 3263 2114 3335 Spiri-

2221 544 2493 594 Sanctum
2530 540 2764 612 quidem
2799 537 3079 610 Spiritum
3101 537 3432 595 nominatim
3460 557 3562 597 non
3587 545 3794 616 appellat

2222 633 2406 684 Deum
2439 629 2794 686 Novatianus
2830 645 2841 682 :
2879 629 2979 684 sed
3039 629 3110 684 de
3150 627 3308 684 illius
3341 652 3366 678 «
3398 629 3573 686 divina
3609 635 3793 691 interni~

2223 723 2338 774 tate
2373 740 2398 767 ιι
2430 718 2488 773 in
2521 719 2710 789 capite
2741 718 3096 788 praecedente
3125 734 3239 772 non
3272 716 3416 784 silet,
3449 724 3500 774 et
3525 719 3795 778 Deumesse

2226 807 2427 863 multis
2453 807 2814 880 argumentis
2845 807 3070 878 probat.
3115 806 3260 870 Quid
3293 807 3441 862 enim
3496 808 3544 863 ei
3589 811 3801 882 proposi-

2225 901 2351 950 tum
2383 901 2491 963 est,
2523 913 2655 950 cum
2688 895 2884 951 divina
2923 895 3084 951 illius
3141 895 3414 951 attributa
3440 896 3685 966 defendit,
3713 900 3799 956 nisi

2229 989 2290 1039 ut
2322 986 2525 1056 probet
2556 986 2710 1057 quod
2745 1001 2806 1040 se
2833 986 3218 1057 probaturum
3251 985 3597 1055 promiserat,
3635 1003 3803 1062 nempe

2224 1080 2489 1145 oportere
2530 1075 2763 1129 credere
2819 1074 2996 1128 etiam
3055 1074 3114 1127 in
3172 1072 3451 1144 Spiritum
3507 1079 3804 1146 sanctum,»

2223 1179 2289 1217 ac
2321 1163 2562 1233 proinde
2587 1179 2723 1218 eum
2753 1179 2937 1217 unum
2952 1179 3079 1218 esse
3099 1178 3234 1218 cum
3258 1162 3419 1218 Patre
3430 1166 3484 1218 et
3499 1161 3809 1221 FilioDeum?

2224 1250 2386 1306 Unde
2416 1251 2592 1306 etiam
2625 1255 2937 1324 postquam
2971 1267 3038 1306 ea
3067 1250 3334 1316 absolvit,
3391 1267 3511 1322 quae
3541 1251 3606 1307 de
3632 1251 3809 1324 Spiritu

2223 1348 2421 1394 sanclo
2452 1340 2644 1395 dicere
2673 1344 2977 1408 statuerat,
3013 1339 3096 1395 sic
3116 1339 3286 1395 initio
3323 1339 3492 1410 hujus
3522 1340 3813 1412 capitistres

2222 1445 2502 1500 personas
2531 1429 2836 1501 conjungit
2863 1445 2878 1484 :
2903 1451 2931 1480 «
2960 1431 3028 1485 Et
3058 1429 3180 1485 haec
3229 1429 3462 1501 quidem
3517 1431 3584 1486 de
3610 1431 3751 1487 Patre
3772 1438 3815 1488 et

2224 1517 2386 1584 Filio,
2446 1523 2503 1574 et
2558 1519 2628 1573 de
2694 1518 2913 1590 Spiritu
2971 1523 3172 1574 sancto
3231 1519 3477 1574 breviter
3537 1519 3686 1576 nobis
3725 1521 3818 1576 sint

2221 1606 2393 1661 dicta.
2428 1627 2455 1656 ››
2491 1607 2650 1670 Quod
2684 1607 2731 1662 si
2784 1611 2974 1663 tacere
3016 1608 3086 1663 de
3141 1606 3363 1679 Spiritu
3403 1611 3592 1664 sancto
3633 1608 3818 1664 videtur

2220 1694 2596 1766 Novatianus,
2629 1697 2767 1751 dum
2801 1700 3030 1752 Patrem
3065 1701 3124 1752 et
3163 1696 3375 1751 Filium
3404 1713 3513 1752 non
3561 1697 3694 1753 duos
3716 1713 3818 1752 esse

2221 1784 2380 1850 deos,
2408 1784 2507 1839 sed
2542 1800 2726 1840 unum
2759 1785 3014 1840 ostendit
3047 1803 3060 1850 ;
3106 1801 3221 1840 non
3281 1784 3513 1840 aliunde
3560 1786 3820 1858 querenda

2221 1872 2400 1943 hujus
2432 1872 2511 1928 rei
2545 1890 2722 1928 causa
2753 1873 2868 1928 nisi
2899 1875 3053 1944 quod
3086 1873 3145 1928 in
3177 1874 3484 1930 evertenda
3511 1872 3629 1929 Filii
3653 1874 3822 1929 divini-

2220 1965 2336 2016 tate
2366 1963 2559 2017 omnis
2591 1962 2991 2019 haereticorum
3048 1967 3295 2019 conatus
3338 1963 3679 2019 versabatur.
3707 1964 3820 2020 Nam

2222 2051 2271 2106 si
2305 2052 2484 2106 semel
2516 2052 2864 2123 probassent
2891 2051 3096 2107 Filium
3113 2070 3226 2108 non
3242 2068 3373 2108 esse
3403 2069 3581 2108 unum
3609 2056 3818 2108 cumPs~

2222 2144 2308 2194 tre
2363 2139 2563 2207 Deum,
2597 2141 2797 2196 eadem
2831 2157 3006 2212 Opera
3030 2141 3310 2212 Spiritum
3333 2146 3594 2196 sanctum
3617 2141 3821 2196 adivins

2225 2232 2444 2284 natura:
2518 2231 2810 2285 consortio
2871 2231 3312 2286 dissociassent.
3359 2231 3506 2288 885
3558 2231 3645 2286 Sic
3682 2231 3821 2285 etiam

2225 2317 2405 2374 semel
2435 2319 3172 2389 demonstrato,Patremet
3203 2319 3418 2376 Filium
3436 2343 3464 2371 ‹‹
3487 2320 3822 2392 persubstan-

2223 2407 2314 2460 tias
2346 2408 2844 2474 communionem,
2878 2431 2906 2459 »
2939 2412 3004 2462 ut
3033 2409 3114 2463 ait
3134 2409 3517 2478 Novatianus,
3541 2424 3707 2464 unum
3722 2422 3823 2463 esse

2225 2496 2428 2563 Deum,
2467 2513 2580 2551 non
2593 2498 2720 2566 jam
2780 2503 3083 2568 supererat
3129 2498 3446 2554 dubitandi
3502 2499 3670 2563 locus,
3712 2495 3823 2568 quin

2225 2584 2479 2656 Spiritus
2511 2585 2695 2641 sancti
2729 2586 3006 2642 divinitas
3039 2603 3414 2659 nequaquam
3447 2592 3560 2644 tres
3587 2588 3710 2643 deos
3727 2585 3823 2641 elli-

2227 2682 2380 2729 ccret
2408 2674 2542 2745 (12).

2229 2851 2361 2890 vero
2393 2836 2550 2906 quod
2605 2836 2768 2891 addit
2797 2836 3176 2904 Novatianus,
3236 2838 3541 2895 Christum
3571 2855 3602 2892 a
3649 2835 3824 2909 Spiritu

2230 2912 2433 2962 sancto
2467 2913 2844 2978 accepturum
2879 2909 3078 2973 fuisse,
3140 2909 3188 2964 si
3217 2909 3398 2966 homo
3444 2915 3657 2966 tantum
3686 2913 3823 2972 esset,

2231 2979 2614 3052 autAngelus
2646 2979 2951 3052 (Angelum
2985 2981 3138 3034 enim
3183 2998 3316 3037 esse
3343 2982 3661 3037 fatebantur
3685 2980 3825 3052 hare:

2230 3051 2374 3120 tici),
2405 3049 2592 3106 nenne
2642 3049 2984 3121 argumenlo
3032 3059 3140 3116 est,
3169 3070 3264 3108 res
3315 3070 3518 3108 omnes
3547 3057 3761 3119 creatas,
3790 3049 3826 3104 si

2232 3122 2405 3176 modo
2442 3122 2662 3194 ratione
2695 3129 2954 3192 utantur,
3014 3141 3082 3179 ex
3120 3125 3342 3194 Spiritu
3386 3129 3600 3192 sancto,
3655 3128 3710 3179 ut
3747 3137 3825 3194 att-

952 3192 1096 3258 Ouin
1132 3192 1305 3247 etiam
1338 3193 1614 3264 divinitas
1645 3192 1902 3264 Spiritus
1928 3193 2112 3247 sancti
2146 3195 2188 3259 C
2229 3199 2386 3248 ctore
2411 3193 3021 3264 sanctitatis,pendere
3049 3195 3076 3250 ‘l
3104 3192 3406 3262 Maranus,
3430 3197 3643 3252 Divinit.
3679 3199 3738 3250 D.
3775 3193 3822 3248 Ν.

2225 3266 2274 3320 J.
2401 3264 2500 3341 li_b_.
2536 3282 2610 3334 1v,
2643 3281 2770 3341 cap.
2807 3266 2893 3341 49,
2926 3268 2952 3334 §
2980 3271 3036 3333 2,
3069 3283 3199 3339 pag.
3233 3269 3344 3323 520
3366 3274 3423 3324 et
3452 3285 3609 3341 seqq.

2295 3335 2406 3400 (it)
2441 3337 2660 3392 Maran.
2689 3335 2792 3392 loc.
2831 3337 2930 3392 cit.

2296 3407 2408 3479 (12)
2447 3409 2657 3464 Maran.
2703 3410 2936 3464 Divinit.
2968 3409 3032 3464 ι).
3059 3411 3125 3466 Ν.
3143 3411 3194 3466 Ι.
3232 3411 3291 3466 C.
3329 3410 3431 3465 lib.
3466 3411 3560 3466 cit.
3593 3408 3771 3482 p.521.

1613 3761 2705 3922 NOVATIANI

1781 4019 2229 4078 PRESBYTERI
2283 4019 2563 4077 ROMANI

1269 4184 1477 4309 DE
1571 4182 2450 4310 TBINITATE
2540 4183 3060 4322 LIBER.

418 4478 431 4484 ”
527 4484 681 4540 886
711 4488 1147 4538 ARGUMENTUM.
1183 4508 1252 4523 —-
1280 4477 1563 4538 Dividitur
1584 4483 1853 4536 tractatus
1885 4480 2189 4536 Novatiani
2207 4477 2271 4535 de
2306 4481 2570 4537 Trinitate
2592 4482 2652 4537 in
2709 4483 2986 4552 tringinta
3043 4489 3096 4537 et
3127 4497 3303 4537 unum
3333 4487 3517 4552 caput.
3535 4467 3820 4533 Primumdt

460 4574 532 4628 iis
563 4573 742 4627 verbis
771 4573 972 4642 regulae
1003 4573 1271 4637 veritatis,
1300 4587 1398 4627 seu
1417 4571 1547 4641 ﬁdei
1575 4571 1762 4642 (quam
1794 4567 2116 4640 Symbolum
2144 4570 2416 4641 vocamus)
2448 4573 2864 4638 commentatur,
2879 4585 3004 4642 qui?
3021 4587 3117 4626 nos
3146 4571 3375 4627 credere
3391 4568 3584 4641 jubent
3610 4565 3662 4620 in
3691 4561 3820 4618 Deum

460 4663 681 4716 Patrem
710 4663 759 4715 et
790 4661 1088 4715 Dominum
1124 4662 1570 4731 omnipotentem,
1603 4675 1792 4714 rerum
1829 4658 2081 4712 omnibus
2121 4659 2585 4729 perfectissimum
2622 4668 2936 4726 creatorem,
2970 4676 3003 4713 a
3033 4661 3212 4729 capite
3281 4664 3301 4713 ι
3361 4659 3432 4715 ad
3460 4658 3493 4712 8
3531 4668 3705 4727 usque,
3731 4645 3818 4711 ubi.

417 4759 422 4762 '
459 4752 613 4805 inter
636 4750 756 4804 alia
776 4750 948 4804 etiam
980 4750 1249 4804 attributa
1278 4749 1487 4814 divina,
1541 4749 1989 4812 immensitatem,
2034 4748 2428 4814 aeternitatem,
2473 4750 2760 4812 unitatem,
2816 4749 3132 4816 bonitatem,
3194 4747 3707 4805 immutabilitatem,
3738 4739 3821 4790 im“

416 4911 422 4916 ρ
461 4839 889 4908 mortalitatem,
911 4839 1388 4910 spiritualitatem,
1420 4838 1626 4908 partim
1657 4853 1726 4891 ex
1772 4837 2013 4902 ratione,
2060 4837 2267 4900 partim
2321 4852 2390 4892 ex
2447 4835 2539 4891 SS.
2574 4838 2800 4892 Litteris
2829 4840 3038 4893 astruit
3072 4857 3088 4904 ;
3122 4837 3390 4908 additque
3447 4851 3544 4890 nec
3575 4831 3821 4905 passiones,

458 4946 556 4986 nec
588 4929 830 4984 membra
863 4930 964 4983 Deo
992 4927 1229 4982 attribui
1243 4942 1416 4998 posse,
1451 4925 1671 4996 haecque
1691 4928 1751 4979 in
1800 4925 2087 4996 Scriptura
2137 4923 2486 4981 solummodo
2538 4923 3042 4998 ἀνθρωποπαθικῶς
3087 4926 3154 4981 de
3198 4927 3310 4982 Deo
3343 4922 3641 4981 enuntiari.
3684 4917 3715 4972 A
3753 4925 3822 4967 al-

452 5020 568 5090 pite
598 5019 632 5073 9
678 5033 846 5089 usque
876 5017 946 5071 ad
981 5015 1083 5083 28,
1124 5017 1202 5069 ad
1232 5031 1295 5070 ea
1354 5014 1601 5086 Symboli
1654 5015 1831 5068 nostri
1884 5030 2094 5085 quoque
2123 5016 2291 5069 verba
2321 5013 2432 5069 tate
2457 5015 2792 5086 explicanda
2812 5015 3036 5086 accedit,
3071 5030 3196 5086 qua?
3224 5015 3390 5071 nobis
3419 5013 3573 5084 ﬁdem
3600 5015 3821 5064 commat-

409 5101 418 5108 ’
455 5110 586 5164 dant
617 5110 677 5162 in
699 5108 900 5162 Filium
933 5107 1027 5159 Dei
1045 5109 1238 5162 Jesum
1283 5103 1586 5170 Christum,
1639 5104 1954 5173 Dominum,
2019 5103 2184 5158 Deum
2238 5111 2505 5169 nostrum,
2528 5104 2804 5159 Christum
2830 5107 2890 5159 in
2926 5105 3099 5161 Veteri
3161 5106 3500 5160 Testamento
3526 5098 3819 5174 promissum:

452 5215 642 5255 verum
673 5196 969 5258 hominem,
1003 5209 1295 5264 verumque
1325 5193 1492 5248 Deum
1522 5209 1654 5260 esse,
1689 5193 2031 5264 Scripturam
2083 5193 2286 5246 Veteris
2345 5195 2590 5265 Novique
2646 5193 2885 5249 Patieris
2933 5195 3262 5249 auctoritate
3299 5193 3492 5264 probat
3526 5206 3547 5253 ,'
3575 5187 3746 5257 εαρίεεο
3770 5174 3818 5230 18

403 5270 411 5291 ἠ
455 5302 710 5344 errorem
743 5281 1182 5338 Sabelliunorum
1212 5285 1433 5354 refutat,
1483 5287 1534 5338 et
1576 5283 1896 5338 auctoritate
1937 5281 2033 5337 SS.
2062 5282 2406 5336 Litterarum
2462 5283 2870 5339 distinctionem
2924 5284 3110 5338 Patris
3148 5285 3201 5337 et
3238 5283 3387 5339 Filii
3423 5277 3708 5348 conﬁrmat,
3735 5268 3816 5354 hlf'

452 5378 651 5448 jusque
686 5372 1079 5429 haeresiarchas
1125 5352 1512 5442 objectionibus
1545 5371 1903 5442 aliorumque
1929 5369 2054 5425 dein
2084 5371 2384 5442 respondet.
2418 5372 2492 5426 De
2537 5372 2641 5441 ﬁde
2692 5374 2751 5427 in
2786 5373 3057 5441 Spiritum
3115 5381 3368 5427 sanctum
3413 5371 3527 5441 agit
3572 5363 3724 5435 capite
3749 5352 3814 5419 13.

407 5464 719 5535 _.inquiens
764 5481 784 5516 :
847 5463 1111 5532 Deinceps
1165 5461 1297 5533 ﬁdei
1340 5463 1719 5516 auctoritatem
1764 5459 2058 5515 admonere
2104 5475 2224 5527 nos,
2270 5468 2392 5532 post
2434 5461 2655 5517 Patrem
2712 5471 2761 5518 et
2789 5463 3014 5529 Filium,
3059 5462 3285 5519 credere
3313 5462 3482 5517 etiam
3510 5459 3564 5512 in
3591 5449 3814 5523 Spiritum

463 5559 718 5610 sanctum
747 5568 765 5605 :
796 5551 951 5623 cujus
979 5552 1318 5623 operationes
1347 5567 1416 5606 ex
1443 5549 1746 5622 Scripturis
1768 5555 2008 5604 recenset
2034 5554 2086 5604 et
2114 5549 2442 5620 comprobat.
2476 5551 2612 5606 Dein
2644 5554 2913 5609 unitatem
2960 5553 3061 5610 Dei
3107 5568 3233 5609 cum
3263 5555 3393 5608 ante
3419 5543 3685 5622 disputatis
3707 5549 3813 5597 cos-

407 5659 411 5662 ’
459 5643 693 5738 iungere
720 5640 914 5713 studet,
949 5641 1276 5715 tandemque
1297 5656 1570 5698 summam
1597 5654 1782 5697 rerum
1809 5639 2189 5714 expositurum
2207 5639 2443 5697 exhibet.
