4102 6180
276 340 396 402 913

811 471 1042 531 CAPUT
1085 474 1390 532 PRIMUM.

277 568 380 635 De,
415 563 681 635 Trinitate
737 563 1118 635 disputaturus
1201 567 1540 620 Novatianus
1613 582 1682 620 ex
1736 567 1932 635 regula

349 634 482 705 ﬁdei
515 637 776 706 proponit
812 634 872 690 ut
920 637 1103 707 primo
1147 637 1437 692 credamus
1479 639 1538 692 in
1594 637 1760 692 Deum
1802 634 1932 692 ’Pa-

350 712 496 762 trem
532 715 583 762 et
627 708 929 762 Dominum
983 709 1429 778 omnipotentem.
1463 725 1653 764 rerum
1682 711 1932 764 omnium

345 780 818 851 perfectissimum
843 778 1203 851 conditorem.
1256 779 1558 835 Creationis
1600 795 1764 849 opera
1804 782 1933 851 put-

350 849 480 905 chre
506 849 911 906 describuntur.
945 850 1204 905 Liberum
1234 851 1474 906 hominis
1512 849 1815 906 arbitrium
1842 868 1931 906 as-

347 922 574 976 seritur.
631 920 1004 976 Misericordia
1061 922 1163 976 Dei
1217 924 1278 975 in
1329 939 1492 992 paena
1535 924 1748 978 homini
1778 924 1932 992 inﬂi-

346 992 526 1063 genda
553 993 1153 1048 monstratur.Piorum
1173 994 1577 1065 impiorumque
1603 996 1933 1050 animarum

343 1070 468 1135 post
499 1072 732 1119 mortem
761 1065 908 1119 locus
930 1066 1211 1120 statuitur.

346 1187 570 1261 Regula
592 1187 772 1260 exigit
815 1187 1080 1243 veritatis
1114 1193 1176 1244 ut
1207 1189 1398 1260 primo
1430 1189 1696 1244 omnium
1731 1189 1930 1244 creda-

277 1294 414 1334 mus
451 1277 512 1332 in
545 1279 728 1333 Deum
760 1281 995 1332 Patrem
1030 1281 1088 1332 et
1119 1277 1436 1332 Dominum
1468 1277 1931 1350 omnipotentem

278 1367 337 1422 id
365 1370 477 1432 est,
511 1381 707 1422 rerum
739 1365 1003 1422 omnium
1037 1366 1536 1438 perfectissimum
1567 1367 1930 1422 conditorem

281 1455 382 1528 qui
407 1453 620 1511 ccelum
646 1454 763 1510 alta
791 1454 1158 1510 sublimitate
1184 1455 1562 1527 suspenderit
1586 1455 1687 1526 (1),
1719 1460 1933 1512 terram

280 1546 506 1616 dejecta
536 1543 690 1600 mole
719 1541 1078 1610 solidaverit,
1113 1545 1300 1600 maria
1343 1543 1536 1599 soluto
1565 1543 1790 1616 liquore
1821 1545 1930 1600 dif-

279 1634 517 1700 fuderit,
559 1637 618 1689 et
651 1632 772 1688 haec
803 1632 1001 1688 omnia
1030 1633 1283 1705 propriis
1304 1637 1362 1688 et
1382 1632 1688 1706 condignis
1718 1634 1934 1689 instru-

281 1723 498 1779 mentis
528 1726 587 1778 et
645 1726 850 1778 ornata
907 1725 964 1778 et
1011 1721 1184 1794 plena
1240 1722 1568 1795 digesserit.
1612 1722 1755 1781 Nam
1788 1728 1845 1778 et
1873 1723 1931 1778 in

279 1812 671 1868 solidamento
719 1811 849 1866 cceli
905 1809 1182 1867 luciferos
1240 1811 1381 1868 solis
1436 1816 1599 1867 ortus
1643 1811 1930 1882 excitavit,

277 1901 436 1957 luna:
454 1901 799 1956 candentem
823 1899 1062 1971 globum
1082 1900 1153 1954 ad
1173 1899 1449 1956 solatium
1468 1900 1656 1954 noctis
1675 1917 1938 1956 mensur-

277 1990 373 2045 nis
405 1989 482 2060 (2)
509 1987 887 2044 incrementis
916 1988 1072 2044 orbis
1105 1987 1387 2060 implevit,
1421 1993 1716 2043 astrorum
1758 1988 1933 2044 etiam

277 2077 474 2133 radios
505 2076 679 2133 variis
728 2075 1054 2149 fulgoribus
1114 2077 1388 2132 micantis
1447 2075 1596 2132 lucis
1627 2077 1933 2133 accendit:

278 2172 336 2222 et
367 2166 490 2221 haec
521 2165 718 2221 omnia
747 2164 1028 2237 legitimis
1062 2165 1138 2236 (3)
1180 2165 1472 2220 meatibus
1503 2164 1652 2220 887
1687 2164 1936 2220 circum-

281 2255 365 2310 ire
398 2258 590 2310 totum
623 2253 825 2308 mundi
875 2253 1164 2309 ambitum
1212 2255 1415 2320 voluit,
1447 2253 1707 2310 humano
1737 2255 1936 2326 generi

281 2343 441 2416 (Gen.
492 2360 533 2413 1,
566 2343 654 2412 14)
707 2342 853 2411 dies,
891 2358 1143 2408 menses,
1178 2359 1383 2410 annos,
1428 2343 1616 2416 signa,
1651 2347 1934 2415 tempore,

282 2430 686 2502 utilitatesque
718 2431 964 2486 factura.
1011 2430 1073 2485 In
1125 2432 1296 2486 terris
1345 2447 1577 2504 quoque
1617 2431 1936 2502 altissimos

281 2526 521 2578 montes
551 2521 611 2576 in
641 2521 914 2577 verticem
948 2519 1210 2588 sustulit,
1243 2519 1424 2576 valles
1456 2520 1515 2575 in
1548 2521 1668 2576 ima
1702 2521 1934 2592 dejecit,

280 2627 526 2682 campos
557 2609 856 2682 aequaliter
887 2609 1113 2678 stravit,
1139 2609 1482 2664 animalium
1506 2625 1712 2682 greges
1743 2610 1814 2664 ad
1845 2627 1936 2665 va-

279 2699 405 2756 rias
437 2699 744 2755 hominum
776 2698 1083 2754 servitutes
1107 2698 1621 2754 utiliterinstituit.
1644 2699 1932 2755 Silvarum

279 2805 519 2862 quoque
549 2789 760 2845 robora
780 2787 1056 2844 humanis
1080 2787 1284 2843 usibus
1307 2788 1611 2858 profutura
1640 2787 1932 2857 solidavit,

277 2879 482 2950 fruges
514 2877 574 2933 in
606 2877 800 2932 cibum
853 2876 1073 2947 elicuit,
1127 2877 1376 2931 fontium
1418 2894 1519 2932 ora
1550 2876 1846 2944 reseravit,
1879 2879 1936 2931 et

271 2967 539 3039 lapsuris
564 2966 906 3022 fluminibus
930 2966 1163 3020 infudit.
1189 2970 1327 3021 Post
1349 2982 1498 3037 quae,
1525 2982 1596 3019 ne
1619 2981 1733 3020 non
1757 2965 1930 3020 etiam

274 3055 428 3128 ipsis
457 3070 687 3127 quoque
717 3054 940 3110 deliciis
967 3059 1336 3126 procurasset
1367 3053 1444 3127 (4)
1475 3053 1799 3117 oculorum,
1833 3071 1929 3108 va-

274 3143 386 3199 riis
422 3143 628 3198 ﬂorum
661 3141 954 3198 coloribus
1006 3143 1077 3197 ad
1137 3142 1496 3198 voluntatem
1538 3142 1929 3214 spectantium

1545 343 1784 406 LIBER
1827 345 1928 406 DE
1971 346 2422 409 TRINITATE.

1957 479 2012 546 Α
2041 477 2338 535 testantia.
2373 480 2597 544 Quibus
2628 497 2740 536 non
2773 484 3103 546 contentus,
3137 497 3208 535 ne
3249 480 3393 535 forte
3427 481 3692 536 fremitus

3574 350 3694 410 914

2041 573 2098 623 et
2127 585 2338 623 cursus
2369 585 2680 640 aquarum,
2705 586 2838 624 cum
2863 570 3172 641 dispendio
3197 569 3556 640 possessoris
3582 570 3690 624 hu-

2043 657 2219 723 mani,
2252 655 2508 713 alienum
2542 664 2851 730 occuparet
2891 659 3270 726 elementum,
3303 660 3446 714 fines
3481 658 3689 713 littori-

2039 746 2152 801 bus
2184 745 2453 803 inclusit:
2489 764 2601 819 quo
2632 764 2765 802 cum
2825 749 3075 802 fremens
3136 748 3345 802 ﬂuctus
3388 753 3445 803 et
3476 764 3541 803 ex
3575 749 3693 804 alto

2039 835 2173 890 sinu
2207 851 2492 907 spumans
2522 837 2681 891 unda
2715 837 2985 902 venisset,
3022 854 3258 891 rursum
3293 837 3349 891 in
3383 853 3446 891 se
3478 837 3692 892 rediret

2041 939 2148 979 nec
2202 924 2482 980 terminos
2540 941 2847 980 concessos
2906 926 3222 994 excederet,
3284 942 3522 980 servans
3553 927 3693 995 jura

2041 1014 2416 1085 praescripta:
2453 1019 2517 1068 ut
2573 1014 2801 1068 divinas
2862 1014 3017 1084 leges
3076 1017 3238 1068 tanto
3300 1014 3486 1082 magis
3520 1014 3695 1070 homo

2042 1102 2380 1171 custodiret,
2414 1107 2635 1173 quanto
2658 1101 2790 1157 illas
2815 1103 2988 1157 etiam
3022 1103 3309 1157 elementa
3338 1109 3692 1158 servassent.

2042 1189 2179 1246 Post
2207 1206 2333 1261 quae
2383 1190 2681 1246 hominem
2731 1208 2964 1262 quoque
3013 1192 3232 1245 mundo
3285 1192 3601 1262 praeposuit
3642 1196 3699 1245 et

2041 1278 2274 1349 quidem
2308 1281 2474 1351 (Gen.
2511 1297 2550 1348 ι,
2580 1281 2671 1351 27)
2704 1282 2773 1335 ad
2806 1280 3121 1351 imaginem
3156 1279 3254 1334 Dei
3309 1280 3565 1334 factum:
3602 1280 3695 1335 cui

2044 1372 2300 1424 mentem
2334 1373 2388 1424 et
2443 1369 2731 1425 rationem
2791 1370 3002 1424 indidit
3059 1375 3115 1423 et
3178 1369 3571 1439 prudentiam,
3632 1373 3698 1424 ut

2045 1460 2225 1512 Deum
2260 1461 2456 1529 posset
2488 1458 2744 1513 imitari:
2806 1460 2974 1528 cujus
3020 1459 3096 1528 (5)
3148 1457 3255 1512 etsi
3289 1458 3550 1527 corporis
3580 1461 3696 1514 ter-

2043 1561 2182 1600 rena
2212 1545 2552 1616 primordia,
2586 1546 2835 1602 caelestis
2895 1551 3089 1601 tamen
3150 1551 3207 1602 et
3261 1545 3442 1599 divini
3476 1546 3695 1602 halitus

2042 1633 2329 1706 inspirata
2359 1636 2733 1690 substantia:
2771 1651 2941 1705 quem
3004 1635 3100 1703 (6),
3163 1650 3297 1687 cum
3345 1633 3497 1700 (Gen.
3533 1651 3571 1701 1,
3602 1637 3696 1702 28)

2043 1723 2240 1778 omnia
2269 1723 2328 1778 in
2361 1723 2700 1779 servitutem
2759 1723 2839 1777 illi
2899 1724 3174 1787 dedisset,
3218 1723 3408 1778 solum
3442 1723 3692 1778 liberum

2043 1828 2173 1868 esse
2202 1812 2402 1867 voluit.
2439 1813 2503 1867 Et
2560 1829 2633 1868 ne
2681 1812 2739 1866 in
2800 1812 3123 1882 periculum
3183 1813 3416 1866 caderet
3457 1828 3693 1866 rursum

2047 1901 2238 1957 soluta
2268 1901 2507 1957 libertas
2537 1902 2692 1968 (Gen.
2726 1919 2786 1967 11,
2818 1903 2926 1966 17),
2952 1901 3297 1954 mandatum
3331 1901 3543 1971 posuit,
3580 1918 3695 1971 quo

2046 1994 2241 2046 tamen
2295 2008 2407 2046 non
2458 1991 2652 2046 inesse
2696 1990 2916 2044 malum
2968 1991 3157 2043 fructu
3205 1990 3430 2043 arboris
3463 1989 3694 2044 docere-

2044 2083 2143 2134 tur
2172 2080 2268 2151 (7),
2303 2079 2401 2134 sed
2435 2078 2718 2146 futurum,
2744 2080 2791 2134 si
2824 2079 2967 2134 forte
2999 2094 3066 2133 ex
3095 2076 3396 2133 voluntate
3434 2077 3694 2133 hominis

2047 2169 2117 2224 de
2147 2173 2483 2240 contemptu
2544 2171 2690 2224 datas
2748 2167 2894 2240 legis
2927 2171 3407 2238 proemoneretur.
3457 2167 3602 2222 Nam
3637 2171 3694 2221 et

2046 2257 2193 2314 liber
2225 2275 2352 2314 esse
2383 2258 2536 2313 888
2590 2257 2892 2327 debuerat,
2952 2272 3023 2311 ne
3079 2256 3535 2326 incongruenter
3595 2257 3692 2310 Dei

2045 2346 2237 2419 imago
2268 2347 2548 2403 serviret:
2580 2350 2634 2400 et
2663 2345 2755 2400 lex
2787 2345 3076 2415 addenda,
3120 2361 3192 2400 ne
3232 2361 3419 2416 usque
3452 2345 3521 2400 ad
3555 2360 3693 2399 con-

2044 2439 2330 2506 temptum
2365 2435 2562 2490 dantis
2617 2434 2858 2490 libertas
2915 2434 3209 2490 ellraanata
3247 2437 3693 2506 prorumperet:

2046 2528 2111 2579 ut
2141 2529 2195 2579 et
2227 2524 2300 2595 (8)
2329 2524 2568 2596 praemia
2597 2524 2888 2596 condigna
2908 2527 2966 2579 et
2986 2523 3194 2579 merita
3224 2539 3528 2594 poenarum
3561 2539 3697 2578 con-

2045 2619 2357 2684 sequenter
2386 2615 2694 2684 exciperet,
2729 2629 2902 2668 suum
2925 2613 3050 2682 jam
3084 2611 3307 2667 habens
3334 2611 3502 2676 illud,
3535 2612 3692 2682 quod

2044 2707 2204 2758 motu
2239 2703 2452 2758 mentis
2492 2702 2549 2757 in
2590 2702 2928 2757 alterutram
2961 2709 3180 2771 parlem
3214 2699 3433 2771 agitare
3464 2699 3688 2754 voluis-

2044 2795 2168 2848 set:
2201 2807 2270 2846 ex
2299 2807 2414 2862 quo
2437 2790 2761 2847 mortalitas
2780 2791 2878 2863 (9),
2905 2790 3121 2844 invidia
3145 2789 3365 2860 utique,
3395 2787 3457 2843 in
3485 2787 3685 2860 ipsum

2043 2877 2231 2944 redit;
2265 2877 2364 2948 qui
2397 2893 2528 2932 cum
2561 2876 2719 2931 illam
2752 2877 2821 2931 de
2842 2875 3176 2931 obedientia
3197 2878 3394 2946 posset
3423 2875 3689 2946 evadere,

2041 2966 2100 3020 in
2151 2965 2417 3020 eamdem
2469 2965 2734 3035 incurrit,
2795 2966 2935 3019 dum
2999 2980 3068 3018 ex
3132 2962 3376 3019 consilio
3425 2980 3692 3034 perverso

2041 3053 2206 3125 (Gen.
2240 3071 2325 3120 1n,
2359 3056 2411 3124 5)
2446 3054 2599 3109 Deus
2645 3070 2774 3108 esse
2830 3052 3104 3107 festinat:
3139 3054 3309 3122 cujus
3347 3057 3541 3107 tamen
3576 3069 3696 3124 pm-

2043 3159 2177 3198 nam
2213 3141 2598 3197 nihilominus
2624 3141 2997 3213 indulgenter
3017 3140 3362 3212 temperavit
3384 3141 3518 3212 (10),
3551 3141 3695 3196 dum

281 3238 498 3288 cuncta
526 3231 774 3288 vestivit.
803 3233 864 3287 In
890 3231 1017 3302 ipso
1043 3248 1276 3304 quoque
1298 3231 1468 3300 mari,
1494 3213 1763 3304 quamvis
1787 3235 1941 3288 esset
1969 3213 2011 3280 Π
2051 3249 2166 3287 non
2198 3236 2319 3286 tam
2352 3231 2496 3302 ipse,
2528 3247 2703 3302 quam
2737 3230 2965 3286 labores
2998 3232 3126 3300 ejus
3150 3229 3587 3285 maledicuntur
3607 3247 3705 3285 su-

275 3325 340 3377 et
371 3321 778 3393 magnitudine
836 3324 892 3376 et
945 3320 1194 3376 utilitate
1255 3320 1545 3387 mirabile,
1591 3319 1942 3376 multimoda

279 3408 588 3477 animalia,
651 3425 806 3464 nunc
867 3409 1195 3476 mediocris,
1249 3426 1406 3465 nunc
1474 3409 1623 3465 vasti
1683 3409 1943 3481 corporis

278 3498 477 3571 ﬁngit,
510 3498 811 3571 ingenium
869 3497 1106 3554 artiﬁcis
1137 3497 1208 3553 de
1237 3497 1625 3554 institutionis
1667 3498 1966 3584 varietate.

2051 3336 2153 3393 per
2177 3325 2414 3375 terram.
2452 3319 2596 3377 Nam
2631 3327 2688 3374 et
2720 3320 2874 3391 quod
2907 3319 3246 3390 requiritur,
3282 3335 3398 3372 non
3439 3335 3509 3373 ex
3538 3319 3704 3390 igno-

2051 3409 2243 3464 rantia
2272 3409 2453 3474 venit,
2486 3409 2586 3463 sed
2621 3424 2784 3480 spem
2816 3407 3074 3463 hominis
3107 3408 3312 3462 futurae
3363 3407 3422 3462 in
3471 3406 3702 3463 Christo

2052 3501 2108 3553 et
2137 3495 2489 3553 inventionis
2547 3497 2659 3568 (11)
2716 3499 2774 3552 et
2831 3495 3041 3552 salutis
3099 3495 3396 3551 ostendit:
3457 3498 3515 3551 et
3545 3494 3700 3567 quod

1570 3626 1882 3687 Gallandii
1905 3625 2413 3688 commentarius.

359 3750 436 3830 (l)
468 3748 681 3830 Caelum
711 3750 826 3830 alta
855 3751 1198 3830 sublimitate
1224 3751 1794 3830 suspenderitnﬂunc
1823 3753 1938 3830 No-

278 3821 506 3878 vatiani
555 3821 747 3877 locum
777 3821 1042 3878 imitatus
1074 3823 1254 3878 fuisse
1297 3821 1526 3879 videtur
1556 3824 1846 3879 Minucius
1879 3825 1937 3879 in

285 3895 533 3950 Octavio.
582 3910 710 3950 can.
773 3893 823 3950 4.
878 3894 976 3948 ubi
1034 3894 1155 3950 haec
1212 3894 1522 3950 leguntur:
1580 3894 1778 3950 Caelum
1815 3894 1940 3950 licet

285 3895 533 3960 Octavio,
582 3910 710 3965 cap.
773 3895 823 3962 4,
878 3895 976 3948 ubi
1034 3895 1155 3950 haec
1212 3895 1522 3967 leguntur:
1580 3895 1778 3950 Caelum
1815 3895 1940 3950 licet

285 3983 397 4022 sua
435 3967 676 4020 materia
729 3966 1091 4034 suspenderit.
1150 3967 1272 4022 licet
1327 3969 1531 4021 terram
1583 3967 1944 4038 fundaverint

285 4037 613 4089 nondera.et
630 4051 784 4089 mare
801 4038 924 4089 licet
944 4039 1230 4089 influxerit
1263 4054 1292 4089 e
1315 4038 1556 4089 liauore.
1587 4038 1684 4089 His
1706 4039 1941 4089 gemina

278 4037 613 4123 pondera,“
630 4051 784 4092 mare
801 4038 924 4093 licet
944 4039 1230 4120 inﬂuxerit
1263 4054 1292 4090 ε
1315 4038 1556 4120 liquore.
1587 4038 1684 4119 His
1706 4039 1941 4120 gemina

284 4115 437 4165 Item
454 4109 1251 4190 nvideasapuduLactantlum
1280 4111 1462 4190 Divzn.
1505 4112 1706 4190 Instth
1741 4109 1840 4190 l_ib_.
1875 4125 1937 4176 11,

277 4197 418 4252 cap.
451 4181 506 4249 9,
541 4180 650 4236 sub
680 4180 809 4262 init.
844 4180 1043 4252 Neque
1072 4182 1312 4236 omittas
1345 4181 1515 4237 velim
1547 4181 1938 4253 Theophilum

277 4253 357 4307 ad
389 4252 710 4307 Autotucum
745 4251 848 4306 lib.
882 4269 926 4307 1.
955 4268 1061 4307 can
1093 4254 1146 4307 4.

277 4253 357 4309 ad
389 4252 710 4322 Autolycum
745 4252 848 4306 lib.
882 4269 926 4318 1,
955 4268 1061 4322 cap
1093 4254 1146 4307 4.
1715 4252 1726 4253 7

362 4322 928 4417 (2).)Ῐῗέέδῗίῖηῗὲλδῖίὶ
953 4323 1125 4417 "iiii?
1137 4340 1205 4417 ι’ιὲ
1236 4322 1940 4417 θξηῖῖὲἓςέἱ⁰9ιέΡὲ¹κῐὶΪ9

279 4396 632 4462 menstruis;
666 4394 818 4464 quod
869 4409 934 4449 ea
990 4410 1098 4449 vox
1156 4395 1216 4448 B.
1277 4395 1560 4464 Cypriane
1593 4395 1766 4448 etiam
1802 4394 1939 4449 Afro

281 4465 1254 4547 usitata‘sit‘Epist._xxvm,.num.
1289 4467 1388 4547 11,Δ
1435 4470 1492 4520 et
1511 4465 1705 4547 ‘Epis‘t.
1745 4482 1936 4533 XXXIV,

283 4553 458 4592 num.
488 4537 578 4592 23.
609 4536 772 4591 Certe
801 4537 978 4591 etiam
1032 4537 1116 4592 sic
1173 4536 1398 4607 legebat
1429 4540 1600 4591 antea
1630 4536 1940 4606 Gagnaehs,

2048 3767 2193 3807 cano
2225 3751 2492 3805 cohaeret.
2529 3749 2712 3804 Ventri
2744 3754 3098 3820 procuratum
3153 3755 3250 3817 est,
3285 3749 3460 3804 habet
3489 3749 3699 3804 Noster

2048 3823 2221 3892 infra,
2253 3823 2317 3878 de
2349 3823 2462 3878 Cit).
2492 3821 2714 3878 Judaic.
2755 3838 2882 3892 cap.
2914 3824 2968 3888 6,
3001 3823 3202 3946 eadeJm
3236 3821 3690 3876 constructione.

3171 3909 3406 3946 ACKSON.

3171 3909 3406 3947 ACKSON.

2139 3965 2195 4036 5)
2227 3964 2413 4034 Cujus.
2449 3964 2559 4036 Cui
2587 3963 2894 4036 legendum
2927 3962 3164 4033 conjicit
3193 3963 3622 4036 Welchmanus.

2141 4034 2196 4105 6)
2227 4036 2412 4103 Quem.
2449 4035 2540 4090 Sic
2573 4034 2980 4105 rescripsimus
3009 4051 3142 4089 cum
3190 4035 3496 4103 Jackseno,
3530 4041 3596 4088 ut
3623 4034 3695 4088 ad

2048 4109 2326 4163 hominem
2358 4107 2658 4162 referatur.
2695 4107 2784 4160 Al.
2818 4122 2955 4178 qua.

2119 4179 2196 4249 (7)
2228 4179 2537 4233 Doceretur.
2576 4180 2656 4232 lta
2685 4174 2919 4249 reposui
2971 4193 3040 4231 ex
3100 4177 3222 4249 Lat.
3258 4174 3517 4249 Latinio,
3537 4175 3692 4249 quod

2051 4246 2352 4304 meliorem
2387 4249 2576 4304 fundit
2597 4246 2836 4305 sensum
2861 4265 3037 4320 quam
3060 4248 3197 4302 edit.
3223 4246 3463 4302 Pamelii
3484 4246 3695 4303 dicere-

2047 4324 2159 4378 tur.
2184 4322 2458 4376 JACKSON.
2527 4337 2530 4345 ·

2123 4394 2196 4464 (8)
2234 4394 2296 4450 Ut
2333 4401 2404 4447 et.
2431 4390 2520 4445 Sic
2552 4389 2844 4464 Pamelius
2876 4406 3009 4446 cum
3040 4388 3266 4445 caeteris
3297 4388 3488 4444 editis.
3520 4388 3696 4446 Jack-

2051 4462 2234 4519 sontis
2265 4469 2459 4518 tamen
2497 4462 2693 4516 mallet
2721 4467 2771 4517 et
2800 4465 2877 4515 ut.

2122 4536 2200 4606 (9)
2220 4535 2553 4606 ,Mortatitas.
2589 4537 2753 4606 Cum
2788 4533 3081 4606 Jacksono
3130 4529 3452 4606 Pamelium
3499 4532 3696 4606 sequi-

285 4613 512 4663 ΡΑΜιι..
543 4638 612 4647 -
641 4607 840 4679 Neque
869 4607 1035 4663 aliter
1059 4603 1425 4678 Whistonus,
1448 4603 1865 4664 Welchmanus
1887 4603 1943 4662 et
1974 4612 2017 4677 Ι)
2051 4603 2190 4679 mur
2214 4605 2294 4660 ita
2326 4605 2633 4679 legentem.
2693 4603 2779 4658 Al.
2836 4603 3191 4679 mortalitatis
3237 4603 3468 4672 invidia,
3499 4603 3692 4659 locum

287 4680 644 4738 Jacksonus.

362 4752 440 4822 (3)
472 4752 775 4819 Legitimis.
809 4749 1062 4814 Scilicet,
1096 4767 1198 4820 per
1248 4751 1432 4820 legem
1466 4748 1720 4805 divinam
1777 4748 1941 4803 insti-

283 4821 387 4878 tis.
432 4822 646 4877 Eadem
698 4821 895 4892 phrasi
937 4822 1122 4876 utitur
1171 4823 1454 4878 Eusebius
1505 4823 1687 4892 Praep.
1734 4821 1936 4892 Evang.

280 4894 392 4948 lib.
431 4910 530 4962 v11,
564 4909 690 4964 cap.
727 4893 813 4947 10.
847 4893 1120 4948 ΙΑοιςεοΝ.

359 4964 438 5035 (4)
473 4969 552 5021 Ne
581 4981 692 5020 non
729 4967 895 5036 etiam
945 4966 1078 5036 ipsis
1128 4980 1335 5036 quoque
1384 4964 1597 5036 deliciis
1642 4979 1939 5036 procuras-

276 5038 384 5090 set.
419 5035 788 5107 Estquidem
821 5035 941 5090 haec
968 5034 1220 5107 phrasis
1243 5034 1685 5101 ‘Tertullianica,
1737 5035 1941 5105 quales

279 5108 444 5161 infra
491 5105 617 5162 alia;
675 5123 940 5178 quoque:
989 5105 1054 5162 ut
1107 5107 1418 5172 denotatur,
1449 5107 1589 5160 edici
1619 5123 1683 5160 ac
1725 5107 1943 5178 viritior

280 5193 416 5250 cap.
451 5179 666 5250 2;_qua
719 5177 874 5250 pater
903 5194 1046 5250 cap.
1098 5179 1796 5250 12;_conﬁbularet__cap_.
1850 5177 1938 5232 48.

286 5247 512 5320 Verum
542 5247 679 5304 inde
712 5247 822 5305 non
845 5247 1011 5320 sequi
1035 5249 1191 5304 hunc
1211 5247 1428 5304 librum
1451 5247 1791 5304 Tertulliani
1814 5264 1944 5320 esse

281 5319 378 5376 vel
411 5336 478 5375 ex
507 5337 573 5376 eo
609 5326 783 5392 patet,
817 5319 972 5392 quod
1006 5322 1123 5376 Afri
1166 5320 1478 5392 scriptores
1510 5337 1734 5380 omnes.
1767 5319 1941 5374 etiam

280 5392 398 5464 hoc
427 5393 800 5464 posteriores,
834 5398 1033 5464 utpote
1068 5393 1128 5446 Β.
1164 5392 1508 5464 Cyprianus,
1537 5392 1823 5464 Minucius
1844 5392 1943 5444 Fe-

287 5463 392 5518 lix.
427 5463 488 5519 Β.
521 5463 808 5518 Pacianus
839 5462 918 5518 eti
949 5462 1258 5520 Arnobius
1291 5464 1585 5519 similibus
1618 5463 1702 5517 uti
1734 5462 1940 5517 solent.

287 5536 512 5592 PAMEL.
536 5566 604 5578 —
637 5535 819 5590 Aliter
840 5536 1144 5606 Gagnaaus,
1169 5536 1322 5601 apud
1347 5552 1519 5606 quem
1545 5535 1628 5588 sic
1650 5533 1902 5601 legimus
1929 5551 1941 5588 :

288 5608 496 5682 {estea
549 5615 610 5682 ut
645 5609 796 5682 ipsis
823 5624 1060 5682 “quoque
1116 5607 1344 5682 delicias
1392 5615 1710 5682 procuraret
1749 5607 1939 5682 oculis.

289 5679 410 5755 Sed
443 5675 615 5742 lectio
643 5675 980 5740 Pameliana
1007 5696 1142 5739 cum
1187 5678 1362 5739 editis
1392 5675 1470 5736 ex
1512 5676 1707 5736 codice
1737 5675 1942 5750 Angli-

2051 4678 2231 4732 istum
2265 4675 2462 4730 minus
2492 4679 2642 4729 recte
2674 4675 2946 4730 assecuti.

2121 4749 2232 4818 (10)
2292 4748 2646 4818 lempemvit.
2702 4747 3042 4803 Addendam
3097 4761 3296 4818 vocem
3360 4747 3694 4818 Deus_con-

2050 4816 2243 4874 textus
2278 4816 2571 4891 postulare
2600 4817 2846 4891 videtur,
2872 4819 3151 4891 omissam
3183 4817 3432 4872 fortasse
3463 4834 3496 4871 a
3523 4816 3697 4873 libra-

2053 4892 2136 4945 rio
2169 4888 2403 4962 propter
2431 4890 2734 4962 sequentis
2764 4888 3208 4962 similitudinem
3242 4891 3380 4944 Dum
3401 4907 3419 4942 :
3448 4904 3574 4960 quas
3605 4893 3696 4962 est

2052 4960 2384 5030 coniectura
2416 4960 2779 5017 Welchmani
2827 4968 2884 5017 et
2930 4960 3223 5016 Jacksoni.
3258 4964 3382 5014 Mox
3413 4975 3551 5030 vero
3574 4961 3695 5015 sive

2054 5029 2212 5116 legas
2242 5049 2376 5088 cum
2408 5034 2656 5105 Gagnaeo
2684 5049 2848 5105 super
2875 5037 3099 5116 terram,
3133 5031 3252 5087 sive
3292 5047 3424 5086 cum
3459 5029 3696 5086 Gelenio

2053 5104 2301 5174 aliisque
2331 5104 2688 5176 superterra,
2723 5104 2837 5159 non
2861 5104 3053 5176 refert.

2123 5172 2237 5242 (ll)
2267 5172 2622 5232 Inventionis.
2673 5172 2806 5231 ’Vox
2859 5175 3196 5245 importuna
3250 5173 3564 5245 Jacksono,
3598 5172 3702 5243 qui

2055 5248 2491 5302 rescribendum
2526 5252 2725 5302 censet
2753 5244 3175 5302 resurrectionis
3204 5245 3290 5298 vel
3321 5244 3700 5314 reuelationis,

2053 5336 2122 5374 ex
2155 5320 2318 5373 Rom.
2354 5337 2472 5382 vm,
2504 5322 2572 5372 20
2633 5320 2722 5384 21,
2757 5335 2872 5388 quo
2931 5315 3255 5388 respexisse
3308 5313 3700 5388 Novatjanum

2054 5390 2369 5445 existimat.
2403 5390 2618 5470 _Minu_s
2649 5385 2879 5470 quidem
2914 5385 3198 5470 apposite.
3232 5385 3433 5470 Melius
3464 5385 3703 5470 Watch-

2054 5405 2369 5445 existimat.
2427 5405 2618 5444 Minus
2649 5405 2879 5459 quidem
2914 5405 3198 5514 apposite.
3233 5405 3433 5440 manus
3473 5405 3700 5468 vveicn-

2054 5479 2286 5520 manus.
2323 5461 2728 5530 redemptionis.
2755 5461 2862 5516 Sed
2889 5460 2946 5513 ni
2995 5459 3036 5513 il
3069 5458 3421 5530 mutandum
3447 5458 3700 5530 videtur.

2052 5534 2328 5588 Alluserit
2361 5529 2604 5588 fortasse
2637 5535 2837 5588 auctor
2867 5532 2937 5587 ad
2969 5529 3115 5586 illud
3146 5529 3287 5586 Luc.
3317 5546 3434 5599 χιχ,
3465 5529 3573 5586 4οι
3607 5531 3703 5583 Vc-

2052 5610 2138 5660 nit
2168 5605 2317 5658 enim
2348 5604 2524 5658 Filius
2557 5604 2793 5660 hominis
2845 5617 3099 5676 quaerere
3153 5604 3204 5657 et
3254 5600 3472 5656 salvum
3517 5603 3703 5673 facere

2057 5677 2195 5751 quod
2217 5676 2487 5751 perierat.
