4102 6180
302 321 412 383 917

1556 317 1790 376 LIBER
1833 314 1935 375 DE
1978 314 2430 381 'l‘BlNl'l‘ATl‘l.

3579 311 3700 374 918

300 453 577 518 Virtutem,
636 449 956 524 potentiam
1013 450 1202 523 ipsius
1260 449 1447 522 magis
1506 464 1682 520 quam
1742 447 1932 518 ipsum
1963 447 2586 518 Atem,etparentem
2608 447 2720 518 (26)
2745 449 2981 517 propter
3019 443 3485 500 institutionem:
3540 444 3696 500 hunc

296 541 507 596 dixeris
536 545 592 596 et
632 540 1103 612 deprompseris:
1155 540 1273 595 sive
1324 538 1538 593 dixeris
1588 537 1937 607 Majestatem,

293 631 571 685 honorem
604 629 790 700 ipsius
822 629 1011 701 magis
1049 646 1222 700 quam
1275 627 1441 682 illum
1485 628 1677 698 ipsum
1729 623 1940 680 descri-

290 720 497 792 pseris.
527 722 595 772 Et
621 719 757 790 quid
791 735 894 790 per
923 717 1156 790 singula
1177 733 1420 789 quaeque
1445 731 1788 788 percurrens
1810 714 1939 768 lon-

289 823 430 880 gum
462 806 607 862 facio
628 807 656 862 ?
685 806 864 863 semel
898 811 1087 862 totum
1117 805 1432 879 explicabo.
1465 804 1761 874 Quidquid
1814 820 1938 858 om-

287 897 428 953 nino
459 896 529 951 de
562 895 662 951 illo
693 895 982 962 retuleris,
1017 912 1137 950 rem
1169 895 1424 967 aliquam
1458 894 1646 966 ipsius
1679 892 1865 964 magis
1883 895 1940 948 et

283 985 590 1048 virtutem,
623 1001 799 1056 quam
835 985 1030 1057 ipsum
1060 983 1462 1056 explicaveris.
1495 982 1640 1046 Quid
1672 981 1829 1037 enim
1868 981 1939 1036 de

283 1091 352 1131 eo
380 1074 667 1147 condigne
697 1077 798 1129 aut
827 1073 1011 1140 dicas,
1062 1078 1163 1128 aut
1188 1073 1429 1139 sentias,
1455 1072 1553 1142 qui
1578 1071 1853 1126 omnibus
1883 1073 1940 1126 et

282 1163 660 1220 sermonibus
689 1167 747 1218 et
777 1162 1049 1219 sensibus
1082 1163 1272 1234 major
1299 1161 1429 1217 est?
1461 1159 1584 1216 Nisi
1615 1160 1766 1232 quod
1822 1175 1936 1214 uno

282 1257 460 1311 modo
491 1253 696 1327 (ethoc
726 1254 922 1326 ipsum
955 1253 1247 1324 quomodo
1278 1248 1611 1324 possumus,
1641 1251 1932 1320 quomodo

279 1343 571 1414 capimus,
605 1341 898 1412 quomodo
929 1339 1255 1412 intelligere
1283 1339 1417 1395 licet
1463 1339 1601 1411 quid
1654 1339 1732 1394 sit
1778 1338 1933 1394 Deus

277 1436 480 1486 mente
511 1430 833 1501 capiemus,
863 1431 909 1484 si
960 1429 1410 1502 cogitaverimus
1458 1429 1515 1483 id
1567 1426 1733 1482 illum
1782 1444 1932 1495 esse,

277 1520 438 1591 quod
469 1519 661 1590 quale,
695 1523 750 1573 et
777 1522 1061 1588 quantum
1119 1518 1195 1573 sit
1252 1533 1368 1572 non
1428 1517 1612 1588 possit
1661 1515 1933 1586 intelligi,

277 1624 390 1665 nec
420 1609 478 1663 in
509 1607 698 1679 ipsam
732 1607 966 1678 quidem
1029 1606 1442 1678 cogitationem
1484 1606 1670 1677 possit
1714 1606 1928 1660 venire.

274 1698 426 1753 Nam
459 1696 508 1752 si
569 1697 640 1752 ad
698 1695 840 1752 solis
891 1701 1192 1767 aspectum
1241 1694 1542 1750 oculorum
1597 1698 1929 1749 uestrorum

276 1787 436 1842 acies
468 1785 746 1853 hebescit,
783 1801 855 1839 ue
884 1785 1082 1840 arbem
1126 1784 1321 1856 ipsum
1379 1784 1618 1838 obtutus
1658 1782 1931 1854 inspiciat
1964 1816 2010 1880 Β

277 1874 585 1930 obviorum
646 1874 758 1928 sibi
806 1877 1116 1945 superatus
1166 1871 1387 1944 fulgore
1437 1871 1772 1927 radiorum:
1826 1871 1934 1926 hoc

285 1964 446 2019 idem
479 1962 694 2018 mentis
726 1962 879 2018 acies
913 1963 1135 2034 patitur
1165 1962 1221 2015 in
1253 1961 1603 2033 cogitatione
1659 1961 1816 2016 omni
1865 1961 1936 2016 de

283 2052 436 2119 Deo;
461 2054 517 2108 et
537 2055 756 2122 quanto
777 2051 846 2105 ad
874 2051 1364 2106 considerandum
1381 2055 1562 2106 Deum
1588 2049 1718 2122 plus
1739 2049 1933 2104 inten-

285 2141 466 2210 ditur,
500 2144 660 2195 tanto
692 2139 879 2212 magis
911 2140 1042 2212 ipsa
1062 2139 1429 2212 cogitationis
1460 2157 1577 2194 sure
1600 2139 1728 2194 luce
1763 2155 1935 2194 casea-

285 2234 404 2285 tur.
439 2229 588 2292 Quid
621 2229 779 2284 enim
812 2232 881 2284 de
909 2245 975 2284 eo
1006 2229 1316 2297 (utiterum
1344 2231 1624 2300 repetam)
1647 2227 1934 2299 condigne

286 2319 472 2389 dicas,
498 2317 597 2390 qui
628 2323 716 2374 est
737 2317 1093 2373 sublimitate
1121 2317 1277 2373 omni
1310 2317 1640 2384 sublimior,
1669 2316 1934 2373 etaltitu-

285 2408 423 2462 dine
454 2409 613 2462 omni
644 2406 833 2476 altior,
866 2412 924 2462 et
956 2407 1242 2479 profundo
1281 2408 1438 2462 omni
1471 2407 1833 2478 profundior,
1879 2409 1935 2460 et

285 2495 450 2552 omni
481 2494 610 2551 luce
639 2494 906 2563 lucidior,
937 2500 993 2550 et
1017 2497 1176 2550 omni
1199 2495 1460 2551 claritate
1503 2495 1713 2551 clarior
1775 2494 1935 2548 omni

285 2583 598 2655 splendore
620 2584 1001 2655 splendidior,
1027 2585 1186 2640 omni
1211 2585 1415 2640 robore
1437 2585 1750 2653 robustior,
1775 2582 1934 2638 omni

286 2674 502 2728 virtute
531 2672 751 2728 viritior
781 2673 914 2745 (2.5),
942 2674 1100 2729 omni
1136 2673 1568 2744 pulchritudine
1618 2673 1932 2744 pulchrior,

285 2762 530 2817 veritate
560 2761 720 2818 omni
751 2762 958 2822 verior.
992 2767 1048 2818 et
1081 2763 1423 2817 fortitudine
1456 2762 1616 2817 omni
1639 2763 1858 2827 fortior,
1884 2767 1939 2817 et

287 2853 594 2923 majestate
624 2852 782 2905 omni
818 2852 1024 2922 major,
1057 2856 1113 2906 et
1137 2851 1295 2906 omni
1330 2851 1587 2923 potentia
1628 2851 1934 2923 potentior,

287 2946 344 2996 et
357 2939 632 2995 omnibus
649 2939 863 2995 divitiis
876 2939 1232 3009 ditior,omni
1252 2940 1562 3011 prudentia
1575 2939 1936 3012 prudentior,

289 3034 346 3085 et
369 3028 528 3084 omni
562 3027 916 3101 benignitate
948 3027 1272 3100 benignior,
1306 3029 1466 3084 omni
1507 3029 1767 3084 bonitate
1816 3045 1938 3084 me-

287 3117 422 3188 lior,
453 3117 612 3174 omni
636 3117 872 3188 justitia
894 3117 1129 3189 justior,
1165 3118 1324 3174 omni
1355 3119 1666 3175 clementia
1686 3119 1936 3174 clemen-

2047 535 2310 606 inquam,
2348 536 2445 606 qui
2468 537 2632 601 dixit,
2656 545 2705 591 et
2721 539 2871 606 facta
2893 540 3020 590 sunt
3041 536 3227 589 omnia
3249 535 3420 602 (Psal.
3446 551 3692 605 CXLvun,

2046 625 2138 696 5);
2170 626 2446 696 praecepit,
2480 633 2530 680 et
2555 627 3200 696 proccsseruntuniversa
3219 635 3240 686 ,'
3273 624 3344 678 de
3391 640 3506 694 quo
3546 625 3694 679 scri-

2049 718 2214 785 ptum
2247 718 2333 768 est
2359 715 2527 784 (Psal.
2562 730 2681 780 cm,
2716 713 2807 784 24)
2835 731 2846 767 :
2879 714 3073 768 Omnia
3127 715 3186 767 in
3233 713 3512 782 sapientia
3556 714 3695 782 [eci-

2047 805 2154 866 sti;
2187 803 2256 858 de
2304 820 2419 874 quo
2477 803 2704 875 Moyses
2761 803 3070 871 (Deuteron.
3130 819 3205 856 ιν.
3266 801 3396 873 30);
3450 803 3587 856 Deus
3636 803 3696 856 in

2048 893 2184 946 ccelo
2213 908 2438 948 sursum
2477 903 2528 948 et
2580 895 2634 946 in
2688 893 2840 947 terra
2886 891 3178 951 deorsum;
3226 891 3325 961 qui
3366 891 3690 946 secundum

2049 983 2256 1038 Isaiam
2289 985 2416 1054 (Isa.
2449 1001 2536 1054 χι,
2572 985 2681 1055 42),
2713 1000 2930 1038 mensus
2957 985 3034 1038 est
3080 980 3283 1036 caelum
3328 982 3533 1050 palmo,
3583 990 3691 1038 ter-

2048 1089 2174 1126 rum
2204 1074 2448 1143 pugillo:
2479 1075 2576 1145 qui
2615 1073 2811 1144 aspicit
2860 1082 3090 1139 terram,
3139 1077 3191 1125 et
3237 1072 3374 1140 facit
3420 1087 3543 1127 eam
3584 1076 3693 1127 tre-

2048 1179 2199 1217 mere
2228 1162 2397 1233 (Psal.
2431 1180 2550 1230 cm,
2577 1163 2704 1234 32):
2741 1163 2838 1234 qui
2865 1163 3108 1217 continet
3151 1176 3357 1231 gyrum
3405 1168 3589 1227 terra},
3644 1167 3703 1216 et

2047 1267 2135 1308 eos
2161 1253 2260 1322 qui
2283 1252 2532 1307 habitant
2571 1255 2629 1307 in
2682 1254 2799 1323 ipso
2846 1253 3006 1322 quasi
3051 1252 3314 1316 locustae,-
3353 1251 3448 1321 qui
3490 1265 3699 1321 expen-

2049 1341 2128 1396 dit
2159 1342 2269 1411 (27)
2303 1349 2510 1397 montes
2555 1343 2614 1395 in
2667 1339 2928 1412 pondere,
2985 1343 3036 1394 et
3090 1353 3319 1392 nemora
3374 1339 3430 1391 in
3488 1341 3694 1392 statera

2045 1431 2171 1502 (Isa.
2200 1447 2289 1498 χι,
2323 1432 2413 1494 22,
2448 1432 2558 1498 12),
2592 1430 2650 1484 id
2699 1436 2786 1485 est
2831 1431 2986 1484 certo
3041 1427 3247 1482 divinae
3291 1425 3692 1498 dispositionis

2043 1519 2340 1574 examine:
2365 1535 2450 1585 ac,
2478 1536 2547 1574 ne
2569 1517 2731 1573 facile
2754 1519 2811 1573 in
2854 1517 3086 1572 ruinam
3126 1516 3532 1587 procumberet
3562 1532 3691 1572 ma-

2042 1607 2286 1677 gnitudo
2319 1605 2684 1674 inaequaliter
2707 1606 2945 1676 jacens,
2994 1604 3040 1659 si
3079 1620 3191 1659 non
3225 1603 3465 1676 paribus
3515 1603 3700 1659 fuisse

2040 1695 2254 1751 librata
2283 1695 2663 1767 ponderibus,
2696 1711 2848 1750 onus
2879 1695 2987 1749 hoc
3035 1694 3406 1748 moderanter
3447 1696 3692 1748 terrenas

2042 1786 2211 1842 molis
2268 1786 2534 1856 rei'juavit.
2593 1786 2700 1850 Qui
2758 1785 2897 1840 dicit
2963 1800 3065 1855 per
3148 1784 3486 1856 prophetam
3560 1784 3686 1854 (Isa.

2042 1893 2173 1942 xw,
2201 1877 2292 1946 22)
2317 1891 2330 1930 :
2365 1877 2480 1948 Ego
2510 1876 2674 1940 Deus,
2703 1883 2756 1930 et
2786 1891 2895 1928 non
2926 1882 3004 1928 est
3026 1881 3234 1944 prwter
3278 1889 3383 1928 me.
3434 1871 3540 1935 Qui
3590 1888 3692 1944 per

2043 1966 2313 2021 eumdem
2348 1964 2690 2036 prophetam
2722 1964 2894 2018 refert
2923 1964 3051 2034 (Isa.
3085 1979 3220 2031 xui,
3271 1962 3364 2030 8):
3418 1964 3693 2032 Quoniam

2043 2055 2389 2126 majestalem
2425 2070 2606 2108 meam
2635 2069 2744 2108 non
2775 2053 2909 2108 dabo
2939 2052 3140 2118 alteri;
3195 2056 3258 2106 ut
3305 2068 3509 2106 omnes
3557 2067 3692 2106 cum

2046 2143 2170 2198 suis
2204 2141 2498 2214 figmentis
2528 2140 2789 2196 ethnicos
2820 2139 3086 2196 excludat
3117 2143 3172 2195 et
3202 2139 3524 2206 haereticos,
3560 2155 3694 2210 pro-

2049 2232 2196 2286 bans
2224 2231 2408 2285 Deum
2443 2247 2556 2284 non
2589 2246 2716 2285 esse
2738 2228 2835 2300 qui
2868 2244 3047 2283 manu
3081 2228 3322 2282 artificis
3356 2228 3545 2282 factus
3594 2227 3692 2296 sit,

2046 2338 2150 2376 nec
2175 2337 2308 2376 eum
2339 2319 2437 2390 qui
2468 2319 2698 2388 ingenio
2738 2317 2992 2372 haeretici
3042 2317 3212 2372 fictus
3259 2316 3337 2372 sit
3384 2316 3516 2387 (28).
3568 2315 3693 2372 Non

2047 2414 2138 2465 est
2169 2409 2322 2464 enim
2354 2409 2528 2479 Deus,
2563 2408 2676 2472 cui,
2713 2413 2773 2462 ut
2805 2406 2900 2475 sit,
2933 2406 3283 2477 quaerendus
3321 2410 3410 2460 est
3458 2405 3686 2461 artifex.

2047 2498 2273 2569 Quique
2294 2496 2484 2552 adhuc
2506 2496 2718 2567 adjecit
2741 2512 2841 2566 per
2861 2495 3205 2568 prophetam
3254 2496 3380 2566 (lsa.
3413 2510 3562 2562 va1,
3596 2496 3649 2562 1)
3675 2511 3688 2550 :

2048 2586 2251 2642 Cwlum
2286 2588 2424 2641 mihi
2452 2586 2681 2641 thronus
2710 2589 2806 2652 est,
2839 2593 2983 2640 terra
3011 2587 3194 2638 autem
3241 2582 3549 2639 scabellum
3595 2599 3689 2655 pe-

2044 2677 2172 2731 dum
2203 2692 2444 2732 meorum
2466 2693 2485 2729 :
2515 2677 2730 2746 qualem
2759 2675 2899 2728 mihi
2925 2673 3264 2742 zediﬁcabitis
3293 2673 3539 2738 domum,
3597 2681 3692 2728 aut

2045 2767 2166 2836 quis
2197 2767 2342 2820 locus
2372 2766 2582 2834 requiei
2611 2778 2752 2818 mea:
2771 2768 2795 2815 γ
2826 2768 2888 2817 ut
2915 2763 3185 2818 ostendat
3207 2762 3485 2834 quoniam
3509 2761 3693 2816 multo

2048 2855 2235 2926 magis
2266 2853 2429 2908 illum
2464 2852 2747 2923 templum
2781 2868 2892 2906 non
2917 2851 3280 2922 capit,quem
3299 2851 3410 2920 (29)
3435 2851 3695 2904 mundus

2049 2960 2160 2998 non
2197 2942 2347 3014 capit
2376 2961 2388 2996 :
2423 2947 2478 2996 et
2505 2941 2625 2996 haec
2658 2957 2771 2994 non
2806 2941 2875 2994 ad
2910 2941 3002 2995 sui
3047 2939 3418 3009 jactantiam,
3466 2939 3566 2993 sed
3619 2939 3692 2993 ad

2047 3033 2229 3088 nostri
2262 3031 2564 3086 scientiam
2612 3030 2802 3086 refert.
2853 3029 3051 3100 Neque
3101 3029 3258 3084 enim
3308 3027 3433 3100 ipse
3462 3045 3495 3083 a
3525 3026 3696 3084 nobis

2051 3121 2342 3177 desiderat
2365 3118 2788 3192 magnitudinis
2810 3118 3075 3189 gloriam,
3096 3119 3196 3174 sed
3219 3116 3389 3173 nobis
3411 3116 3536 3172 vult
3558 3114 3699 3172 reli-

286 3187 452 3263 tior?
481 3187 704 3262 Minora
733 3187 1040 3262 enim—sint
1086 3224 1322 3263 necesse
1371 3213 1460 3264 est
1512 3211 1775 3264 omnium
1823 3211 1936 3283 (24)
1971 3187 2012 3250 C
2052 3214 2298 3288 giosam,
2353 3187 2492 3282 qua.
2527 3214 2709 3280 pater,
2751 3187 3010 3263 conferre
3056 3205 3424 3279 sapientiam.
3472 3207 3697 3279 Quique

290 3312 506 3369 genera
544 3296 826 3351 virtutum
856 3312 922 3352 eo
953 3296 1101 3369 ipso,
1136 3297 1244 3368 qui.
1267 3298 1547 3353 virtutum
1593 3299 1856 3354 omnium
1886 3305 1944 3355 et
2053 3307 2330 3376 prasterea
2363 3298 2575 3354 ferinos
2607 3302 2836 3352 nostros
2867 3297 3117 3364 animos,
3151 3300 3208 3351 et
3237 3297 3308 3350 de
3339 3296 3552 3368 agresti
3585 3296 3697 3351 im-

295 3388 449 3442 Deus
481 3391 536 3441 et
567 3385 781 3440 Parens
811 3389 932 3441 est:
983 3391 1047 3440 ut
1098 3402 1228 3441 vere
1275 3385 1386 3441 dici
1432 3387 1634 3458 possit,
1672 3389 1726 3443 id
1786 3389 1941 3444 Deus
2052 3391 2333 3448 manitate
2364 3388 2624 3443 tumidos
2655 3392 2711 3442 et
2743 3387 3023 3456 abruptos
3056 3385 3126 3440 ad
3149 3385 3444 3440 lenitatem
3469 3384 3698 3440 trahere

233 3493 258 3546 τ
289 3492 422 3532 esse
450 3475 584 3543 (25),
618 3475 773 3545 quod
804 3475 1093 3544 ejusmodi
1145 3482 1234 3531 est
1280 3476 1372 3530 cui
1426 3479 1750 3548 comparari
1799 3478 1942 3534 nihil
2049 3481 2268 3549 volens,
2301 3478 2441 3534 dicit
2471 3477 2626 3550 (Ibid.
2660 3493 2711 3530 v.
2743 3477 2796 3547 2)
2826 3493 2839 3531 :
2875 3478 2938 3530 Et
2983 3491 3147 3546 super
3207 3490 3362 3545 quem
3406 3474 3558 3530 892
3608 3491 3698 3528 re-

289 3567 506 3636 potest.
540 3563 686 3618 891
726 3564 911 3634 Super
941 3580 1114 3618 omne
1142 3569 1231 3619 est
1262 3565 1417 3619 enim
1477 3567 1630 3635 quod
1682 3567 1793 3620 dici
1848 3584 1942 3638 po-

289 3658 425 3709 test.
454 3655 615 3707 Mens
645 3657 735 3707 est
765 3653 920 3707 enim
953 3653 1217 3722 quaedam
1248 3653 1496 3725 gignens
1526 3658 1582 3709 et
1643 3656 1943 3726 complens

291 3740 513 3807 omnia,
547 3757 673 3811 quae
706 3741 833 3796 sine
867 3739 981 3795 ullo
1013 3746 1113 3796 aut
1143 3742 1310 3796 initio
1335 3747 1433 3796 aut
1457 3744 1943 3816 terminotempo-

293 3831 398 3900 ris,
435 3845 642 3886 causas
671 3845 865 3885 rerum
894 3831 1242 3885 naturaliter
1284 3847 1460 3887 nexas
1510 3834 1578 3887 ad
1632 3833 1943 3889 utilitatem

293 3919 564 3976 omnium
597 3935 831 3975 summa
863 3924 919 3975 et
948 3919 1200 3991 perfecta
1232 3921 1452 3976 ratione
1485 3922 1834 3978 moderetur.

934 4026 1166 4082 CAPUT
1206 4027 1305 4082 Ill.

289 4117 465 4172 Deum
493 4131 604 4171 esse
634 4117 887 4170 omnium
915 4114 1272 4182 conditorem,
1323 4116 1608 4173 dominum
1657 4124 1710 4174 et

611 4195 744 4253 tem,
774 4203 803 4242 e
830 4189 1002 4242 sacris
1030 4187 1330 4259 Scripturis
1351 4192 1640 4260 probatur.

366 4275 532 4330 Hunc
564 4275 745 4346 igitur
765 4277 1140 4347 agnoscimus
1173 4282 1231 4332 et
1263 4279 1485 4334 scimus
1516 4283 1719 4347 Deum,
1760 4281 1952 4336 condi-

298 4369 486 4420 torem
518 4378 713 4420 rerum
743 4363 1006 4420 omnium
1036 4390 1049 4422 :
1086 4366 1420 4433 Dominum,
1445 4373 1682 4440 propter
1705 4376 1953 4442 potesta'

1751 4137 1951 4191 parcn-

2051 3572 2284 3642 quiescct
2319 3568 2558 3638 Spiritus
2590 3581 2761 3633 meus,
2793 3567 2906 3620 nisi
2931 3580 3093 3635 super
3122 3563 3388 3619 humilem
3444 3568 3497 3618 et
3543 3564 3697 3634 quie-

2051 3665 2193 3725 tum,
2225 3663 2273 3712 et
2304 3665 2619 3711 trementem
2649 3654 2810 3710 verba
2835 3671 2963 3709 mea
2983 3652 3011 3707 ?
3037 3658 3101 3708 ut
3122 3652 3305 3708 Deum
3328 3651 3700 3724 aliquatenus

2053 3753 2306 3820 quantus
2335 3745 2413 3801 sit
2445 3743 2630 3816 possit
2657 3759 2992 3813 agnoscere,
3025 3743 3167 3796 dum
3196 3741 3362 3796 illum
3398 3757 3498 3813 per
3518 3740 3702 3812 Spiri-

2052 3843 2180 3893 tum
2212 3834 2490 3891 collatum
2550 3832 2722 3888 discit
2768 3831 2994 3887 timere.
3037 3831 3144 3895 Qui
3193 3830 3466 3886 similiter
3512 3830 3703 3885 adhuc

2057 3923 2245 3997 magis
2277 3923 2332 3978 in
2363 3921 2630 3978 notitiam
2661 3919 2843 3976 nostri
2875 3919 3075 3975 volens
3106 3918 3424 3990 pervenire,
3457 3918 3527 3971 ad
3578 3917 3700 3972 cul-

2057 4018 2254 4069 turam
2305 4011 2396 4068 sui
2451 4014 2678 4066 nostros
2721 4010 2982 4064 excitans
3030 4007 3279 4075 animos,
3332 4005 3525 4061 aiebat
3572 4006 3698 4075 (Isa.

2060 4120 2185 4170 XLV,
2216 4103 2310 4172 7):
2341 4103 2460 4172 Ego
2495 4116 2617 4154 sum
2649 4100 2928 4164 Dominus,
2963 4098 3058 4169 qui
3084 4097 3192 4167 Ieci
3219 4097 3389 4152 lucem
3420 4099 3472 4151 et
3521 4095 3704 4150 creavi

2061 4193 2344 4252 tenebras;
2398 4194 2462 4244 ut
2508 4187 2977 4243 vicissitudinum
3036 4187 3283 4242 istarum
3332 4185 3547 4257 quibus
3597 4200 3704 4238 no-

2063 4287 2181 4338 ctes
2240 4280 2482 4350 diesque
2529 4278 2926 4345 moderantur,
2987 4292 3103 4330 non
3159 4280 3452 4344 naturam,
3511 4273 3706 4329 nescio

2066 4386 2245 4444 quam
2279 4369 2412 4438 (30),
2447 4372 2788 4439 putaremus
2829 4365 2942 4437 (31)
2992 4365 3313 4432 artificem;
3367 4362 3468 4418 sed
3527 4362 3710 4419 Deum

1580 4478 1895 4540 Gallandii
1927 4477 2435 4542 commentarius.

295 4589 346 4644 τ.
381 4565 437 4623 λ.
471 4591 498 4618 ‹‹
533 4568 592 4644 Si
624 4570 803 4644 lucem
831 4586 965 4644 eum
994 4569 1206 4638 dicam,
1239 4587 1384 4642 opus
1416 4574 1542 4644 ejus
1583 4574 1735 4644 dico,
1786 4580 1893 4631 etc.
1918 4598 1946 4627 »
1984 4581 2028 4644 D
2130 4575 2244 4644 (27)
2279 4571 2545 4644 Expendit
2575 4575 2742 4625 Hunc
2775 4569 2967 4644 locum
2994 4571 3132 4628 citat
3161 4573 3315 4630 infra
3344 4576 3704 4633 Novatianus

300 4643 517 4696 Locum
551 4641 830 4712 inspicias
854 4642 1030 4712 velim
1064 4648 1120 4696 et
1146 4641 1432 4698 conferas.

372 4713 486 4784 (23)
522 4711 940 4785 Viritior._Vox
974 4713 1209 4784 ignota:
1245 4731 1419 4785 quam
1453 4720 1648 4771 tamen
1681 4717 1955 4772 exhibent

297 4783 502 4858 omnes
559 4785 729 4858 editi,
783 4783 1140 4858 Legeud’um,
1176 4783 1415 4840 omnino
1476 4793 1613 4858 puto
1698 4792 1951 4855 virosior,

297 4855 456 4926 quod
484 4855 1082 4932 h_abet_Tertu_llianu_s
1108 4857 1172 4932 de
1201 4858 1424 4932 Anima,
1453 4855 1580 4929 e'ap.
1635 4861 1718 4913 19.
1766 4864 1954 4932 Atque

297 4933 458 4982 errat
488 4926 801 4991 Pamelius,
835 4929 973 4981 dum
1008 4929 1092 4982 ait
1122 4926 1546 4985 ’l‘ertullianum
1599 4949 1770 4986 usum
1823 4926 1953 4988 esse

296 4999 707 5073 voc_e__viritior.
743 4998 878 5073 Vid,
906 5016 1060 5073 sup.,
1097 5006 1214 5056 not.
1248 5001 1565 5073 4,7adcap.
1601 5003 1652 5058 l.
1679 5002 1948 5059 Jscssorx.

372 5070 481 5139 (24)
515 5069 790 5147 omnium.
827 5069 1024 5147 Mallet
1053 5075 1256 5147 omnia.
1308 5069 1750 5147 Welcbinanus,
1801 5078 1953 5147 ejus-

300 5141 786 5213 queconjectura
817 5141 1100 5213 probatur
1128 5149 1184 5198 et
1212 5143 1524 5199 Jacksono.

373 5212 486 5282 (25)
546 5213 609 5287 Id
661 5212 973 5287 θεαί-βεδε
1022 5216 1104 5287 tta
1167 5214 1476 5281 l'amelius,
1560 5217 1845 5287 Gagnmus
1898 5221 1956 5272 et

304 5283 968 5358 Barrensis_ms._Wow.
1021 5285 1079 5339 Id
1134 5295 1214 5341 est
1272 5287 1457 5358 Deus,
1491 5283 1956 5358 quod"ejusmodi

300 5358 547 5430 est,_etc_.
579 5355 1002 5430 Welchmanus
1032 5375 1164 5412 vero
1187 5358 1422 5430 coniicit
1448 5355 1757 5430 legendum
1785 5363 1953 5415 Deum

303 5430 379 5479 At
408 5424 576 5502 lectio
602 5427 838 5502 vulgata
871 5427 1007 5502 ferri
1031 5433 1240 5499 potest,
1267 5429 1312 5502 si
1341 5431 1481 5484 Deus
1505 5424 1842 5502 “accipiatur
1867 5451 1952 5484 τε-

304 5499 538 5571 χνῳιῷς,
567 5498 686 5553 sive
720 5516 821 5569 pro
852 5498 1089 5554 nomine
1120 5501 1371 5571 proprio.
1406 5498 1676 5557 Jscxsosi.

381 5568 496 5654 (26)
528 5573 602 5624 Et
627 5568 930 5654 parientem.
966 5568 1402 5654 tium—Patriam
1430 5575 1692 5629 voculam
1725 5585 1774 5632 et
1824 5574 1955 5631 reti-

305 5642 412 5702 nui
443 5657 620 5715 quam
668 5642 811 5701 editi
838 5643 1101 5717 plerique
1130 5645 1430 5704 omittunt.

2059 4642 2186 4718 cap.
2219 4648 2308 4718 30,
2342 4642 2440 4698 ubi
2483 4643 2656 4718 habet
2710 4642 3027 4718 suspendit:
3091 4661 3338 4718 eamque
3395 4649 3706 4704 lectionem

2062 4713 2198 4771 inde
2231 4717 2342 4770 huc
2371 4713 2673 4768 transtulit
2701 4714 3048 4770 Jacksonus.

2135 4789 2245 4858 (2-8)
2279 4788 2390 4859 Qui
2422 4788 2644 4856 ingenio
2683 4785 2932 4859 (heretici
2957 4788 3126 4857 fictus
3154 4790 3242 4844 sit.
3275 4789 3705 4846 Tertullianum

2062 4857 2331 4915 imitatur
2362 4863 2581 4921 auctor,
2607 4857 2726 4928 qui,
2763 4863 2824 4911 ut
2856 4860 3125 4913 observat
3158 4861 3462 4928 Pamelius,
3498 4862 3576 4916 lib
3643 4863 3708 4918 de

2062 4933 2372 5005 Praescript.
2408 4929 2464 5005 i_n
2506 4929 2764 5005 catalogo
2820 4929 3220 5005 hereticorum
3279 4949 3378 4988 eos
3430 4938 3712 5005 recenset,

2061 5004 2156 5073 qui
2191 5004 2367 5056 alium
2401 5002 2570 5056 Deum
2599 5000 2707 5055 sibi
2735 5001 2995 5056 haeretica
3015 5003 3301 5128 fingebant
3322 5009 3562 5071 tngento.

2133 5076 2244 5128 (29)
2278 5075 2464 5128 Ouem.
2502 5074 2584 5126 [ta
2615 5071 2840 5126 restitui
2893 5089 2960 5127 ex
3054 5074 3191 5128 unio
3245 5081 3302 5128 et
3353 5075 3558 5128 Latino

2133 5076 2244 5146 (29)
2278 5075 2464 5147 Quen...
2502 5074 2584 5126 [ta
2615 5071 2840 5147 restitui
2893 5089 2960 5127 ex
3015 5071 3191 5129 Junio
3245 5081 3302 5130 et
3353 5075 3558 5131 Latino
3608 5093 3710 5147 pro

2061 5143 2368 5214 vulg.'edit
2399 5160 2582 5214 quum.
2616 5143 2894 5198 JACKSON.

2132 5219 2247 5284 (30)
2280 5217 2391 5270 Non
2423 5225 2687 5269 naturam
2716 5217 2893 5269 nescio
2947 5231 3127 5284 quam.
3185 5221 3402 5272 Auctor
3451 5219 3714 5286 Recogni-

2065 5292 2275 5345 tionum
2307 5287 2404 5342 lib.
2441 5304 2562 5351 Vlll,
2594 5303 2641 5340 c.
2694 5288 2798 5340 34:
2855 5287 2962 5354 Qui
3006 5289 3270 5343 naturam
3314 5305 3415 5360 pro
3459 5290 3561 5344 Deo
3609 5308 3710 5346 no-

3405 5363 3640 5432 minant,

2136 5503 2248 5569 (31)
2279 5501 2624 5552 Putaremus.
2658 5503 2818 5553 Hanc
2849 5516 3045 5554 vocem
3078 5500 3136 5554 in
3169 5505 3386 5556 textum
3422 5503 3588 5558 retuli
3644 5524 3708 5558 ex

2069 5591 2211 5628 mss.
2247 5569 2526 5643 Woweri,
2563 5586 2664 5641 pro
2708 5571 2845 5625 edit.
2898 5576 3168 5640 putemus,
3225 5574 3375 5643 quod
3431 5594 3542 5629 nou
3596 5585 3710 5630 tam

2068 5647 2213 5702 bene
2240 5640 2505 5699 convenit
2535 5640 2805 5714 sequenti
2829 5640 3260 5716 (ignosceremus.
3293 5645 3489 5706 Jacas.
