4102 6180
542 324 660 388 919

541 467 992 523 agnosceremus
1020 453 1404 524 potius(quod
1429 455 1553 508 erat
1571 452 1787 526 verius)
1811 452 2190 521 conditorem,

553 543 734 608 Quem
766 541 1042 612 quoniam
1078 541 1283 596 obtutu
1315 539 1616 596 oculorum
1639 541 1832 598 videre
1851 559 1964 597 non
1993 558 2200 612 possu-

550 647 712 696 mus,
744 631 814 686 de
844 645 1084 701 operum
1122 630 1526 701 magnitudine
1555 636 1612 686 et
1655 631 1866 686 virtute
1911 636 1967 686 et
2011 631 2196 700 maje-

548 723 697 774 state
724 719 1156 775 condiscimus:
1194 719 1518 776 lnvisibilia
1561 721 1710 775 enim
1757 721 1955 792 ipsius,
2006 719 2198 790 inquit

547 807 848 880 apostolus
882 807 1116 877 Paulus,
1172 826 1208 863 a
1253 817 1506 864 creatura
1561 808 1754 864 mundi
1806 825 1903 880 per
1958 825 2023 864 ea
2077 826 2196 880 quae

541 899 693 970 facta
722 900 848 951 sunt
878 897 1158 952 intellecta
1185 898 1634 968 conspiciuntur;
1679 900 2015 969 sempiterna
2060 913 2193 970 quo-

543 1001 646 1057 que
665 987 782 1052 eius
813 987 984 1041 virtus
1013 989 1063 1042 et
1092 985 1361 1042 divinitas
1399 987 1572 1050 (Rom.
1609 1004 1649 1052 1,
1677 988 1806 1055 20):
1839 991 1902 1042 ut
1959 988 2192 1044 animus

539 1075 837 1131 humanus
860 1091 929 1129 ex
947 1075 1274 1129 manifestis
1305 1074 1534 1130 occulta
1564 1075 1929 1139 condiscens,
1964 1077 2035 1131 de
2057 1093 2192 1148 ope-

541 1179 672 1219 rum
705 1163 1112 1234 magnitudine
1142 1180 1268 1235 quae
1298 1163 1540 1231 videret,
1575 1163 1786 1218 mentis
1811 1163 1994 1219 oculis
2017 1165 2192 1219 artifi-

542 1251 627 1307 cis
646 1251 1115 1324 magnitudinem
1142 1253 1443 1324 cogitaret.
1471 1253 1544 1308 De
1565 1269 1680 1324 quo
1700 1253 1853 1308 idem
1878 1252 2190 1324 Apostolus

538 1341 584 1412 (Ι
617 1341 750 1396 Tim.
787 1357 826 1409 1,
889 1342 973 1411 17)
1009 1357 1020 1396 :
1085 1343 1212 1410 Regi
1249 1345 1434 1396 autem
1489 1341 1816 1397 saeculorum
1868 1343 2185 1409 immortali,

536 1429 838 1495 invisibili,
872 1431 981 1486 soli
1009 1431 1112 1484 Deo
1138 1429 1308 1485 honor
1335 1438 1388 1484 et
1414 1430 1612 1497 gloria.
1647 1430 1841 1485 Evasit
1869 1431 2026 1485 enim
2052 1447 2188 1485 ocu-

535 1517 725 1573 lorum
759 1517 1328 1588 contemplationem,
1365 1519 1465 1589 qui
1504 1518 1876 1588 cogitationis
1907 1518 2041 1574 vicit
2064 1537 2186 1575 ma-

536 1607 904 1680 gnitudinem
937 1623 949 1660 :
985 1607 1276 1674 Quoniam,
1313 1606 1523 1677 inquit,
1556 1623 1626 1662 ex
1657 1609 1773 1678 ipso
1802 1611 1852 1663 et
1878 1624 1976 1680 per
2006 1610 2184 1678 ipsum

533 1700 586 1752 et
618 1697 678 1750 in
699 1697 814 1766 ipso
843 1703 969 1749 sunt
996 1697 1185 1750 omnia
1215 1696 1387 1765 (Rom.
1425 1711 1506 1757 χι.
1535 1697 1650 1764 33).
1703 1695 1850 1750 Nam
1899 1703 1956 1752 et
1995 1697 2183 1767 impe-

1596 320 2030 384 NOVATIANI
2077 299 2569 382 PRESBYTER!
2616 317 2916 380 ROMANI
3005 363 3020 376 .

3781 324 3875 384 920

2224 451 2277 518 Α
2307 467 2567 522 unquam
2603 450 2851 522 perfecto
2881 447 3139 504 defuisse
3166 447 3461 516 videatur;
3493 467 3589 506 nec
3614 453 3880 519 detrimen-

2310 544 2435 595 tum
2467 539 2525 594 in
2559 556 2624 594 eo
2657 538 2891 609 aliquod
2925 538 3140 608 agitur,
3198 554 3268 592 ne
3324 539 3529 607 gradus
3571 545 3880 606 mortalitatis

2308 634 2578 698 receptus
2609 644 2739 683 esse
2769 627 3076 682 videatur:
3117 626 3219 681 sed
3269 627 3419 697 quod
3467 634 3566 694 est,
3609 631 3660 686 id
3699 651 3884 710 semper

2305 722 2395 772 est
2419 759 2432 783 ,
2460 721 2517 772 et
2560 716 2660 788 qui
2684 720 2796 780 est,
2818 732 3050 786 semper
3071 715 3193 786 ipse
3215 720 3305 770 est
3331 732 3344 780 ;
3367 719 3423 770 et
3449 717 3623 787 qualis
3650 727 3746 791 est,
3771 741 3886 782 sem.

2305 821 2408 876 per
2439 803 2574 860 talis
2605 810 2714 862 est.
2750 808 2892 858 Nam
2948 809 3006 859 et
3057 803 3418 858 incrementa
3462 806 3722 878 originem
3761 829 3886 869 mon-

2306 897 2518 960 strant,
2552 899 2610 949 et
2631 895 2984 949 detrimenta
3015 897 3264 948 mortem
3292 898 3464 964 atque
3493 894 3764 954 interitum
3791 919 3888 971 pro-

2308 983 2466 1050 bant,
2499 988 2557 1038 et
2607 982 2776 1037 ideo:
2834 983 2964 1053 Ego,
3025 983 3125 1048 ait,
3174 998 3298 1036 sum
3355 983 3514 1053 Deus,
3569 989 3618 1038 et
3663 1001 3758 1042 non
3801 1007 3894 1045 sum

2304 1074 2546 1127 mutatus
2569 1072 2834 1138 (Malach.
2866 1089 2950 1140 111,
2978 1071 3058 1142 6),
3089 1075 3306 1126 statum
3337 1087 3506 1126 suum
3538 1077 3724 1130 tenens
3772 1093 3890 1133 sem-

2302 1178 2424 1232 per,
2457 1162 2599 1216 dum
2631 1162 2687 1215 id
2722 1162 2879 1232 quod
2914 1166 3117 1215 natum
3151 1177 3264 1214 non
3297 1164 3406 1224 est,
3437 1163 3677 1216 converti
3698 1180 3794 1219 non
3816 1184 3893 1237 po-

2301 1253 2432 1302 test.
2463 1247 2577 1302 Iloc
2609 1248 2762 1302 enim
2795 1247 2853 1301 in
2890 1247 3014 1318 ipso
3067 1247 3356 1318 quidquid
3407 1245 3549 1302 illud
3600 1255 3767 1321 potest
3806 1242 3892 1323 (33)

2299 1337 2456 1407 quod
2483 1341 2573 1392 est
2609 1341 2778 1407 Deus,
2810 1354 3043 1408 semper
3073 1339 3150 1391 sit
3175 1353 3412 1392 necesse
3437 1342 3562 1405 est;
3595 1344 3656 1394 ut
3706 1357 3894 1414 semper

2300 1425 2378 1480 sit
2411 1431 2584 1493 Deus,
2613 1443 2854 1482 servans
2887 1443 3013 1481 sese
3046 1426 3360 1481 virtutibus
3391 1426 3533 1482 suis.
3565 1427 3629 1482 Et
3655 1428 3766 1484 ideo
3785 1429 3895 1486 dicit

2297 1515 2491 1580 (Exod.
2530 1531 2613 1583 ιιι,
2656 1517 2744 1586 14)
2774 1533 2787 1571 :
2821 1518 2928 1588 Ego
2957 1531 3079 1570 sum
3106 1517 3208 1587 qui
3233 1532 3380 1571 sum.
3435 1517 3592 1580 Quod
3631 1517 3771 1574 enim
3809 1525 3894 1590 est,

2297 1603 2428 1659 ideo
2460 1604 2572 1659 hoc
2605 1604 2780 1660 habet
2813 1621 3048 1671 nomen,
3079 1605 3361 1676 quoniam
3412 1606 3664 1660 eamdem
3711 1624 3897 1680 semper

2295 1694 2382 1746 sui
2420 1693 2644 1748 obtinet
2675 1694 3036 1766 qualitatem.
3073 1693 3413 1749 lmmutatio
3444 1694 3594 1748 enim
3619 1694 3892 1754 tollitillud

532 1784 620 1840 rio
651 1785 778 1854 ejus
811 1783 1029 1845 omnia.
1063 1789 1127 1838 ut
1151 1800 1222 1839 ea:
1251 1787 1371 1855 ipso
1401 1784 1555 1838 sint:
1591 1789 1649 1839 et
1696 1786 1870 1841 verbo
1919 1785 2047 1856 ejus
2092 1786 2184 1840 di-
2219 1819 2265 1884 Β
2298 1799 2505 1838 nomen
2540 1782 2680 1854 quod
2708 1791 2824 1838 est:
2857 1783 3145 1853 quidquid
3167 1782 3322 1838 enim
3343 1781 3654 1854 aliquando
3674 1787 3895 1856 vertitur,

531 1876 718 1945 gesta,
753 1876 817 1928 ut
842 1889 943 1943 per
973 1873 1152 1944 ipsum
1183 1874 1299 1928 sint
1325 1889 1338 1927 :
1374 1876 1431 1927 et
1460 1871 1519 1926 in
1542 1872 1831 1943 judicium
1865 1875 1994 1943 ejus
2043 1874 2185 1929 reci-

530 1961 682 2018 dunt
711 1962 1018 2027 universa;
1055 1966 1120 2016 ut
1150 1961 1288 2015 dum
1325 1963 1382 2015 in
1413 1963 1547 2031 ipso,
1581 1965 1921 2032 exspectant
1954 1961 2186 2017 liberta-

536 2055 653 2107 tem
687 2049 1060 2122 corruptione
1092 2049 1356 2122 deposita
1383 2050 1557 2121 (Rom.
1585 2066 1710 2120 v111,
1751 2051 1865 2122 21),
1898 2050 1958 2106 in
1989 2050 2184 2122 ipsum

531 2138 844 2195 videantur
866 2154 994 2194 esse
1025 2143 1310 2194 revocata.

1172 2241 1401 2300 CAPUT
1450 2243 1543 2298 IV.

539 2335 760 2390 Bonum
790 2348 1017 2404 quoque,
1046 2347 1260 2403 semper
1293 2335 1410 2388 sui:
1455 2333 1716 2400 similem,
1762 2333 2182 2400 immutabilem,

605 2421 779 2460 unum
809 2414 862 2460 et
890 2405 1086 2472 solum,
1119 2406 1441 2474 infinitum:
1469 2406 1627 2474 cujus
1672 2420 1770 2459 nec
1815 2421 2015 2460 nomen
2063 2421 2186 2472 pro-

600 2479 794 2549 prium
802 2478 972 2548 possit
985 2475 1128 2531 edici
1134 2485 1202 2544 ,et
1218 2475 1781 2545 incorruptibilem,et
1798 2477 2183 2531 immortalem.

607 2582 790 2645 Quem
819 2583 998 2637 solum
1029 2582 1235 2638 merito
1269 2582 1472 2638 bonum
1505 2582 1846 2655 pronuntiat
1901 2583 2186 2640 Dominus

535 2672 690 2743 (Luc.
749 2672 1056 2742 xv111,19):
1115 2673 1286 2742 cujus
1344 2671 1624 2726 bonitatis
1678 2677 1836 2727 totus
1864 2673 2032 2727 testis
2097 2677 2188 2728 est

543 2760 824 2824 mundus,
858 2776 1028 2830 quem
1062 2776 1175 2815 non
1207 2760 1580 2826 instituisset,
1613 2761 1727 2817 nisi
1758 2761 1926 2817 bonis
1956 2761 2183 2818 fuisset.

531 2849 676 2905 Nam
710 2849 759 2903 si
789 2851 982 2904 omnia
1013 2850 1154 2904 bona
1179 2849 1334 2904 valde
1363 2849 1513 2919 (Gen.
1549 2867 1587 2918 1,
1619 2851 1731 2919 31),
1766 2855 2188 2921 consequenter

534 2952 601 2994 ac
629 2937 835 2991 merito
867 2943 926 2991 et
955 2953 1082 3007 qua:
1115 2937 1387 2992 instituta
1419 2943 1558 2993 sunt
1589 2938 1758 3002 bona,
1782 2939 1997 2994 bonum
2025 2938 2188 2994 insti-

527 3029 780 3081 tutorem
814 3025 1241 3096 probaverunt:
1301 3031 1358 3080 et
1414 3043 1540 3098 quas
1572 3043 1606 3082 a
1665 3027 1812 3082 bono
1852 3027 2186 3083 institutore

534 3117 698 3180 sunt,
731 3113 887 3168 aliud
923 3131 1098 3185 quam
1135 3114 1288 3169 bona
1326 3131 1454 3170 esse
1487 3131 1601 3169 non
1631 3121 1911 3186 possunt:
1973 3134 2040 3172 ex
2070 3134 2185 3188 quo

536 3219 709 3258 omne
743 3202 962 3257 malum
1000 3204 1250 3258 facessat
1281 3221 1314 3257 a
1345 3204 1479 3258 Deo.
1515 3204 1628 3260 Nec
1661 3203 1813 3260 enim
1847 3211 2034 3278 potest
2061 3206 2184 3261 fieri

536 3296 605 3348 ut
633 3293 711 3348 sit
739 3291 1000 3348 initiator
1028 3298 1129 3348 aut
1161 3292 1366 3348 artifex
1398 3292 1576 3348 ullius
1611 3294 1748 3349 mali
1809 3297 2023 3367 operis,
2083 3295 2184 3366 qui

536 3397 749 3437 nomen
781 3380 889 3436 sibi
926 3381 1159 3452 perfecti
1188 3381 1442 3437 vindicat
1472 3386 1528 3437 et
1561 3383 1815 3454 parentis
1849 3389 1906 3438 et
1929 3385 2182 3455 judicis:

539 3469 793 3526 maxime
825 3471 978 3526 893
1011 3487 1143 3525 cum
1189 3469 1379 3525 omnis
1433 3470 1568 3525 mali
1618 3472 1809 3542 operis
1858 3472 2065 3528 vindex
2109 3474 2185 3528 sit

533 3559 825 3628 etjudex;
859 3559 1140 3630 quoniam
1173 3563 1230 3613 et
1261 3576 1373 3613 non
1406 3559 1642 3615 aliunde
1681 3560 1932 3616 occurrit
1961 3560 2182 3616 homini

535 3647 777 3714 malum,
799 3647 910 3703 nisi
937 3666 968 3702 a
989 3648 1138 3703 bono
1171 3647 1649 3715 Deo'recessisset
1679 3651 1812 3720 (32).
1848 3649 1963 3706 Hoc
1989 3655 2183 3707 autem

533 3736 731 3809 ipsum
759 3735 818 3790 in
851 3735 1089 3791 homine
1121 3737 1466 3792 denotatur:
1493 3753 1607 3792 non
1628 3737 1767 3808 quia
1795 3755 2028 3794 necesse
2051 3739 2181 3796 fuit.

531 3825 633 3880 sed
667 3825 805 3896 quia
839 3825 960 3896 ipse
991 3825 1074 3880 sic
1106 3824 1308 3880 voluit.
1362 3825 1524 3881 Unde
1579 3826 1887 3882 manifeste
1935 3835 1992 3882 et
2041 3831 2181 3901 quid

534 3911 754 3968 malum
789 3919 945 3968 esset
974 3913 1260 3985 apparuit,
1293 3918 1368 3979 et,
1405 3931 1476 3969 ne
1525 3913 1746 3970 invidia
1793 3915 1848 3970 in
1895 3916 2010 3972 Deo
2056 3935 2185 3976 esse

531 4000 846 4072 videretur,
881 4019 1053 4073 aquo
1086 4002 1304 4058 malum
1355 4008 1547 4058 ortum
1599 4007 1772 4074 esset,
1825 4003 2023 4061 eluxit.
2081 4009 2184 4064 Hic

530 4106 667 4162 ergo
694 4107 926 4162 semper
956 4091 1045 4146 sui
1078 4097 1167 4146 est
1198 4090 1431 4161 similis,
1466 4107 1570 4147 nee
1601 4109 1663 4147 se
1694 4109 1952 4164 unquam
1985 4094 2043 4149 in
2081 4096 2183 4151 ali-

526 4195 675 4252 quas
706 4179 923 4235 formas
956 4179 1124 4234 vertit
1153 4187 1253 4234 aut
1293 4184 1481 4234 mutat
1533 4183 1665 4248 (Jac.
1720 4199 1759 4246 1,
1807 4182 1918 4254 17),
1973 4199 2043 4238 ne
2085 4200 2186 4256 per

525 4266 998 4323 immutationem
1031 4267 1206 4322 etiam
1242 4268 1504 4323 mortalis
1559 4285 1688 4324 esse
1734 4269 2014 4326 videatur.
2069 4277 2183 4328 Im-

528 4357 773 4412 mutatio
806 4358 962 4413 enim
996 4356 1413 4425 conversionis,
1449 4357 1635 4429 portio
1665 4358 1972 4427 cujusdam
2023 4378 2182 4418 com-

525 4445 906 4515 prehenditur
943 4445 1166 4501 mortis.
1207 4446 1339 4501 Ideo
1376 4462 1479 4501 nec
1537 4446 1788 4515 adjectio
1837 4446 1896 4502 in
1941 4449 2037 4505 illo
2081 4467 2182 4506 un-

526 4549 704 4604 quam
737 4533 915 4590 ullius
942 4539 1044 4590 aut
1075 4535 1260 4606 partis
1292 4540 1393 4590 aut
1427 4534 1666 4591 honoris
1688 4537 1932 4607 accedit,
1957 4540 2180 4611 nequid

2299 1870 2544 1926 mortale
2601 1871 2952 1937 ostenditur,
3012 1870 3121 1926 hoc
3180 1872 3307 1942 ipso
3367 1873 3520 1942 quod
3574 1874 3893 1930 convertitur.

2300 1959 2520 2014 Desinit
2551 1959 2706 2014 enim
2741 1977 2868 2016 esse
2900 1960 3054 2030 quod
3116 1959 3324 2025 fuerat,
3387 1964 3444 2014 et
3495 1958 3690 2031 incipit
3729 1978 3894 2017 conse-

2295 2053 2540 2119 quenter
2569 2065 2698 2104 esse
2729 2050 2884 2120 quod
2921 2066 3034 2104 non
3066 2053 3230 2104 erat:
3268 2047 3487 2103 idcirco
3531 2053 3586 2103 et
3633 2051 3814 2106 merito
3852 2050 3894 2106 in

2295 2137 2410 2192 Deo
2446 2143 2641 2193 manet
2674 2154 2903 2210 semper
2931 2141 3120 2193 status
3152 2154 3323 2204 suus,
3377 2137 3541 2203 dum,
3592 2136 3712 2193 sine
3755 2139 3899 2194 detrid’

2297 2230 2493 2282 mento
2525 2226 3024 2295 commutationis,
3086 2242 3318 2298 semper
3379 2225 3470 2282 sui
3521 2231 3576 2280 et
3627 2226 3816 2282 similis
3853 2232 3895 2282 et

2293 2314 2534 2387 aequalis
2565 2320 2670 2371 est.
2706 2315 2868 2380 Quod
2901 2315 3055 2371 enim
3089 2319 3292 2370 natum
3328 2332 3445 2370 non
3470 2317 3576 2382 est,
3602 2331 3698 2372 nec
3718 2316 3890 2372 mutari

2295 2409 2519 2477 potest:
2569 2421 2636 2460 ea
2690 2405 2844 2460 enim
2901 2405 3026 2460 sola
3075 2404 3131 2458 in
3182 2404 3621 2460 conversionem
3676 2404 3891 2469 veniunt,

2295 2509 2659 2566 quaecunque
2690 2494 2841 2548 fiunt
2870 2492 2956 2548 vel
2989 2509 3355 2565 quascunque
3386 2493 3734 2565 gignuntur;
3779 2493 3890 2547 dum

2294 2599 2421 2653 quae
2451 2583 2766 2654 aliquando
2798 2600 2912 2638 non
2945 2583 3194 2651 fuerant,
3227 2583 3607 2638 discuntesse
3628 2582 3891 2650 nascendo,

2295 2674 2471 2740 atquo
2503 2669 2631 2725 ideo
2664 2670 2956 2726 nascendo
2987 2670 3266 2725 converti.
3317 2675 3396 2724 At
3453 2671 3603 2726 enim
3660 2669 3748 2726 illa
3794 2686 3890 2741 qua

2295 2775 2401 2813 nec
2433 2758 2797 2814 nativitatem
2823 2759 3042 2814 habent
3071 2775 3174 2814 nec
3203 2759 3894 2824 artificem,excluserunta

2295 2864 2357 2904 se
2383 2848 2865 2910 demutationem.
2897 2849 3039 2902 dum
3080 2848 3136 2902 in
3170 2865 3285 2918 qua
3316 2849 3707 2904 conversionis
3756 2863 3896 2902 causa

2294 2941 2402 3003 est,
2432 2954 2545 2991 non
2570 2935 2782 2992 habent
2805 2937 3088 3008 originem
3111 2936 3347 2992 :idcoet
3371 2955 3524 2992 unus
3542 2937 3895 3009 pronuntiatus

2295 3030 2402 3092 est,
2436 3026 2577 3080 dum
2608 3042 2802 3096 parem
2839 3043 2952 3080 non
2987 3025 3163 3080 habet
3193 3027 3338 3096 (34):
3392 3024 3547 3081 Deus
3577 3026 3740 3092 enim,
3769 3023 3895 3096 quid-

2297 3115 2435 3184 quid
2467 3131 2595 3169 esse
2628 3118 2818 3186 potest
2849 3114 3000 3170 Deus
3031 3119 3464 3178 est,summum
3489 3115 3793 3171 sitnecesse
3813 3117 3892 3168 est.

2217 3185 2258 3250 Ο
2297 3204 2602 3258 Summum
2627 3208 2822 3258 autem
2849 3203 3133 3274 quidquid
3157 3210 3270 3270 est,
3293 3205 3374 3259 ita
3397 3205 3631 3259 demum
3646 3218 3892 3259 summum

2295 3309 2422 3348 esse
2452 3296 2698 3363 oportet,
2732 3293 2874 3346 dum
2914 3297 3075 3347 extra
3128 3308 3467 3365 comparem
3533 3298 3637 3348 est.
3703 3297 3761 3346 Et
3799 3290 3894 3345 ideo

2295 3381 2485 3438 solum
2519 3387 2574 3438 et
2606 3399 2786 3436 unum
2821 3381 2898 3436 sit
2930 3397 3166 3437 necesse
3198 3389 3306 3451 est,
3359 3381 3451 3437 cui
3511 3381 3742 3438 conferri
3785 3377 3892 3433 nihil

2295 3475 2503 3542 potest,
2537 3471 2676 3524 dum
2711 3487 2907 3541 parem
2949 3487 3063 3524 non
3098 3470 3295 3526 habet.
3333 3472 3618 3537 Quoniam
3676 3487 3768 3526 nec
3809 3469 3908 3547 duo3

2294 3561 2525 3615 infinita
2553 3579 2680 3617 esse
2713 3567 2979 3632 possunt,
3017 3569 3082 3616 ut
3112 3579 3307 3617 rerum
3345 3563 3528 3618 dictat
3551 3564 3671 3634 ipsa
3707 3565 3890 3617 natura.

2297 3650 2596 3704 Infinitum
2630 3655 2718 3705 est
2751 3655 2968 3720 autem,
3004 3650 3294 3722 quidquid
3331 3669 3438 3708 nec
3469 3651 3737 3725 originem
3758 3649 3893 3704 habet

2293 3738 2552 3802 omnino,
2575 3754 2678 3792 nec
2711 3740 2905 3792 tinem.
2941 3738 3203 3794 Excludit
3231 3740 3392 3795 enim
3427 3736 3890 3803 alteriusinitium,

2293 3827 2576 3900 quidquid
2614 3827 2768 3882 894
2799 3827 3166 3899 occupaverit
3199 3832 3411 3884 totum.
3446 3828 3717 3893 Quoniam
3739 3825 3782 3882 si
3807 3841 3891 3880 non

2293 3933 2464 3972 omne
2495 3915 2607 3986 (55)
2635 3915 2693 3970 id
2727 3919 2878 3988 quod
2913 3920 3020 3981 est,
3056 3917 3348 3989 quidquid
3382 3925 3474 3973 est
3495 3915 3889 3982 continet;dum

2291 4004 2446 4060 intra
2477 4005 2533 4059 id
2568 4004 2859 4059 invenitur
2887 4021 3003 4075 quo
3033 4005 3391 4072 continetur,
3430 4008 3622 4062 minus
3644 4005 3890 4060 inventum

2292 4111 2358 4150 eo
2391 4111 2506 4166 quo
2539 4093 2887 4150 continetur.
2927 4094 3074 4148 Deus
3104 4111 3233 4149 esse
3265 4097 3509 4151 desierit
3539 4096 3667 4168 (36),
3708 4094 3758 4148 in
3785 4090 3892 4146 alte-

2293 4183 2415 4238 rius
2448 4187 2792 4255 potestatem
2829 4184 3123 4250 redactus,
3154 4185 3327 4254 cuius
3363 4184 3769 4257 magnitudine,
3806 4193 3891 4251 qua

2293 4273 2504 4341 minor,
2539 4273 2712 4328 fuerit
2758 4273 3061 4330 inclusus:
3123 4280 3180 4330 et
3238 4277 3369 4331 ideo
3430 4277 3582 4347 quod
3639 4275 3740 4346 (37)
3788 4286 3889 4326 con-

2293 4363 2488 4416 tinuit.
2527 4367 2673 4417 Deus
2705 4363 2903 4434 potius
2934 4379 3062 4418 esse
3086 4365 3209 4433 jam
3245 4365 3505 4434 coeperit.
3540 4365 3619 4421 Ex
3645 4379 3745 4435 quo
3784 4359 3886 4416 οσο-

2291 4456 2448 4506 ctum
2480 4455 2568 4506 est
2597 4456 2664 4506 ut
2693 4467 2796 4506 nec
2831 4467 3043 4505 nomen
3078 4451 3177 4506 Dei
3210 4454 3517 4524 proprium
3551 4452 3721 4525 possit
3757 4447 3903 4526 edici/,-

2291 4539 2567 4610 quoniam
2601 4556 2713 4593 non
2747 4539 2931 4610 possit
2963 4556 3065 4595 nec
3096 4541 3351 4613 concipi.
3392 4542 3454 4597 ld
3506 4541 3658 4598 enim
3701 4536 3886 4595 nomine

1811 4666 2124 4727 Gallandii
2148 4666 2664 4728 commentarius.

524 4775 764 4839 minant,
797 4779 847 4831 et
876 4791 975 4845 per
1002 4781 1264 4831 naturam
1296 4779 1450 4846 facta
1503 4791 1616 4831 esse
1655 4783 1846 4834 cuneta
1898 4788 2182 4846 testantur,

528 4846 659 4901 latet
709 4862 797 4902 eos
845 4849 1238 4917 appellationis
1295 4861 1416 4903 suae
1471 4861 1646 4902 error.
1713 4849 1774 4904 Si
1817 4853 1962 4904 enim
2019 4861 2184 4907 natu-

526 4935 648 4973 ram
705 4917 1150 4974 irrationabzlem
1203 4921 1420 4989 putant,
1477 4919 1866 4974 stultissimum
1938 4931 2036 4989 est,
2091 4942 2181 4978 ra-

528 4990 852 5066 tionabilem
897 4999 1232 5066 creaturam_
1261 4988 1346 5066 ab
1373 4990 1754 5066 irrationabili
1795 4988 2179 5066 factore’pro-

523 5061 694 5132 gredi.
732 5060 791 5115 Si
823 5076 954 5134 vero
987 5062 1128 5114 ratio
1159 5059 1346 5134 est,_itl
1375 5065 1453 5114 est
1482 5061 1645 5130 logos,
1679 5078 1774 5131 per
1820 5080 1984 5134 quam
2031 5059 2183 5134 facta

525 5135 736 5186 constat
761 5133 1046 5191 universa;
1079 5131 1352 5200 superﬂuo
1382 5146 1577 5187 nomen
1617 5131 1937 5200 immutant,
1983 5131 2082 5192 ubi
2119 5139 2184 5192 de

527 5202 842 5257 Conditoris
870 5203 1085 5256 ratione
1135 5203 1484 5274 proﬁtentur.
1533 5205 1645 5258 Hac
1677 5205 1746 5257 de
1777 5221 1836 5259 re
1883 5205 2019 5262 item
2067 5209 2182 5264 dis-

528 5279 695 5345 putat
725 5274 877 5328 idem
913 5280 1116 5330 auctor
1138 5273 1318 5348 paulo
1348 5274 1642 5348 superius,
1674 5293 1800 5347 cap.
1830 5277 1918 5332 210.

601 5414 714 5485 (32)
754 5415 1083 5470 Reeessisset.
1147 5414 1406 5471 Latinius
1463 5414 1758 5480 eleganter
1816 5416 1956 5486 legit
2002 5436 2178 5475 reces-

529 5488 681 5612 sissle.
719 5487 783 5598 Et
811 5503 944 5541 vera
974 5487 1202 5541 videtur
1251 5486 1438 5553 lectio,
1497 5486 1692 5542 Greece
1743 5487 2016 5559 loquendi
2060 5495 2179 5546 for-

531 5574 631 5613 mu
661 5576 711 5613 a.
744 5595 760 5612 .
785 5575 938 5613 scus.

981 5629 1180 5690 Malim
1212 5627 1326 5702 legi
1355 5644 1468 5688 esse
1511 5635 1722 5704 potest:
1781 5637 1837 5690 et
1873 5633 1960 5692 sic
2000 5624 2178 5692 habet

2219 4785 2263 4848 D
2296 4785 2500 4838 auctor
2530 4781 2652 4850 ipse
2683 4782 2878 4836 statim
2912 4781 2968 4836 in
3006 4782 3111 4837 hoc
3137 4783 3349 4852 capite.
3382 4786 3464 4840 In.

2368 4853 2478 4922 (34)
2513 4855 2711 4926 Habet.
2751 4855 2825 4926 Ex
2859 4854 3137 4926 Frobenio
3189 4849 3607 4912 WelChmanus
3651 4853 3773 4926 legit

2296 4919 2453 4998 beat;
2483 4933 2532 4998 et
2567 4923 2760 4978 locum
2780 4925 2872 4998 ita
2902 4925 3218 4998 distinguit
3247 4945 3259 4992 ;
3297 4928 3438 4982 Dum
3467 4943 3648 4998 parem
3685 4919 3884 4998 norim

2293 4995 2450 5067 beat;
2481 4995 2638 5059 Deus,
2689 4995 2903 5066 quidem
2939 4993 3258 5064 enim'esse,
3310 5007 3428 5055 etc.
3467 4993 3649 5062 'Quod
3696 4993 3884 5067 quidem

2291 5066 2477 5130 magis
2505 5067 2783 5136 probatur
2809 5068 3118 5122 Jacksono.

2362 5139 2474 5207 (55)
2507 5135 2564 5191 Si
2595 5154 2700 5211 non
2732 5155 2907 5193 omne.
2942 5145 3050 5194 etc.
3086 5139 3485 5211 Theophilum
3513 5135 3881 5211 Antiocheam}!

2289 5203 2576 5286 expressit
2609 5209 3108 5286 hicNovatianus,
3147 5203 3345 5286 lib.'1_1.
3381 5216 3460 5266 ad
3489 5211 3736 5281 Autolyc.,
3763 5221 3815 5286 ,ρο
3840 5203 3879 5256 3ο

2360 5276 2472 5355 (36)
2514 5282 2763 5355 Desierit.
2829 5283 2911 5336 ita
2968 5282 3105 5355 editi
3169 5283 3467 5353 plerique:
3523 5276 3878 5355 quaa'quidetn

2289 5347 2463 5406 lcetio'
2491 5353 2757 5427 apprime
2789 5354 3059 5424 congruit
3109 5347 3240 5427 cum
3287 5347 3682 5426 sequentibus,
3703 5347 3877 5427 7146f“.

2287 5427 2527 5496 eruperit.
2563 5427 2632 5478 At
2677 5423 2962 5493 Gagnzeus
3013 5430 3069 5481 et
3117 5423 3443 5491 Barrensis,
3494 5423 3878 5496 quosiscqmtm'

2294 5494 2728 5560 Wolchmanus,
2764 5496 3014 5550 desinet:
3048 5498 3246 5551 minus
3281 5504 3458 5561 recte,
3485 5494 3548 5552 ιῑι
3575 5495 3793 5550 videtur.

2359 5568 2470 5635 (37)
2497 5568 2620 5642 ideo
2650 5567 2842 5642 ιμιοιι.⁸
2877 5568 3288 5642 Welchmanus
3339 5569 3574 5642 conjicit
3613 5563 3874 5641 legendum

2286 5636 2344 5692 id
2367 5637 2528 5711 quod.
2562 5636 2762 5711 Neque
2792 5637 2999 5698 abnuit
3024 5639 3376 5699 Jacksonus.
