4102 6180
273 317 375 378 921

1529 321 1760 383 LIBER
1805 319 1907 382 DE
1949 317 2404 381 TRINITATE.

3547 313 3667 376 922

271 447 615 514 continetur,
646 447 934 520 quidquid
961 449 1135 506 etiam
1165 466 1233 506 ex
1279 455 1497 507 naturae
1554 470 1674 510 suae
1703 451 1900 508 condi-
1931 450 1985 517 Α
2014 451 2126 507 bus
2157 468 2385 519 sumus,
2427 449 2735 506 diversitas
2768 449 2838 505 ad
2869 445 3185 504 iracundiae
3216 445 3516 502 consuevit
3543 461 3664 500 cor-

268 539 418 592 tione
445 537 974 608 comprehenditur.
991 539 1209 595 Nomen
1234 542 1390 596 enim
1415 542 1806 614 signiﬁcantia
1821 546 1910 597 est

265 627 389 695 ejus
423 626 524 690 rei,
558 643 684 697 quae
717 626 1131 698 comprehendi
1175 632 1366 699 potuit
1397 647 1464 685 ex
1516 632 1768 686 nomine.
1834 633 1908 685 At

265 715 495 785 quando
517 715 571 768 id
615 716 685 770 de
718 733 832 786 quo
862 714 1054 786 agitur
1084 717 1194 773 tale
1224 724 1333 783 est,
1380 725 1440 774 ut
1485 721 1771 792 condigne
1801 736 1907 774 nec

261 803 404 873 ipsis
439 804 836 860 intellectibus
867 805 1211 878 colligatur;
1245 810 1536 879 quomodo
1568 809 1905 880 appellatio-

259 892 350 984 nis
379 892 553 984 digne
584 893 864 984 vocapulo
882 896 1377 968 pronuntiabitur,
1402 899 1555 968 quod
1590 899 1906 954 dumextra

257 979 613 1036 intellectum
658 979 768 1052 est,
803 984 981 1039 etiam
1015 1002 1198 1057 supra
1239 985 1646 1057 appellationis
1677 987 1900 1057 signiti-

255 1072 508 1127 cantiam
542 1073 619 1128 sit
650 1090 889 1130 necesse
919 1081 1009 1131 est
1031 1076 1057 1129 ‘I
1091 1076 1160 1131 Ut
1187 1078 1391 1133 merito
1423 1079 1658 1148 quando
1689 1094 1901 1132 nomen

256 1176 432 1214 suum
467 1161 643 1226 Deus,
667 1179 734 1217 ex
764 1165 1121 1236 quibusdam
1154 1165 1479 1221 rationibus
1501 1171 1559 1221 et
1587 1166 1902 1222 occasioni-

255 1248 367 1303 bus
397 1249 598 1320 adjicit
630 1256 686 1306 et
711 1253 942 1322 praefert
963 1254 1231 1324 (39),non
1264 1258 1381 1309 tam
1407 1253 1731 1326 legitimam
1766 1271 1902 1326 pro-

255 1335 563 1408 prietatem
597 1338 1008 1410 appellationis
1039 1342 1296 1397 sciamus
1318 1358 1446 1398 esse
1470 1343 1899 1414 depromptam,

253 1442 434 1498 quam
467 1426 919 1499 signiﬁcantium
979 1431 1297 1501 quamdam
1351 1433 1769 1499 constitutam;
1829 1432 1901 1488 ad

250 1531 429 1586 quam
462 1516 602 1570 dum
639 1516 907 1573 homines
937 1519 1279 1588 decurrunt,
1312 1519 1411 1575 Dei
1440 1519 1901 1576 misericordiam

250 1605 567 1676 peripsam
599 1607 912 1677 impetrare
935 1624 1105 1679 posse
1133 1609 1459 1665 videantur.
1493 1610 1595 1664 Est
1653 1626 1789 1681 ergo
1845 1615 1903 1666 et

250 1692 606 1748 immortalis
639 1700 696 1749 et
727 1695 1211 1767 incorruptibilis,
1242 1713 1344 1752 nec
1375 1697 1726 1752 detrimenta
1766 1715 1898 1753 sen-

2017 545 2386 612 rumpentem
2420 557 2523 595 nos
2562 540 2811 596 excitare
2849 537 3240 603 discordiam;
3274 552 3400 607 quae
3445 534 3502 590 in
3544 534 3660 590 Deo

2016 631 2103 686 vel
2134 647 2199 684 ex
2233 635 2439 686 natura
2470 629 2557 684 vel
2589 646 2655 684 ex
2710 629 2850 684 vitio
2902 644 3017 683 non
3059 631 3247 698 potest
3293 639 3458 680 esse:
3519 623 3662 678 dum

2018 736 2132 774 non
2167 720 2365 791 utique
2396 737 2463 774 ex
2502 719 2861 790 coagmentis
2892 715 3293 788 corporalibus
3316 713 3665 784 intelligitur

2015 824 2144 864 esse
2182 813 2575 864 constructus.
2612 809 2708 863 Est
2737 807 2895 862 enim
2935 804 3203 876 simplex,
3265 808 3320 858 et
3351 803 3478 858 sine
3543 795 3700 872 ulla;

2014 913 2290 969 corporea
2310 897 2698 961 concretione,
2723 895 3011 968 quidquid
3037 893 3175 948 illud
3195 897 3284 948 est
3302 897 3480 962 totus,
3505 891 3663 964 quod

2013 1003 2076 1041 se
2105 985 2268 1042 solus
2300 986 2410 1041 scit
2449 1003 2616 1052 esse;
2656 983 3131 1056 quandoquidem
3175 982 3413 1052 Spiritus
3459 981 3534 1036 sit
3582 980 3666 1036 di-

2013 1080 2142 1130 ctus
2171 1077 2349 1143 (Joan.
2376 1093 2452 1142 ιν,
2483 1076 2596 1144 24).
2633 1076 2701 1129 Et
2732 1074 2859 1129 ideo
2891 1073 3010 1127 haec
3054 1089 3176 1140 qua:
3213 1072 3269 1124 in
3321 1070 3664 1126 hominibus

2010 1163 2218 1220 vitiosa
2258 1169 2398 1219 sunt
2453 1169 2510 1219 et
2555 1162 3010 1234 corrumpentia,
3081 1161 3222 1214 dum
3278 1177 3345 1214 ex
3402 1159 3663 1230 corporis

2009 1251 2199 1324 ipsius
2217 1256 2275 1307 et
2299 1251 2552 1307 materiai
2585 1249 3071 1322 corruptibilitate
3097 1251 3441 1317 nascuntur,
3465 1248 3524 1301 in
3548 1247 3664 1302 Deo

2011 1341 2519 1412 corruptibilitatis
2548 1341 2664 1397 vim
2707 1355 2968 1395 exercere
2999 1355 3112 1394 non
3157 1342 3438 1408 possunt:
3470 1352 3666 1407 quan-

2011 1429 2324 1502 doquidem
2365 1432 2501 1502 (41),
2548 1437 2611 1485 ut
2642 1428 2922 1494 diximus,
2955 1445 3070 1483 non
3101 1445 3164 1483 ex
3195 1427 3359 1493 vitio,
3408 1425 3509 1481 sed
3569 1441 3665 1480 ra-

2012 1520 2170 1576 tione
2208 1527 2512 1576 venerunt.

2919 1625 3012 1679 VI.

2919 1625 2965 1677 V
3001 1667 3012 1679 .

2010 1717 2073 1772 Et
2103 1717 2226 1771 licet
2257 1716 2543 1786 Scriptura
2561 1625 3040 1787 facgzggillindm
3069 1728 3220 1787 saepe
3263 1713 3330 1766 ad
3361 1713 3662 1787 humanam

248 1781 406 1836 tiens
436 1782 698 1850 omnino,
726 1799 830 1838 nec
855 1784 1050 1839 finem.
1086 1784 1230 1840 Nam
1263 1790 1320 1840 et
1351 1786 1491 1857 quia
1547 1785 1898 1858 incorrupti-
1930 1815 1978 1880 B
2079 1791 2320 1880 formam
2338 1781 2632 1851 convertat,
2665 1803 2777 1880 non
2805 1795 2986 1880 tamen
3009 1781 3160 1840 intra
3199 1785 3659 1880 lizcnoslrilco’rf

245 1868 407 1936 bilis,
428 1870 556 1925 ideo
582 1875 638 1926 et
662 1871 1010 1928 immortalis
1035 1890 1049 1940 ;
1072 1877 1129 1928 et
1150 1873 1289 1945 quia
1309 1873 1680 1942 immortalis,
1697 1876 1901 1947 utique

247 1959 791 2032 etincorruptibilis
824 1979 838 2027 ;
875 1966 1121 2034 utroque
1179 1963 1425 2020 invicem
1487 1964 1597 2020 sibi
1653 1970 1710 2020 et
1744 1965 1799 2019 in
1839 1982 1903 2021 se

249 2050 611 2105 connexione
635 2055 842 2105 mutua
866 2051 1135 2122 perplexo
1157 2053 1290 2124 (39),
1311 2058 1368 2108 et
1395 2054 1466 2109 ad
1494 2058 1711 2109 statum
1735 2059 1900 2109 aeter-

251 2137 467 2193 nitatis
488 2138 705 2194 vicaria
727 2141 1202 2196 concatenatione
1233 2142 1537 2213 producto,
1569 2147 1626 2198 et
1656 2143 1900 2197 immor-

249 2225 486 2282 talitate
524 2227 594 2282 de
626 2227 1062 2300 incorruptione
1094 2230 1567 2300 descendente,et
1596 2232 1900 2304 incorrup-

250 2315 421 2370 tione
450 2316 520 2371 de
550 2315 989 2374 immortalitate
1017 2319 1301 2377 veniente.

917 2450 1150 2507 CAPUT
1179 2452 1246 2507 V.

251 2539 428 2613 Cujus
451 2541 502 2593 si
537 2540 856 2613 iracundias
887 2548 940 2595 et
971 2541 1377 2611 indignationes
1413 2543 1764 2613 quasdam,et
1783 2543 1903 2600 odia

326 2610 607 2684 descripta,
643 2612 702 2664 in
751 2613 924 2684 sacris
965 2610 1188 2684 paginis
1228 2610 1526 2681 teneamus,
1566 2610 1691 2670 non
1722 2619 1905 2672 tamen

326 2683 449 2738 haec
478 2683 716 2753 intelligi
743 2685 820 2738 ad
846 2683 1210 2739 humanorum
1241 2687 1493 2756 exempla
1521 2688 1804 2741 vitiorum.

324 2779 505 2850 Cujus
532 2781 705 2835 etiam
749 2781 798 2835 si
829 2781 1164 2837 iracundias
1206 2782 1457 2853 legimus
1488 2784 1622 2854 (40),
1668 2789 1724 2839 et
1755 2785 1907 2839 indi-

245 2885 329 2942 gn
340 2868 563 2923 stiones
576 2870 863 2940 quasdam
878 2871 1200 2942 descriptas
1213 2876 1500 2936 tenemus,
1515 2878 1571 2928 et
1582 2872 1714 2928 odia
1727 2872 1908 2928 relata

244 2959 687 3029 cognoscimus,
728 2975 843 3014 non
885 2967 1076 3014 tamen
1117 2959 1239 3015 hazc
1270 2959 1654 3033 intelligimus
1683 2963 1754 3017 ad
1796 2961 1904 3016 hu-

245 3064 566 3103 manorum
597 3046 778 3103 relata
802 3065 932 3104 esse
963 3048 1227 3121 exempla
1254 3051 1552 3106 vitiorum.
1588 3055 1717 3106 Hac
1747 3051 1904 3107 enim

243 3137 475 3205 omnia,
496 3143 552 3192 et
580 3137 628 3191 si
663 3137 958 3193 hominem
1011 3144 1260 3210 possunt
1307 3156 1698 3212 corrumpere,
1757 3140 1901 3196 divi-

244 3242 394 3282 nam
423 3226 541 3280 vim
575 3243 686 3280 non
721 3232 968 3297 possunt
1016 3227 1255 3282 omnino
1302 3227 1526 3284 vitiare.
1597 3229 1903 3285 Passiones

244 3314 412 3371 enim
446 3314 567 3368 ista;
601 3315 658 3368 in
692 3314 1030 3371 hominibus
1065 3316 1272 3371 merito
1304 3333 1433 3373 esse
1495 3317 1783 3387 dicentur,
1841 3319 1902 3374 in

249 3405 372 3459 Deo
403 3420 520 3458 non
553 3403 758 3458 merito
791 3405 1236 3474 judicabuntur.
1285 3405 1590 3478 Corrumpi
1622 3408 1777 3462 enim
1804 3424 1904 3480 per

246 3492 379 3548 hac
410 3491 585 3547 homo
617 3497 825 3564 potest,
859 3494 996 3562 quia
1031 3494 1321 3567 corrumpi
1349 3500 1570 3564 potest:
1609 3496 1899 3568 corrumpi

247 3597 362 3654 per
397 3580 516 3635 haec
549 3585 695 3636 Deus
727 3598 838 3636 non
874 3587 1085 3653 potest,
1119 3583 1258 3654 quia
1307 3600 1411 3639 nec
1446 3585 1739 3656 corrumpi
1801 3603 1900 3658 po-

243 3675 390 3725 test.
446 3669 672 3724 Habent
730 3671 912 3743 igitur
958 3671 1070 3726 ista
1111 3671 1224 3728 vim
1296 3689 1465 3728 suam
1509 3691 1686 3744 quam
1741 3691 1900 3729 exer-

245 3759 585 3824 ceant;sed
646 3759 740 3814 ubi
801 3761 1072 3830 prlecedit
1128 3761 1428 3832 passibilis
1451 3763 1714 3830 materia,
1781 3780 1897 3818 non

243 3847 352 3904 ubi
418 3848 690 3918 praecedit
764 3847 1146 3919 impassibilis
1223 3850 1574 3905 substantia.
1643 3851 1783 3906 Nam
1841 3856 1898 3907 et

244 3937 405 4007 quod
443 3936 717 3991 irascitur
751 3938 919 4004 Deus,
975 3954 1088 3992 non
1120 3955 1188 3993 ex
1227 3937 1365 3993 vitio
1395 3940 1524 4008 eius
1577 3941 1758 4006 venit,
1793 3941 1893 3996 sed

241 4025 318 4079 ad
356 4025 682 4080 remedium
715 4026 895 4081 nostri
921 4025 1064 4080 illud
1094 4026 1246 4082 facit.
1277 4027 1587 4099 Indulgens
1607 4033 1696 4083 est
1718 4028 1894 4097 enim,

239 4114 428 4169 etiam
461 4118 601 4169 tunc
641 4131 774 4168 cum
809 4114 1101 4172 minatur:
1143 4117 1285 4170 dum
1319 4131 1420 4188 per
1475 4117 1596 4172 haec
1626 4117 1896 4174 homines

241 4201 403 4257 895
420 4202 487 4255 ad
517 4206 671 4258 recta
693 4209 1054 4258 revocantur.
1081 4204 1223 4261 Nam
1254 4204 1468 4276 quibus
1490 4206 1560 4260 ad
1586 4205 1895 4262 honestam

241 4291 427 4344 vitam
445 4290 604 4346 deest
624 4291 790 4358 ratio,
816 4295 1011 4347 metus
1034 4292 1558 4356 estneccessarius,
1587 4301 1653 4350 ut
1683 4295 1780 4366 qui
1805 4311 1894 4350 ra-

240 4380 468 4435 tionem
492 4378 916 4450 relinquerunt,
940 4379 1026 4434 vel
1047 4385 1264 4437 terrore
1294 4387 1652 4438 moveantur.
1677 4383 1746 4438 Et
1766 4383 1894 4440 ideo

244 4484 458 4524 omnes
498 4467 619 4522 ista:
654 4467 742 4522 vel
774 4468 1089 4524 iracundias
1125 4469 1240 4540 Dei,
1275 4470 1361 4525 vel
1393 4471 1549 4535 odia,
1587 4471 1678 4525 vel
1736 4488 1892 4542 quaa-

2077 1855 2235 1932 poris
2261 1861 2598 1914 lineamenta
2611 1859 2829 1913 modum
2849 1857 3057 1913 divinae
3091 1857 3396 1928 majestatis
3425 1855 3658 1910 includi.

2082 1985 2151 2040 Et
2178 1984 2312 2040 licet
2349 1984 2649 2057 Scriptura
2669 1982 2922 2039 ccelestis
2955 1983 3024 2037 ad
3059 1982 3378 2036 humanam
3399 1981 3648 2034 formam

2013 2075 2216 2130 faciem
2250 2074 2507 2129 divinam
2559 2089 2709 2143 szepe
2756 2075 3068 2138 convertat,
3110 2073 3248 2124 dum
3292 2069 3432 2124 dicit
3474 2065 3657 2137 (Psal.

2013 2180 2211 2229 xxxm,
2260 2163 2385 2234 49):
2429 2162 2587 2218 Oculi
2618 2159 2849 2217 Domini
2873 2177 3037 2231 super
3074 2161 3252 2230 justas
3280 2177 3298 2214 :
3344 2161 3446 2213 aut
3513 2156 3654 2211 dum

2013 2253 2167 2320 (Gen.
2192 2268 2311 2318 vm,
2333 2253 2464 2319 2t):
2500 2249 2763 2305 Odoratus
2807 2251 2886 2304 est
2917 2251 3179 2305 Dominus
3234 2253 3376 2303 Deus
3438 2247 3659 2301 odorem

2013 2344 2170 2398 bm
2195 2341 2566 2414 fragrantia:
2599 2343 2700 2394 aut
2729 2339 2867 2393 dum
2899 2338 3212 2393 traduntur
3233 2335 3416 2407 Moysi
3447 2333 3658 2391 tabulae

2012 2431 2229 2498 scripta
2250 2429 2423 2500 digito
2446 2427 2756 2500 Dei(Exod.
2791 2444 2946 2490 xxxx.
2982 2427 3107 2498 18):
3142 2426 3255 2480 aud
3292 2425 3432 2478 dum
3469 2439 3655 2494 popu-

2016 2518 2109 2574 lus
2151 2519 2403 2573 filiorum
2432 2517 2608 2572 Israel
2648 2518 2718 2571 de
2740 2521 2896 2572 terra
2927 2516 3154 2587 Egypti
3188 2531 3358 2568 manu
3388 2511 3578 2567 valida
3606 2515 3660 2566 el

2017 2609 2237 2664 brachio
2293 2607 2502 2662 excelso
2539 2604 2719 2677 (Psal.
2766 2622 2966 2674 cxxxv,
3010 2606 3116 2676 12),
3158 2604 3475 2657 liberatur:
3559 2604 3660 2656 aut

2017 2699 2154 2751 dum
2190 2696 2332 2750 dicit
2362 2697 2556 2761 (Isa.1,
2584 2696 2715 2761 20):
2742 2694 2808 2750 Os
2849 2695 2998 2748 enim
3033 2693 3256 2748 Domini
3303 2693 3543 2745 locutum
3579 2692 3660 2744 est

2017 2786 2128 2841 haec
2150 2804 2168 2842 :
2191 2790 2292 2840 aut
2315 2785 2455 2838 dum
2488 2789 2643 2838 terra
2671 2784 2966 2838 scabellum
2995 2782 3190 2853 pedum
3225 2781 3320 2835 Dei
3364 2796 3492 2834 esse
3526 2795 3658 2850 per-

2016 2876 2248 2930 hibetur
2278 2876 2383 2929 Isa.
2408 2890 2555 2942 LXVI,
2588 2873 2679 2943 l):
2715 2877 2812 2926 aut
2857 2872 2994 2926 dum
3029 2871 3199 2925 dicit:
3245 2868 3341 2938 (IV
3389 2870 3514 2937 Reg.
3539 2883 3656 2929 xxx,

2016 2964 2145 3030 16):
2208 2963 2419 3018 lnclina
2470 2978 2661 3016 aurem
2705 2969 2877 3023 mam,
2926 2964 2976 3015 et
3029 2959 3192 3013 audi:
3255 2974 3361 3011 nos
3397 2957 3509 3027 (42)
3558 2953 3658 3025 qui

2016 3052 2291 3116 dicimus,
2317 3051 2450 3123 quia
2479 3053 2585 3107 Lex
2634 3049 2914 3122 spiritalis
2964 3053 3073 3115 est,
3102 3065 3212 3102 non
3241 3047 3393 3100 intra
3425 3045 3658 3099 haecno-

2017 3142 2120 3198 stri
2153 3140 2409 3212 corporis
2440 3140 2812 3204 lineamenta.
2846 3138 3086 3194 modum
3119 3142 3221 3192 aut
3253 3133 3661 3207 ﬁguramdivi-

2017 3247 2104 3286 na:
2135 3230 2466 3299 majestatis
2515 3228 2896 3293 includimus,
2926 3227 3024 3282 sed
3049 3226 3175 3282 suis
3208 3226 3369 3279 illam
3394 3220 3658 3278 intermi-

2014 3325 2162 3374 nata
2188 3318 2610 3389 magnitudinis
2642 3318 2730 3388 (ut
2762 3315 2840 3370 ita
2871 3313 3373 3384 dixerim)campis
3391 3312 3517 3366 sine
3540 3310 3660 3365 ullo

2014 3408 2126 3463 line
2146 3407 2554 3462 diffundimus.
2578 3404 2868 3476 Scriptum
2890 3407 2981 3459 est
3006 3403 3160 3458 enim
3187 3402 3356 3473 (Psal.
3389 3415 3656 3468 cxxxvm,

2009 3499 2064 3564 8,
2090 3496 2145 3563 9,
2192 3497 2276 3567 l0)
2306 3513 2318 3549 :
2353 3495 2413 3550 Si
2438 3494 2724 3550 ascendere
2755 3495 2815 3548 in
2870 3491 3089 3558 caelum,
3122 3500 3180 3546 tu
3213 3491 3292 3544 ibi
3347 3505 3438 3544 es:
3483 3489 3533 3543 si
3561 3487 3656 3542 de-

2008 3587 2270 3640 scendere
2317 3586 2390 3639 ad
2432 3585 2662 3654 inferos,
2720 3581 2846 3637 ades
2890 3600 2908 3636 :
2956 3588 3012 3636 ei
3068 3582 3119 3635 si
3176 3573 3657 3647 assumpseroalas

2005 3681 2243 3743 meas,el
2278 3673 2462 3728 abiero
2500 3680 2655 3726 trans
2692 3686 2865 3739 mare,
2906 3670 2987 3724 ibi
3027 3671 3661 3738 manustuaapprehen-

2008 3753 2097 3817 det
2125 3777 2230 3827 me,
2263 3770 2313 3816 et
2329 3760 2554 3815 dextera
2574 3767 2672 3814 tua
2704 3758 2966 3814 detinebit
2991 3772 3094 3812 me.
3143 3757 3448 3811 Rationem
3499 3754 3656 3809 enim

2009 3850 2218 3904 divinae
2235 3848 2631 3920 Scripturzede
2649 3851 3108 3918 temperamento
3131 3844 3536 3916 dispositionis
3568 3859 3659 3897 co-

2007 3939 2370 4010 gnoscimus.
2397 3937 2692 3993 Parabolis
2715 3937 2872 3991 enim
2914 3936 3122 4003 adhuc,
3173 3934 3495 3988 secundum
3523 3931 3658 3986 fidei

2006 4032 2262 4098 tempus,
2282 4026 2435 4082 896
2453 4027 2524 4081 de
2542 4026 2657 4081 Deo
2671 4025 2987 4096 Prophetes
3001 4031 3138 4078 tunc
3154 4023 3521 4093 loquebatur,
3540 4035 3656 4075 non

2007 4117 2298 4188 quomodo
2330 4116 2484 4171 Deus
2515 4120 2659 4180 erat,
2687 4115 2785 4170 sed
2812 4113 3106 4186 quomodo
3155 4110 3406 4183 populus
3451 4124 3657 4182 capere

2005 4209 2251 4277 poterat.
2289 4205 2356 4262 Ut
2403 4205 2586 4276 igitur
2617 4204 2739 4259 hzec
2787 4203 2870 4258 sic
2925 4202 2996 4256 de
3042 4207 3152 4255 Deo
3200 4202 3492 4263 dicantur,
3543 4215 3656 4253 non

2003 4293 2120 4349 Deo
2151 4295 2250 4349 sed
2292 4295 2504 4366 populo
2529 4293 2723 4365 potius
2752 4291 3097 4362 imputetur.
3141 4289 3235 4343 Sic
3259 4288 3450 4359 (Exod.
3502 4290 3658 4357 XXVI)

2002 4387 2059 4439 et
2077 4382 2522 4438 tabernaculum
2581 4382 2802 4453 erigere
2862 4378 3077 4452 populo
3121 4377 3520 4450 permittitur;
3549 4393 3655 4433 nec

2002 4477 2194 4528 tamen
2221 4472 2373 4527 Deus
2403 4473 2558 4526 intra
2577 4468 3022 4525 tabernaculum
3063 4467 3300 4523 clausus
3330 4467 3442 4539 (45)
3475 4466 3658 4524 conti-

245 4573 484 4628 cunque
515 4562 655 4612 sunt
685 4557 1048 4627 hujusmodi,
1090 4558 1230 4613 dum
1264 4559 1336 4613 ad
1384 4559 1733 4614 medicinam
1794 4577 1896 4616 no-
1926 4545 1973 4610 Ι)
2008 4568 2214 4627 netur;
2257 4562 2339 4618 sic
2369 4561 2465 4632 (ΙΙΙ
2501 4567 2624 4632 Reg.
2653 4563 2800 4628 1v)et
2827 4556 3117 4630 templum
3149 4557 3511 4624 exstruitur;
3549 4573 3654 4612 nec

243 4652 436 4702 stram
479 4647 855 4718 proferuntur
883 4648 971 4719 (ut
998 4664 1088 4704 res
1120 4648 1334 4717 docet),
1367 4664 1434 4703 ex
1481 4649 1745 4716 concilio,
1783 4666 1894 4705 non

243 4751 320 4791 ex
367 4734 508 4789 vitio
542 4739 846 4800 venerunt,
871 4752 974 4790 nec
1011 4751 1077 4790 ex
1133 4736 1445 4809 fragilitate
1495 4738 1896 4806 descendunt;

242 4827 488 4896 propter
527 4824 683 4896 quod
714 4823 890 4880 etiam
923 4825 994 4880 ad
1027 4827 1522 4898 corrumpendum
1581 4828 1765 4883 Deum
1796 4845 1899 4883 va-

242 4910 367 4966 lere
389 4929 503 4968 non
525 4918 791 4984 possunt.
818 4913 1197 4970 Materiarum
1220 4916 1378 4971 enim
1403 4917 1461 4972 in
1488 4917 1658 4974 nobis
1679 4934 1747 4973 ex
1778 4917 1902 4989 qui-

2006 4657 2202 4707 tamen
2236 4651 2388 4705 Deus
2417 4649 2572 4704 intra
2595 4647 2796 4719 templi
2827 4647 3132 4718 angustias
3154 4647 3392 4701 omnino
3407 4647 3655 4717 sepitur.

2006 4739 2125 4795 Noe
2159 4738 2336 4810 igitur
2365 4737 2676 4793 mediocris
2707 4740 2796 4792 est
2839 4736 3015 4802 Deus,
3049 4737 3146 4792 sed
3203 4736 3400 4808 populi
3443 4735 3660 4791 medio-

2009 4827 2122 4883 cris
2153 4831 2242 4883 est
2271 4843 2482 4882 sensus
2511 4844 2524 4883 :
2558 4842 2661 4882 nec
2706 4829 2996 4898 angustus
3043 4831 3213 4891 Deus,
3266 4825 3363 4881 sed
3418 4825 3660 4880 rationis

2014 4915 2212 4990 populi
2237 4919 2527 4988 angustus
2557 4920 2646 4972 est
2685 4913 3018 4971 intellectus
3045 4914 3300 4970 habitus.
3325 4911 3660 4985 Deniquein

1521 5078 1835 5141 Gallandii
1867 5079 2380 5141 commentarius.

322 5210 440 5281 (38)
472 5211 536 5265 Et
568 5213 817 5281 pre/“ert.
860 5212 962 5268 Ms.
1021 5213 1251 5268 Voweri
1282 5219 1379 5270 aut
1441 5218 1690 5286 praefert.
1735 5218 1904 5270 Jacx-

243 5299 376 5336 80V.

321 5353 433 5440 (3?)
465 5354 802 5440 Perplexo...
832 5355 1114 5440 producto.
1151 5357 1593 5440 [ﬂgiti-perplexa
1617 5358 1904 5440 producta,

247 5430 460 5549 contra
505 5424 662 5494 leges
692 5424 1128 5497 grammaticas.
1193 5424 1487 5484 Editiones
1554 5424 1906 5500 Anglicanas

247 5510 387 5549 secu
425 5512 436 5547 ι
473 5512 699 5549 sumus.

245 5510 436 5549 θεοιηι
473 5512 536 5549 SU
549 5513 600 5548 m
614 5513 699 5550 UB.

324 5567 439 5694 (40)
462 5568 731 5650 Legimus.
765 5568 856 5624 Sic
876 5569 1016 5655 edit.
1053 5569 1344 5626 Welchm.
1377 5575 1433 5627 et
1469 5571 1743 5642 Jackson,
1803 5587 1904 5644 pro

324 5654 330 5694 ι
356 5643 489 5694 Rata
508 5637 756 5694 lectione
777 5641 1081 5694 lenitimas.

244 5637 489 5712 vulgata
508 5637 756 5700 lectione
777 5641 1081 5715 legitimas.

2089 5215 2200 5285 (41)
2222 5213 2695 5285 Quandoquidem.
2728 5214 2840 5268 Cod
2875 5212 3152 5283 Anglicus
3187 5229 3296 5267 me.
3353 5211 3655 5267 vetustiss.

2018 5286 2156 5357 legit
2196 5289 2456 5358 quoniam
2479 5287 2720 5357 quidem.
2753 5285 3028 5358 Janusou.

2085 5353 2350 5426 (42)⁷Νοε.
2386 5357 2451 5411 ΑΙ
2483 5353 2591 5411 Sed
2636 5374 2753 5412 nos.
2811 5355 2955 5410 Illud
3024 5353 3115 5411 sed
3178 5353 3659 5426 praetermisimus

2017 5446 2150 5483 cum
2181 5429 2505 5484 editoribus
2536 5428 2893 5500 Anglicanis,
2926 5444 2996 5482 ex
3040 5427 3347 5482 verborum
3405 5426 3660 5483 auctoris

2015 5506 2449 5640 “agitamus.
2491 5571 2662 5625 Deest
2692 5571 2847 5624 apud
2879 5568 3331 5624 Welchmnnum
3375 5568 3496 5623 haec
3553 5585 3662 5623 vox

2018 5659 2194 5714 quam
2222 5641 2433 5714 reliqui
2461 5659 2577 5714 pra:
2603 5657 2666 5698 se
2696 5646 2912 5700 terunt.
