4102 6180
464 335 582 397 923
1503 325 1939 392 NOVATIANI
1984 323 2482 385 PRESBYTEBI
2527 320 2832 384 ROMANI
3693 341 3788 400 ξω

467 463 777 537 Evangelio
822 464 998 535 (Joan.
1055 477 1134 529 ιν,
1182 463 1302 532 21);
1371 462 1551 516 Veniet
1605 459 1765 528 hom,
1825 456 2110 513 Dominus
2142 455 2193 522 Α
2227 468 2384 508 nem.
2412 453 2519 509 Sed
2553 452 2675 509 haec
2723 454 2834 527 (47)
2866 473 2996 529 qua:
3043 459 3193 514 891
3241 465 3490 517 concreta
3539 480 3639 518 non
3683 471 3792 523 sunt

474 555 684 622 aiebat,
715 570 840 609 cum
867 568 1038 625 neque
1068 553 1126 606 in
1158 555 1347 606 monte
1375 552 1497 618 isto,
1531 565 1700 620 neque
1731 548 1787 602 in
1840 548 2111 602 Hierusa-
2223 543 2438 596 sentire
2493 560 2606 596 non
2685 552 2952 614 possunt.
3009 549 3167 613 Quod
3201 550 3350 605 enim
3382 551 3678 608 immortale
3725 561 3793 612 est

474 644 579 700 lem
611 643 911 699 adorabitis
966 646 1206 711 Patrem,
1239 644 1292 695 et
1353 656 1560 694 causas
1618 637 1865 693 reddidit
1914 635 2112 688 dicens
2223 629 2498 702 quidquid
2535 636 2644 698 est,
2697 631 2839 688 illud
2901 635 3095 707 ipsum
3163 656 3338 693 unum
3388 643 3441 695 et
3495 639 3708 713 simplex
3753 650 3796 700 et

468 733 705 802 (Ibid.v,
764 732 894 800 ‘24):
951 732 1190 802 Spiritus
1245 734 1321 784 est
1380 730 1552 795 Deus;
1611 732 1662 782 et
1718 743 1806 782 eos
1850 741 1976 794 ergo
2016 724 2111 794 qui
2222 733 2456 789 semper
2484 723 2590 774 est.
2618 723 2686 774 Et
2716 721 2845 776 ideo
2875 725 3013 795 quia
3045 743 3227 780 unum
3285 731 3390 794 est,
3447 727 3656 783 dissolvi
3708 748 3796 786 non

470 822 700 877 adorant
730 822 863 893 (44),
898 824 954 876 in
990 820 1191 890 spiritu
1231 828 1278 874 et
1322 821 1548 873 veritate
1599 816 1831 871 adorare
1885 815 2107 886 oportet.
2223 811 2454 879 potest;
2511 808 2787 879 quoniam
2841 815 3127 885 quidquid
3163 815 3413 871 estillud
3461 817 3632 888 ipsum
3673 823 3800 874 extra

469 911 748 966 Efficacia:
777 911 954 980 igitur
991 909 1067 964 ibi
1094 909 1299 963 divina:
1323 924 1424 979 per
1479 906 1742 960 membra
1781 908 2109 958 monstran-
2213 896 2317 966 jus
2348 895 2754 954 dissolutionis
2787 901 3068 974 positum,
3094 903 3320 976 legibus
3350 909 3437 960 est
3467 906 3653 962 mortis
3677 907 3801 962 solu-

469 1004 606 1055 tur:
641 1017 760 1058 non,
793 998 1029 1053 habitus
1063 997 1184 1066 Dei,
1255 1013 1358 1051 nec
1399 994 1720 1066 corporalia
1759 992 2112 1048 lineamenta.
2221 989 2370 1039 tum.

469 1093 786 1161 ponuntur.
821 1088 962 1142 Nam
1007 1091 1224 1142 etcum
1253 1084 1402 1140 oculi
1451 1083 1884 1149 describuntur,
1953 1079 2109 1152 quod

469 1177 667 1233 omnia
696 1177 887 1231 videat
942 1176 1286 1247 exprimitur
1319 1192 1330 1241 ;
1367 1177 1423 1229 et
1473 1172 1706 1244 quando
1742 1187 1919 1240 auris,
1954 1170 2107 1240 quod

468 1267 668 1322 omnia
698 1267 811 1337 (45)
838 1265 1043 1319 audiat
1077 1263 1458 1336 proponitur;
1488 1265 1544 1317 et
1574 1277 1708 1315 cum
1741 1259 1985 1331 digitus,
2037 1258 2112 1312 si-

469 1355 809 1428 gnificantia
840 1354 1104 1425 quaedam
1130 1350 1443 1407 voluntatis
1468 1349 1830 1422 aperitur;et
1852 1363 1984 1402 cum
2009 1362 2109 1400 na-

470 1461 584 1512 res,
619 1459 856 1515 precum
889 1442 1056 1513 quasi
1090 1441 1332 1496 odorum
1365 1435 1997 1511 perceptioostenditur
2020 1459 2034 1501 -,
2056 1437 2112 1490 et

468 1549 602 1589 cum
638 1549 871 1597 manus,
904 1531 1057 1602 quod
1101 1534 1378 1586 creaturas
1412 1529 1485 1582 sit
1516 1527 1707 1581 omnis
1749 1529 1952 1581 auctor
1984 1539 2112 1594 pro-

467 1622 677 1688 batur;
711 1625 768 1674 et
797 1620 1029 1691 quando
1082 1618 1408 1684 brachium:
1479 1616 1630 1687 QUOd
1693 1613 1854 1669 milia
1901 1618 2112 1668 natura
2220 1621 2396 1676 ritum
2427 1620 2635 1684 Deum,
2672 1622 2812 1689 puto
2843 1617 2971 1689 (48)
3004 1633 3111 1688 ego
3151 1615 3236 1672 sic
3286 1615 3538 1672 locutum
3565 1614 3810 1670 Christum

465 1714 670 1766 contra
701 1709 879 1763 robur
901 1708 1087 1780 ipsius
1121 1723 1443 1779 repugnare
1493 1704 1677 1777 possit
1726 1703 2002 1769 edicitur;
2054 1705 2111 1756 et
2217 1711 2288 1765 de
2321 1711 2505 1771 Patre,
2531 1712 2595 1762 ut
2625 1707 2818 1762 adhuc
2852 1706 3071 1776 aliquid
3104 1705 3238 1777 plus
3261 1704 3500 1776 intelligi
3531 1702 3649 1758 velit
3669 1719 3809 1772 quam

467 1799 705 1870 quando
732 1797 924 1869 pedes,
967 1797 1121 1868 quod
1154 1796 1396 1868 impleat
1427 1795 1644 1858 omnia,
1679 1810 1793 1891 non
1835 1791 1904 1847 sit
1939 1791 2110 1891 qu37d-
2142 1826 2187 1891 Β
2219 1798 2501 1871 Spiritum
2533 1797 2738 1851 Deum.
2764 1795 3118 1850 Hominibus
3140 1794 3293 1850 enim
3321 1794 3451 1848 licet
3479 1794 3533 1848 in
3554 1791 3810 1863 Evangelia

470 1904 648 1961 quam
681 1886 778 1941 ubi
815 1903 926 1941 non
960 1887 1037 1941 sit
1098 1887 1264 1953 Deus,
1325 1884 1663 1955 explicatur.
1715 1882 1909 1952 Neque
1958 1879 2114 1935 enim
2142 1879 2186 1891 ”’
2227 1906 2334 1944 suo
2364 1886 2726 1959 intelligendi
2762 1886 3122 1940 incrementa
3154 1884 3373 1939 faciens
3405 1883 3510 1955 (49)
3553 1883 3808 1954 disputet;

473 1981 612 2033 sunt
641 1974 692 2030 ei
727 1980 826 2030 aut
860 1975 1118 2030 membra
1150 1978 1249 2028 aut
1274 1973 1671 2028 membrorum
1705 1970 1895 2027 oflicia
1917 1985 2117 2024 neces-
2231 1978 2330 2034 sed
2364 1981 2561 2032 tamen
2593 1980 2651 2030 et
2683 1975 2805 2047 ipse
2839 1974 3054 2046 sic(50)
3111 1973 3303 2028 adhuc
3334 1974 3402 2027 de
3447 1972 3557 2027 Deo
3601 1970 3813 2042 loquitur

474 2065 648 2135 saria,
685 2066 755 2120 ad
784 2067 953 2134 cujus
984 2062 1173 2118 solum
1199 2063 1374 2118 etiam
1408 2061 1650 2116 tacitum
1712 2059 2019 2114 arbitrium
2064 2060 2122 2113 et
2229 2064 2590 2133 hominibus,
2624 2063 2923 2135 quomodo
2986 2065 3233 2133 possunt
3294 2061 3480 2116 adhuc
3510 2060 3690 2115 audire
3730 2056 3812 2111 vel.

474 2154 736 2212 serviunt
765 2159 823 2209 et
853 2153 1080 2212 adsunt
1103 2152 1319 2206 omnia.
1345 2153 1458 2206 Cur
1485 2151 1639 2206 enim
1675 2149 1933 2221 requirat
1981 2165 2117 2203 0011-
2230 2171 2432 2228 capere
2456 2172 2468 2216 ;
2490 2153 2644 2222 licet,
2667 2150 3094 2216 utdiximus,in
3117 2151 3471 2222 agnitionem
3490 2148 3577 2204 Dei
3598 2147 3819 2217 religiosa

470 2244 581 2309 los,
615 2244 712 2314 qui
740 2243 863 2297 Lux
893 2246 982 2296 est
1011 2240 1038 2294 ?
1069 2246 1171 2296 aut
1202 2258 1305 2295 cur
1345 2245 1566 2312 quierat
1596 2239 1792 2312 pedes,
1839 2237 1941 2310 qui
1990 2236 2118 2292 ubi-
2221 2244 2349 2315 jam
2383 2243 2569 2298 facere
2592 2242 2744 2314 quod
2774 2242 2820 2311 (ι
2847 2242 3003 2296 Joan.
3031 2257 3108 2308 IV,
3135 2239 3192 2308 8)
3222 2239 3378 2296 Deus
3408 2238 3644 2294 Charitas
3671 2236 3819 2291 dictus

475 2347 588 2404 que
616 2336 705 2387 est
733 2330 760 2384 ?
800 2334 901 2385 aut
943 2346 1047 2384 cur
1084 2327 1310 2400 ingredi
1338 2329 1490 2399 velit,
1523 2345 1655 2383 cum
1703 2345 1815 2382 non
1865 2327 1940 2382 sit
2005 2343 2120 2398 quo
2229 2333 2476 2400 sit;nec
2505 2348 2570 2386 ex
2630 2330 2739 2385 hoc
2786 2333 2983 2384 tamen
3046 2328 3146 2383 Dei
3209 2328 3552 2383 substantus
3617 2326 3820 2381 Charitas

478 2436 540 2475 se
600 2418 869 2490 progiedi
929 2418 1162 2489 possit?
1243 2421 1344 2471 aut
1409 2433 1514 2472 cur
1581 2433 1794 2470 manus
1867 2419 2120 2487 expetat,
2230 2438 2503 2493 expressa
2533 2424 2656 2476 est:
2689 2423 2746 2474 et
2771 2418 2923 2490 quod
2955 2419 3002 2487 (ι
3039 2419 3193 2474 Joan.
3232 2435 3270 2484 ι,
3301 2418 3358 2488 5)
3389 2417 3506 2471 Lua:
3540 2414 3708 2469 dictus
3725 2416 3823 2478 est;

480 2509 650 2580 cujus
679 2508 750 2562 ad
782 2507 982 2563 omnia
1001 2506 1363 2561 instituenda
1393 2506 1599 2560 artifex
1626 2510 1792 2560 estet
1821 2503 1998 2560 silens
2020 2521 2122 2559 vo-
2234 2527 2339 2566 nec
2371 2515 2566 2564 tamen
2601 2509 2657 2562 in
2683 2508 2789 2562 hoc
2815 2506 3156 2562 substantia
3181 2505 3278 2560 Dei
3311 2510 3416 2573 est,
3443 2506 3537 2560 sed
3560 2509 3720 2559 totum
3741 2501 3823 2556 hoc

481 2597 679 2652 luntas
704 2597 859 2652 ?Nec
901 2596 1142 2650 auribus
1181 2600 1329 2666 eget,
1373 2594 1470 2666 qui
1519 2594 1690 2650 etiam
1725 2594 1935 2649 tacitas
1969 2593 2125 2648 novit
2232 2601 2304 2655 de
2334 2599 2448 2654 Deo
2471 2598 2694 2653 dictum
2719 2601 2808 2653 est
2838 2601 3126 2668 quantum
3161 2595 3273 2650 dici
3310 2599 3532 2666 potest;
3563 2597 3622 2648 ut
3659 2591 3821 2646 merito

481 2685 810 2741 voluntates
840 2685 976 2753 (46),
1001 2689 1114 2739 Aut
1135 2690 1554 2756 pr0pterquam
1589 2701 1825 2738 causam
1860 2683 2122 2754 linguam
2232 2693 2290 2744 et
2318 2688 2550 2761 quando
2589 2685 2842 2758 Spiritus
2863 2685 3058 2740 dictus
3101 2688 3210 2749 est,
3247 2701 3362 2739 non
3407 2699 3572 2738 omne
3604 2681 3655 2736 id
3703 2678 3823 2750 quod

488 2782 728 2847 quaerat,
757 2775 850 2829 cui
881 2775 1134 2846 cogitare
1156 2773 1409 2844 jussisse
1438 2776 1527 2829 est
1555 2773 1936 2827 ?Necessaria
1967 2773 2123 2827 enim
2234 2781 2340 2841 est,
2374 2775 2565 2831 dictus
2597 2777 2672 2829 sit
2699 2791 2711 2840 ;
2749 2774 2842 2829 sed
2880 2779 2944 2828 ut
2978 2774 3118 2827 dum
3152 2789 3323 2828 meus
3343 2765 3823 2827 hominumintelli-

489 2865 610 2920 haec
641 2864 906 2920 membra
937 2863 1276 2917 hominibus
1337 2862 1590 2930 fuerunt,
1625 2877 1738 2917 non
1781 2861 1930 2918 Deo:
1987 2861 2128 2933 quia
2235 2866 2421 2939 gendo
2450 2880 2634 2934 usque
2664 2863 2733 2918 ad
2765 2862 2957 2934 ipsum
3018 2862 3250 2932 prolicit
3274 2862 3569 2934 Spiritum,
3598 2871 3826 2914 conversa

486 2952 755 3009 inefficax
775 2952 1032 3008 hominis
1051 2951 1361 3008 consilium
1388 2952 1614 3014 fuisset,
1646 2951 1758 3006 nisi
1799 2953 2125 3024 cogitamen
2228 2956 2354 3027 jam
2389 2952 2596 3026 ipsain
2626 2952 2862 3024 spiritu,
2901 2950 3057 3006 aliud
3099 2951 3242 3022 quid
3277 2950 3530 3022 amplius
3573 2965 3664 3020 per
3687 2943 3824 3016 Spiri-

491 3058 706 3114 corpus
746 3041 1088 3113 implesset;
1127 3042 1234 3097 Deo
1268 3045 1461 3096 autem
1497 3058 1606 3096 non
1642 3041 1989 3108 necessaria,
2024 3058 2129 3096 cu-
2239 3049 2361 3099 tum
2397 3042 2710 3113 conjiceret
2734 3041 2916 3096 Deum
2942 3057 3075 3096 esse
3102 3041 3310 3112 possit.
3352 3039 3412 3094 Id
3437 3038 3584 3094 enim
3614 3035 3743 3109 quod
3763 3036 3828 3088 est

485 3131 584 3202 jus
613 3130 971 3188 voluntatem
1003 3147 1118 3186 non
1158 3135 1387 3185 tantum
1421 3129 1546 3186 sine
1575 3129 1772 3202 aliqua
1829 3130 2130 3187 molitione
2167 3187 2202 3202 Α
2240 3133 2561 3192 secundum
2593 3131 2649 3186 id
2686 3132 2839 3202 quod
2864 3134 2973 3200 est,
3008 3147 3113 3186 nec
3134 3130 3396 3186 humano
3422 3144 3672 3186 sermone
3697 3123 3826 3186 edici,

494 3234 669 3292 opera
698 3219 1163 3291 subsequuntur,
1191 3220 1290 3275 sed
1324 3219 1452 3291 ipsa
1511 3219 1708 3274 statim
1765 3235 1940 3290 opera
1995 3235 2128 3274 cum
2161 3215 2204 3256 υ
2243 3239 2346 3279 nec
2377 3221 2654 3277 humanis
2700 3220 2945 3276 auribus
2984 3219 3227 3292 percipi,
3281 3236 3387 3275 nec
3431 3215 3687 3274 humanis
3733 3228 3830 3268 sen-

493 3309 786 3365 voluntate
826 3309 1167 3380 procedunt.
1219 3309 1497 3363 Caeterum
1531 3307 1655 3380 ipse
1702 3312 1860 3363 totus
1903 3307 2129 3379 oculus,

497 3397 630 3469 quia
662 3402 818 3453 totus
847 3399 1032 3464 videt;
1067 3403 1122 3452 et
1151 3403 1308 3452 totus
1341 3397 1522 3465 auris,
1555 3397 1689 3468 quia
1716 3401 1872 3452 totus
1922 3397 2084 3452 audit
2115 3415 2129 3466 ;
2239 3408 2574 3473 praeparavit
2605 3404 2746 3455 Deus
2791 3398 2875 3454 his
2906 3400 3003 3470 qui
3045 3398 3298 3470 diligunt
3338 3399 3512 3464 illum,
3559 3411 3648 3450 nec
3687 3391 3830 3449 oculus

493 3492 550 3543 et
577 3492 736 3544 totus
766 3504 996 3555 manus,
1031 3487 1166 3558 quia
1196 3492 1352 3542 totus
1383 3491 1657 3558 operatur
1689 3504 1702 3553 ;
1733 3490 1788 3541 et
1817 3491 1977 3542 totus
2011 3504 2131 3557 pes,
2242 3490 2400 3552 vidit,
2449 3505 2546 3543 nec
2576 3489 2731 3542 auris
2760 3488 2996 3558 audivit,
3031 3504 3129 3544 nec
3163 3504 3262 3542 cor
3290 3488 3542 3550 hominis,
3594 3487 3678 3539 aut
3715 3493 3831 3534 mm

495 3579 635 3648 quia
671 3581 832 3632 totus
866 3576 1078 3648 ubique
1113 3581 1220 3632 est.
1257 3577 1415 3631 Idem
1446 3577 1604 3630 enim
1653 3576 1940 3648 quidquid
1989 3575 2133 3631 illud
2244 3581 2362 3650 ipsa
2412 3579 2692 3649 percepit;
2727 3577 2917 3648 qualis
2952 3580 3009 3631 et
3048 3581 3305 3647 quantus
3345 3580 3433 3632 est
3461 3574 3553 3630 ille
3595 3575 3705 3645 ipse
3760 3565 3830 3637 qui

493 3671 605 3732 est,
634 3670 796 3720 totus
825 3665 1064 3737 aequalis
1119 3669 1224 3732 est,
1275 3669 1330 3720 et
1386 3669 1544 3720 totus
1592 3665 1808 3736 ubique
1858 3669 1965 3720 est.
2009 3666 2134 3721 Non
2243 3667 2365 3722 haec
2432 3665 2804 3737 repromittit,
2861 3665 2934 3720 ad
2989 3683 3115 3737 quae
3173 3664 3552 3737 intelligenda
3603 3666 3654 3718 et
3706 3671 3832 3714 meus

497 3754 651 3810 enim
677 3753 850 3810 habet
881 3754 939 3809 in
967 3771 1028 3809 se
1059 3754 1401 3810 diversatem
1429 3753 1536 3821 sui,
1567 3753 1850 3826 quidquid
1883 3758 1971 3809 est
1999 3753 2137 3808 sim-
2245 3755 2502 3812 hominis
2533 3759 2590 3810 et
2622 3760 2832 3810 natura
2890 3753 3088 3810 deﬁcit
3119 3753 3145 3809 ?
3192 3755 3457 3826 Denique
3503 3752 3549 3808 si
3595 3744 3830 3820 acceperis

495 3842 647 3916 plex.
672 3844 752 3898 Ea
780 3843 936 3900 enim
967 3845 1202 3899 demum
1226 3843 1283 3898 iu
1310 3843 1701 3898 diversitatem
1737 3845 2136 3900 membrorum
2251 3844 2535 3918 Spiritum
2559 3845 2948 3899 substantiam
2985 3843 3103 3914 Dei,
3127 3849 3456 3900 creaturam
3479 3841 3668 3897 feceris
3696 3839 3832 3892 Deum

497 3935 778 4003 recident,
812 3951 941 4008 quae
970 3935 1212 3991 veniunt
1244 3949 1312 3989 ex
1335 3933 1635 3989 nativitate
1691 3933 1753 3988 in
1794 3933 2135 3990 dissolutio-
2251 3933 2457 3991 Omnis
2526 3932 2682 3989 enim
2750 3932 2996 4005 spiritus
3044 3936 3314 3988 creatura
3359 3936 3448 3988 est
3474 3930 3599 4001 (51).
3640 3926 3743 3982 Erit
3766 3939 3832 3978 cr-

2862 1162 3123 1219 CAPUT.
3168 1164 3265 1219 VII

2219 1321 2471 1392 Spiritus
2533 1331 2744 1392 quoque
2773 1314 3060 1392 cumDeus
3107 1315 3356 1392 dicitur,_
3381 1315 3600 1392 claritas
3635 1314 3806 1392 etiam,

2325 1407 2437 1446 non
2467 1384 2599 1444 satis
2626 1384 2796 1442 Deum
2825 1384 2946 1441 illis
2975 1386 3430 1456 appellationibus
3458 1385 3718 1456 explicari.

2291 1532 2399 1588 Sed
2437 1529 2582 1585 illud
2613 1529 2766 1600 quod
2802 1527 2940 1583 dicit
2977 1527 3267 1582 Dominus
3297 1529 3558 1598 (Joan.1v,
3581 1525 3658 1596 24)
3711 1527 3810 1597 Spi-

2243 3312 2406 3368 sibus
2455 3310 2645 3383 colligi
2707 3313 2916 3382 potest.
2979 3310 3124 3365 Nam
3163 3310 3210 3365 si
3261 3309 3325 3380 (Ι.
3391 3309 3508 3364 Cor.
3559 3324 3614 3376 ιι,
3656 3305 3703 3374 9)
3744 3316 3829 3374 qua:

1773 4059 2085 4121 Gallandii
2129 4057 2643 4122 commentarius.

569 4174 681 4246 (44)
716 4175 976 4232 Aderant.
1011 4173 1237 4228 Welch.
1271 4173 1523 4242 adorant,
1551 4189 1716 4246 eum,
1741 4174 1908 4245 juxta
1958 4179 2013 4230 et
2041 4177 2136 4231 Gr.
2327 4173 2438 4245 (50)
2467 4174 2604 4246 ipse
2633 4173 2725 4227 sic.
2757 4171 2856 4246 Ita
2891 4171 3207 4246 Pamelius,
3239 4169 3524 4246 Yoculan7
3548 4169 3623 4246 sic
3667 4161 3836 4219 omise-

498 4241 672 4318 ValgI
703 4246 791 4302 Al.
826 4247 1127 4302 omittunt.
1171 4251 1237 4301 ht
1285 4247 1430 4302 forte
1460 4241 1661 4301 omisit
1704 4241 1828 4316 ipse
1871 4247 2140 4303 Novatia-
2250 4241 2388 4301 runt
2413 4241 2663 4299 editores
2693 4243 3014 4318 Anglicani,
3047 4243 3364 4318 immerito,
3385 4246 3448 4308 ut
3475 4241 3714 4318 videtur;
3742 4247 3834 4288 οδω

500 4312 641 4375 τιυεῖ
1728 4312 1744 4316 “
1817 4387 1826 4388 7
2251 4319 2408 4373 enim
2444 4332 2697 4388 sequens
2727 4312 3342 4388 qu—omodo'7postulare
3373 4312 3704 4388 perhibetur.
3752 4375 3760 4385 7

572 4389 686 4461 (45)
719 4389 934 4444 Omnia.
967 4390 1050 4444 Ita
1108 4389 1400 4461 Pamelius
1439 4388 1682 4459 aliique.
1734 4387 2006 4444 Gelenius
2055 4394 2142 4444 ta-
2324 4389 2437 4460 (5t)
2471 4383 2663 4461 Omnis
2706 4383 2852 4461 euim
2882 4383 3118 4461 spiritus
3148 4383 3411 4461 creatura
3433 4394 3536 4461 est.
3576 4383 3836 4461 tevnissim}

501 4451 634 4517 men
668 4451 840 4532 quem
870 4461 1138 4532 sequitur
1169 4451 1604 4525 W’elchmanus,
1638 4476 1839 4532 omnes.
2105 4531 2109 4532 7
2253 4451 2393 4516 sunt
2422 4451 2563 4532 'quas
2606 4451 2919 4532 Pamelius
2940 4458 3034 4512 hic
3067 4457 3459 4532 reprehendit,
3491 4459 3546 4510 et
3576 4451 3754 4532 Βοῦρὶο
3777 4460 3833 4532 $717:

571 4518 820 4603 (46)'Nec
867 4518 1172 4588 attritus...
1205 4534 1530 4588 voluntates.
1569 4518 1792 4587 eridit
1823 4531 1944 4586 haec
1994 4531 2144 4602 peri-
2182 4577 2222 4603 η
2255 4518 2474 4587 militet:
2512 4529 2883 4602 displicuisse
2938 4518 3281 4603 putat-Haec
3300 4518 3469 4603 enim
3486 4525 3669 4603 verba,
3695 4518 3834 4603 0mm}

503 4577 646 4675 copo
667 4577 742 4658 iib
778 4604 933 4660 edito
964 4604 1500 4660 Welchanianiono.
1545 4603 1652 4658 Ubi
1701 4607 1758 4657 et
1802 4602 1976 4674 paulo
1996 4577 2149 4674 l"post
2179 4577 2224 4640 Β
2255 4606 2488 4671 spiritus
2537 4577 2789 4656 creatura
2807 4606 2904 4666 est,
2938 4577 3181 4675 minime
3210 4601 3493 4675 Spiritum
3527 4589 3836 4675 sanctumst-

501 4665 736 4746 legitur,
768 4692 876 4730 non
905 4681 1120 4732 tantum
1151 4678 1336 4747 aliqua
1365 4677 1666 4744 molitione,
1699 4665 1936 4747 dempta
1995 4665 2144 4747 prea-
2170 4677 2172 4680 ’
2255 4665 2519 4747 tingunt7._
2542 4665 2906 4747 Demonstrat
2939 4665 3295 4747 Novatianus
3331 4674 3505 4728 Deum
3537 4665 3834 4747 ab7bo7mitll_'

503 4737 789 4819 positione
838 4750 980 4811 sine,
1015 4765 1202 4819 quam
1237 4737 1340 4802 alii
1384 4737 1680 4819 exhibent.
1995 4737 2015 4747 ’
2256 4737 2367 4802 bus
2401 4744 2563 4819 nulla
2586 4761 2722 4819 voce
2753 4744 3045 4819 designari
3076 4760 3268 4819 posse,
3289 4760 3412 4814 quae
3444 4758 3553 4797 non
3576 4737 3834 4819 plurimutl)

573 4819 686 4889 (47)
710 4819 809 4874 Sed
840 4821 974 4876 haec.
1005 4812 1086 4874 Ita
1116 4817 1270 4888 vulg.
1302 4817 1722 4872 Welchmanus
1745 4817 1960 4881 mallet,
1985 4834 2149 4888 quam
2257 4819 2486 4873 aberret
2514 4817 2586 4871 ab
2619 4812 2990 4889 infinitailla
3020 4812 3346 4889 majestate.
3373 4812 3728 4889 Quamobrem
3749 4813 3836 4889 Sl‘f

502 4877 632 4945 haec.
657 4877 989 4947 Jacksonus
1022 4907 1155 4946 vero
1186 4877 1276 4944 sed
1331 4891 1491 4958 hanc,
1528 4895 1588 4944 ut
1627 4890 1912 4944 referatur
1942 4877 2011 4943 ad
2057 4889 2142 4943 di-
2257 4891 2375 4953 lux,
2401 4891 2517 4945 sive
2541 4889 2791 4959 spiritus,
2824 4885 2944 4943 sive
2996 4877 3145 4955 ignis
3183 4877 3432 4959 dicatur,
3481 4880 3622 4959 nihil
3673 4877 3835 4959 how?

501 4966 815 5018 versitatem
845 4963 1232 5018 membrorum.
1265 4961 1508 5014 Videtur
1551 4966 1744 5015 tamen
1797 4965 1998 5016 auctor
2035 4960 2150 5015 hac

2258 4966 2390 5031 apte
2422 4962 2492 5016 de
2514 4953 2627 5014 Deo
2656 4965 2715 5013 et
2779 4953 3108 5031 commode
3131 4955 3493 5028 pronuntiari
3522 4973 3564 5031 ;_
3588 4953 3839 5031 proptere}

497 5038 617 5090 tum
644 5035 1124 5105 adsidiversitatem
1155 5033 1554 5099 membrnrum,
1581 5037 1706 5088 tum
1740 5033 1810 5087 ad
1831 5033 2146 5088 dissolutio-

2259 5019 2416 5104 quod
2462 5035 2536 5104 et_
2585 5031 2827 5102 spiritus
2883 5034 2940 5086 et
2973 5019 3147 5104 ignis
3204 5034 3480 5104 creaturae
3521 5019 3837 5104 sirit._'t<iimfz

1588 5084 1705 5088 mm
2259 5084 2838 5174 inopia—ﬁgurantur
2866 5084 3081 5173 potiuus,
3117 5117 3294 5174 quam
3328 5099 3587 5174 itasunt.
3640 5084 3840 5174 Νῆωξί

573 5124 626 5160 m
657 5121 946 5161 retulisse.
2259 5122 2315 5158 1n
2365 5121 2472 5168 nit,
2507 5121 2838 5174 ngurantur
2866 5121 3081 5173 pouus,
3117 5121 3294 5172 quam
3328 5121 3408 5154 ua
3439 5121 3587 5152 sunt.
3641 5121 3761 5147 nam
3800 5121 3837 5135 υ-

573 5178 686 5249 (48)
718 5184 877 5232 Puto.
912 5175 1049 5230 Cod.
1087 5173 1288 5246 Anglic
1322 5191 1428 5229 ms.
1460 5179 1670 5245 putem,
1705 5175 1858 5246 quod
1922 5173 2142 5228 malim.
2259 5121 2542 5249 ianeteri
2585 5175 2959 5249 Testamento
3018 5178 3166 5249 Deus
3197 5173 3347 5249 Ignis
3393 5169 3630 5249 dicitur;

499 5233 771 5304 JA‘CKSDN-
1177 5233 1209 5246 υ
1460 5233 1472 5245 ⁸
1658 5233 1668 5241 ’
1723 5233 1739 5246 ⁸
1775 5316 1785 5318 7
1994 5317 1997 5318 7
2085 5315 2096 5318 _
2260 5247 2437 5302 catori
2473 5245 2911 5318 populqmettus
2943 5233 3450 5318 incutiatu'r1d7urn
3476 5239 3672 5309 judcex
3690 5233 3837 5318 ostii:-

572 5321 685 5390 (49)
718 5320 964 5390 Faciem,
1001 5319 1083 5371 Ita
1113 5318 1554 5381 Welrbmanus,
1580 5318 1670 5372 cui
1697 5316 1954 5372 adhaeret
1981 5315 2150 5370 Jack-

503 5407 705 5452 sonus,
746 5407 846 5452 pro
877 5389 1012 5443 edit.
1045 5392 1400 5461 facientilms.
1432 5393 1613 5453 Quam
1652 5390 1887 5459 quidem
1923 5404 2150 5461 germa-

503 5477 634 5516 nam
669 5478 797 5516 esse
822 5459 1148 5524 lectionem,
1183 5461 1372 5530 inquit
1407 5461 1686 5530 posterior
1735 5460 1922 5514 editor
1953 5459 2150 5528 Angli-

502 5550 703 5595 canus,
732 5535 1049 5588 attendenti
1082 5533 1245 5588 facile
1272 5533 1508 5602 patebit.
1533 5533 1802 5588 Christus
1825 5531 1977 5585 enim
2007 5537 2152 5595 erat,

503 5605 602 5678 qui
638 5607 692 5660 in
730 5605 1038 5676 hvangelio
1068 5623 1176 5663 suo
1201 5606 1538 5662 horninibus
1569 5604 1936 5678 intelligendi
1971 5604 2154 5658 incre-

502 5682 701 5738 menta
730 5678 996 5736 faciebat.

2261 5298 2454 5371 ditur:
2476 5298 2634 5372 letrin
2667 5298 2828 5370 Novo
2858 5316 3231 5370 Testamento
3262 5298 3500 5384 Spiritus
3527 5322 3642 5384 esse
3670 5298 3838 5384 proiet'

2262 5395 2376 5456 tur,
2415 5394 2476 5442 ut
2499 5389 2743 5442 refector
2772 5395 2828 5442 et
2854 5393 3078 5442 creator
3106 5387 3162 5441 in
3224 5376 3594 5456 dilictissuis
3632 5376 3839 5456 mortuo"

2263 5434 2415 5524 ruri),
2453 5478 2554 5531 per
2577 5460 2726 5514 hanc
2758 5458 3070 5514 bonitatem
3088 5457 3308 5531 collatis
3330 5434 3838 5531 credentibusintigl:

2261 5517 2491 5603 gentiai,
2523 5532 2978 5603 comprobatur.
3031 5555 3056 5579 ‹‹
3093 5529 3198 5584 Ubi
3224 5529 3383 5582 vides
3423 5517 3838 5603 igp{§76i-ii7il1;t'f5

2263 5593 3068 5676 appellationesNovatianoa
3091 5603 3262 5676 rebus
3292 5593 3671 5676 materialibus
3689 5595 3837 5676 trait?“

2265 5665 2412 5738 latas
2442 5675 2665 5746 videri;
2698 5692 2804 5734 nec
2831 5691 2968 5734 eum
2999 5674 3071 5732 de
3100 5672 3523 5747 Spiritueanoto
3543 5665 3737 5721 dictum
3760 5665 3837 5711 vo-
