4102 6180
265 353 375 412 925

1529 344 1763 408 LIBER
1805 343 1907 404 DE
1949 342 2396 407 TBINITATE.

3545 335 3665 396 926

260 501 331 558 go
360 483 512 538 898
537 483 659 553 jam
695 482 882 537 factus
915 480 1392 546 Deus.Quomodo
1422 483 1478 534 et
1509 477 1557 534 si
1579 478 1898 534 secundam
1930 478 1979 544 Α
2014 493 2124 530 nus
2156 479 2261 542 est,
2298 491 2369 530 ne
2400 477 2558 528 totus
2587 471 2682 527 hic
2712 469 2869 527 orbis
2897 486 3134 525 aversus
3164 467 3363 541 gratia;
3385 467 3513 538 ejus
3558 467 3662 522 ﬂu-

258 574 489 644 Moysen
550 573 724 642 (Deut.
790 588 863 637 1v,
923 571 1036 642 24).
1094 573 1274 639 Ignem
1342 567 1633 640 acceperis
1696 568 1897 630 Deum,

256 668 580 716 creaturam
608 659 770 713 illum
799 675 926 714 esse
950 659 1216 723 dicendo,
1241 657 1571 712 institutum
1607 670 1900 727 expresse-

254 750 352 820 ris,
388 768 500 803 non
533 749 930 804 institutorem
969 748 1259 802 docueris.
1283 746 1390 801 Sed
1427 745 1545 800 haic
1575 745 1900 815 ﬁgurantur

254 839 444 910 potius
477 854 647 909 quam
671 837 750 890 ita
781 841 938 891 sunt.
962 837 1107 891 Nam
1131 840 1186 891 et
1217 835 1272 888 in
1304 833 1495 888 Veteri
1525 833 1898 888 Testamento

251 928 378 982 ideo
409 927 564 982 Deus
599 927 749 996 ignis
781 926 1015 991 dicitur,
1048 928 1113 978 ut
1145 922 1430 996 peceatori
1462 922 1674 993 populo
1707 925 1899 976 metus

249 1015 587 1081 incutiatur,
622 1014 763 1068 dum
784 1014 967 1084 judex
997 1013 1345 1068 ostenditur.
1381 1012 1446 1066 Et
1477 1010 1535 1065 in
1567 1010 1724 1064 Novo
1752 1010 1895 1065 Tes-

249 1109 512 1160 tamento
572 1103 822 1175 Spiritus
879 1118 1008 1158 esse
1067 1103 1376 1172 profertur,
1422 1105 1486 1154 ut
1543 1101 1786 1154 refector
1843 1103 1900 1155 et

247 1199 474 1250 creator
504 1194 615 1264 (52)
647 1193 707 1247 in
757 1191 984 1248 delictis
1015 1190 1139 1246 suis
1201 1194 1585 1256 mortuorum,
1617 1205 1719 1260 per
1749 1188 1898 1243 hanc

246 1283 567 1339 bonitatem
609 1281 828 1337 collatae
877 1279 1246 1336 credentibus
1295 1277 1694 1350 indulgentiae,
1740 1293 1896 1332 com-

244 1372 546 1445 probetur.

865 1484 1096 1541 CAPUT
1132 1484 1280 1539 Vlll.

241 1579 670 1633 Aacuuss'ruu.
716 1606 764 1616 —
801 1577 955 1630 Hauc
982 1590 1115 1645 ergo
1147 1576 1314 1630 Deum
1343 1575 1557 1628 novisse
1582 1580 1632 1627 et
1648 1573 1901 1645 venerari

310 1648 614 1705 Ecclesium
642 1666 660 1710 :
689 1649 847 1718 eique
903 1643 1284 1718 testimonium
1341 1645 1516 1699 reddit
1561 1648 1671 1699 tam
1702 1643 1896 1698 invisi-

311 1719 540 1785 bilium,
571 1717 939 1788 quam’etiam
971 1717 1300 1782 visibilium,
1343 1725 1398 1771 et
1427 1731 1677 1788 semper,
1703 1725 1756 1769 et
1788 1722 1899 1769 tota

2012 565 2270 619 minibus
2302 567 2587 619 aresceret
2608 562 2800 631 (Marc.
2826 577 2940 627 xv1,
2976 557 3390 630 15),apostolos
3421 556 3656 612 institu-

2008 659 2162 709 tores
2180 655 2408 726 generis
2439 652 2620 707 nostri
2639 651 2692 706 in
2717 655 2907 706 totum
2930 649 3125 704 orbem
3151 646 3298 701 mitti
3318 663 3420 718 per
3442 645 3656 700 Filium

2009 760 2182 798 suum
2219 742 2412 796 voluit:
2439 741 2771 796 utconditin
2791 739 3021 808 generis
3046 735 3285 791 humani
3320 738 3659 805 agnosceret

2008 833 2402 886 institutorem
2429 847 2443 896 ;
2469 836 2546 894 et,
2580 830 2626 885 si
2653 830 2817 900 sequi
2852 827 3175 890 maluisset,
3209 824 3448 878 haberet
3478 839 3655 895 quem

2010 938 2112 992 pro
2133 920 2248 974 Deo
2270 919 2328 974 in
2361 919 2623 989 suisjam
2656 915 3149 988 postulationibus
3181 917 3409 969 Patrem
3440 913 3658 968 diceret

2009 1010 2216 1083 (Matth.
2250 1026 2324 1077 v1,
2356 1009 2432 1079 9).
2466 1009 2646 1078 Cujus
2688 1023 2801 1059 non
2835 1003 3198 1076 providentia
3248 1002 3656 1057 tantummodo

2009 1097 2352 1170 singillatim
2390 1113 2491 1168 per
2546 1094 2816 1150 homines
2846 1092 3104 1148 cucurrit
3160 1094 3262 1145 aut
3307 1089 3656 1157 currit;sed
3704 1106 3733 1123 ο

2007 1187 2182 1244 etiam
2233 1201 2335 1258 per
2381 1186 2541 1257 ipsas
2592 1185 2764 1239 urbes
2796 1187 2854 1238 et
2898 1181 3183 1250 civitates,
3231 1195 3483 1250 quarum
3533 1178 3660 1233 exi-

2008 1280 2105 1332 tus
2134 1275 2546 1348 prophetarum
2605 1273 2844 1329 vocibus
2887 1269 3112 1336 cecinit;
3175 1269 3292 1323 imo
3349 1267 3524 1322 etiam
3558 1283 3659 1338 per

2008 1366 2204 1438 ipsum
2236 1369 2421 1419 totum
2453 1363 2673 1430 orbem,
2708 1363 2878 1431 cujus
2909 1363 3141 1433 propter
3165 1355 3655 1427 incredulitatem,

2008 1455 2220 1521 exitus,
2253 1453 2472 1526 plagas,
2505 1451 2930 1507 diminutiones
2970 1463 3287 1520 poenasque
3318 1444 3651 1517 descripsit.

2009 1545 2076 1600 Et
2105 1561 2178 1599 ne
2210 1544 2342 1615 quis
2374 1559 2488 1597 non
2520 1543 2695 1597 etiam
2739 1541 2812 1596 ad
2845 1539 3091 1595 minima
3131 1552 3376 1608 quaeque
3411 1533 3505 1590 Dei
3538 1551 3652 1605 pu-

2008 1638 2160 1689 taret
2189 1634 2364 1688 istam
2397 1629 2816 1702 infatigabilem
2875 1626 3299 1700 providentiam
3333 1623 3652 1696 pervenire.

2010 1726 2101 1778 Ea:
2128 1723 2355 1788 duobus,
2409 1720 2600 1792 inquit
2649 1719 2953 1786 Dominus,
2995 1714 3306 1785 passeribus
3360 1729 3498 1768 unus
3545 1727 3656 1767 non

309 1800 534 1854 natura,
567 1785 733 1862 quam
762 1791 879 1862 ejus
904 1788 1249 1860 proin-(tentia
1283 1789 1424 1856 regit
1467 1785 1894 1842 ac‘moderatur.
1929 1845 1976 1910 B
2006 1811 2157 1868 cadet
2202 1814 2319 1866 sine
2344 1785 2350 1788 ⁷
2375 1785 2560 1865 ραυῖίδ
2611 1810 2891 1864 voluntate
2915 1785 2945 1872 ,⁷
2982 1805 3072 1862 sed
3129 1809 3182 1860 ει
3238 1803 3431 1874 capi",-
3454 1802 3655 1873 capia-5

305 1909 478 1960 Hunc
507 1921 664 1976 ergo,
717 1903 956 1960 omissis
1005 1903 1409 1958 haereticorum
1463 1901 1677 1957 fabulis
1723 1905 1898 1972 atque

237 1995 560 2066 ﬁgmentis,
593 1993 777 2048 Deum
825 1992 983 2048 novit
1013 1996 1070 2047 et
1115 1995 1427 2046 veneratur
1474 1989 1768 2054 Ecclesia;
1805 1978 1897 2043 cui

231 2081 646 2137 testimonium
678 2081 866 2136 reddit
914 2085 1032 2134 tam
1085 2079 1471 2134 invisibilium
1513 2095 1690 2150 quam
1721 2077 1895 2133 etiam

231 2169 560 2226 visibilium
595 2176 651 2225 et
681 2185 906 2241 semper
929 2174 986 2224 et
1014 2173 1135 2224 tota
1193 2173 1442 2224 natura:
1490 2185 1660 2239 quem
1691 2153 1898 2237 Angeli

233 2261 514 2329 adorant,
558 2263 716 2314 astra
748 2258 1058 2325 mirantur,
1094 2258 1282 2312 maria
1326 2257 1695 2323 benedicunt,
1731 2261 1894 2310 terres

233 2353 535 2415 verentur,
570 2347 799 2404 inferna
855 2363 1098 2420 quaeque
1156 2347 1266 2416 (53)
1300 2345 1668 2417 suspiciunt:
1721 2360 1892 2416 quem

234 2455 411 2493 mens
444 2437 636 2493 omnis
665 2437 926 2493 humana
957 2435 1340 2502 sentit,etiam
1372 2433 1419 2489 si
1454 2451 1565 2489 non
1598 2434 1891 2506 exprimit:

234 2528 414 2597 cujus
448 2527 690 2598 imperio
713 2526 912 2581 omnia
942 2527 1384 2580 commoventur
1404 2523 1752 2594 (54),;fontes
1775 2538 1892 2578 sca-

235 2615 495 2679 turiunt,
529 2631 733 2670 omnes
780 2613 1083 2678 labuntur,
1125 2613 1338 2667 ﬂuctus
1368 2615 1708 2682 assurgunt,
1743 2611 1894 2666 fetus

231 2719 383 2759 suos
414 2706 622 2758 cuncta
654 2702 1006 2774 parturiunt,
1032 2701 1184 2756 venti
1215 2701 1436 2772 spirare
1465 2701 1894 2772 coguntur,im-

228 2791 378 2846 bres
426 2791 686 2856 veniunt,
738 2791 924 2844 maria
990 2795 1450 2856 commoventur,
1511 2789 1895 2846 fecunditates

229 2896 382 2936 suas
413 2884 623 2935 cuncta
680 2881 896 2950 ubique
953 2878 1329 2934 diffundunt:
1392 2878 1490 2950 qui
1542 2877 1894 2950 peculiarem

228 2967 618 3040 protoplastis
649 2972 878 3022 cateruae
910 2967 1040 3022 vita:
1070 2967 1357 3021 mundum
1384 2967 1698 3038 quemdam
1735 2983 1897 3038 para-

230 3057 437 3112 disum
465 3057 522 3111 in
547 3055 782 3111 Oriente
809 3056 1117 3111 constituit
1140 3071 1152 3110 :
1177 3057 1432 3111 arborem
1459 3057 1590 3112 vitae
1613 3046 1897 3126 plantavit

233 3145 404 3216 (Gen.
437 3161 500 3210 11,
529 3145 624 3214 9);
655 3146 906 3201 scientiae
939 3145 1064 3200 boui
1092 3149 1143 3200 et
1176 3146 1313 3198 mali
1341 3143 1613 3200 similiter
1651 3144 1888 3200 alteram

2009 1902 2174 1957 vestri
2201 1916 2388 1956 omnes
2442 1899 2718 1954 numerati
2761 1906 2890 1952 sunt
2921 1895 3136 1966 (Matth.
3196 1910 3252 1958 x,
3282 1892 3373 1958 29,
3406 1891 3517 1961 30).
3552 1890 3656 1944 Cu-

1998 1992 2102 2063 jus
2132 1991 2304 2047 etiam
2338 2007 2479 2045 cura
2497 1995 2554 2044 et
2575 1986 2932 2060 providentia
2955 1983 3348 2040 lsraelitarum
3380 1997 3495 2035 non
3517 1978 3654 2035 sivit

2008 2098 2112 2136 nec
2137 2085 2325 2136 vestes
2356 2077 2646 2140 consumi.
2681 2093 2784 2132 nec
2835 2073 3120 2130 vilissima
3165 2071 3222 2126 in
3268 2070 3512 2142 pedibus
3543 2068 3654 2124 cal-

2006 2173 2309 2224 ceamenta
2356 2167 2534 2222 deteri
2593 2167 2771 2235 (Deut.
2805 2179 2926 2227 Vlll,
2961 2164 3034 2233 4),
3087 2162 3186 2216 sed
3220 2161 3380 2230 (Dan.
3443 2175 3528 2225 111,
3559 2159 3647 2228 27)

2005 2275 2108 2313 nec
2136 2258 2396 2329 ipsorum
2428 2258 2785 2326 postremum
2805 2250 3264 2306 adolescentium
3299 2247 3529 2320 captiva
3557 2262 3651 2300 sa-

2005 2347 2212 2402 rabara
2242 2346 2351 2416 (56)
2405 2343 2667 2399 comburi
2695 2361 2708 2411 ;
2769 2357 2874 2396 nec
2918 2340 3208 2394 immerito
3236 2355 3248 2394 :
3311 2354 3446 2392 nam
3475 2334 3524 2390 si
3557 2334 3652 2390 hic

2003 2436 2202 2491 omnia
2231 2433 2568 2504 complexus
2598 2437 2687 2488 est
2715 2430 2914 2487 omnia
2960 2429 3264 2484 continens
3295 2426 3516 2498 (omnia
3547 2442 3650 2481 au-

2004 2528 2120 2580 tem
2147 2529 2204 2580 et
2231 2529 2417 2578 totum
2441 2539 2510 2577 ex
2530 2520 2778 2593 singulis
2809 2517 3418 2588 constant),pertinget
3447 2529 3650 2570 conse-

2004 2618 2250 2684 quenter
2278 2611 2406 2680 ejus
2427 2611 2498 2664 ad
2534 2626 2720 2680 usque
2751 2607 2985 2679 singula
3015 2622 3259 2678 quaeque
3286 2621 3444 2672 cura,
3478 2603 3649 2672 cujus

2005 2701 2075 2756 ad
2111 2705 2318 2768 totum,
2345 2698 2632 2771 quidquid
2667 2702 2775 2763 est,
2809 2695 3067 2767 pervenit
3089 2693 3469 2766 providentia.
3504 2691 3648 2749 Hinc

2003 2797 2094 2848 est
2115 2791 2267 2862 quod
2301 2795 2358 2845 et
2387 2791 2636 2861 desuper
2666 2787 3016 2843 tiberubium
3049 2787 3212 2842 sedet
3241 2786 3472 2857 (Ezech.
3507 2787 3644 2852 1,10;

2004 2881 2177 2952 (Psal.
2212 2897 2404 2943 xcvm,
2443 2880 2516 2947 1,)
2546 2878 2602 2933 id
2634 2882 2742 2948 est,
2795 2881 3001 2948 praeest
3031 2893 3207 2947 super
3235 2891 3474 2946 operum
3509 2891 3642 2930 suo-

2004 2987 2134 3024 rum
2169 2968 2526 3035 varietatem,
2568 2965 2848 3037 subjectis
2877 2964 3084 3020 throno
3133 2965 3259 3035 ejus
3289 2962 3646 3019 animalibus

2005 3076 2118 3130 prae
2150 3057 2374 3113 caeteris
2405 3055 2798 3128 principatum
2845 3055 3197 3123 tenentibus,
3231 3057 3443 3108 cuncta
3472 3053 3647 3107 desu-

2005 3163 2108 3218 per
2161 3147 2434 3218 crystallo
2487 3149 2829 3216 contegente
2883 3144 3016 3215 (57),
3048 3144 3106 3198 id
3137 3148 3242 3209 est,
3277 3143 3419 3198 ccelo
3449 3141 3646 3198 omnia

226 3211 502 3291 arborem
535 3211 881 3300 collocavit;
916 3234 1256 3288 mandatum
1293 3233 1491 3299 dedit;
1541 3234 1888 3288 sententiam
1922 3211 1964 3280 Ο
2003 3211 2334 3306 ὄρει-ἰθιι-ιθε
2397 3235 2550 3306 quod
2610 3211 2775 3304 (Gen.
2808 3250 2847 3300 ι,
2890 3211 3047 3302 ‘6)in
3112 3234 3544 3288 firmamentum
3576 3232 3647 3288 de

227 3327 444 3379 contra
473 3321 751 3378 delictum
785 3322 994 3378 statuit
1023 3322 1094 3392 (11
1125 3326 1238 3378 Pet.
1274 3339 1335 3388 ιι,
1366 3323 1456 3393 5);
1481 3321 1599 3377 Noe
1629 3323 1890 3393 justissi-

227 3428 404 3468 mum
437 3412 508 3466 de
537 3410 741 3466 diluvii
772 3411 1050 3482 periculis
1081 3427 1182 3482 pro
1215 3411 1421 3465 merito
1454 3411 1798 3466 innocentiae
1831 3412 1890 3466 fi-

227 3501 451 3572 deique
508 3499 756 3554 servavit
815 3499 972 3569 (Gen.
1032 3517 1087 3564 ν,
1145 3501 1273 3570 24);
1336 3499 1530 3555 Enoch
1592 3500 1894 3555 transtulit

229 3593 387 3662 (Jac.
424 3607 486 3654 11,
517 3590 648 3660 25);
699 3589 757 3643 in
789 3589 1063 3643 amicitiis
1116 3588 1446 3644 societatem
1479 3589 1772 3643 Abraham
1807 3590 1892 3644 al-

228 3677 380 3750 legit
411 3678 563 3749 (Gen.
633 3694 769 3745 xxu,
806 3678 922 3749 12);
984 3677 1144 3732 Isaac
1200 3678 1448 3748 protexit
1504 3677 1663 3744 (Ibid.
1714 3695 1769 3749 v,
1799 3680 1891 3750 30,

229 3767 369 3838 1.13);
403 3767 580 3822 Jacob
615 3767 777 3822 auxit
834 3766 1026 3834 (Exod.
1076 3783 1158 3833 111,
1208 3767 1264 3831 9,
1321 3767 1440 3837 10);
1492 3766 1746 3840 Moysem
1793 3768 1894 3822 du-

227 3873 365 3911 cem
419 3855 633 3926 populo
685 3855 836 3910 899
889 3855 1176 3927 praefecit;
1230 3855 1680 3928 ingemiscentes
1740 3855 1892 3912 ﬁlios

227 3944 412 4001 Israel
445 3960 476 3999 e
497 3945 643 4014 jugo
699 3944 1004 4000 servitutis
1045 3943 1296 4016 eripuit;
1361 3951 1562 4016 Legem
1616 3945 1888 4017 scripsit;

223 4039 466 4107 patrum
499 4031 758 4088 sobolem
793 4033 850 4087 in
887 4037 1102 4088 terram
1136 4033 1603 4104 repromissionis
1637 4034 1886 4102 induxit;

223 4123 551 4195 prophetas
582 4121 801 4192 Spiritu
836 4120 1153 4189 instruxit;
1187 4127 1243 4176 et
1284 4139 1383 4193 per
1414 4122 1520 4178 hos
1569 4139 1772 4178 omnes
1806 4123 1890 4178 Fi-

222 4213 379 4268 lium
409 4227 582 4265 suum
616 4209 912 4264 Christum
943 4209 1321 4282 repromisit;
1363 4215 1420 4265 et
1460 4212 1694 4282 quando
1724 4213 1888 4267 datu-

221 4316 364 4356 rum
400 4315 462 4354 se
493 4298 889 4370 spoponderat
910 4299 1043 4369 (55),
1071 4297 1252 4354 misit.
1288 4299 1393 4354 Per
1422 4317 1594 4371 quem
1629 4301 1796 4356 nobis
1827 4301 1884 4355 in

222 4388 503 4444 notitiam
536 4387 733 4442 venire
763 4385 946 4442 voluit
973 4403 984 4442 :
1041 4392 1098 4442 et
1127 4387 1184 4442 in
1219 4404 1326 4443 nos
1359 4388 1734 4461 indulgentia:
1766 4406 1884 4445 sum

224 4479 402 4534 sinus
424 4475 615 4547 largos
640 4475 917 4545 profudit;
951 4475 1150 4546 egenis
1173 4481 1230 4530 et
1261 4477 1504 4546 abjectis
1536 4477 1882 4548 locupletem

1998 3341 2283 3396 aquarum
2307 3324 2519 3378 ﬂuente
2542 3323 2784 3378 materia
2807 3323 2993 3377 fuerat
3019 3323 3386 3392 Deojubente
3441 3321 3651 3377 solida-

2001 3417 2150 3480 tum,
2181 3417 2242 3467 ut
2272 3413 2486 3484 glacies
2542 3412 2803 3475 robusta,
2835 3427 3121 3481 aquarum
3176 3414 3388 3464 terram
3423 3409 3648 3481 pridem

2002 3502 2435 3572 contegentium
2465 3501 2730 3556 dividens
2763 3499 3158 3565 medietatem,
3189 3499 3361 3554 dorso
3391 3498 3648 3569 quodam

2003 3592 2260 3663 pondera
2289 3607 2454 3661 aqua:
2511 3589 2851 3661 superioris,
2885 3589 3270 3643 corroboratis
3302 3589 3370 3643 de
3401 3588 3532 3660 gelu
3564 3587 3651 3642 vi-

2003 3681 2190 3746 ribus,
2222 3680 2554 3735 sustineret.
2605 3683 2747 3733 Nam
2782 3683 2838 3733 et
2885 3677 3101 3749 (Ezeeh.
3135 3697 3189 3742 ι,
3226 3679 3310 3748 12)
3339 3681 3476 3733 rota:
3509 3678 3650 3734 sub-

1994 3770 2216 3840 jacent,
2276 3771 2540 3839 tempora
2597 3767 2838 3836 scilicet,
2895 3767 3113 3838 quibus
3165 3767 3365 3822 omnia
3421 3784 3652 3838 semper

2002 3857 2206 3913 mundi
2267 3857 2528 3913 membra
2577 3855 2892 3911 volvuntur
2947 3856 3166 3928 (Ezech.
3203 3874 3240 3926 1,
3283 3857 3371 3927 18)
3432 3857 3649 3912 talibus

2000 3947 2251 4019 pedibus
2281 3946 2526 4018 adjectis
2575 3946 2790 4017 quibus
2849 3963 2961 4001 non
2996 3947 3054 4000 in
3114 3951 3458 4016 perpetuum
3491 3949 3649 4000 stant

1999 4035 2134 4101 ista,
2167 4036 2266 4090 sed
2315 4039 2639 4090 transeunt.
2689 4035 2799 4090 Sed
2858 4039 2914 4090 et
2944 4051 3044 4106 per
3087 4051 3291 4094 omnes
3340 4037 3504 4088 artus
3535 4034 3651 4104 (58)

1999 4122 2234 4180 stellata
2262 4128 2402 4179 sunt
2431 4123 2646 4179 oculis:
2680 4123 2776 4179 Dei
2807 4125 2962 4179 900
2993 4122 3146 4179 enim
3181 4139 3356 4194 opera
3386 4121 3646 4194 pervigili

1997 4213 2205 4270 obtutu
2238 4213 2685 4284 contemplanda
2715 4218 2872 4284 sunt,
2906 4213 2962 4267 in
2996 4229 3245 4284 quorum
3280 4211 3412 4266 sinu
3443 4212 3646 4267 carbo-

1997 4319 2139 4358 num
2172 4302 2399 4358 medius
2439 4307 2528 4357 est
2558 4302 2750 4373 ignis;
2803 4301 2923 4356 sive
2979 4302 3254 4371 quoniam
3304 4300 3372 4368 (ll
3406 4305 3520 4355 Pet.
3559 4302 3645 4370 ιιι)

1996 4389 2065 4444 ad
2091 4388 2327 4461 igneum
2359 4389 2511 4444 diem
2533 4387 2742 4459 judicii
2773 4389 3034 4442 mundus
3081 4387 3192 4442 iste
3222 4389 3494 4443 festinat:
3526 4387 3646 4443 sive

1995 4477 2274 4548 quoniam
2308 4478 2504 4532 omnia
2558 4493 2734 4548 Opera
2785 4477 2882 4532 Dei
2937 4477 3126 4547 ignea,
3161 4494 3265 4532 nec
3315 4481 3454 4532 sunt
3485 4483 3643 4532 tene-

209 4530 916 4638 .Spiritumuconferendo.
942 4530 1018 4618 Et:
1039 4565 1175 4634 quia
1207 4530 1360 4620 ultr;
1391 4570 1448 4620 et
1479 4530 1886 4636 largusretbt;
1918 4530 1962 4593 ὓ
2359 4530 2730 4638 vigeiit(59),°
2763 4530 2880 4622 sive
2909 4530 3406 4639 et(i)am,'ne—,iquia
3432 4530 3642 4622 exter-

1514 4664 1825 4724 Gallandii
1854 4665 2367 4725 commentarius.

222 4764 436 4824 luisse,
469 4761 619 4828 quod
671 4774 886 4814 omnem
942 4761 1204 4829 spiritum
1250 4764 1568 4816 creaturam
1601 4777 1730 4816 esse.
1765 4761 1887 4817 ΜΑ-

226 4852 366 4891 BAN.
399 4835 580 4888 Divin.
613 4833 681 4904 D.
708 4833 775 4885 N.
809 4831 855 4885 J.
999 4829 1100 4884 lib.
1135 4848 1209 4892 1v.
1242 4847 1368 4903 cap.
1405 4834 1490 4901 10,
1536 4834 1636 4900 §3,
1672 4850 1724 4904 p.
1758 4835 1885 4889 520.

223 4938 300 4950 —
335 4904 642 4960 Praeiverat
671 4903 729 4955 in
762 4903 1028 4956 eamdem
1053 4904 1403 4958 sententiam
1441 4903 1878 4959 Welchmanus:

222 4982 649 5050 quemhtamen
709 4973 928 5036 locum,
983 4979 1181 5050 notatu
1246 4992 1385 5029 sane
1442 4976 1879 5050 dignissimum,

220 5044 486 5104 transilit
514 5047 846 5119 Jacksonus
877 5070 890 5108 ς
924 5044 1021 5114 qui
1056 5044 1171 5099 alia
1218 5049 1566 5117 cmteroquin
1602 5044 1880 5119 vulgatis?

220 5123 378 5176 sima
411 5120 537 5173 fuse
570 5115 961 5188 persequitur.

1997 4763 2362 4817 continentur.
2997 4809 3002 4820 ,

2065 4833 2178 4904 (55)
2210 4833 2599 4908 Spoponderal.
2633 4834 2723 4890 Sic
2781 4835 3033 4890 editores
3074 4836 3399 4908 Anglicani.
3434 4838 3640 4891 Pome-

1993 4905 2127 4967 lius,
2159 4905 2474 4974 spondemt.

2062 4978 2176 5044 (56)
2208 4979 2544 5048 lpsorum....
2577 4981 2799 5044 captiva
2854 4979 3138 5048 sarabara,
3175 4979 3251 5032 ita
3300 4977 3459 5042 editi,
3497 4995 3639 5048 pra:-

1992 5051 2080 5121 ter
2108 5048 2577 5121 Welcbmanum,
2613 5049 2670 5104 in
2712 5067 2828 5121 quo
2877 5051 3098 5121 absque
3144 5068 3285 5105 mss.
3320 5054 3418 5103 aut
3449 5066 3640 5121 exem-

1994 5119 2240 5190 plarium
2277 5121 2638 5187 auctoritate,
2676 5119 2949 5192 reponere
3006 5119 3227 5192 placuit
3261 5119 3492 5186 editori,
3525 5123 3643 5192 ipsa

297 5192 410 5260 (5'3)
442 5185 696 5260 Refector
725 5185 776 5242 et
831 5185 1191 5260 creator.__Sic
1243 5187 1557 5244 Pamelius.
1607 5189 1881 5243 Gelenius
1988 5185 2338 5258 captivorum
2363 5185 2642 5246 sarabata.

217 5256 484 5340 refertur,
511 5256 1159 5340 vitiose‘proculdubio
1187 5276 1197 5312 :
1249 5276 1426 5340 quam
1462 5265 1654 5314 tamen
1688 5260 1880 5340 lectio-

218 5329 358 5390 nem
395 5334 448 5386 in
473 5337 631 5385 textu
658 5329 900 5384 retinuit
928 5329 1617 5395 Welclimanus,alteram
1651 5333 1884 5400 re/‘ector

217 5409 280 5461 in
317 5405 472 5459 notis
504 5401 845 5472 subjiciens.
883 5401 1012 5455 Mox
1061 5401 1210 5456 idem
1268 5402 1546 5456 Welchm.
1609 5407 1884 5458 recreator

223 5478 537 5548 legendum
573 5477 770 5544 putat:
823 5473 977 5542 quod
1008 5473 1211 5548 mallet
1249 5490 1497 5548 quoque
1528 5475 1877 5548 Jacksonus.

301 5549 409 5617 (53)
445 5548 702 5614 Quaeque.
729 5548 962 5614 Quoque
990 5546 1227 5598 omnino
1249 5544 1561 5615 legendum
1586 5547 1883 5600 existimat

220 5622 580 5682 Jacksonus,
616 5619 818 5685 utpote
849 5620 1038 5681 magis
1068 5617 1487 5682 euiphatieum.

302 5692 409 5766 (54)
447 5691 881 5750 Commoventur.
917 5688 1003 5747 lta
1056 5689 1216 5748 editi.
1253 5688 1410 5748 Unus
1445 5690 1879 5760 Welchmanus,

2063 5263 2172 5331 (57)
2208 5265 2554 5333 Fontei/eme.
2593 5264 2749 5335 Apud
2787 5264 3106 5317 Pamclium
3142 5264 3439 5329 mendose,
3473 5267 3538 5317 ut
3561 5263 3640 5317 vi-

1991 5334 2180 5398 detur,
2214 5337 2582 5406 conlirgente.

2064 5407 2175 5475 (58)
2230 5408 2408 5460 Artus.
2470 5407 2563 5460 Sic
2613 5411 2786 5471 recte,
2847 5421 2976 5460 mea
3033 5407 3267 5475 quidem
3329 5406 3638 5475 sententia,

1992 5478 2319 5531 emendavit
2348 5477 2767 5549 \Velohmanus
2795 5477 3180 5548 praecedentes
3198 5479 3638 5549 editiones,qua:

1993 5549 2208 5602 habent
2235 5558 2407 5602 oi'tus.
2453 5548 2569 5601 Vox
2603 5549 2757 5603 enim
2809 5550 3079 5603 restituta
3128 5552 3373 5604 refertur
3413 5550 3482 5602 nd
3515 5548 3640 5606 ani-

1993 5622 2167 5672 malia
2189 5638 2314 5686 quae
2349 5622 2606 5690 proxime
2639 5622 2991 5687 prmcednnt.

2064 5693 2179 5764 (57)
2216 5693 2422 5762 Vigent.
2486 5692 2731 5751 Latinus
2789 5695 2990 5751 lucent.
3049 5693 3472 5753 Welchmanus
3529 5693 3648 5749 lucc
