4102 6180
232 277 350 350 929

1496 285 1732 348 LIBER
1773 287 1878 348 DE
1919 277 2374 349 TRINITATE.

3521 289 3650 353 930

235 425 378 488 sint,
409 426 468 477 et
497 437 623 493 qua
655 421 896 492 impleta
924 423 1065 474 sunt
1114 422 1249 475 ante
1302 419 1578 491 pradicta
1625 419 1765 475 sint.
1816 419 1890 475 Ut
1919 423 1971 487 Α
2003 421 2220 476 Omnes
2251 421 2408 476 enim
2441 421 2584 477 istos
2617 425 2674 476 et
2706 420 2976 477 nativitas
2997 421 3316 490 Domini,et
3342 436 3501 478 mors
3524 422 3655 494 ipsa

239 512 447 566 mei-ito
499 510 903 564 haereticorum
945 509 1194 563 istorum
1245 508 1602 564 Testamenti
1670 509 1894 565 Veteris

239 599 647 656 auctoritatem
682 599 1108 669 respuentium,
1136 597 1331 652 nescio
1363 597 1456 652 cui
1489 598 1896 653 commentitio

240 694 299 744 et
319 705 388 744 ex
411 686 626 743 fabulis
649 686 950 742 annilibus
969 689 1100 741 ﬁcto
1114 685 1342 742 Christo
1357 691 1534 757 atque
1557 687 1746 742 fucato
1769 704 1899 758 pos-

243 779 354 833 sim
387 793 520 832 vere
549 780 606 831 et
635 781 970 832 constanter
994 775 1183 830 dicere
1215 792 1228 829 :
1256 775 1397 839 Quis
1418 792 1480 830 es
1500 776 1528 830 ‘I
1559 777 1714 831 unde
1746 775 1847 831 es?
1868 792 1901 830 a

243 884 358 938 quo
392 866 613 920 missus
639 881 701 920 es
723 865 750 919 ?
782 880 962 936 quare
991 881 1144 918 nunc
1174 863 1371 919 venire
1401 864 1688 919 voluisti?
1719 881 1900 936 quare

245 956 421 1011 talis?
441 954 528 1010 vel
551 970 668 1025 qua
687 953 882 1008 venire
904 953 1191 1024 potuisti?
1218 951 1307 1007 vel
1330 969 1510 1025 quare
1533 970 1646 1009 non
1671 953 1741 1008 ad
1769 958 1902 1008 tuos

248 1044 466 1100 abisti?
487 1043 598 1098 nisi
624 1043 779 1114 quod
805 1042 1062 1113 probasti
1090 1046 1222 1098 tuos
1246 1058 1358 1097 non
1381 1041 1596 1097 habere
1620 1043 1750 1114 (63),
1767 1043 1902 1098 dum

248 1135 317 1188 ad
351 1133 578 1188 alienos
597 1130 804 1187 venis?
832 1130 977 1193 Quid
1009 1130 1114 1185 tibi
1147 1147 1279 1186 cum
1313 1131 1534 1186 mundo
1565 1131 1852 1186 Creatoris
1875 1130 1904 1185 ?

248 1222 389 1294 quid
410 1221 514 1276 tibi
538 1237 672 1276 cum
699 1219 938 1274 homine
967 1219 1492 1291 Conditoris?quid
1515 1220 1621 1274 tibi
1645 1237 1777 1275 cum
1803 1220 1904 1290 ﬁg-

251 1316 446 1367 mento
495 1309 777 1381 corporis,
828 1309 921 1363 cui
967 1307 1143 1379 eripis
1186 1325 1349 1380 spem
1400 1307 1845 1366 resurrectionis
1877 1308 1905 1363 ?

250 1401 391 1472 quid
426 1401 494 1454 ad
531 1398 787 1453 alienum
823 1396 983 1452 venis
1014 1395 1591 1462 famulum,alienum
1624 1396 1906 1452 sollieita-

252 1507 311 1546 re
341 1489 642 1544 desideras
673 1485 896 1541 ﬁlium?
919 1485 1058 1556 quid
1093 1502 1182 1540 me
1217 1502 1248 1540 a
1277 1485 1523 1540 Domino
1563 1486 1784 1557 eripere
1808 1501 1902 1540 co-

253 1576 458 1632 naris?
486 1575 623 1647 quid
652 1590 743 1629 me
774 1574 832 1628 in
867 1573 1096 1628 Patrem
1130 1572 1538 1645 blasphemare
1588 1579 1763 1644 atque
1793 1573 1904 1628 im-

254 1665 417 1738 pium
441 1681 569 1720 esse
590 1661 936 1734 oompellis?
956 1667 1059 1716 aut
1082 1662 1221 1733 quid
1247 1679 1380 1716 sum
1403 1667 1512 1718 ate
1535 1661 1594 1716 in
1620 1678 1908 1718 resurrec-

250 1756 410 1810 tione
441 1751 997 1822 consecuturus,qui
1029 1767 1120 1805 me
1152 1751 1347 1822 ipsum
1379 1767 1494 1806 non
1530 1750 1739 1822 recipio
1763 1751 1904 1806 dum

253 1859 470 1915 corpus
494 1841 698 1896 amitto
715 1840 742 1894 ‘I
765 1839 823 1895 Si
857 1839 1080 1895 selvare
1098 1838 1455 1904 vis,feoisses
1480 1840 1776 1894 hominem
1809 1838 1904 1894 cui

253 1932 503 1988 salutem
541 1931 731 1985 dares.
765 1930 821 1982 Si
852 1945 885 1983 a
921 1928 1128 1983 delicto
1159 1928 1379 1999 eripere
1410 1929 1596 1999 cupis,
1627 1932 1762 1982 ante
1795 1927 1904 1981 mi-

254 2022 313 2076 hi
337 2037 412 2076 ne
433 2018 899 2090 derelinquerem
923 2016 1458 2083 contulisses.Quod
1486 2021 1678 2072 autem
1708 2023 1902 2072 tecum

255 2109 603 2180 sulfragium
636 2107 979 2162 circumfers
1010 2105 1154 2177 legis
1175 2106 1202 2160 ‘I
1232 2106 1394 2169 Quod
1428 2105 1612 2161 habes
1641 2105 1907 2161 testimo-

256 2200 420 2254 nium
455 2195 804 2269 propheticis
837 2195 1036 2250 vocis?
1066 2201 1167 2249 aut
1192 2195 1333 2265 quid
1368 2195 1512 2250 mihi
1562 2211 1803 2266 possum
1837 2195 1907 2250 de

252 2293 312 2342 te
343 2286 593 2342 solidum
625 2284 1028 2356 repromittere
1049 2299 1184 2337 cum
1207 2288 1267 2337 te
1289 2282 1517 2338 videam
1541 2282 1600 2338 in
1633 2283 1911 2355 phantas-

255 2380 414 2432 mate
445 2379 502 2430 et
535 2390 644 2429 non
679 2372 738 2427 in
772 2370 1064 2427 soliditate
1110 2369 1385 2426 venisse?
1415 2371 1566 2435 Quid
1615 2387 1751 2443 ergo
1799 2371 1910 2428 tibi

258 2481 395 2521 cum
428 2464 617 2536 ﬁgura
642 2460 922 2533 corporis,
956 2461 1005 2515 si
1037 2477 1250 2532 corpus
1299 2460 1519 2516 odisti?
1570 2461 1688 2516 imo
1721 2462 1908 2516 revin-

258 2553 409 2609 ceris
439 2551 700 2624 corporis
722 2550 879 2621 quod
903 2549 1077 2604 odisti
1105 2548 1476 2604 circumferre
1493 2548 1908 2619 substantiam,

261 2643 433 2713 cujus
456 2639 752 2712 suscipere
772 2637 1009 2694 voluisti
1032 2637 1208 2693 etiam
1230 2638 1502 2710 ﬁguram.
1524 2638 1732 2694 Odisse
1753 2638 1910 2694 enim

261 2731 551 2786 debueras
572 2727 834 2800 corporis
855 2726 1264 2792 imitationem,
1284 2726 1332 2782 si
1358 2727 1563 2782 oderas
1579 2726 1909 2782 veritatem.

259 2819 548 2886 Quoniam
582 2817 631 2873 si
666 2817 811 2872 alter
842 2832 925 2886 es,
959 2814 1128 2871 aliter
1168 2815 1364 2872 venire
1416 2815 1704 2871 debueras
1748 2816 1859 2888 (64)
1897 2834 1912 2872 :

261 2925 336 2964 ne
367 2906 579 2963 diceris
611 2905 771 2961 ﬁlius
791 2905 1100 2972 Creatoris,
1125 2904 1174 2960 si
1205 2909 1298 2960 vet
1321 2904 1639 2977 imaginem
1673 2905 1912 2960 habuis-

260 3014 356 3054 ses
388 2994 582 3053 carnis
612 2999 669 3050 et
701 2995 982 3066 corporis.
1009 2994 1172 3048 Certe
1204 2993 1251 3048 si
1284 2994 1491 3049 oderas
1522 2993 1911 3064 nativitatem,

260 3085 400 3160 quia
442 3083 727 3140 Creatoris
777 3083 985 3138 oderas
1031 3083 1372 3153 nuptiarum
1423 3081 1912 3153 conjunctionem,

2004 512 2283 565 confutet.
2317 509 2460 566 Nam
2495 515 2550 565 et
2581 511 2755 583 (Joan.
2791 527 2829 582 ι,
2865 511 2952 583 14)
2994 510 3149 567 903
3185 511 3430 581 Verbum,
3463 511 3658 583 inquit

2005 599 2281 665 Joannes,
2315 616 2442 655 caro
2471 602 2683 671 factum
2739 608 2836 667 est,
2886 604 2940 656 et
2973 599 3243 656 habitavit
3287 602 3351 655 in
3378 600 3554 655 nobis.
3588 597 3661 654 Ut

2009 689 2215 743 merito
2247 705 2459 761 corpus
2491 697 2757 744 nostrum
2787 690 2843 744 in
2878 689 2977 744 illo
3011 689 3206 755 fuerit,
3230 690 3505 761 quoniam
3536 689 3662 760 qui-

2009 778 2142 833 dem
2173 782 2430 832 nostrum
2463 793 2696 832 carnem
2749 778 2947 833 Sermo
2991 778 3268 850 suscepit.
3303 777 3371 832 Et
3415 776 3656 850 sanguis

2007 866 2226 921 idcirco
2260 867 2330 921 de
2361 867 2639 921 manibus
2688 883 2753 920 ac
2802 866 3069 937 pedibus,
3117 871 3292 937 atque
3321 866 3448 938 ipso
3478 866 3660 922 latere

2011 954 2367 1025 demanavit,
2401 959 2464 1008 ut
2511 953 2693 1008 nostri
2729 970 2969 1009 consors
2999 954 3260 1025 corporis
3291 956 3658 1026 probaretur,

2012 1043 2152 1098 dum
2187 1060 2428 1098 occasus
2461 1043 2650 1098 nostri
2682 1043 2910 1114 legibus
2942 1043 3209 1098 moritur.
3253 1044 3360 1110 Qui
3407 1045 3549 1099 dum
3597 1044 3660 1098 in

2012 1132 2211 1187 eadem
2245 1132 2579 1187 substantia
2611 1132 2870 1204 corporis
2901 1131 2958 1186 in
2991 1148 3106 1203 qua
3138 1132 3405 1198 moritur,
3437 1147 3664 1188 ressus-

2012 1221 2225 1276 citatus
2273 1222 2462 1294 ipsius
2513 1221 2772 1293 corporis
2822 1220 3164 1276 vulneribus
3220 1221 3658 1293 comprobatur,

2011 1310 2186 1365 etiam
2239 1310 2684 1366 resurrectionis
2735 1317 2948 1364 nostrte
2998 1309 3157 1378 leges
3210 1309 3269 1363 in
3329 1326 3437 1364 sua
3485 1325 3658 1364 carne

2015 1400 2381 1470 monstravit,
2415 1401 2516 1470 qui
2549 1400 2661 1471 (69)
2685 1415 2917 1469 corpus,
2949 1400 3101 1469 quod
3133 1414 3201 1452 ex
3232 1398 3402 1454 nobis
3433 1397 3660 1469 habuit,

2018 1487 2076 1542 in
2109 1503 2218 1542 sua
2248 1487 2676 1543 resurrectione
2712 1486 2989 1542 restituit.
3029 1487 3138 1541 Lex
3169 1487 3326 1540 enim
3360 1501 3662 1541 resurrec-

2015 1576 2194 1631 tionis
2226 1577 2478 1648 ponitur,
2512 1576 2653 1630 dum
2686 1574 2955 1630 Christus
2985 1575 3053 1628 ad
3108 1573 3438 1647 exemplum
3487 1578 3661 1630 ciete-

2015 1681 2213 1720 rerum
2248 1666 2304 1720 in
2337 1665 2671 1721 substantia
2702 1663 2960 1736 corporis
2985 1664 3322 1718 suscitatur.
3347 1663 3658 1731 Quoniam,

2017 1771 2149 1811 cum
2184 1756 2230 1825 (ι
2257 1757 2378 1810 Cor.
2412 1772 2524 1821 xvx,
2548 1754 2640 1825 50)
2670 1769 2796 1808 caro
2819 1757 2872 1807 et
2901 1755 3135 1822 sanguis
3162 1769 3272 1809 non
3302 1753 3551 1808 oblinere
3576 1768 3663 1806 re-

2011 1861 2190 1917 gnum
2219 1846 2318 1899 Dei
2347 1843 2643 1909 scribitur,
2677 1859 2792 1897 non
2827 1843 3018 1896 carnis
3049 1841 3380 1897 substantia
3410 1842 3660 1896 damna-

2011 1940 2071 1989 ta
2101 1937 2206 1999 est,
2241 1950 2366 2004 quas
2395 1933 2609 1988 divinis
2642 1931 2937 2000 manibus,
2974 1947 3043 1986 ne
3092 1930 3325 2002 periret,
3358 1932 3658 1985 exstructa

2014 2027 2140 2090 est;
2192 2021 2291 2077 sed
2342 2021 2466 2076 sola
2495 2021 2687 2076 carnis
2719 2019 2890 2091 culpa
2921 2020 3128 2074 merito
3161 2018 3515 2090 reprehensa
3543 2021 3656 2085 est,

2016 2128 2143 2183 quae
2173 2109 2501 2165 voluntaria
2534 2108 2786 2165 hominis
2807 2109 3132 2163 temeritate
3164 2112 3364 2162 contra
3395 2106 3541 2179 legis
3571 2105 3657 2161 di-

2013 2202 2157 2256 vina:
2183 2201 2318 2269 jura
2348 2203 2614 2271 grassata
2643 2202 2750 2253 est.
2797 2198 2943 2263 Quia
2988 2196 3047 2250 in
3097 2196 3448 2268 Baptismate
3495 2199 3552 2250 et
3595 2193 3657 2252 in

2016 2286 2223 2342 mortis
2255 2283 2660 2355 dissolutione,
2712 2284 2946 2340 sublata
2989 2301 3122 2339 caro
3161 2284 3232 2339 ad
3283 2283 3536 2339 salutem
3569 2297 3662 2338 re-

2015 2375 2263 2430 vertitur
2295 2392 2307 2430 :
2337 2375 2477 2429 dum
2513 2374 2583 2429 ad
2616 2377 2834 2430 statum
2865 2372 3234 2443 innocentia),
3267 2373 3534 2445 deposita
3558 2370 3667 2428 ori-

2019 2464 2197 2521 minis
2227 2463 2603 2532 mortalitate,
2637 2467 2960 2519 revocatur.

2659 2605 2890 2662 CAPUT
2928 2605 3021 2662 XI.

2021 2718 2084 2770 Et
2109 2730 2235 2771 vero
2265 2729 2376 2768 non
2398 2714 2673 2768 hominem
2703 2716 2919 2765 tantum
2941 2710 3241 2774 Christum,
3263 2708 3354 2763 sed
3384 2712 3436 2764 et
3459 2710 3626 2764 Deum
3645 2726 3669 2766 :

2232 2787 2398 2841 sicuti
2427 2785 2666 2840 hominis
2694 2783 2898 2852 ﬁlium,
2934 2785 3012 2837 ita
3039 2791 3093 2837 et
3122 2782 3220 2836 Dei
3246 2781 3446 2850 ﬁlium.

2091 2911 2307 2966 Verum
2341 2925 2412 2964 ne
2433 2925 2502 2964 ex
2522 2909 2630 2964 hoc
2651 2907 2806 2979 quod
2829 2905 3137 2962 Dominum
3165 2909 3431 2960 nostrum
3461 2906 3666 2958 Jesum

2023 2999 2319 3056 Christum
2354 2998 2450 3054 Dei
2487 2996 2776 3052 Creatoris
2819 2994 3029 3050 Filium
3091 2995 3149 3048 in
3183 2992 3518 3049 substantia
3545 2990 3671 3048 veri

2024 3089 2284 3160 corporis
2315 3087 2636 3143 exhibitum
2669 3085 3012 3152 asserimus,
3064 3082 3194 3138 aliis
3244 3081 3527 3138 haereticis
3557 3079 3669 3136 hoc

257 3157 532 3231 recusare
555 3172 841 3228 debueras
872 3172 1047 3227 etiam
1079 3171 1462 3227 imitationem
1502 3171 1776 3238 hominis,
1812 3171 1912 3240 qui
1944 3157 1986 3223 C
2026 3179 2083 3232 in
2117 3157 2240 3233 loco
2271 3177 2568 3232 hominem
2623 3179 2848 3229 tantum
2883 3179 2939 3229 et
2969 3172 3158 3228 solum
3193 3170 3664 3236 defendentibus,

263 3281 367 3338 per
396 3263 630 3334 nuptias
663 3261 924 3316 nascitur
961 3260 1257 3316 creatoris.
1315 3260 1507 3331 Neque
1550 3261 1731 3332 igitur
1776 3277 1910 3315 eum

261 3351 671 3408 haereticorum
703 3348 1080 3421 agnoscimus
1112 3349 1536 3420 Christum,qui
1566 3349 1624 3404 in
1656 3349 1913 3422 imagine

261 3445 357 3510 (ut
386 3440 621 3511 dicitur)
668 3439 776 3494 fuit
823 3443 880 3495 et
931 3456 1044 3494 non
1094 3439 1153 3493 in
1209 3437 1449 3494 veritate
1502 3457 1514 3494 :
1559 3438 1705 3494 nihil
1754 3439 1910 3493 enim

262 3546 470 3586 verum
495 3529 606 3601 (65)
637 3544 838 3584 eorum
869 3543 996 3598 quas
1026 3528 1209 3600 gessit
1246 3527 1464 3595 fecerit,
1493 3528 1540 3581 si
1575 3527 1701 3600 ipse
1731 3527 1912 3598 phan-

250 3624 447 3675 tasma
475 3623 530 3673 et
551 3633 666 3672 non
690 3616 900 3671 veritas
927 3616 1066 3671 fuit:
1094 3631 1284 3688 neque
1304 3617 1567 3687 eum,qui
1596 3615 1739 3671 nihil
1765 3616 1824 3672 in
1848 3633 1910 3672 se

251 3707 438 3764 nostri
463 3705 723 3777 corporis
744 3705 1094 3777 gessit,dum
1121 3721 1187 3760 ex
1213 3704 1395 3760 Maria
1415 3703 1559 3759 nihil
1585 3705 1908 3776 accepit,ne

248 3812 374 3853 non
395 3793 951 3866 nobls(66)venerit;
972 3793 1112 3848 dum
1138 3810 1249 3849 non
1273 3793 1331 3848 in
1355 3796 1553 3848 nostra
1573 3793 1908 3850 substantia

240 3885 413 3942 visus
443 3883 946 3957 apparuit.Neque
978 3882 1168 3950 illum,
1207 3882 1305 3954 qui
1337 3882 1648 3938 aatheream
1682 3882 1801 3938 sive
1830 3883 1908 3938 si-

245 3975 512 4042 deream,
547 3977 612 4028 ut
641 3971 741 4028 alii
772 3973 1084 4028 voluerunt
1107 3971 1385 4036 haeretici,
1412 3970 1597 4026 voluit
1626 3987 1861 4027 carnem
1887 3997 1902 4042 ;

240 4079 319 4121 ne
352 4062 536 4119 ullam
559 4061 619 4117 in
641 4060 741 4118 illo
776 4066 973 4118 nostro
993 4061 1103 4132 (67)
1123 4059 1525 4132 intelligamus
1555 4060 1828 4132 salutem,
1853 4062 1900 4118 si

244 4169 366 4210 non
391 4151 565 4206 etiam
591 4150 775 4206 nostri
797 4149 1056 4222 corporis
1074 4164 1498 4221 cognoscamus
1523 4149 1896 4210 soliditatem:

243 4258 356 4298 nec
383 4239 571 4295 ullum
590 4240 829 4294 omnino
854 4240 1104 4295 alterum
1128 4237 1227 4310 qui
1251 4238 1499 4310 quodvis
1525 4238 1682 4294 aliud
1705 4256 1773 4295 ex
1793 4242 1898 4314 ﬁg-

245 4333 450 4386 mento
479 4327 881 4384 heareticorum
900 4328 1014 4401 (68)
1033 4327 1281 4400 gesserit
1300 4343 1512 4399 corpus
1543 4327 1896 4386 fabularum.

2022 3272 2196 3339 atque
2218 3267 2343 3321 ideo
2363 3265 2657 3320 hominem
2681 3263 2846 3317 illum
2867 3262 3087 3317 nudum
3109 3267 3166 3317 et
3187 3260 3512 3316 solitarium
3536 3274 3666 3330 pro-

2024 3357 2158 3411 bare
2189 3355 2578 3426 cupientibus,
2612 3357 2714 3410 aut
2745 3367 2956 3408 manus
2983 3349 3236 3414 dedisse,
3262 3352 3362 3403 aut
3389 3346 3664 3419 loquendi

2021 3446 2132 3515 (70)
2165 3445 2469 3500 materiam
2503 3445 2905 3499 commodasse
2951 3440 3274 3505 videamur,
3310 3453 3424 3492 non
3469 3435 3554 3492 sic
3593 3435 3664 3491 de

2021 3533 2354 3589 substantia
2383 3532 2642 3604 corporis
2673 3531 2861 3604 ipsius
2911 3527 3320 3600 exprimimus,
3352 3529 3419 3581 ut
3466 3523 3663 3580 solum

2016 3627 2246 3676 tantum
2260 3622 2370 3691 (71)
2394 3620 2690 3676 hominem
2717 3619 2884 3674 illum
2905 3634 3033 3673 esse
3056 3615 3344 3682 dicamus;
3361 3613 3462 3670 sed
3486 3613 3666 3681 ut,di-

2017 3711 2258 3766 vinitate
2279 3709 2568 3764 sermonis
2585 3710 2642 3763 in
2663 3709 2791 3780 ipsa
2811 3707 3141 3763 cocretione
3159 3704 3460 3776 permista,
3483 3703 3661 3759 etiam
3684 3707 3691 3751 l

2016 3799 2198 3855 Deum
2230 3798 2398 3854 illum
2429 3799 2755 3854 secundum
2803 3797 3134 3867 Scripturas
3182 3809 3309 3850 esse
3330 3797 3663 3848 teneamus.

2013 3889 2118 3943 Est
2147 3887 2302 3943 enim
2324 3885 2646 3957 periculum
2671 3883 3276 3959 grande,Salvatorem
3295 3880 3526 3953 generis
3548 3879 3660 3934 hu-

2014 3977 2196 4046 mani,
2230 3976 2411 4032 totius
2457 3975 2766 4032 Dominum
2819 3978 2875 4030 et
2922 3972 3244 4046 principem
3298 3968 3525 4036 mundi,
3557 3966 3654 4023 cui

2011 4065 2222 4138 (Matth.
2257 4083 2351 4133 xx,
2383 4068 2476 4133 21)
2526 4082 2560 4121 a
2610 4081 2716 4120 suo
2746 4067 2913 4119 Patre
2959 4060 3157 4118 omnia
3188 4058 3400 4116 tradita
3428 4061 3569 4114 sunt
3596 4059 3657 4113 et

2010 4160 2220 4212 cuncta
2249 4171 2542 4219 concessa,
2572 4170 2672 4225 per
2693 4170 2864 4224 quem
2890 4151 3166 4206 instituta
3187 4153 3325 4204 sunt
3357 4147 3650 4211 universa,

2009 4250 2202 4300 creata
2234 4250 2372 4299 sunt
2401 4247 2541 4306 tota,
2577 4243 2802 4312 digesta
2833 4246 2972 4295 sunt
2999 4243 3228 4304 cuncta,
3257 4251 3512 4292 severum
3529 4250 3658 4290 om-

2011 4334 2171 4389 nium
2231 4338 2288 4389 et
2344 4337 2675 4403 temporum
2727 4345 2942 4402 regem,
2977 4325 3333 4398 Angelorum
3387 4324 3655 4380 omnium

1533 4445 1837 4507 Gallandii
1870 4452 2378 4511 commentarius.

323 4551 437 4624 (65)
465 4554 600 4625 Non,
619 4551 831 4608 habere.
853 4553 1019 4608 Forte
1050 4551 1362 4625 legendum
1394 4567 1529 4607 cum
1565 4551 1893 4608 Welchma-
1932 4558 1974 4621 Ι)

251 4641 330 4680 no
363 4628 415 4678 te
442 4641 549 4679 non
587 4624 804 4678 habere.

322 4696 438 4767 (64)
465 4696 646 4767 Aliter,
669 4698 856 4767 venire
876 4695 1162 4751 debueras.
1189 4695 1360 4750 Recte
1381 4695 1565 4767 aliter,
1599 4711 1711 4750 non
1736 4695 1896 4760 alter,

249 4766 585 4838 utconjicit
612 4766 1054 4824 Welchmanus.
1108 4769 1356 4823 Sensum
1388 4766 1640 4838 explicat
1670 4767 1898 4821 Tertul-

248 4837 605 4894 lianusadv.
640 4839 828 4908 illam,
860 4839 897 4895 l.
933 4856 1017 4903 ιιι,
1065 4857 1190 4910 cap.
1230 4838 1291 4892 10
1326 4855 1338 4892 :
1376 4837 1484 4892 Cur
1522 4841 1670 4892 enim
1706 4854 1810 4893 non
1847 4839 1905 4892 ιη

252 4911 445 4980 aliqua
476 4911 587 4964 alia
619 4911 870 4981 digniore
908 4912 1214 4966 substantia
1276 4911 1437 4981 venit,
1495 4918 1550 4964 et
1597 4910 1657 4965 in
1696 4911 1907 4981 primis

252 4998 380 5109 slua,
432 4997 503 5035 ne
549 4989 602 5037 et
644 4980 874 5053 indigna
937 4986 989 5038 et
1055 4983 1241 5038 aliena
1310 4980 1589 5037 videretur
1634 4980 1846 5051 eguisse
1888 4984 1910 5037 Ρ

300 5068 541 5107 ACKSON.

300 5068 541 5107 ACKSON.

331 5124 449 5188 (65.
481 5125 637 5180 Nihil
665 5127 811 5180 enim
858 5143 1075 5181 verum.
1127 5123 1608 5195 Conjuuctionem
1641 5125 1790 5179 enim
1821 5140 1906 5180 re-

260 5196 429 5251 stitui
463 5213 528 5252 ex
560 5213 672 5251 ms.
704 5196 984 5252 Woweri.

335 5267 447 5337 (66)
482 5269 555 5323 Ne
583 5285 693 5323 non
728 5270 905 5324 nobis.
942 5269 1048 5323 Pro
1091 5284 1160 5323 ne
1205 5283 1314 5322 non
1351 5265 1498 5336 legit
1524 5281 1703 5337 neque
1754 5266 1911 5321 Lati-

262 5340 403 5394 nius
435 5355 449 5404 ;
478 5339 806 5396 Jacksonus
840 5358 972 5396 vero
1006 5339 1204 5395 mallet
1231 5354 1403 5409 neque
1431 5338 1599 5392 enim.

334 5411 393 5475 (6
431 5411 447 5480 )
480 5412 686 5466 Nostro.
719 5414 810 5466 Sic
853 5413 1013 5468 editi.
1067 5407 1323 5467 Nostram
1370 5407 1913 5480 reposuitWelch-

265 5497 498 5536 manus.
532 5484 740 5538 Nostrae
771 5484 1127 5539 rescribebat
1153 5483 1517 5546 Jacksonus;
1561 5479 1685 5535 scil.
1730 5481 1913 5547 carni,

262 5553 486 5683 geetqua
524 5570 854 5613 sermonem
887 5555 1061 5613 habet
1089 5558 1296 5612 auctor
1329 5570 1342 5608 :
1377 5551 1534 5626 quod
1568 5552 1764 5608 minus
1797 5551 1916 5627 pla-

2077 4557 2188 4626 (68)
2220 4557 2701 4626 Haereticorum....
2757 4566 2946 4626 corpus
2997 4550 3351 4622 fabularum.
3398 4547 3536 4626 Αὶίί⁸
3567 4545 3656 4605 le-

2008 4619 2181 4698 gunt,
2213 4631 2406 4681 notate
2438 4627 2639 4698 Franc.
2673 4619 2869 4698 Junie'.
2915 4619 3325 4698 haereticorum,
3351 4625 3415 4676 ut
3445 4619 3658 4698 refera-

2010 4691 2106 4753 tur
2137 4691 2205 4753 ad
2237 4698 2589 4770 fabularum,
2618 4696 2727 4750 Sed
2765 4694 3073 4770 hocAinale.
3098 4695 3429 4767 Legendum
3463 4691 3662 4770 potius

2013 4758 2349 4841 suspicatur
2382 4770 2532 4841 idem
2561 4768 2777 4822 Junius
2809 4758 3361 4841 fabularium,vcdipa
3393 4758 3658 4841 μιρθῳδεςε

2018 4834 2235 4898 dicitur
2264 4841 2418 4896 enim
2447 4840 2724 4910 fabularis
2755 4834 2814 4894 et
2837 4840 3171 4910 fabulari-us,
3193 4843 3259 4893 ut
3287 4834 3481 4910 ollaris
3501 4834 3661 4910 etal-

2018 4916 2214 4969 larius.
2251 4912 2394 4967 Hinc
2421 4904 2807 4968 haereticorum
2837 4904 2942 4966 vox
2973 4927 3090 4966 non
3122 4904 3210 4965 est
3239 4904 3613 4964 sollicitanda
3645 4918 3660 4959 :

2019 4986 2171 5058 quod
2203 4984 2405 5058 probo.
2439 4982 3130 5058 .I_AKSON1W_elchmanus
3161 4986 3359 5036 autem
3391 4974 3664 5048 conjicie-

2022 5055 2118 5112 bat
2151 5055 2588 5116 rescribendum
2620 5055 2897 5123 /abulare.

2091 5130 2199 5200 (69)
2262 5130 2384 5196 Qui.
2435 5117 2850 5182 Welchmanus
2901 5127 3054 5196 quia,
3109 5141 3222 5178 non
3277 5120 3444 5177 male.
3495 5117 3662 5173 Jac:-

2022 5217 2148 5255 SON.

2093 5273 2205 5343 (70)
2235 5270 2533 5343 Loquendi.
2593 5267 2925 5343 Obloqueudi
2970 5259 3664 5343 suspicatur-degendam

2022 5331 2149 5399 esse
2185 5331 2600 5397 Welchmanus
2633 5356 2645 5395 :
2681 5331 2779 5394 sed
2811 5341 2987 5405 idem,
3019 5331 3243 5410 opinor,
3279 5335 3374 5390 hic
3403 5331 3556 5390 valet
3585 5331 3664 5386 lo-

2023 5414 2260 5487 quendi,
2285 5429 2350 5487 ac
2381 5410 2840 5487 disputandi._lo.

2096 5488 2206 5559 (71)
2235 5479 2423 5559 Solum
2438 5479 2681 5559 tantum.
2715 5481 2883 5540 Forte
2912 5482 3089 5540 solum
3113 5489 3167 5538 et
3198 5479 3502 5548 tantum,ut
3521 5487 3668 5554 pau-

2023 5559 2078 5616 lo
2104 5554 2402 5632 superius.
2438 5554 2524 5615 ID.
