3942 6172
469 298 584 358 931

1511 290 1949 352 NOVATIANI
1998 289 2492 350 PRESBYTEBI
2538 285 2841 354 ROMANI
3668 322 3749 385 93g

470 427 791 500 principem
811 432 1131 497 antequem
1160 423 1304 478 nihil
1330 428 1536 496 praeter
1561 421 2111 488 Patrem,hominem
2145 425 2197 488 Α
2229 427 2398 492 palus
2419 426 2524 477 est.
2557 428 2624 477 Et
2653 427 2962 494 quomodo,
2989 445 3106 499 qua
3139 429 3327 496 homo,
3358 439 3443 489 sub
3485 440 3579 509 lege
3621 447 3754 507 factu,

468 516 877 572 tantummodo
910 515 1121 584 dicere,
1141 518 1199 569 et
1229 512 1631 568 auctoritatem
1659 509 1739 566 illi
1775 509 2032 565 divinam
2056 510 2116 566 in

469 607 561 662 his
590 608 896 676 abnegat-(3.
934 605 1061 659 Haec
1093 603 1244 657 enim
1298 601 1656 656 contumelia
1704 599 2114 654 haereticorum

469 698 541 753 ad
573 697 767 768 ipsum
802 711 1034 766 quoque
1060 700 1230 747 Deum
1260 696 1485 746 Patrem
1519 688 1941 754 redundabit,si
1967 688 2117 742 Deus

472 787 641 843 Pater
674 784 879 840 Filium
916 784 1093 838 Deum
1129 797 1404 853 generare
1437 796 1546 834 non
1583 778 1789 850 potuit.
1816 777 1925 831 Sed
1959 777 2113 831 enim

466 875 692 932 veritati
726 874 950 930 caecitas
983 871 1386 925 haereticorum
1422 867 1582 923 nulla
1615 866 1969 939 praescribet.
1995 865 2110 920 Nec

467 965 746 1038 quoniam
773 964 831 1018 in
865 962 1094 1017 Christo
1126 958 1344 1030 aliquid
1379 962 1600 1022 tenent,
1627 955 1844 1026 aliquid
1884 971 1995 1008 non
2031 959 2116 1008 te-

467 1059 628 1122 nent,
662 1053 909 1108 alterum
942 1051 1162 1117 vident,
1185 1047 1429 1103 alterum
1464 1062 1578 1100 non
1603 1043 1820 1112 vident,
1837 1042 2118 1113 eripietur

467 1145 636 1200 nobis
668 1143 823 1199 904
854 1140 995 1196 illud
1029 1138 1181 1210 quod
1215 1152 1329 1191 non
1362 1134 1580 1203 vident,
1637 1148 1739 1204 per
1782 1131 1927 1187 illud
1959 1131 2114 1202 quod

466 1235 686 1290 vident.
721 1230 894 1298 Quasi
927 1227 1184 1283 hominis
1213 1225 1367 1279 enim
1392 1224 1451 1278 in
1475 1220 1574 1276 illo
1607 1219 1952 1292 fragilitates
1984 1237 2117 1275 con-

468 1325 750 1389 siderant,
783 1318 949 1391 quasi
984 1317 1080 1371 Dei
1113 1315 1354 1368 virtutes
1387 1328 1501 1366 non
1533 1315 1907 1378 computant;
1953 1309 2113 1364 inﬁr-

470 1415 703 1468 mitates
734 1408 927 1464 carnis
964 1403 1244 1469 recolunt,
1303 1403 1617 1474 potestates
1665 1398 1987 1453 divinitatis
2018 1415 2114 1453 ex-

469 1501 737 1557 cludunt.
771 1496 1013 1563 Quando
1048 1492 1096 1549 si
1130 1491 1395 1564 probatio
1425 1490 1544 1544 haec
1569 1504 1634 1542 ex
1669 1486 2114 1542 inﬁrmitatibus

469 1589 682 1646 Christi
734 1587 871 1642 illuc
921 1583 1170 1657 prolicit,
1225 1585 1289 1635 ut
1331 1579 1506 1634 homo
1555 1593 1623 1631 ex
1674 1575 2112 1630 inﬁrmitatibus

469 1679 920 1752 comprobetur;
975 1670 1234 1744 probatio
1279 1666 1601 1722 divinitatis
1644 1665 1702 1719 in
1734 1663 1832 1719 illo
1872 1663 2114 1719 collecta

469 1788 538 1825 ex
566 1767 877 1822 virtutibus
909 1762 1045 1817 illuc
1077 1757 1356 1832 proficiet,
1390 1760 1455 1811 ut
1485 1755 1658 1810 etiam
1697 1758 1846 1808 Deus
1876 1770 1944 1808 ex
1974 1769 2110 1824 ope-

465 1861 628 1913 ribus
669 1859 985 1911 asseratur.
1036 1849 1094 1905 Si
1145 1846 1298 1902 enim
1350 1845 1650 1928 passiones
1697 1843 2016 1897 ostendunt
2049 1842 2107 1896 in

464 1946 562 2003 illo
593 1947 915 2001 humanam
950 1937 1344 2011 fragilitatem,
1365 1951 1469 1990 cur
1490 1950 1666 2004 opera
1696 1948 1808 1986 non
1844 1935 2112 1986 asserant

460 2039 520 2092 in
554 2035 652 2090 illo
682 2033 937 2088 divinam
972 2031 1314 2101 potestatem
1343 2025 1370 2078 Ἰ
1420 2039 1490 2078 ne
1541 2024 1590 2076 si
1621 2021 1728 2076 hoc
1763 2037 1874 2076 non
1912 2021 2108 2091 profe-

459 2125 601 2181 cerit
631 2128 697 2178 ut
727 2128 877 2176 Deus
901 2136 969 2174 ex
996 2116 1314 2172 virtutibus
1342 2117 1771 2180 asseratur,nec
1805 2109 2108 2181 passiones

459 2212 767 2286 proﬁciant
798 2213 864 2264 ut
891 2208 1066 2263 etiam
1091 2205 1264 2259 homo
1295 2219 1363 2256 ex
1382 2201 1528 2271 ipsis
1557 2215 1686 2255 esse
1718 2204 2102 2286 monstretur.

455 2285 822 2370 Quaecunque
853 2296 1007 2351 enim
1046 2293 1136 2348 lex
1167 2293 1224 2345 in
1256 2289 1535 2344 alterutro
1569 2287 1742 2342 fuerit
1773 2286 1981 2358 posita,
2010 2285 2104 2340 in-

454 2390 720 2447 venietur
748 2402 875 2442 esse
913 2386 1187 2453 suscepta
1229 2379 1360 2450 (72).
1405 2375 1734 2431 Periculum
1782 2376 1936 2430 enim
1971 2377 2101 2445 erit,

457 2497 562 2536 nec
593 2476 893 2532 hominem
929 2471 1094 2526 illum
1129 2486 1198 2524 ex
1221 2467 1596 2540 passionibus
1627 2464 1878 2530 ostendi,
1905 2465 1950 2520 si
1986 2481 2099 2520 non

456 2565 710 2641 potuerit
739 2564 915 2620 etiam
949 2561 1100 2616 Deus
1146 2573 1215 2612 ex
1245 2555 1561 2611 virtutibus
1612 2552 1939 2625 approbari.
1974 2553 2098 2608 Non

455 2663 544 2714 est
575 2671 710 2728 ergo
736 2654 792 2708 in
827 2668 1004 2706 unam
1040 2655 1261 2720 partem
1313 2642 1735 2712 inclinandum,
1787 2647 1844 2696 et
1884 2642 1954 2696 ab
1988 2641 2102 2697 alia

457 2752 622 2819 parte
669 2741 1033 2815 fugiendum,
1077 2735 1352 2808 quoniam
1399 2749 1504 2788 nec
1529 2731 1752 2787 tenebit
1782 2733 2098 2802 perfectam

454 2835 759 2890 veritatem
791 2827 1062 2902 quisquis
1107 2824 1280 2880 aliam
1333 2821 1592 2877 veritatis
1621 2819 1934 2875 excluserit
1965 2837 2095 2892 por-

453 2921 842 2980 tionem.Tam
875 2917 1028 2973 enim
1053 2913 1352 2985 Scriptura
1374 2912 1549 2966 etiam
1577 2915 1758 2964 Deum
1785 2909 2100 2964 annuntiat

451 3011 776 3075 Christum,
808 3022 982 3080 quam
1016 3005 1191 3060 etiam
1224 3000 1521 3057 hominem
1554 2999 1748 3071 ipsum
1787 2998 2100 3053 annuntiat

417 3074 677 3167 (Deum;
710 3074 844 3154 tam-
865 3094 1162 3151 hominem
1194 3091 1506 3161 descripsit
1531 3087 1731 3143 Jesum
1776 3087 2093 3154 Christum,

452 3205 628 3263 quam
661 3162 838 3244 etiam
864 3185 1043 3240 Deum
1070 3196 1301 3254 quoque
1327 3176 1637 3248 descripsit
1657 3175 1953 3231 Christum
1978 3176 2094 3230 Do-
2127 3162 2168 3228 C

451 3275 1001 3341 minum.Quoniam
1033 3287 1138 3326 nec
1159 3270 1257 3325 Dei
1282 3272 1507 3323 tantum
1529 3265 1694 3320 illum
1733 3264 1940 3319 Filium
1966 3281 2094 3320 esse

448 3366 846 3442 preponit,sed
869 3369 928 3419 et
945 3361 1200 3417 hominis
1226 3377 1238 3426 ',
1263 3374 1368 3413 nec
1396 3355 1654 3411 hominis
1675 3358 1900 3409 tantum
1930 3353 2090 3424 dicit,

449 3459 551 3513 sed
583 3462 639 3512 et
669 3455 767 3511 Dei
800 3455 1012 3509 referre
1042 3447 1344 3505 consuevit
1394 3462 1406 3500 :
1458 3448 1522 3499 ut
1564 3445 1704 3499 dum
1745 3459 1811 3498 ex
1844 3447 2093 3514 utroque

448 3552 559 3612 est,
592 3552 910 3614 utrumque
943 3542 1057 3605 sit;
1091 3555 1161 3594 ne
1191 3537 1239 3591 si
1273 3535 1520 3590 alterum
1554 3537 1784 3587 tantum
1820 3534 1917 3599 sit,
1943 3531 2091 3588 alte-

446 3651 579 3690 rum
611 3649 740 3689 esse
772 3649 883 3686 non
918 3629 1120 3700 possit.
1159 3627 1226 3683 Ut
1255 3624 1408 3680 enim
1437 3621 1790 3695 praescripsit
1821 3622 1948 3692 ipsa
1981 3639 2088 3677 na-

396 3774 402 3778 .
449 3733 579 3778 tura
609 3721 905 3776 hominem
935 3716 1287 3772 credendum
1323 3729 1470 3777 esse,
1497 3712 1594 3782 qui
1629 3728 1697 3766 ex
1727 3711 1962 3766 homine
1993 3712 2088 3777 sit,

445 3813 527 3868 ita
558 3812 760 3868 eadem
795 3814 1002 3862 natura
1033 3803 1354 3876 praescribit
1401 3806 1459 3856 et
1507 3801 1689 3856 Deum
1731 3799 2087 3854 credendum

443 3918 594 3968 esse,
625 3900 724 3972 qui
753 3915 823 3954 ex
853 3898 968 3952 Deo
1000 3897 1075 3950 sit
1107 3910 1120 3948 :
1157 3909 1227 3946 ne
1252 3892 1300 3946 si
1333 3907 1447 3945 non
1479 3895 1537 3944 et
1569 3889 1720 3944 Deus
1755 3889 2086 3958 t‘uerit,cum

440 4008 508 4047 ex
545 3992 655 4046 Deo
685 3990 784 4055 sit,
810 3987 936 4058 jam
969 4000 1072 4038 nec
1105 3983 1276 4036 homo
1309 3979 1408 4047 sit,
1443 3979 1572 4033 licet
1603 3995 1670 4032 ex
1704 3977 1938 4033 homine
1964 3979 2083 4032 fue-

438 4081 535 4146 rit,
567 4083 623 4134 et
653 4079 736 4134 sic
768 4079 826 4131 in
862 4076 1140 4130 alterutro
1188 4070 1303 4142 (73)
1338 4075 1653 4138 utrumque
1705 4064 2082 4137 periclitetur,

437 4172 593 4226 idem
633 4168 880 4224 alterum
926 4164 1106 4219 altero
1150 4161 1325 4214 ﬁdem
1366 4156 1691 4228 perdidisse
1723 4155 2086 4209 convincitur

439 4260 547 4324 Qui
579 4258 782 4330 legunt
811 4269 946 4325 ergo
979 4247 1195 4324 (Matth.
1231 4266 1268 4318 ι,
1305 4248 1355 4317 1)
1390 4245 1644 4300 hominis
1673 4241 1860 4297 ﬁlium
1894 4243 2081 4299 homi-

437 4365 571 4404 nem
604 4348 717 4419 (74)
747 4344 1040 4399 Christum
1071 4340 1294 4406 Jesum,
1328 4335 1522 4406 legant
1553 4333 1710 4387 hunc
1733 4333 2002 4387 eumdem
2027 4338 2083 4388 et

400 4421 411 4465 ¹
439 4445 618 4493 Deum
651 4441 708 4491 et
738 4434 838 4489 Dei
872 4431 1078 4487 Filium
1123 4431 1551 4497 nuncupatum.
1601 4422 1744 4476 Nam
1789 4423 2081 4493 quomodo

421 4527 552 4598 (75)
581 4527 690 4592 est,
724 4539 840 4595 qua
886 4522 1081 4586 homo,
1131 4534 1200 4571 ex
1245 4513 1562 4581 Abraham,
1613 4512 1697 4566 sic
1743 4517 1832 4566 est
1878 4511 2078 4580 etiam,
2115 4535 2158 4598 υ

435 4633 552 4687 qua
583 4614 737 4669 Deus
766 4613 944 4680 (Joan.
979 4625 1099 4677 vni,
1130 4605 1242 4675 58),
1278 4609 1410 4659 ante
1440 4602 1634 4673 ipsum
1669 4599 1984 4656 Abraham.
2010 4601 2078 4656 Et

435 4703 742 4776 quomodo,
776 4716 892 4771 qua
920 4699 1115 4762 homo,
1147 4697 1296 4766 ﬁlius
1345 4691 1514 4748 David
1543 4692 1759 4760 (Matth.
1792 4707 1951 4761 χχιιι,
1986 4692 2072 4759 42,

435 4795 522 4866 43,
581 4791 692 4864 44),
741 4790 822 4844 ita
867 4789 1127 4842 Dominus
1179 4783 1381 4850 David,
1441 4798 1558 4853 qua
1613 4781 1789 4847 Deus,
1845 4796 2073 4836 nuncu-

2227 516 2314 564 est
2354 511 2493 582 (Gal.
2531 530 2608 581 ιν,
2643 514 2714 584 4).
2753 516 2851 582 ita,
2885 532 2999 586 qua
3039 521 3206 583 Deus,
3239 523 3434 578 sabbati
3459 527 3666 589 Dominus
3689 554 3754 592 ex-

2228 617 2475 695 pressus.
2498 610 2586 654 est
2616 607 2768 695 (Luc.
2795 620 2866 658 v1.
2903 606 2980 672 5).
3036 607 3104 661 Et
3152 615 3442 680 quomodo,
3486 633 3583 686 qua
3615 622 3759 695 homo,

2227 689 2578 744 sententiam
2611 690 2831 761 patitur
2861 694 3069 764 (Matth.
3103 713 3273 764 xxvn,
3305 701 3385 770 26)
3413 702 3483 757 sic
3510 689 3762 782 omnaqua

2229 779 2474 849 Deus,de
2504 779 2647 833 vivis
2668 783 2724 835 et
2753 784 3302 852 mortuisjudicium
3336 787 3520 847 habere
3547 779 3766 867 reperitur

2225 868 2403 958 (Joan.
2437 885 2488 931 v,
2520 871 2610 938 21,
2643 871 2755 937 22).
2793 873 2859 924 Et
2890 874 3184 942 quomodo
3233 881 3358 945 post
3398 882 3658 953 mundum,
3683 905 3765 958 qua

2225 955 2420 1022 homo,
2455 959 2734 1024 nascitur,
2782 959 2864 1014 sic
2899 961 3074 1030 (Joan.
3117 979 3252 1031 xvu,
3283 965 3335 1032 5)
3382 974 3502 1024 ante
3529 955 3771 1044 mundum,

2225 1061 2342 1116 qua
2373 1046 2546 1116 Deus,
2583 1047 2762 1102 fuisse
2795 1049 3152 1119 perhibetur.
3189 1053 3250 1106 Et
3279 1058 3542 1125 quomodo
3571 1076 3625 1115 ex
3651 1067 3774 1119 semi-

2226 1151 2297 1190 ne
2333 1135 2502 1190 David
2538 1139 2710 1206 (Itom.
2745 1153 2784 1203 ι,
2817 1137 2895 1208 3),
2928 1155 3043 1210 qua
3077 1139 3271 1208 homo,
3302 1144 3516 1214 genitus
3544 1154 3620 1204 est
3661 1152 3771 1210 905

2225 1223 2309 1278 sic
2341 1223 2477 1278 item
2507 1225 2620 1296 (76)
2655 1240 2756 1295 per
2786 1225 3126 1298 ipsum,qua
3160 1229 3602 1298 Deum,mundus
3621 1238 3780 1296 dicitur

2224 1312 2532 1368 institutus
2562 1313 2743 1383 (Joan.
2797 1331 2835 1377 ι,
2900 1316 3003 1384 10).
3048 1316 3114 1371 Et
3145 1322 3450 1395 quomodo,
3480 1340 3585 1394 qua
3629 1326 3778 1393 homo,

2226 1408 2358 1472 post
2388 1402 2606 1458 multos
2635 1403 2732 1473 (ib.
2771 1404 2879 1474 15),
2916 1405 3021 1474 sic,
3063 1422 3177 1476 qua
3231 1409 3397 1473 Deus,
3452 1416 3572 1466 ante
3613 1431 3781 1472 omnes.

2225 1495 2291 1544 Et
2321 1492 2611 1560 quomodo
2641 1492 2882 1557 caeteris,
2933 1510 3050 1564 qua
3098 1495 3296 1560 homo,
3346 1498 3566 1555 inferior
3595 1503 3698 1572 (Isa.
3723 1522 3783 1571 LV,

2221 1580 2298 1648 3),
2331 1579 2414 1634 sic
2444 1579 2740 1651 omnibus,
2773 1598 2890 1652 qua
2921 1588 3090 1649 Deus,
3133 1585 3323 1655 major
3365 1587 3497 1656 (Act.
3537 1607 3585 1653 x,
3631 1591 3718 1660 36).
3743 1593 3790 1646 Et

2223 1670 2517 1739 quomodo
2547 1669 2604 1723 in
2638 1669 2873 1736 coelum,
2903 1688 3018 1742 qua
3050 1672 3247 1736 homo,
3282 1677 3534 1750 ascendit
3562 1682 3712 1748 (Joan.
3734 1697 3809 1750 v1,,

2219 1758 2332 1828 62):
2359 1757 2441 1812 δίο
2474 1759 2627 1828 inde.
2661 1775 2778 1828 (tua
2809 1759 2982 1831 Deus,
3007 1767 3140 1817 ante
3171 1763 3494 1820 descendit.
3523 1767 3584 1821 Et
3604 1755 3805 1838 quomo-i
3910 1763 3911 1782 ξ

2219 1847 2292 1900 do
2325 1848 2396 1901 ad
2440 1847 2692 1911 Patrem,
2723 1863 2838 1918 qua
2871 1849 3043 1904 homo
3089 1851 3246 1905 vadit
3277 1853 3453 1923 (Joan.
3487 1872 3592 1923 xxv,
3619 1857 3710 1924 28),
3735 1857 3790 1912 sic

2218 1935 2494 1990 obediens
2544 1936 2714 2002 Patri,
2767 1953 2882 2007 qua
2935 1937 3134 2009 Filius,
3168 1940 3308 1996 inde
3356 1942 3798 2000 descensurusest

2217 2023 2352 2094 (Act.
2382 2041 2421 2093 ι,
2459 2026 2564 2095 11).
2599 2024 2677 2078 lta
2710 2025 2757 2080 si
2808 2027 3239 2083 mediocritates
3288 2030 3349 2084 in
3398 2030 3495 2086 illo
3539 2033 3797 2103 approbant

2216 2112 2534 2167 humanam
2563 2112 2960 2185 fragilitatem,
2985 2116 3326 2185 majestates
3356 2118 3416 2173 in
3439 2118 3536 2175 illo
3565 2120 3802 2175 afﬁrmant
3910 2159 3911 2162 η

2214 2201 3802 2274 divinampotestatem.Periculumestenim,cumutrum-
3910 2247 3911 2252 η

2213 2306 2328 2362 que
2357 2290 2523 2362 legis,
2557 2308 2671 2347 non
2704 2297 3042 2364 utrumque,
3076 2295 3175 2349 sed
3228 2295 3482 2352 alterum
3521 2297 3802 2352 credidisse.

2210 2380 2291 2434 Ex
2309 2395 2422 2450 quo
2446 2381 2721 2452 quoniam
2735 2382 3124 2454 utrumquein
3141 2383 3379 2440 Christo
3393 2385 3805 2457 legitur,utrum-

2211 2485 2324 2540 que
2355 2469 2647 2524 creditur:
2683 2476 2746 2524 ut
2787 2471 2931 2526 ﬁdes
2974 2471 3053 2526 ita
3102 2472 3350 2528 demum
3400 2491 3532 2530 vera
3579 2476 3664 2541 sit,
3704 2474 3743 2528 si
3763 2478 3806 2528 et
3910 2489 3911 2498 ‘

2210 2557 2459 2628 perfecta
2488 2557 2827 2614 fuerit.Vam
2860 2560 2909 2614 si
2931 2576 2999 2615 ex
3030 2561 3290 2633 duobus,
3316 2563 3500 2619 altero
3531 2564 3582 2618 in
3608 2566 3808 2618 tideces-

2209 2652 2395 2714 sante,
2433 2663 2637 2714 unum,
2672 2652 2730 2702 et
2775 2648 3012 2718 quidem
3065 2649 3121 2704 id
3173 2653 3338 2721 quod
3392 2657 3483 2707 est
3521 2653 3715 2716 minus,
3754 2651 3806 2704 ad

2207 2735 2559 2791 credendum
2609 2735 2784 2791 fuerit
2829 2743 3246 2809 assumptum;
3286 2740 3623 2812 perturbata
3657 2739 3813 2810 regula
3910 2767 3911 2770 η

2204 2824 2487 2891 veritatis,
2520 2826 2821 2881 temeritas
2851 2828 2963 2881 ista
2992 2843 3105 2882 non
3129 2828 3395 2885 salutem
3419 2828 3809 2893 contulerit,sed
3910 2839 3911 2850 ‘

2205 2912 2265 2966 in
2297 2913 2480 2970 vicem
2516 2913 2725 2969 salutis
2758 2914 2827 2970 de
2849 2915 3083 2986 jactura
3107 2917 3268 2990 ﬁdei,
3297 2919 3625 2991 periculum
3656 2916 3819 2972 mortis
3910 2909 3911 2912 “

2206 3002 2426 3072 grande
2457 3018 2560 3057 con
2570 3003 2809 3058 ﬂaverit.

2827 3145 3058 3202 CAPUT
3097 3147 3220 3202 ΧΙῐ.

2204 3249 2374 3304 Deum
2421 3252 2569 3306 enim
2602 3250 2804 3306 Veteris
2849 3252 3184 3328 Testamenti
3225 3256 3649 3328 Scripturarum
3675 3262 3819 3308 aucto-

2805 3323 2969 3378 ritate
2995 3326 3248 3392 probari.

2275 3445 2390 3500 Cur
2421 3462 2556 3517 ergo
2587 3447 2925 3503 dubitemus
2955 3448 3165 3517 dicere,
3203 3453 3371 3522 quod
3419 3452 3714 3525 Scriptura
3738 3463 3824 3504 non

2203 3535 2436 3589 dubitat
2465 3536 2788 3606 exprimere
2806 3536 2833 3589 ‘I
2885 3553 2990 3592 cur
3018 3536 3328 3594 haesitabit
3361 3541 3503 3596 ﬁdei
3550 3542 3758 3604 veritas,
3782 3537 3824 3590 in

2201 3641 2316 3697 quo
2339 3623 2649 3694 Scriptum
2668 3641 2971 3696 nunquam
3005 3627 3309 3684 haesitavit
3339 3627 3827 3686 auctoritas?Ecce

2201 3712 2356 3767 enim
2389 3712 2534 3768 Osee
2565 3715 2876 3785 prephetes
2907 3715 2989 3770 ait
3018 3731 3086 3770 ex
3146 3734 3423 3788 persona
3481 3719 3666 3775 Patris
3696 3735 3707 3772 :
3733 3721 3828 3774 lam

2199 3817 2306 3855 non
2338 3802 2562 3858 sulvabo
2591 3818 2677 3858 eos
2719 3804 2774 3857 in
2824 3820 2976 3868 arcu,
3012 3822 3186 3876 neque
3239 3811 3308 3862 in
3351 3812 3540 3880 equis,
3591 3822 3748 3878 neque
3784 3804 3826 3855 in

2197 3892 2508 3960 equitibus;
2541 3892 2632 3947 sed
2675 3893 2903 3948 salvabo
2949 3910 3035 3949 eos
3072 3898 3132 3949 in
3163 3897 3415 3954 Domino
3448 3901 3564 3954 Deo
3594 3904 3756 3965 (Osee,
3802 3909 3831 3956 ιν

2195 3981 2248 4050 7)
2283 3981 2566 4051 ipsorum.
2601 3981 2658 4035 Si
2689 3981 2844 4036 Deus
2876 3982 3100 4038 salvere
3129 4001 3194 4040 se
3242 3987 3402 4042 dicit
3453 3989 3514 4042 in
3562 3988 3690 4048 Deo,
3743 3996 3830 4038 non

2197 4074 2389 4123 autem
2419 4069 2607 4123 salvat
2639 4069 2752 4124 nisi
2784 4073 2840 4125 in
2875 4071 3101 4127 Christo
3133 4072 3303 4130 Deus
3341 4093 3353 4131 :
3393 4095 3507 4131 cur
3537 4093 3670 4146 ergo
3700 4074 3835 4128 homo

2195 4157 2422 4212 dubitet
2449 4157 2744 4213 Christum
2778 4159 2960 4214 Deum
2991 4160 3413 4234 dicere,quem
3449 4166 3636 4220 Deum
3659 4164 3835 4217 aPatre

2193 4247 2604 4302 animadvertit
2633 4248 2888 4319 positum
2914 4266 3016 4320 per
3045 4250 3410 4323 Scripturas
3439 4271 3575 4310 esse
3594 4254 3622 4308 ?
3651 4253 3756 4308 imo
3781 4248 3839 4304 si-

2195 4353 2306 4392 non
2338 4340 2499 4392 savat
2527 4337 2640 4391 nisi
2673 4337 2732 4392 in
2763 4339 2872 4392 Deo
2905 4338 3070 4393 Pater
3099 4343 3286 4412 Deus,
3310 4342 3539 4398 salvari
3573 4359 3683 4397 non
3716 4342 3839 4411 pote,

2194 4426 2330 4480 rita
2379 4429 2490 4480 Deo
2541 4427 2702 4480 Patre
2754 4427 3090 4498 quisquam,
3141 4429 3264 4484 nisi
3324 4432 3649 4488 confessus
3695 4424 3842 4485 fuerit

2189 4513 2488 4569 Christum
2523 4519 2722 4580 Deum,
2759 4517 2817 4568 in
2849 4531 2964 4586 quo
2997 4534 3057 4571 se
3089 4517 3203 4589 (7'7)
3235 4526 3304 4574 et
3337 4538 3452 4592 per
3485 4537 3664 4592 quem
3695 4534 3750 4574 se
3775 4530 3842 4570 re-

2188 4603 2483 4676 promittit
2517 4604 2684 4659 Pater
2711 4603 2963 4660 salutem
2996 4606 3286 4663 daturum
3312 4627 3328 4677 ;
3370 4615 3442 4666 ut
3468 4611 3681 4667 merito
3711 4606 3848 4679 quis-

2185 4693 2318 4764 quis
2346 4692 2512 4747 illum
2544 4694 2812 4764 agnoscit
2835 4710 2964 4749 esse
2995 4700 3197 4764 Deum,
3218 4704 3502 4755 salutem
3538 4697 3784 4754 inveniat
3802 4694 3846 4747 in

2183 4783 2299 4839 Deo
2328 4782 2558 4838 Christo
2583 4799 2596 4850 ;
2631 4781 2902 4855 quisquis
2926 4800 3041 4838 non
3070 4788 3476 4858 recognoscit
3508 4805 3643 4845 esse
3669 4785 3849 4847 Deum,

1716 4927 2020 4987 Gallandii
2049 4931 2553 4989 commentarius.

500 5071 613 5145 (72)
665 5071 945 5145 Suscepia.
986 5068 1282 5122 Editorum
1343 5061 1650 5116 lectionem
1691 5063 1953 5145 suscepta
1997 5060 2077 5114 ita

427 5131 736 5216 castigavit
766 5131 1210 5206 Welchmanus,
1242 5149 1496 5204 eumque
1539 5131 1808 5202 sequitur
1835 5131 2076 5186 Jackso-

432 5234 609 5360 Πιξξξό)
639 5289 704 5342 Et
728 5288 806 5342 sic
826 5287 898 5360 iri
925 5283 1211 5360 alterutro.
1267 5278 1357 5360 It‘a‘
1399 5275 1812 5360 cum‘Cag‘naao
1844 5277 1902 5328 et
1935 5279 2076 5330 Bar-

425 5345 794 5416 rensi'edidit
823 5355 1268 5413 Welchmanus.
1296 5345 1384 5402 Al.
1416 5345 1698 5400 omittunt
1725 5346 1822 5400 sic.

497 5431 608 5502 (74)
639 5431 887 5502 Hominis
917 5429 1096 5502 ﬁlium
1124 5422 1402 5502 hominem
1437 5419 1579 5502 0.1..
1607 5416 2075 5502 Proponit.wal-

427 5488 730 5573 chma'nus
757 5488 1090 5573 legendum,
1143 5495 1416 5573 hominem
1462 5493 1519 5573 et.
1554 5488 1789 5573 hominis
1843 5490 2072 5573 ﬁlium;

426 5572 582 5644 quod
614 5560 846 5644 probo;
867 5578 923 5627 et
952 5560 1652 5644 anatogia.se_quentium,
1701 5560 1874 5617 Deum
1899 5569 1950 5618 et
1979 5562 2077 5617 Dei

421 5636 633 5705 Filiuni
662 5636 890 5701 videtur
917 5636 1273 5700 conﬁrmari.
1305 5636 1581 5695 Jacason.

2258 5060 2370 5139 (7‘5)
2403 5059 2688 5139 Quomodo.
2726 5061 2958 5119 Mallem
2992 5062 3227 5119 divisim
3265 5063 3394 5139 legi
3449 5084 3564 5139 quo
3593 5065 3779 5128 modo;
3806 5063 3854 5114 et

2187 5131 2271 5186 sic
2303 5133 2360 5186 in
2396 5133 2796 5203 sequentibus.
2837 5139 2916 5190 In.

2257 5204 2368 5273 (76)
2400 5204 2491 5259 Sic
2518 5206 2672 5260 item.
2709 5205 2836 5259 Haec
2867 5213 2955 5260 est
2983 5205 3152 5262 lectio
3183 5206 3733 5271 VVelchmaniana.
3767 5217 3855 5275 pro

2183 5275 2367 5351 sicita
2396 5275 2574 5351 editt.
2607 5277 3197 5351 Jacksonusgtemen,
3255 5288 3408 5351 post
3459 5283 3554 5337 Fr.
3606 5278 3853 5351 Junium.

2184 5346 2376 5427 edidit
2394 5349 2472 5402 sic
2487 5349 2688 5427 etiam,
2716 5364 2782 5402 eo
2814 5349 2969 5419 quod
3000 5351 3205 5406 eadem
3245 5346 3501 5410 ratione
3531 5351 3708 5427 paulo
3737 5349 3856 5404 ante

2183 5417 2459 5488 loquatur
2487 5417 2864 5474 Novatianus.

2256 5491 2367 5560 (77)
2398 5495 2464 5569 ιη
2493 5506 2593 5569 qua
2622 5507 2715 5569 se._
2736 5492 2820 5546 Ita
2860 5490 3030 5569 editi._
3050 5492 3155 5547 Sed
3188 5509 3258 5548 se
3294 5496 3602 5569 expunxit
3632 5491 3856 5550 Jackso-

2184 5578 2319 5633 nus,
2354 5566 2418 5618 ut
2452 5562 2592 5618 nihil
2627 5563 2848 5620 habens
2879 5563 3034 5637 quod
3067 5569 3228 5638 agat.
