4102 6180
293 312 404 379 933

1556 306 1789 372 LIBER
1833 307 1936 368 DE
1978 305 2426 370 TRINITATE.

3574 319 3694 380 934

290 451 536 505 salutem
571 448 906 520 perdiderit,
943 464 1114 519 quam
1157 446 1268 517 (78)
1301 444 1440 499 alibi
1473 444 1583 499 nisi
1615 445 1672 498 in
1704 443 1930 498 Christo
1963 446 2014 506 Α
2045 445 2131 496 ter
2159 441 2417 496 creditur
2449 460 2462 510 ;
2496 446 2553 498 et
2583 459 2726 498 novo
2755 445 3086 513 more,dum
3119 446 3191 501 ab
3229 445 3360 502 istis
3427 447 3691 506 districts

290 542 403 595 Duo
436 539 694 593 invenire
742 555 854 592 non
897 537 1125 609 poterit.
1178 535 1476 598 Quomodo
1523 534 1676 588 enim
1709 533 1931 586 Isaias:

291 631 418 685 Ecce
445 629 596 696 virgo
624 627 910 698 concipiet,
943 629 992 680 et
1034 626 1217 695 pariet
1248 624 1427 684 ﬁlium
1458 627 1509 678 et
1534 621 1791 676 vocabitis
1838 635 1932 672 no-

293 734 413 773 men
443 719 558 788 ejus
590 713 920 770 Emmanuel
950 716 1076 781 (lsa.
1124 714 1324 781 νιι,14)
1353 729 1365 777 ;
1399 711 1554 782 quod
1590 710 1933 779 interpreta-

293 814 418 862 tum
461 810 551 861 est
590 805 874 860 nobiscum
923 807 1088 867 Deus,
1143 803 1226 857 sic
1273 801 1540 856 Christus
1590 799 1716 870 ipse
1748 797 1932 851 dicit:

296 897 424 951 Ecce
454 909 547 965 ego
592 894 869 948 vobiscum
915 909 1036 946 sum
1081 907 1252 960 usque
1300 889 1370 944 ad
1418 889 1940 944 consummationem

294 985 491 1041 saeculi
545 983 763 1054 (Matth.
826 998 1021 1049 xxvm,
1099 980 1212 1049 20).
1285 982 1384 1032 Est
1455 992 1590 1048 ergo
1654 976 1942 1030 nobiscum

295 1073 461 1136 Deus,
493 1071 612 1126 imo
647 1070 829 1125 multo
863 1070 1052 1140 magis
1084 1067 1258 1123 etiam
1293 1067 1349 1120 in
1382 1065 1552 1122 nobis
1581 1068 1688 1120 est.
1730 1063 1938 1120 Nobis-

295 1178 430 1216 cum
461 1165 550 1216 est
581 1160 848 1214 Christus
882 1175 894 1213 :
926 1163 1015 1213 est
1043 1173 1180 1229 ergo
1229 1157 1398 1226 cujus
1440 1171 1650 1210 nomen
1701 1157 1807 1224 est,
1841 1168 1940 1207 no-

297 1252 507 1304 biscum
533 1247 846 1319 Deus,quia
877 1251 933 1302 et
958 1246 1262 1302 nobiscum
1296 1246 1524 1300 est.Aut
1542 1241 1806 1313 nunquid
1825 1257 1938 1296 non

291 1339 450 1394 900
483 1344 571 1394 est
604 1336 907 1393 nobiscum
940 1335 968 1390 ‘?
999 1335 1289 1406 quomodo
1320 1350 1456 1404 ergo
1486 1333 1625 1387 dicit
1657 1348 1718 1387 se
1749 1329 1943 1385 nabis-

292 1445 428 1482 cum
462 1444 589 1482 esse
617 1427 644 1481 ?
675 1427 772 1480 Est
802 1442 938 1497 ergo
961 1423 1406 1479 nobiscum.Sed
1439 1421 1716 1493 quoniam
1745 1419 1939 1474 nobis-

291 1534 429 1572 cum
463 1522 587 1582 est;
623 1515 984 1582 Emmanuel,
1019 1514 1073 1568 id
1107 1518 1219 1580 est,
1251 1513 1530 1568 nobiscum
1564 1511 1718 1576 Deus,
1751 1510 1942 1564 dictus

291 1610 402 1660 est.
440 1610 589 1660 Deus
629 1620 764 1675 ergo
815 1603 925 1674 (79)
977 1602 1117 1673 quia
1160 1601 1467 1656 nobiscum
1518 1605 1626 1666 est,
1660 1599 1942 1654 nobiseum

295 1697 439 1750 Deus
495 1693 688 1748 dictus
741 1697 848 1748 est.
908 1692 1066 1746 Idem
1126 1690 1437 1762 prophetes
1490 1706 1502 1742 :
1554 1688 1942 1754 Convalescite,

2049 531 2220 586 homo
2254 534 2450 588 nudus
2481 535 2790 599 asseritur,
2845 553 2946 609 per
2995 554 3093 594 eos
3145 555 3392 595 rursum
3424 539 3693 596 Christus

2049 620 2215 674 Pater
2249 625 2397 677 Deus
2427 623 2793 694 omnipotens
2813 627 3322 698 conprobatum“
3353 629 3401 683 si
3432 629 3490 684 in
3523 629 3696 686 Beth-

2046 709 2260 775 lehem,
2295 713 2462 780 cujus
2509 718 2808 767 metaturse
2851 715 3008 785 regio
3059 717 3128 770 ad
3181 719 3571 773 meridianam
3604 734 3692 775 re-

2049 797 2222 868 spicit
2251 799 2477 871 plagam
2511 799 2660 854 cmli.
2694 801 2964 858 Christus
2988 805 3377 878 nascitur,qui
3409 823 3507 879 per
3541 807 3694 862 Scri-

2051 891 2253 958 pturas
2284 895 2340 944 et
2371 889 2522 944 Deus
2557 890 2773 945 dicitur
2807 908 2818 945 :
2854 894 3061 948 merito
3103 895 3256 950 Deus
3281 895 3374 951 hic
3401 897 3474 952 ab
3505 897 3695 954 Africo

2048 977 2244 1032 venire
2275 977 2792 1049 describitur,quia
2824 997 2856 1035 a
2886 981 3223 1038 Bethlehem
3257 989 3539 1041 venturus
3571 1001 3699 1042 esse

2050 1066 2497 1136 praevidebatur.
2535 1068 2761 1140 Eligant
2794 1085 2930 1141 ergo
2963 1086 3031 1124 ex
3062 1072 3297 1127 duobus
3352 1075 3493 1144 quid
3523 1074 3704 1130 velint

2049 1153 2228 1225 hunc,
2262 1156 2360 1226 qui
2394 1157 2464 1211 ab
2497 1157 2684 1212 Africo
2711 1159 2868 1214 venit
2901 1158 3111 1214 Filium
3146 1176 3294 1228 esse,
3321 1178 3392 1216 an
3428 1161 3694 1221 Patrem:

2050 1243 2200 1300 Deus
2223 1244 2378 1300 enim
2411 1246 2626 1302 dicitur
2655 1247 2724 1301 ab
2758 1247 2948 1303 Africo
2999 1254 3302 1306 venturus.
3350 1251 3408 1306 Si
3462 1250 3696 1320 Filium,

2051 1333 2190 1403 quid
2245 1333 2514 1390 dubitant
2562 1336 2856 1391 Christum
2911 1342 2965 1391 ct
2997 1337 3181 1393 Deum
3235 1339 3425 1395 dicere
3454 1339 3481 1394 ?
3515 1345 3694 1395 Deum

2051 1422 2205 1475 enim
2239 1423 2531 1494 Scriptura
2575 1425 2717 1480 dicit
2767 1441 2894 1480 esse
2946 1432 3277 1482 venturum.
3333 1429 3393 1483 Si
3444 1429 3694 1496 Patrem,

2053 1511 2190 1582 quid
2215 1512 2484 1568 dubitant
2506 1531 2636 1569 cum
2658 1515 2893 1570 Sabellii
2919 1519 3240 1573 temeritate
3259 1519 3409 1574 907
3439 1518 3693 1588 misceri,

2053 1598 2192 1670 quid
2242 1599 2534 1658 Christum
2593 1603 2818 1656 Patrem
2871 1603 3054 1658 dicit?
3086 1604 3193 1660 nisi
3245 1605 3541 1676 quoniam,
3577 1605 3698 1660 sive

2051 1685 2215 1740 illum
2251 1687 2500 1755 Patrem,
2534 1690 2651 1745 sive
2682 1691 2884 1747 Filium
2926 1693 3201 1762 dixerint,
3253 1695 3324 1750 ab
3355 1694 3558 1749 haeresi
3593 1711 3702 1750 sua

295 1800 496 1838 manus
525 1783 830 1850 dissolutae,
861 1785 911 1836 et
939 1797 1120 1848 genua
1177 1779 1405 1845 debilia,
1445 1778 1807 1834 consolamini
1831 1795 1938 1848 pu-
1977 1809 2023 1873 B
2053 1773 2217 1831 inviti
2257 1775 2410 1848 licet,
2460 1779 2791 1835 desciscant
2842 1798 3076 1837 necesse
3121 1788 3231 1851 est,
3265 1783 3365 1856 qui
3396 1783 3701 1838 Christum

294 1874 621 1928 sittanimes
666 1888 849 1940 sensu,
897 1869 1266 1924 convalescite.
1319 1868 1490 1923 nolite
1553 1869 1748 1922 timere
1777 1887 1796 1921 :
1829 1881 1947 1920 ecce

299 1964 444 2018 Deus
489 1965 672 2017 noster
717 1960 998 2031 judicium
1036 1957 1299 2013 retribuet
1323 1975 1340 2010 :
1365 1958 1480 2028 ipse
1502 1958 1678 2012 veniet
1697 1965 1748 2010 et
1776 1956 1949 2010 salva-

300 2053 386 2106 bit
412 2067 510 2106 nos
543 2068 557 2106 :
590 2059 718 2106 tunc
767 2050 1104 2121 aperiuntur
1149 2048 1296 2101 oculi
1340 2061 1628 2112 caecorum,
1686 2054 1738 2100 et
1786 2060 1949 2100 aures

295 2140 600 2196 surdorum
631 2138 898 2197 audient;
931 2146 1060 2192 tunc
1078 2136 1239 2190 saliet
1271 2134 1500 2189 claudus
1545 2136 1690 2188 sicut
1735 2150 1947 2199 cervus,

294 2239 356 2285 et
385 2228 589 2283 diserta
619 2229 729 2282 erit
760 2227 955 2294 lingua
1002 2228 1277 2279 mutorum
1323 2224 1473 2292 (Isa.,
1523 2239 1693 2290 xxxv,
1722 2224 1774 2292 3,
1808 2223 1861 2287 4,
1891 2223 1946 2289 5,

293 2319 381 2389 6).
423 2317 482 2374 Si
513 2317 573 2371 in
606 2316 853 2371 adventu
897 2312 999 2369 Dei
1048 2311 1188 2368 dicit
1244 2311 1552 2384 prophetes
1603 2311 1722 2366 haec
1754 2311 1950 2366 futura

294 2406 474 2478 signa
521 2422 648 2478 quas
697 2405 843 2460 facta
890 2407 1062 2470 sunt;
1091 2405 1192 2457 aut
1239 2400 1338 2456 Dei
1373 2399 1582 2456 Filium
1632 2404 1952 2472 agnoscant

292 2495 626 2562 Christum,
661 2493 718 2549 in
751 2493 920 2564 cujus
953 2492 1224 2558 adventu,
1257 2494 1314 2545 et
1345 2507 1378 2544 a
1408 2506 1525 2562 quo
1575 2489 1694 2546 haec
1725 2489 1950 2546 sanita-

296 2591 437 2641 tum
462 2585 629 2656 signa
651 2584 803 2639 facta
825 2590 984 2648 sunt;
1009 2585 1109 2636 aut
1129 2579 1452 2635 divinitatis
1475 2579 1687 2635 Christi
1709 2579 1950 2636 veritate

297 2672 587 2746 superati,
623 2672 678 2727 in
731 2671 972 2727 alteram
1023 2670 1289 2726 hzeresim
1340 2673 1596 2737 ruentes,
1653 2669 1948 2725 Christum

297 2764 451 2819 dum
484 2761 692 2817 Filium
725 2760 825 2816 Dei
857 2765 913 2816 et
943 2759 1126 2815 Deum
1162 2757 1426 2814 confiteri
1461 2757 1688 2824 nolunt,
1725 2759 1950 2814 Patrem

294 2850 478 2906 illum
511 2867 637 2906 esse
667 2850 1056 2906 conﬁteantur
1086 2847 1487 2920 (80).Vocibus
1515 2847 1668 2903 enim
1703 2847 1952 2920 pr0phe-

297 2946 502 2996 terum
530 2939 738 2995 inclusi
767 2939 892 3010 jam
916 2938 1212 2993 Christum
1238 2941 1420 2992 Deum
1450 2954 1657 3010 negare
1681 2955 1793 2994 non
1825 2955 1955 3010 pos-

299 3034 474 3085 sunt.
508 3030 652 3094 Quid
687 3047 823 3102 ergo
856 3027 1230 3101 respondent,
1280 3044 1412 3081 cum
1459 3027 1517 3080 in
1569 3027 1819 3082 adventu
1852 3028 1951 3084 Dei

298 3119 432 3173 hac
464 3119 632 3190 signa
662 3121 854 3173 futura
885 3118 1181 3186 dicuntur,
1202 3133 1328 3188 quae
1362 3117 1420 3170 in
1453 3118 1701 3171 adventu
1737 3117 1950 3173 Christi

2061 1865 2358 1920 hominem
2392 1869 2801 1923 tantummodo
2834 1869 3023 1925 solent
3065 1871 3253 1927 dicere
3287 1890 3299 1941 ;
3332 1873 3476 1928 dum
3508 1871 3700 1940 illum,

2059 1953 2234 2008 rebus
2263 1954 2408 2025 ipsis
2437 1956 2644 2023 coacti,
2686 1957 2865 2012 Deum
2915 1958 3206 2030 incipiunt
3252 1977 3537 2033 promere,
3576 1961 3697 2016 sive

2058 2043 2199 2097 dum
2241 2042 2406 2098 illum
2439 2049 2690 2113 Patrem,
2719 2046 2838 2102 sive
2865 2047 3006 2102 dum
3039 2047 3205 2104 illum
3258 2049 3465 2105 Filium
3496 2049 3692 2106 volue-

2062 2133 2177 2186 rint
2207 2149 2570 2206 nuncupare.

2675 2278 2906 2334 CAPUT
2937 2279 3078 2335 XIII.

2147 2383 2406 2439 Eamdem
2435 2385 2714 2444 veritatem
2740 2387 2918 2441 evinci
2947 2401 2974 2442 e
3000 2389 3180 2443 sacris
3211 2388 3348 2442 Novi
3370 2384 3608 2442 Fcederis

2759 2459 2997 2512 Litteris.

2129 2582 2208 2635 Ac
2239 2580 2322 2636 sic
2372 2581 2485 2652 (84)
2507 2585 2562 2636 et
2613 2583 2867 2638 Joannes
2921 2583 3280 2638 nativitatem
3334 2582 3549 2638 Christi
3603 2583 3707 2640 de-

2060 2671 2324 2726 scribens
2354 2671 2528 2742 (Joan.
2564 2686 2602 2737 ι,
2638 2673 2747 2743 14),
2783 2672 3030 2739 Verbum,
3065 2672 3276 2744 inquit,
3311 2689 3441 2728 caro
3491 2672 3705 2745 factum

2060 2768 2155 2829 est,
2187 2769 2236 2815 et
2267 2759 2532 2815 habitavit
2563 2762 2621 2815 in
2651 2761 2828 2828 nobis,
2861 2765 2910 2816 et
2943 2762 3181 2817 vidimus
3210 2760 3535 2817 claritatem
3564 2763 3708 2832 ejus,

2061 2848 2374 2904 claritatem
2403 2853 2663 2921 tanquam
2692 2852 2975 2918 unigeniti
3021 2867 3052 2906 a
3085 2852 3270 2918 Patre,
3319 2851 3548 2922 plenum
3589 2850 3704 2921 (85)

2062 2941 2240 3010 gratia
2291 2945 2342 2994 et
2393 2940 2636 2994 veritate.
2709 2939 2853 2994 Nam
2924 2945 2982 2995 et
3056 2943 3277 2994 vocatur
3331 2955 3528 2994 nomen
3584 2940 3705 3008 eius

2067 3028 2294 3084 Verbum
2327 3030 2428 3084 Dei
2457 3029 2636 3099 (Apoc.
2685 3045 2799 3097 XIX,
2851 3029 2935 3099 13)
2973 3044 2985 3085 :
3027 3044 3132 3084 nec
3181 3027 3491 3085 immerito.
3539 3029 3702 3086 Eruc—

2063 3118 2223 3183 tavit,
2255 3115 2469 3188 inquit,
2504 3133 2596 3172 cor
2623 3134 2803 3172 meum
2832 3118 3057 3172 verbum
3089 3118 3289 3171 bonum
3319 3118 3548 3188 (Psalm.
3573 3133 3706 3174 XLIV

293 3211 478 3279 gesta
516 3179 657 3262 sunt
685 3207 712 3261 ‘I
742 3205 1042 3262 Christum
1097 3179 1350 3276 qualiter
1396 3204 1692 3276 accipiunt
1724 3211 1902 3262 Deum
1929 3211 1950 3263 Ρ
1982 3179 2024 3246 C
2061 3206 2116 3274 2)
2150 3223 2162 3272 ;
2198 3179 2355 3277 quod
2388 3179 2639 3260 Verbum
2675 3206 2845 3277 Regis
2877 3207 3112 3262 nomine
3142 3179 3567 3278 consequenter
3595 3224 3704 3280 ap-

293 3301 493 3351 Deum
518 3296 673 3351 enim
696 3296 821 3367 jam
857 3311 1066 3367 negare
1100 3311 1213 3349 non
1251 3297 1653 3364 possunt.Qua
1684 3295 1952 3353 Patrem?
2061 3293 2238 3365 pellat
2268 3294 2586 3361 inferendo.
2618 3295 2744 3349 Dico
2774 3312 2867 3365 ego
2911 3311 3076 3367 Opera
3129 3312 3249 3351 mea
3299 3296 3447 3364 Regi.
3482 3297 3587 3350 Per
3615 3297 3698 3368 ip-

293 3391 410 3440 aut
434 3403 549 3455 qua
597 3384 803 3439 Filium
836 3383 863 3438 ?
895 3384 952 3438 Si
1003 3399 1118 3454 qua
1168 3381 1401 3450 Filium,
1448 3399 1552 3437 cur
1603 3384 1695 3438 Dei
1738 3383 1947 3439 Filium

292 3474 487 3528 Deum
543 3473 796 3544 negant?
846 3473 902 3526 Si
939 3489 1054 3543 qua
1101 3475 1350 3536 Patrem,
1403 3487 1506 3525 cur
1551 3489 1648 3526 eos
1693 3489 1807 3527 non
1857 3491 1946 3528 se-

291 3561 695 3633 quuntur,qui
725 3561 1015 3633 ejusmodi
1051 3559 1412 3632 blasphemia
1434 3565 1628 3615 tenere
1646 3559 1949 3616 videntur?

292 3650 420 3705 nisi
452 3651 726 3722 quoniam
773 3650 937 3705 nobis
969 3648 1024 3703 in
1067 3649 1176 3703 hoc
1205 3650 1485 3704 adversus
1533 3647 1663 3704 illos
1697 3649 1766 3704 de
1797 3649 1943 3704 veri-

291 3744 422 3794 tate
451 3741 562 3810 (81)
608 3738 946 3808 certamine,
997 3738 1106 3793 hoc
1157 3737 1386 3793 interim
1432 3737 1667 3804 sufﬁcit,
1703 3743 1767 3793 ut
1798 3755 1943 3809 quc-

290 3845 536 3899 cunque
583 3844 791 3900 genere
839 3827 1084 3883 convicti
1133 3827 1430 3881 Christum
1480 3827 1947 3885 conﬁteantur‘et

296 3919 488 3974 [)eum
515 3918 650 3988 (82),
684 3934 856 3988 quem
890 3915 1065 3971 etiam
1117 3915 1302 3971 Deum
1355 3931 1567 3986 negare
1617 3913 1941 3970 voluerunt.

292 4007 412 4062 Per
443 4005 710 4060 Habacuc
742 4003 1084 4077 prophetam
1117 4004 1198 4058 ait
1233 4020 1244 4056 :
1280 4004 1420 4057 Deus
1451 4003 1517 4056 ab
1549 4003 1735 4074 Africo
1765 4005 1945 4060 veniet

289 4098 354 4151 et
383 4099 601 4149 sanctus
651 4094 716 4148 de
763 4102 944 4149 monte
980 4109 1143 4164 opaco
1185 4096 1234 4147 et
1282 4093 1549 4147 condenso
1594 4095 1821 4163 (Habac.
1857 4111 1941 4164 in,

289 4186 381 4255 3).
416 4185 592 4249 Quem
627 4183 828 4239 volunt
859 4181 954 4238 isti
1004 4183 1074 4237 ab
1121 4182 1308 4236 At‘rice
1355 4181 1549 4236 venire
1579 4181 1684 4237 ?Si
1717 4184 1944 4241 venisse

289 4272 467 4329 aiunt
515 4273 971 4343 omnipotentem
1022 4272 1202 4327 Deum
1255 4271 1505 4335 Patrem,
1552 4287 1688 4342 ergo
1719 4273 1788 4328 de
1818 4274 1942 4331 loco

291 4363 457 4417 Deus
489 4365 656 4416 Pater
686 4362 840 4418 venit
867 4378 934 4415 ex
964 4378 1078 4434 quo
1117 4360 1293 4416 etiam
1347 4359 1470 4415 loco
1519 4359 1776 4416 cluditur
1805 4364 1941 4435 (83),

287 4455 358 4506 et
387 4449 536 4506 intra
559 4450 714 4507 sedis
737 4450 991 4522 alicujus
1005 4450 1308 4522 angustias
1332 4447 1664 4504 continetur
1697 4469 1710 4518 ;
1743 4456 1798 4508 et
1825 4453 1939 4521 iam

2056 3399 2179 3438 sum
2207 3382 2362 3438 enim
2393 3385 2580 3438 omnia
2607 3387 2755 3454 facta
2800 3393 3122 3455 suntapera,
3155 3388 3209 3439 et
3237 3386 3363 3439 sine
3402 3386 3525 3448 ipso
3578 3387 3704 3456 fac-

2057 3481 2168 3527 tum
2202 3481 2279 3526 est
2310 3473 2456 3526 nihil
2487 3474 2668 3540 (Joan.
2705 3491 2742 3540 ι,
2787 3473 2992 3544 3).Sive
3022 3476 3194 3542 enim,
3235 3473 3427 3545 inquit
3456 3475 3700 3545 Aposto-

2059 3564 2172 3631 lus,
2225 3562 2442 3632 Throni,
2482 3564 2596 3617 sive
2647 3565 3074 3628 Dominationes,
3140 3566 3255 3618 sive
3304 3563 3554 3629 Virtutes,
3585 3565 3701 3618 sive

2053 3653 2369 3714 Potestates,
2404 3652 2648 3706 visibilia
2701 3661 2750 3707 et
2800 3652 3132 3718 invisibilia,
3183 3653 3366 3706 omnia
3415 3654 3700 3723 peripsum

2052 3743 2300 3794 constant
2343 3739 2566 3811 (Coloss.
2619 3757 2659 3804 1,
2709 3741 2816 3811 16).
2860 3741 3111 3796 Vercum
3165 3746 3358 3795 autem
3414 3740 3521 3796 hoc
3549 3739 3696 3796 illud

2054 3833 2162 3897 est,
2195 3830 2346 3899 quod
2380 3831 2440 3884 in
2489 3845 2588 3884 sua
2634 3833 2800 3896 venit,
2841 3841 2891 3885 et
2935 3831 3026 3885 sui
3053 3846 3177 3884 eum
3207 3845 3314 3884 nou
3355 3836 3697 3899 receperunt.

2052 3917 2283 3972 Mundus
2311 3921 2460 3973 enim
2490 3935 2589 3990 per
2619 3919 2799 3989 ipsum
2825 3921 3002 3989 factus
3051 3927 3148 3985 est,
3197 3926 3248 3971 et
3292 3916 3529 3971 mundus
3569 3932 3700 3972 eum

2051 4024 2162 4063 non
2193 4009 2442 4076 cognovit
2491 4009 2668 4076 (Joau.
2725 4024 2764 4072 1,
2820 4009 2904 4074 10,
2942 4008 3050 4078 11).
3106 4007 3334 4062 Verbum
3375 4010 3569 4060 autem
3602 4006 3700 4060 hoc

2051 4103 2171 4153 erat
2204 4099 2262 4152 in
2288 4097 2567 4168 principio
2614 4098 2762 4168 apud
2798 4098 2982 4163 Deum,
3038 4099 3088 4152 et
3138 4097 3275 4150 Deus
3308 4098 3428 4150 erat
3465 4094 3698 4150 Verbum

2052 4189 2227 4259 (Ioan.
2263 4205 2300 4252 ι,
2342 4187 2408 4256 l).
2441 4186 2577 4252 Quis
2631 4187 2807 4255 igitur
2855 4186 3100 4253 dubitet,
3151 4200 3283 4239 cum
3334 4184 3391 4238 in
3437 4189 3695 4239 extrema

2051 4283 2214 4349 parte
2237 4277 2473 4342 dicitur,
2511 4276 2734 4330 Verbum
2784 4291 2908 4330 caro
2957 4277 3168 4343 factum
3197 4281 3298 4339 est,
3330 4276 3380 4327 et
3425 4273 3694 4328 habitavit

2052 4366 2111 4418 in
2138 4363 2310 4428 nobis,
2344 4362 2638 4417 Christum
2673 4364 2842 4430 cujus
2873 4365 2962 4414 est
2995 4361 3363 4428 nativitas,et
3393 4360 3527 4430 quia
3557 4375 3690 4415 caro

2045 4454 2163 4523 (86)
2197 4453 2411 4505 factum
2445 4456 2553 4516 est,
2604 4466 2730 4505 esse
2776 4449 3099 4516 hominem,
3147 4453 3206 4503 et
3251 4447 3390 4519 quia
3431 4447 3688 4504 Verbum

288 4555 405 4612 per
435 4541 596 4606 istos,
630 4545 696 4595 ut
727 4541 1003 4606 diximus,
1037 4538 1369 4594 Sabelliana
1399 4537 1632 4594 haeresis
1663 4542 1946 4614 sacrilega
1975 4551 2018 4614 Β
2053 4543 2174 4608 Dei,
2211 4540 2390 4594 Deum
2441 4539 2850 4593 incunctanter
2897 4538 3120 4594 edicere
3169 4553 3335 4605 esse;
3368 4536 3693 4608 praesertim

286 4633 657 4701 carperetur.
681 4629 983 4700 Siquidem
1015 4626 1282 4683 Christus
1315 4644 1429 4682 non
1463 4626 1666 4698 Filius,
1695 4631 1796 4684 sed
1837 4632 1940 4688 Pa-

2052 4647 2184 4686 cum
2210 4627 2665 4683 animadmertat
2681 4627 3040 4697 Scripturam
3059 4626 3697 4699 evangelicam,utram-

1575 4737 1884 4798 Gallauilii
1916 4735 2425 4800 commentarius.

367 4835 480 4905 (78)
515 4835 707 4902 Quam.
742 4835 833 4890 Sic
875 4833 1164 4890 Pamelius
1206 4832 1442 4905 aliique.
1477 4832 1732 4904 Uterque
1765 4835 1930 4893 Frob.

287 4903 430 4961 cum
464 4903 759 4962 Welchm.
799 4908 1076 4977 quoniam.
1110 4905 1224 4960 Nec
1255 4903 1526 4974 displicet
1553 4903 1868 4961 JaCksono.

369 4977 500 5102 (78)1
535 4978 673 5033 Deus
729 4995 876 5050 ergo.
940 4978 1025 5032 Ita
1094 4982 1431 5032 constanter
1495 4977 1654 5030 editi.
1709 4980 1941 5034 Primus

369 5049 462 5102 ‘elc
512 5067 721 5102 manus
775 5049 1127 5102 existimavit
1168 5047 1260 5102 hic
1290 5047 1599 5102 leaendum
1652 5048 1941 5102 Christus:

292 5047 721 5106 VVelchmanus
775 5047 1127 5106 existimavit
1168 5047 1260 5102 hic
1290 5047 1599 5118 legendum
1652 5048 1942 5112 Christus;

289 5121 627 5190 arridetque
658 5123 946 5177 Jacksonc
1003 5119 1289 5189 ejusmodi
1344 5121 1681 5192 conjectura
1716 5138 1728 5175 :
1763 5139 1938 5192 quam

288 5198 492 5248 tamen
546 5193 700 5248 haud
749 5192 1172 5248 admittendam
1221 5206 1460 5255 censeo;
1499 5190 1734 5246 sublata
1781 5190 1938 5248 enim

289 5265 674 5319 dictinctione
707 5270 835 5335 post
863 5278 1008 5335 ergo,
1043 5262 1130 5316 vis
1163 5261 1441 5335 orationis
1467 5261 1674 5318 elucet.

368 5337 482 5404 (86)
515 5332 905 5405 Conﬁtéantur.
927 5332 1034 5388 ’Sic
1063 5339 1307 5404 uterque
1337 5332 1521 5405 editor
1554 5333 1782 5404 Anglic.
1836 5351 1938 5405 pro

283 5403 695 5474 conﬁtebuntur
723 5408 884 5463 editt.
919 5403 1368 5460 Restituticnem
1401 5403 1509 5459 rite
1559 5403 1770 5460 factam
1803 5403 1936 5461 sua-

285 5477 394 5532 det
425 5480 756 5548 praecedens
783 5479 1098 5548 agnoscant.

367 5545 483 5622 (8'1)
534 5550 780 5615 Veritate,
824 5545 1117 5622 Gagnaeus
1170 5545 1594 5622 et___B_arrensis
1661 5550 1933 5620 veritatis,

283 5635 442 5694 quos
473 5621 805 5694 importune
835 5619 1074 5678 secutus
1106 5626 1194 5676 est
1220 5619 1664 5694 Welchmanus.

367 5689 475 5767 (82)
505 5688 574 5748 Et
595 5699 794 5751 Deum.
826 5694 919 5752 Sic
949 5709 1157 5751 omnes
1189 5692 1355 5750 editt.
1390 5688 1553 5749 Unus
1601 5689 1929 5750 Welchma-

2044 4851 2156 4890 nus
2183 4831 2428 4887 mutavit
2457 4841 2504 4887 et
2545 4833 2601 4886 in
2650 4850 2786 4901 esse,
2835 4833 2995 4888 nulla
3039 4833 3307 4888 codicum
3349 4830 3694 4886 auctoritate

2053 4909 2266 4962 ductus
2302 4921 2314 4968 ;
2351 4919 2538 4974 neque
2568 4904 2810 4975 hujusce
2836 4906 3176 4972 mutationis
3208 4905 3482 4959 lectorem
3514 4919 3691 4958 suum

2053 4976 2378 5034 admonuit.

2123 5049 2236 5120 (83)
2288 5045 2560 5101 Cluilitur.
2612 5047 2867 5120 Verbum
2917 5048 3072 5120 eludo
3119 5045 3274 5120 Afris
3303 5043 3690 5120 scriptoribus

2052 5117 2383 5190 frequenter
2417 5117 3147 5189 usurpatum.'l'ertulliano
3178 5119 3230 5171 in
3255 5117 3464 5190 pri-mis
3498 5119 3554 5190 et
3583 5118 3690 5187 Cy-

2049 5187 2253 5263 priane
2290 5207 2301 5244 :
2336 5206 2518 5263 coque
2551 5187 2925 5263 haudsemel
2977 5193 3156 5244 utitur
3204 5197 3260 5242 et
3310 5187 3691 5253 Novatianus,

2049 5208 2253 5263 prianc
2290 5207 2301 5244 :
2336 5207 2518 5313 eoqsue
2552 5207 2703 5245 naua
2745 5207 2925 5245 semei
2977 5207 3156 5244 utitur
3204 5207 3260 5242 et

2049 5280 2227 5332 supra
2259 5279 2384 5330 cap,
2461 5302 2472 5324 ,
2506 5260 2597 5314 hic
2630 5267 2686 5316 et
2717 5261 2866 5316 intra
2897 5278 3021 5332 eap.
3060 5263 3144 5330 17,
3177 5268 3286 5314 etc.

2121 5334 2233 5403 (84)
2268 5334 2338 5386 Ac
2365 5333 2460 5384 sic.
2499 5332 2789 5387 Pamelius
2823 5349 2886 5386 ac
2911 5334 2978 5387 si.

2119 5405 2233 5474 (85)
2263 5403 2507 5474 Plenum.
2563 5404 2645 5458 Ita
2697 5403 3116 5460 Welchmanus
3163 5406 3297 5473 post
3343 5403 3687 5472 Gagnieum.

2046 5476 2178 5541 Quae
2211 5473 2298 5530 est
2328 5473 2577 5545 Vulgata
2605 5474 2794 5531 lectio.
2828 5475 2914 5530 Al.
2947 5477 3165 5546 plenus.

2119 5549 2243 5622 (86)
2287 5545 2421 5622 Quia
2447 5541 2671 5604 'caro...
2704 5549 2840 5622 quia
2901 5541 3144 5604 Verbum.
3205 5548 3323 5614 Qua
3379 5541 3693 5616 utrobique

2047 5619 2190 5694 legit
2212 5617 2505 5678 Latinius.
