4102 6180
485 355 605 419 938
1525 343 1959 412 NOVA'I‘IANI
2006 345 2494 412 PRESBYTER!
2540 349 2842 414 ROMANI
2893 307 2902 312 ’
3711 357 3806 426 933

489 505 602 561 que
635 486 804 543 istam
835 482 1230 540 substantiam
1261 481 1320 536 in
1353 497 1530 537 unam
1567 482 1888 539 nativitatis
1915 482 2128 537 Christi
2163 486 2216 550 Α
2247 483 2464 554 ipsum,
2499 489 2555 539 et
2587 484 2794 538 merito
2824 489 2882 540 et
2916 484 3063 539 Deus
3090 489 3178 540 est
3209 503 3222 540 :
3250 491 3347 540 aut
3375 487 3504 557 quia
3545 489 3695 546 homo
3721 503 3807 560 est,

492 577 805 633 foederasse
847 573 1218 630 concordiam
1247 571 1277 625 ‘t
1320 569 1424 625 Hic
1483 578 1574 626 est
1637 573 1791 627 enim
1862 573 1957 642 qui
2000 574 2140 627 sicut
2251 581 2380 642 post
2411 575 2608 627 omnia
2637 579 2744 637 est,
2777 581 2834 629 et
2864 575 3070 630 merito
3103 591 3203 646 per
3230 577 3419 646 ipsum
3467 578 3596 633 nihil
3635 584 3810 640 factum

490 684 724 737 sponsus
751 668 1030 737 egreditur
1075 667 1140 718 de
1163 662 1412 718 thalamo
1460 679 1578 724 suo,
1631 664 1928 718 exsultavit
1965 667 2029 717 ut
2055 664 2137 733 gi-
2247 668 2353 714 est.
2389 663 2498 716 Sed
2534 662 2680 716 nihil
2712 678 2813 733 per
2844 663 3039 733 ipsum
3082 665 3294 719 factum
3348 679 3469 720 esse
3515 683 3615 722 non
3645 685 3813 740 posst.-

488 774 586 829 gas
635 757 704 812 ad
749 754 1084 810 currendum
1128 755 1336 812 vitam;
1374 769 1411 804 a
1461 767 1672 806 summo
1721 753 1852 806 cvelo
1901 755 2138 819 egressio
2249 768 2382 805 mus
2413 751 2621 815 dicere,
2656 768 2788 806 cum
2830 753 3364 808 animadvertamus
3409 756 3592 810 omnia
3635 775 3722 828 per
3745 762 3818 832 ip.

491 849 609 919 ejus
652 853 705 902 et
751 861 920 914 usque
967 841 1037 897 ad
1085 858 1367 896 summum
1416 842 1677 910 regressio
1728 842 1848 910 ejus
1901 841 2136 907 (Psalm.
2247 856 2378 894 sum
2433 841 2580 894 facta
2632 855 2760 895 esse
2798 842 3084 911 scriptum
3123 857 3136 897 :
3170 858 3282 896 non
3330 859 3459 913 ergo
3497 851 3615 914 post
3657 851 3816 905 omnis

488 952 646 1003 xvxu,
677 936 733 1005 6,
763 936 839 1004 7).
874 934 1157 998 Quoniam
1191 948 1375 1001 usque
1406 931 1472 983 ad
1508 945 1834 993 summum,
1862 945 1962 983 nec
1991 931 2140 1000 quis-
2245 934 2352 990 est,
2387 928 2442 982 id
2477 933 2566 982 est
2598 944 2713 982 non
2744 928 2920 984 homo
2951 935 3179 984 tantum
3215 935 3326 991 est,
3379 932 3472 1002 qui
3503 939 3623 1004 post
3659 937 3818 994 omnia

490 1041 656 1098 quam
695 1027 758 1079 in
792 1024 985 1078 caelum
1018 1020 1287 1085 ascendit,
1341 1020 1457 1073 nisi
1504 1020 1602 1088 qui
1631 1019 1695 1072 de
1731 1022 1863 1074 caelo
1912 1017 2134 1072 descen-
2244 1023 2333 1072 est
2367 1033 2379 1070 :
2417 1018 2512 1071 sed
2547 1022 2603 1071 et
2635 1017 2805 1072 Deus.
2841 1018 3118 1088 quoniam
3169 1018 3320 1074 Deus
3362 1020 3471 1090 (89)
3512 1027 3634 1076 ante
3660 1026 3818 1080 omnia

488 1114 589 1182 dit,
623 1113 797 1168 Filius
835 1112 1071 1166 hominis
1120 1111 1217 1180 qui
1249 1117 1326 1162 est
1369 1109 1428 1162 in
1459 1109 1612 1162 caelis
1651 1109 1831 1175 (Joan.
1884 1123 1966 1177 ut,
2020 1106 2132 1176 43).
2244 1110 2348 1160 est.
2384 1109 2528 1160 Ante
2558 1107 2754 1160 omnia
2785 1111 2873 1159 est
2901 1105 3078 1172 enim,
3113 1107 3250 1178 quia
3278 1123 3378 1178 per
3407 1108 3584 1180 ipsum
3623 1113 3816 1180 omnia;

491 1204 777 1274 Repetens
828 1200 938 1254 hoc
988 1200 1180 1269 ipsum
1222 1197 1362 1251 dicit
1395 1212 1407 1250 :
1442 1197 1628 1262 Pater,
1674 1197 1915 1266 claeiﬂca
1962 1213 2048 1251 me
2074 1211 2136 1250 eo
2244 1210 2316 1249 ne
2347 1194 2602 1264 si~homo
2635 1194 3040 1254 tantum.nihil
3077 1211 3178 1267 per
3207 1197 3398 1267 ipsum
3433 1202 3560 1264 ;aut
3588 1198 3633 1253 si
3659 1202 3818 1256 omnis

490 1293 692 1348 honore
719 1307 825 1362 quo
882 1289 969 1359 fui
1049 1287 1198 1357 apud
1253 1290 1304 1340 te
1358 1291 1659 1357 antequam
1714 1285 1951 1340 mundus
1998 1289 2136 1340 esset
2244 1298 2346 1355 per
2374 1283 2592 1355 ipsum,
2626 1299 2740 1338 non
2777 1283 2950 1338 homo
2981 1289 3208 1339 tantum
3243 1327 3255 1339 .
3291 1287 3553 1357 quoniam
3601 1288 3642 1342 si
3680 1288 3819 1346 homo

490 1383 668 1454 (Joan.
721 1395 856 1447 xvu,
902 1379 979 1448 5).
1028 1386 1108 1430 Ac
1149 1377 1195 1430 si
1244 1376 1313 1430 de
1357 1373 1499 1430 cmlo
1546 1375 1847 1429 descendit
1877 1374 2132 1429 Verbum
2242 1377 2492 1438 tantum,
2527 1389 2642 1427 non
2693 1373 2890 1427 omnia
2936 1389 3036 1444 per
3085 1374 3304 1445 ipsum,
3359 1375 3533 1430 immo
3573 1377 3698 1431 nihil
3740 1395 3822 1448 per

490 1469 618 1524 hoc.
652 1475 932 1538 tanquam
981 1480 1233 1535 sponsus
1279 1464 1347 1517 ad
1393 1478 1653 1529 carnem,
1702 1468 1764 1516 ut
1809 1479 1910 1534 per
1939 1462 2133 1517 carnis
2242 1462 2459 1533 ipsum.
2492 1461 2638 1525 Quid
2671 1477 2807 1532 ergo
2840 1462 3243 1532 respondent?
3276 1463 3415 1518 nihil
3439 1480 3534 1536 per
3561 1465 3748 1536 ipsum,
3771 1473 3822 1522 ut

488 1557 958 1628 assumptionem
993 1553 1172 1608 Filius
1226 1551 1481 1606 hominis
1529 1550 1665 1606 illuc
1705 1556 1900 1621 posset
1931 1567 2133 1606 ascen-
2245 1551 2418 1604 homo
2449 1550 2813 1604 sittantum?
2843 1551 3292 1623 Quomodoergo
3314 1553 3507 1608 omnia
3529 1554 3822 1626 peripsum?

488 1649 648 1711 dere,
683 1617 836 1700 unde
869 1643 967 1698 Dei
1001 1642 1179 1697 Filius
1217 1641 1465 1695 Verbum
1498 1617 1901 1709 descenderat,
1926 1640 2134 1695 merito
2245 1638 2391 1709 Ergo
2440 1655 2554 1693 non
2600 1639 2773 1694 homo
2822 1617 3250 1696 tantummodo.
3286 1646 3394 1708 est,
3444 1617 3543 1696 sed
3586 1647 3638 1697 et
3658 1617 3844 1717 Densi

487 1739 630 1792 dum
681 1751 780 1806 per
827 1731 1244 1788 connexionem
1294 1734 1558 1784 mutuam
1617 1734 1674 1784 et
1715 1746 1848 1784 caro
1875 1728 2131 1784 Verbum
2241 1725 2527 1792 siquidem
2560 1726 2758 1780 omnia
2787 1733 2926 1781 sunt
2958 1743 3058 1798 per
3088 1726 3284 1799 ipsum
3321 1754 3336 1784 ς
3369 1733 3430 1783 ut
3461 1731 3648 1785 merito
3683 1733 3826 1786 intel-

487 1825 586 1881 Dei
621 1824 852 1896 gerit,et
883 1822 1063 1876 Filius
1097 1821 1189 1874 Dei
1216 1818 1590 1889 fragilitatem
1623 1818 1814 1873 carnis
1847 1819 2130 1886 assumit;
2162 1855 2209 1917 Β
2243 1811 2422 1884 ligero
2448 1814 2788 1917 debeamus,
2810 1831 2924 1914 nec
2947 1816 3058 1886 (90)
3089 1816 3389 1872 hominem
3429 1834 3550 1874 esse
3577 1820 3825 1875 Christum

486 1930 621 1969 cum
673 1927 891 1984 sponsa
933 1924 1105 1964 carne
1145 1908 1544 1963 conscendens
1610 1907 1770 1973 illuc,
1818 1908 1972 1962 unde
2004 1908 2132 1962 sine
2162 1903 2209 1917 "
2241 1903 2672 1969 tantummodo,
2724 1903 2823 1974 qui
2856 1911 2946 1959 est
2991 1911 3122 1974 post
3161 1907 3399 1971 omnia;
3431 1907 3528 1962 sed
3577 1914 3630 1962 et
3658 1909 3825 1975 Deum,

487 2018 660 2060 carne
711 1999 1114 2068 descenderat,
1167 1996 1374 2067 recipit
1408 1997 1534 2065 jam
1593 1995 1918 2050 claritatem
1975 1996 2130 2050 908
2241 2007 2373 2046 cum
2410 2009 2511 2062 per
2539 1992 2735 2062 ipsum
2771 1996 2919 2048 facta
2949 1994 3068 2049 sint
3106 1996 3327 2050 omnia.
3379 1996 3661 2059 Quomodo
3701 1998 3826 2053 enim

486 2092 673 2158 illam,
715 2105 890 2161 quam
941 2087 1081 2141 dum
1134 2091 1267 2140 ante
1307 2083 1510 2139 mundi
1561 2085 1987 2139 institutionem
2027 2085 2130 2139 ha-
2240 2087 2342 2135 aut
2375 2082 2667 2137 hominem
2701 2086 3110 2138 tantummodo
3142 2085 3325 2149 dicas,
3345 2101 3478 2140 cum
3509 2086 3663 2141 illum
3683 2089 3826 2142 etiam

488 2183 688 2236 buisse
710 2177 1058 2245 ostenditur,
1092 2175 1245 2229 Deus
1278 2173 1754 2228 manifestissime
1786 2176 2130 2244 comproba-
2239 2169 2296 2223 in
2348 2185 2521 2225 carne
2561 2171 2925 2241 conspicias;
2973 2171 3084 2226 nisi
3137 2173 3419 2244 quoniam
3468 2175 3515 2230 si
3559 2181 3827 2246 utrumque

488 2279 604 2324 tur.
640 2269 707 2323 Et
738 2265 1144 2328 nihilominus,
1177 2263 1320 2316 dum
1353 2261 1612 2316 mundus
1641 2261 1766 2332 ipse
1799 2265 1930 2332 post
1962 2261 2128 2316 illum
2240 2258 2742 2326 animadvertitur,
2777 2265 3092 2332 utrumque
3123 2262 3333 2316 merito
3363 2265 3662 2319 credatur?

487 2355 1094 2461 institutusfefergm
1122 2351 1446 2461 Per-“ipsum
1477 2357 1706 2406 creatus
1757 2367 1884 2405 esse
1916 2350 2130 2461 rqpqri-
2763 2403 2918 2459 909
2948 2403 3182 2460 CAPUT
3211 2405 3335 2461 xw

486 2452 586 2503 tur
611 2463 632 2509 ;
661 2461 777 2518 quo
811 2444 937 2514 ipso
969 2439 1288 2496 divinitatis
1318 2440 1376 2494 in
1433 2440 1581 2510 ipso,
1609 2455 1712 2510 per
1736 2455 1908 2509 quem
1945 2441 2131 2495 factus
2474 2490 2608 2518 um
2645 2439 3312 2518 n___:":h‘7":‘_‘:_‘7_‘_‘7‘7_f

488 2490 578 2592 est
609 2490 888 2598 m‘hndu‘s,
924 2535 982 2586 et
1010 2529 1266 2584 charitas
1319 2532 1374 2583 et
1421 2490 1770 2583 aiictdxfitas‘
1794 2543 1919 2583 com
1931 2529 2132 2600 probe-
2467 2490 2611 2546 Idem
2641 2501 3029 2562 “nummum
3055 2496 3406 2566 ρενεεριιίιαν
3441 2500 3640 2553 and”.

484 2632 582 2680 tur
620 2622 755 2694 (87).
801 2621 960 2685 Quod
1009 2618 1080 2684 si,
1130 2634 1263 2673 cum
1309 2617 1404 2688 (Ill
1449 2618 1574 2686 Reg.
1615 2633 1737 2684 vm,
1787 2618 1877 2689 39)
1909 2616 2131 2674 nullius
2309 2615 2376 2671 Et
2407 2623 2600 2671 tamen
2635 2617 2826 2672 adhuc
2846 2617 3078 2673 dubitat
3107 2617 3419 2675 haereticus
3460 2619 3728 2676 Christum
3757 2621 3826 2676 di-

486 2715 564 2770 sit
613 2711 727 2767 nisi
776 2709 900 2775 Dei,
949 2708 1141 2763 cordis
1181 2722 1352 2762 nosse
1399 2713 1622 2762 secreta
1667 2707 1878 2777 (Matth.
1935 2724 2010 2762 IX.
2064 2708 2128 2777 λίς
2239 2721 2367 2762 cere
2398 2721 2526 2761 esse
2560 2709 2738 2761 Deum
2771 2722 2785 2762 :
2820 2723 2993 2778 quem
3022 2707 3205 2763 Deum
3229 2714 3316 2763 tot
3343 2714 3398 2765 et
3428 2711 3593 2766 rebus
3614 2712 3830 2766 animad-

486 2805 646 2874 Apoc.
699 2817 761 2865 ιι,
807 2799 920 2869 23),
972 2795 1238 2851 Christus
1301 2803 1526 2851 secreta
1571 2795 1858 2867 conspicit
1887 2796 2080 2851 cordis
2113 2813 2127 2852 :
2239 2795 2381 2850 verti
2413 2793 2526 2865 (91)
2554 2799 2611 2848 et
2641 2794 2875 2851 vocibus
2905 2797 3318 2868 approbatum.
3339 2799 3397 2854 Si
3430 2798 3596 2854 homo
3620 2805 3830 2854 tantum-

489 2891 646 2962 quod
677 2890 748 2954 si,
783 2904 916 2942 cum
965 2887 1074 2952 (Isa
1103 2900 1262 2948 xmu,
1310 2885 1404 2951 25)
1449 2882 1670 2939 nullius
1721 2885 1799 2938 sit
1845 2883 1959 2939 nisi
2005 2886 2128 2952 Dei,
2240 2883 2412 2937 modo
2443 2881 2700 2950 Chistus,
2734 2885 3027 2954 quomodo
3057 2886 3380 2942 veniensin
3410 2887 3560 2944 hunc
3589 2890 3829 2942 mundum

487 2982 727 3052 peccata
754 2976 1080 3041 dimittere;
1116 2973 1268 3029 idem
1301 2972 1555 3042 (Maron,
1586 2972 1641 3042 5)
1672 2973 1938 3028 Christus
1969 2990 2132 3046 pecc-
2239 2971 2298 3026 in
2330 2988 2438 3026 sua
2466 2971 2641 3041 venit,
2675 2988 2808 3027 cum
2842 2972 3016 3028 homo
3048 2973 3280 3030 nullum
3328 2976 3524 3032 fecerit
3552 2974 3831 3031 mundum?

486 3078 614 3124 cata
641 3065 883 3122 dimittit
912 3081 925 3130 ;
961 3063 1115 3134 quod
1149 3063 1220 3128 si,
1244 3077 1376 3115 cum
1413 3060 1635 3116 nullius
1665 3061 1743 3116 sit
1774 3061 2030 3118 hominis
2061 3064 2130 3119 de
2237 3060 2289 3115 Si
2325 3060 2498 3115 homo
2530 3063 2939 3117 tantummodo
2971 3061 3262 3127 Christus,
3299 3067 3586 3137 quomodo
3612 3065 3826 3120 mundus

486 3157 630 3214 ccelo
660 3153 876 3218 venire,
909 3153 980 3206 de
1009 3151 1152 3206 casio
1185 3151 1466 3205 veniendo
1491 3151 1790 3205 descendit
1821 3166 1834 3205 :
1869 3153 2019 3220 quod
2052 3152 2127 3220 si,
2164 3214 2199 3227 Α
2239 3164 2340 3219 per
2371 3149 2564 3218 ipsum
2600 3149 2788 3204 factus
2817 3165 2944 3205 esse
2973 3151 3382 3218 refertur,cum
3417 3171 3528 3209 non
3560 3171 3652 3227 per
3677 3152 3829 3208 homi-

486 3262 621 3301 cum
653 3214 872 3298 nullius
919 3239 1173 3296 hominis
1209 3239 1329 3294 haec
1365 3255 1473 3293 vox
1520 3254 1649 3294 esse
1701 3214 1902 3309 possit,
1936 3243 2042 3311 Ego
2073 3214 2127 3296 et
2159 3214 2200 3280 Ο
2239 3214 2371 3291 nem
2394 3214 2685 3302 mundus,
2717 3239 2817 3293 sed
2853 3245 2982 3310 post
3027 3214 3317 3296 mundum
3370 3243 3540 3298 homo
3560 3214 3829 3298 institutus

482 3338 648 3391 pater
675 3348 850 3388 unum
898 3346 1088 3385 sum“,
1127 3332 1307 3396 (Joan,
1361 3345 1416 3397 χ,
1466 3326 1778 3397 30);1]αῃο
1824 3343 2019 3383 vocem
2053 3331 2124 3385 de
2233 3325 2571 3380 referatur?
2601 3326 2659 3380 Si
2709 3325 2882 3382 homo
2931 3333 3346 3387 tantummodo
3397 3332 3672 3398 Christus,
3720 3345 3830 3401 quo-

485 3418 1181 3481 conscientiadivinitatis
1209 3416 1476 3473 Chrlstus
1499 3415 1658 3472 solus
1680 3417 2054 3489 edicitzquod
2074 3420 2124 3474 si
2236 3414 2408 3468 modo
2457 3430 2570 3469 non
2602 3429 2670 3469 ex
2716 3416 2942 3469 semine
2994 3420 3406 3474 tantummodo
3453 3416 3823 3484 Christus,sed

486 3519 801 3587 postremo,
834 3508 1108 3564 omnibus
1138 3505 1460 3560 divinitatis
1509 3503 1721 3559 Christi
1767 3507 2123 3576 probationi-
2235 3501 2487 3558 Verbum
2519 3519 2651 3558 caro
2681 3503 2897 3558 factum
2921 3510 3008 3558 est
3029 3513 3085 3559 et
3106 3505 3391 3564 habitavit
3423 3508 3477 3563 in
3514 3509 3667 3563 nobis
3683 3506 3823 3562 iNam

484 3603 596 3657 bus
620 3607 677 3656 et
706 3599 882 3654 rebus
909 3597 1237 3650 instructus
1269 3591 1565 3664 apostolus
1597 3593 2123 3666 'l‘homas,respon-
2234 3592 2340 3648 etsi
2376 3590 2774 3664 protoplastus
2807 3609 2920 3648 non
2945 3609 3014 3648 ex
3044 3595 3294 3667 semine,
3327 3597 3427 3652 sed
3463 3603 3638 3653 tamen
3667 3598 3828 3667 proto-

485 3691 631 3745 dens
677 3686 928 3753 Christo,
978 3686 1240 3739 Dominus
1287 3697 1434 3736 meus
1479 3689 1530 3736 et
1570 3682 1709 3736 Deus
1746 3699 1896 3737 meus
1942 3685 2122 3755 (Joun.
2235 3681 2462 3752 plastus
2508 3697 2622 3736 non
2671 3687 2760 3737 est
2803 3698 2872 3736 ex
2920 3683 3082 3738 Verbi
3131 3689 3188 3738 et
3226 3687 3425 3741 carnis
3473 3683 3831 3756 conjunctione

483 3796 576 3842 xx,
607 3777 696 3848 28)
757 3773 896 3829 dicit
929 3790 942 3828 ε
975 3771 1127 3844 quod
1178 3771 1226 3826 si
1271 3775 1328 3826 et
1377 3770 1678 3842 apostolus
1728 3771 1966 3840 Paulus,
1998 3789 2128 3844 quo-
2234 3776 2543 3826 concretus
2581 3786 2594 3824 :
2629 3787 2740 3824 non
2771 3776 2862 3826 est
2890 3771 3046 3826 enim
3100 3771 3362 3829 Verbum
3393 3791 3524 3830 caro
3572 3776 3764 3830 factum
3787 3773 3830 3825 et

480 3883 628 3934 rum,
665 3864 878 3937 inquit,
920 3862 1054 3932 (88),
1093 3864 1276 3932 patres
1313 3863 1364 3915 et
1401 3875 1470 3914 ex
1516 3861 1714 3930 quibus
1767 3859 2015 3915 Christus
2045 3877 2126 3916 se-
2235 3859 2518 3914 habitavit
2547 3859 2605 3913 in
2639 3859 2826 3914 nobis.
2860 3860 2916 3914 Si
2953 3860 3126 3916 homo
3149 3865 3559 3919 tantummodo
3589 3862 3828 3919 Christus.

480 3956 733 4013 cundum
761 3968 1002 4016 carnem,
1045 3954 1139 4020 qui
1169 3957 1247 4003 est
1284 3965 1449 4020 super
1475 3949 1664 4002 omnia
1697 3949 1833 4002 Deus
1874 3950 2124 4006 benedic-
2235 3949 2528 4019 quomodo
2559 3949 2656 4020 qui
2674 3949 2740 4003 de
2776 3959 2908 4004 casto
2938 3951 3106 4014 venit,
3141 3966 3270 4022 qua
3300 3955 3438 4009 vidit
3482 3961 3532 4008 et
3557 3950 3719 4007 audiit
3743 3947 3830 4020 (92)

480 4052 571 4106 tus
600 4047 661 4100 in
688 4041 895 4099 saecula
925 4041 1102 4108 (Rom.
1152 4055 1228 4102 1x,
1257 4038 1336 4108 5),
1370 4039 1426 4091 in
1467 4037 1593 4092 suis
1641 4037 1849 4092 litteris
1882 4039 2120 4097 scribit:
2235 4038 2556 4108 testiﬁcatur
2584 4038 2760 4109 (Joan.
2795 4054 2878 4106 ιη,
2910 4040 2999 4106 31,
3032 4040 3142 4111 32),
3163 4057 3300 4096 cum
3335 4048 3556 4098 constet
3579 4039 3830 4096 hominem

483 4136 638 4209 quod
671 4134 720 4190 si
751 4134 906 4188 idem
939 4147 999 4185 se
1027 4129 1339 4198 Apostolum
1377 4143 1486 4182 non
1543 4131 1612 4181 ab
1657 4128 1994 4197 hominibus,
2025 4132 2127 4185 aut
2234 4129 2305 4182 de
2368 4125 2530 4192 caelo,
2590 4127 2730 4198 quia
2773 4127 2854 4182 ibi
2905 4129 3065 4183 nasci
3107 4146 3219 4184 non
3279 4132 3484 4202 possit,
3531 4131 3705 4186 venire
3742 4139 3830 4180 non

477 4242 581 4299 per
610 4225 906 4292 hominem,
947 4219 1039 4275 sed
1066 4234 1164 4289 per
1198 4219 1382 4274 Iesum
1435 4216 1710 4271 Christum
1759 4216 1960 4284 (Gulat.
1996 4235 2034 4284 ι,
2072 4220 2122 4288 1,
2235 4215 2451 4288 posse?
2481 4216 2541 4271 Si
2582 4215 2757 4271 homo
2807 4219 3215 4273 tantummodo
3269 4221 3554 4288 Christus,
3586 4213 3829 4290 quomodo

484 4314 574 4386 12)
623 4313 1008 4369 constitutum
1057 4321 1184 4363 esse
1239 4307 1529 4376 depromit
1575 4321 1588 4359 :
1643 4307 1796 4375 quod
1847 4307 1896 4362 si
1946 4307 2121 4363 idem.
2233 4306 2520 4375 (Cotoss.1,
2556 4305 2641 4376 16)
2677 4305 2939 4361 Visibilia
2967 4316 3022 4361 et
3056 4308 3390 4377 invisibilia,
3428 4309 3831 4377 Throni,Virtutes

481 4401 860 4472 Evangelium
894 4415 1008 4454 non
1042 4413 1104 4452 se
1127 4395 1194 4450 ab
1239 4395 1550 4450 hominibus
1597 4394 1854 4450 didicisse
1896 4400 2000 4451 aut
2025 4412 2126 4468 per
2233 4396 2720 4450 etDominationes
2750 4410 2853 4465 per
2898 4395 3091 4466 ipsum
3142 4403 3202 4452 et
3249 4398 3308 4453 in
3359 4399 3486 4470 ipso
3533 4402 3708 4454 creata
3732 4405 3830 4448 esse

483 4492 780 4557 hominem,
831 4488 927 4543 sed
951 4503 1050 4559 per
1082 4486 1266 4542 Iesum
1311 4484 1584 4538 Christum
1634 4483 1928 4554 accepisse
1987 4501 2123 4540 con-
2237 4485 2589 4554 referuntur,
2646 4500 2780 4538 cum
2825 4484 3086 4541 Virtutes
3132 4486 3398 4544 caelostee
3439 4505 3538 4561 per
3580 4484 3828 4540 hominem

481 4580 672 4635 tendit
701 4595 715 4632 :
783 4577 990 4631 merito
1030 4575 1183 4630 Deus
1221 4579 1312 4628 est
1355 4572 1643 4627 Christus.
1698 4573 1896 4643 Itaque
1927 4573 2036 4630 hoc
2069 4575 2126 4630 in
2162 4583 2209 4649 D
2240 4572 2364 4628 ﬁeri
2395 4589 2510 4627 non
2543 4573 2998 4644 potuerint,qua3
3033 4579 3168 4630 ante
3199 4575 3498 4632 hominem
3529 4575 3706 4648 ipsum
3731 4582 3829 4626 esse

483 4668 608 4723 loco
655 4683 725 4720 ex
769 4665 1000 4720 duobus
1051 4663 1300 4717 alterum
1351 4665 1622 4716 constare
1677 4661 1932 4718 debebit.
1984 4665 2127 4720 Cum
2240 4662 2605 4718 debuerint?
2636 4662 2694 4718 Si
2727 4663 2898 4718 homo
2951 4667 3367 4720 tantummodo
3418 4664 3688 4726 Christus,
3716 4672 3828 4729 quo-

484 4757 641 4812 enim
686 4755 1059 4809 manifestum
1117 4752 1194 4806 sit
1237 4751 1437 4805 omnia
1482 4765 1612 4805 esse
1647 4754 1798 4806 facta
1830 4767 1931 4823 per
1961 4753 2127 4809 Chri-
2240 4752 2412 4808 modo
2471 4751 2675 4822 (Matth.
2722 4769 2880 4819 xvm,
2929 4753 3024 4820 20)
3075 4754 3234 4808 rdest
3287 4755 3504 4827 ubique
3550 4752 3827 4811 invocatus,

484 4849 806 4911 ειυωςαυι
857 4847 990 4899 ante
1037 4840 1234 4896 omnia
1274 4846 1386 4907 est,
1437 4839 1714 4909 quoniam
1779 4843 1978 4901 omnia
2029 4860 2132 4916 per
2238 4860 2370 4900 cum
2424 4844 2542 4898 haec
2582 4843 2840 4899 hominis
2913 4848 3126 4900 natura
3176 4862 3293 4900 non
3345 4847 3440 4914 sit,
3492 4844 3584 4900 sed
3636 4843 3736 4907 Dei,
3778 4837 3827 4888 ut

1761 5049 2068 5115 Gallandii
2095 5051 2601 5117 commentarius.

554 5238 666 5309 (87)
723 5236 1130 5311 Comprobetur.
1191 5235 1536 5308 Suspicatur
1591 5231 2013 5296 Welchmanus
2050 5239 2128 5298 le-
2307 5239 2419 5311 (90)
2448 5239 2549 5294 Nec
2591 5253 2701 5294 non
2751 5254 2856 5295 vox
2915 5239 3106 5311 aptior
3135 5244 3244 5307 est,
3301 5245 3377 5307 et,
3423 5237 3481 5294 ni
3512 5233 3684 5298 fallor,
3702 5241 3823 5284 vers.

483 5309 1175 5386 gendumcomprobntur.
1530 5378 1544 5386 Α
1656 5377 1671 5386 _
1909 5385 1913 5386 7
2116 5385 2121 5386 7
2232 5309 2547 5386 JacasOu._
2661 5380 2674 5386 _
2811 5383 2820 5386 _
2905 5309 2968 5386 ,ἡ
3216 5382 3225 5386 _
3317 5383 3326 5386 _
3494 5383 3503 5386 _
3609 5376 3621 5386 7

555 5385 672 5455 (88)
725 5374 927 5452 Inquit.
988 5381 1144 5436 Hanc
1175 5394 1392 5455 7voce7m
1449 5377 1957 5455 redundareputo
2011 5399 2024 5437 :
2075 5385 2132 5437 et
2309 5380 2862 5455 (gliAnimadvertit.
2895 5381 3182 5454 Gagnmus
3215 5382 3358 5455 legit
3407 5374 3823 5438 animadverterit.

483 5449 631 5511 forte
653 5449 878 5509 inserta
906 5458 1027 5510 erat
1058 5451 1252 5508 studio
1287 5449 1507 5526 librarii
1541 5456 1642 5526 aut
1665 5449 1981 5526 dictantis,
2015 5470 2128 5510 non
2239 5449 2391 5526 quod
2422 5458 2616 5526 tamen
2650 5452 2888 5526 perinde
2919 5449 3030 5509 est.
3270 5449 3302 5455 '
3409 5525 3419 5526 7
3480 5522 3510 5526 _

483 5526 832 5584 attendenlis
865 5533 918 5580 et
949 5541 1202 5597 sequens
1234 5523 1474 5578 verbum
1504 5522 1712 5575 scribit.
1746 5515 2018 5597 Jacxsou.
2255 5515 2274 5526 ’
2308 5526 2426 5597 (92)
2450 5515 2664 5597 Audiit:
2687 5523 2771 5578 Ita
2800 5529 3027 5580 exstare
3053 5526 3111 5581 in
3151 5541 3263 5581 uno
3320 5525 3444 5580 cod.
3479 5515 3825 5597 Psmeliihlg-

552 5577 675 5671 (ἐξ)
692 5577 1481 5671 Deusdliandvocemquam
1524 5609 1641 5671 prae
1690 5610 1749 5648 se
1782 5577 2129 5671 ferunt-om-
2236 5577 3554 5671 sciitilaksonus7:77quamproinde—lectionem
3601 5577 3819 5645 restitui-

481 5665 585 5729 nes
615 5665 776 5742 editi,
809 5687 965 5728 unus
993 5670 1292 5726 Jaksonus
1336 5665 1630 5722 immerito
1678 5669 2126 5740 expungendam
2235 5683 2391 5738 mus,
2426 5683 2528 5740 pro
2557 5667 2714 5723 audit
2742 5665 2908 5725 editt.

482 5743 727 5804 censuit.
