4102 6180
207 258 318 318 937
737 202 746 206 ’
1447 247 1676 314 LIBER
1724 251 1821 312 ne
1871 249 2322 316 TRINITATE.
3499 252 3626 334 υθέ

206 391 402 446 adesse
449 389 608 444 omni
654 388 779 445 loco
833 386 1070 462 possit?
1108 387 1168 443 Si
1218 387 1391 442 homo
1441 387 1847 441 tantummodo
1879 390 1931 454 Α
1964 390 2130 443 Deum
2158 405 2316 444 nemo
2346 390 2485 445 vidit
2531 407 2796 462 unquam,
2849 394 2962 448 nisi
3014 397 3111 467 qui
3154 405 3236 452 est
3268 415 3302 453 a
3354 399 3478 455 Deo.
3529 402 3630 463 hic

203 480 480 548 Christus,
515 497 618 534 cur
657 479 828 536 homo
858 478 917 534 in
952 477 1317 534 orationibus
1342 476 1625 531 Mediator
1686 475 1848 530 invo-

202 574 379 639 catur,
413 585 545 624 cum
575 568 862 624 invocatio
895 567 1150 624 hominis
1175 567 1243 622 ad
1269 565 1656 638 praestandam
1698 564 1851 620 salu-

200 665 310 715 tem
367 659 635 714 inefﬁcax
675 657 1022 729 judicetur?
1078 656 1137 712 Si
1204 655 1378 710 homo
1439 655 1848 710 tantummodo

199 747 460 804 Christus
481 764 585 802 cur
630 748 680 819 (Ι
733 749 866 803 Tim.
908 765 946 817 ι,
979 747 1030 817 1)
1089 762 1224 818 spes
1256 745 1312 798 in
1364 743 1530 798 illum
1590 744 1845 816 ponitur,

203 854 331 893 cum
365 839 493 909 (Jer.
526 854 665 907 xvu,
692 837 748 908 5)
780 853 914 908 spes
942 837 1002 890 in
1043 835 1280 890 homine
1332 833 1642 888 maledicta
1697 833 1848 888 refe-

199 931 396 982 ratur?
423 926 480 981 Si
512 925 687 982 homo
719 925 1128 980 tantummodo
1168 923 1457 990 Christus,
1493 939 1594 977 cur
1636 921 1844 993 (Malth.

193 1035 242 1086 x,
290 1017 382 1087 33)
435 1033 550 1071 non
600 1015 735 1070 licet
786 1015 1079 1070 Christum
1114 1014 1238 1070 sine
1269 1012 1441 1067 exitio
1473 1012 1680 1066 animm
1748 1027 1847 1066 ne-

196 1105 316 1178 gari
348 1105 482 1177 (93),
516 1122 650 1161 cum
681 1105 740 1160 in
772 1104 1072 1160 hominem
1103 1103 1259 1158 010
1308 1101 1694 1157 commissum
1749 1101 1846 1156 de-

196 1195 397 1250 lictum
429 1195 716 1251 referatur
745 1210 916 1266 posse
947 1192 1216 1249 dimitti?
1246 1191 1302 1246 Si
1364 1191 1538 1246 homo
1585 1194 1846 1245 tantum-

196 1285 361 1340 modo
382 1283 672 1353 Christus,
702 1283 994 1355 quomodo
1023 1283 1278 1338 Joannes
1305 1279 1563 1352 Baptista
1601 1283 1848 1335 testatur

191 1379 242 1429 et
273 1373 416 1430 dicit
443 1375 620 1445 (Joan.
656 1391 694 1444 I,
730 1375 856 1442 15):
927 1373 1033 1441 Qui
1078 1375 1197 1444 post
1243 1386 1330 1426 me
1364 1370 1538 1434 venit,
1587 1377 1718 1424 ante
1761 1384 1848 1424 me

189 1466 368 1534 factus
398 1472 492 1531 est,
539 1463 669 1534 quia
704 1463 865 1534 prior
901 1477 989 1517 me
1031 1463 1140 1532 fuit
1159 1477 1181 1524 ,ο
1211 1475 1368 1526 cum,
1407 1459 1453 1514 si
1497 1458 1670 1513 homo
1715 1461 1842 1512 tan-

190 1552 492 1607 tummodo
523 1549 809 1617 Christus,
844 1554 975 1622 post
989 1549 1276 1605 Joannem
1301 1551 1495 1615 natus,
1520 1551 1652 1602 ante
1676 1546 1848 1602 Joan-

191 1657 322 1698 nem
353 1657 481 1697 esse
513 1657 625 1697 non
660 1641 862 1711 possit.
888 1639 1002 1695 nisi
1033 1638 1310 1711 quoniam
1343 1636 1528 1705 illum,
1555 1653 1671 1709 qua
1691 1635 1845 1692 Deus

1959 479 2095 533 vidit
2125 479 2293 534 Deum
2318 484 2343 532 .9
2371 479 2530 548 (Ibid.
2564 481 2675 552 46.)
2708 482 3014 550 Quoniam,
3050 485 3099 540 si
3150 485 3323 542 homo
3361 492 3623 546 tantum-

1960 567 2131 622 modo
2156 567 2444 638 Christus,
2468 569 2653 624 Deum
2678 569 2868 626 videre
2882 589 2995 627 non
3029 575 3238 646 potuit,
3265 576 3404 647 quia
3440 578 3626 636 Deum

1960 671 2130 710 nemo
2161 655 2468 712 hominum
2503 658 2677 713 vidit:
2714 659 2762 715 si
2794 665 2988 716 autem
3022 663 3164 720 dum
3217 681 3284 719 ex
3344 671 3454 720 Deo
3513 671 3625 738 est,

1958 744 2140 800 Deum
2173 745 2336 816 vidit,
2387 747 2519 818 plus
2541 762 2602 801 se
2639 764 2814 818 quam
2875 749 3200 820 hominem,
3250 754 3391 810 dum
3443 755 3627 813 Deum

1955 833 2118 902 vidit,
2147 834 2394 908 intelligi
2427 835 2626 891 voluit.
2660 837 2717 891 Si
2749 837 2922 894 homo
2985 844 3400 899 tantummodo
3461 845 3628 901 Chri-

1957 929 2107 992 stus,
2139 940 2244 978 cur
2272 923 2438 979 dicit:
2493 925 2660 992 Quid,
2708 927 2780 981 sit
2825 927 3070 984 videritis
3126 931 3329 987 Filium
3385 933 3624 991 hominis

1955 1013 2332 1069 ascendentem
2353 1014 2487 1069 illuc
2506 1015 2602 1069 ubi
2622 1020 2751 1070 ante
2779 1024 2904 1071 erat
2961 1018 3121 1087 (Ibid.
3175 1021 3292 1092 62)
3342 1024 3621 1080 Ascendit

1957 1107 2150 1158 autem
2181 1103 2241 1158 in
2273 1103 2479 1158 cmlum
2507 1121 2520 1158 :
2563 1103 2643 1158 ibi
2673 1120 2807 1176 ergo
2842 1105 2973 1173 fuit,
3007 1107 3149 1163 dum
3173 1107 3312 1166 illuc
3343 1113 3494 1167 redit
3515 1113 3616 1170 ubi

1954 1193 2120 1264 prius
2144 1192 2275 1249 fuit.
2308 1193 2470 1256 Quod
2520 1191 2569 1248 si
2616 1193 2686 1248 de
2734 1193 2876 1250 coelo
2915 1197 3028 1266 (94)
3083 1197 3303 1254 missus
3353 1217 3386 1255 a
3447 1202 3612 1259 Patre

1954 1286 2062 1349 est,
2096 1298 2212 1337 non
2238 1282 2441 1353 utique
2469 1281 2644 1337 homo
2676 1286 2903 1338 tantum
2935 1289 3024 1340 est
3054 1303 3068 1341 :
3103 1285 3280 1342 homo
3303 1291 3485 1356 enim,
3548 1295 3613 1348 ut

1955 1370 2231 1440 diximus,
2258 1370 2329 1426 de
2350 1370 2492 1426 coelo
2517 1370 2712 1427 venire
2743 1389 2857 1427 non
2891 1374 3098 1444 potuit.
3133 1375 3257 1431 Non
3316 1377 3497 1450 igitur
3525 1379 3608 1435 ibi

1955 1463 2090 1514 ante
2118 1459 2293 1514 homo
2326 1459 2454 1526 fuit,
2487 1461 2588 1514 sed
2629 1459 2767 1516 illuc
2826 1463 3088 1518 ascendit
3145 1465 3245 1520 ubi
3298 1483 3411 1522 non
3473 1469 3606 1524 fuit.

1959 1548 2263 1604 Descendit
2291 1553 2487 1604 autem
2520 1548 2614 1604 Dei
2649 1549 2945 1621 Verbum,
2972 1553 3126 1624 quod
3160 1553 3239 1608 ibi
3285 1555 3418 1621 fuit,
3473 1557 3610 1614 Ver-

1954 1636 2116 1705 bum,
2149 1637 2411 1708 inquam,
2445 1636 2545 1692 Dei
2575 1641 2632 1693 et
2663 1638 2816 1695 Deus
2867 1656 2966 1710 per
3025 1657 3202 1713 quem
3263 1643 3412 1701 facta
3465 1651 3608 1702 sunt

189 1734 292 1800 est,
337 1734 471 1786 ante
501 1728 842 1802 praeessit?
865 1728 924 1784 Si
951 1729 1126 1784 homo
1148 1726 1556 1783 tantummodo
1578 1724 1844 1780 Christus
1877 1759 1923 1825 Β
1951 1732 2171 1795 omnia,
2192 1732 2250 1783 et
2277 1728 2402 1782 sine
2422 1744 2536 1800 quo
2573 1727 2790 1784 factum
2826 1733 2916 1785 est
2953 1730 3101 1786 nihil
3131 1733 3280 1789 9“
3347 1735 3533 1807 (Joan.
3567 1753 3608 1810 ι,

191 1820 482 1892 quomodo
513 1821 696 1892 (Joan.
730 1835 783 1886 ν,
845 1819 931 1886 19)
980 1834 1098 1890 qua:
1142 1821 1308 1872 Pater
1352 1817 1506 1887 facit,
1565 1824 1616 1870 et
1667 1815 1844 1870 Filius
1877 1815 1920 1825 “’
1952 1817 2031 1886 3.)
2061 1816 2184 1873 Non
2217 1816 2397 1872 iditur
2419 1817 2593 1873 homo
2630 1817 2765 1874 inde
2798 1819 2880 1874 sic
2932 1819 3044 1892 (95)
3088 1821 3160 1877 de
3204 1823 3366 1880 ccelis
3413 1825 3606 1895 venit;

188 1911 323 1979 facit
352 1909 634 1977 similiter,
660 1925 794 1964 cum
826 1907 1000 1963 homo
1033 1906 1367 1962 cmleslibus
1417 1903 1691 1976 operibus
1739 1903 1843 1959 Dei

189 1997 405 2053 similia
441 2015 616 2070 opera
646 1998 830 2054 facere
863 2015 977 2053 non
1011 1995 1232 2069 possit?
1262 1995 1317 2050 Si
1357 1995 1528 2050 homo
1585 1997 1844 2049 tantum-

189 2088 363 2143 modo
397 2087 685 2155 Christus,
718 2087 1010 2159 quomodo
1065 2088 1207 2141 sicut
1268 2089 1430 2139 Pater
1477 2085 1540 2138 in
1587 2099 1643 2139 se
1676 2085 1846 2138 vitam

187 2177 367 2244 habet,
429 2179 508 2232 ita
556 2176 704 2233 dedit
761 2177 900 2232 Filio
946 2178 1116 2230 vitam
1174 2175 1376 2229 habere
1432 2175 1493 2228 in
1555 2174 1842 2244 semetipso

186 2268 368 2335 (Joan.
399 2283 454 2336 v,
487 2268 558 2320 26
583 2282 595 2322 :
621 2282 754 2322 cum
784 2264 1048 2337 exemplo
1089 2263 1276 2320 Patris
1308 2263 1407 2319 Dei
1448 2263 1622 2318 homo
1669 2262 1729 2317 in
1780 2279 1842 2318 se

185 2359 366 2411 vitam
407 2354 622 2411 habere
651 2372 765 2410 non
791 2354 996 2426 possit,
1029 2370 1164 2411 cum
1190 2370 1305 2408 non
1337 2352 1397 2407 in
1421 2351 1741 2407 aeternitate
1765 2350 1843 2407 sit

181 2444 498 2518 gloriosus,
531 2445 628 2500 sed
661 2445 720 2499 in
755 2443 994 2500 materia
1026 2440 1401 2498 mortalitatis
1432 2440 1670 2496 etl'ectus
1691 2442 1719 2495 ‘I
1777 2440 1837 2497 Si

180 2535 361 2590 homo
391 2534 800 2589 tantummodo
829 2532 1118 2601 Christus,
1149 2531 1440 2602 quomodo
1473 2530 1646 2585 refert
1672 2545 1684 2584 :
1730 2531 1838 2600 Ego

183 2639 310 2678 sum
342 2623 508 2694 panis
539 2624 667 2679 vita?
697 2629 914 2676 wternae
952 2623 1048 2692 qui
1077 2620 1142 2675 de
1199 2620 1327 2674 caelo
1357 2618 1622 2674 descendi
1651 2619 1831 2690 (Joan.

173 2729 246 2777 v,.
279 2711 419 2783 54);
453 2727 586 2766 cum
618 2727 806 2782 neque
840 2709 1005 2782 panis
1034 2708 1159 2763 vitae
1208 2708 1382 2764 homo
1441 2724 1570 2763 esse
1628 2708 1831 2780 possit.

177 2800 301 2872 ipse
350 2798 631 2869 mortalis,
671 2815 777 2855 nec
809 2799 878 2854 de
927 2796 1068 2853 cmlo
1121 2796 1504 2867 descenderit,
1568 2797 1730 2852 nulla
1773 2797 1833 2853 in

174 2888 320 2943 coelo
355 2889 676 2944 constituta
704 2887 950 2942 materia
982 2885 1316 2959 fragilitatis
1339 2886 1366 2940 ?
1393 2885 1448 2941 Si
1481 2885 1654 2941 homo
1704 2890 1832 2942 tan-

1954 1907 2054 1962 sed
2096 1907 2195 1963 Dei
2224 1907 2446 1974 Sermo,
2479 1907 2538 1962 id
2560 1911 2646 1963 est
2677 1907 2852 1978 Deus,
2886 1907 3021 1965 inde
3055 1910 3374 1969 descendit.

2406 1995 2643 2052 CAPUT
2685 1996 2800 2066 xv,
2831 1999 2907 2052 al.
2941 1997 3146 2055 XXIII.

2023 2087 2262 2141 Rursum
2291 2101 2361 2140 ex
2391 2086 2690 2154 Evangelia
2723 2087 3000 2142 Christum
3048 2089 3222 2145 Deum
3266 2094 3600 2164 comprobat.

2023 2174 2082 2230 Si
2114 2174 2288 2229 homo
2343 2175 2750 2230 tantummodo
2809 2175 3099 2245 Christus,
3151 2181 3446 2251 quomodo
3520 2183 3604 2241 ait

1951 2265 2130 2336 (Joan,
2166 2305 2180 2328 ,
2208 2281 2335 2331 VIII,
2369 2264 2454 2333 14,
2489 2263 2576 2334 45)
2611 2264 2764 2321 :Elsi
2783 2281 2878 2335 ego
2924 2266 2991 2321 de
3044 2283 3132 2323 me
3177 2269 3460 2342 testiﬁcor,
3513 2289 3602 2329 ve-

1949 2372 2073 2410 rum
2100 2362 2176 2411 est
2198 2353 2574 2410 testimonium
2602 2369 2802 2423 meum,
2836 2355 2974 2425 quia
3001 2358 3114 2413 scio
3154 2357 3302 2415 unde
3357 2363 3601 2418 venerim

1948 2449 2122 2516 etquo
2178 2460 2300 2498 eam
2316 2460 2337 2504 ;
2395 2459 2484 2498 vos
2540 2443 2814 2513 ignoratis
2862 2445 3015 2501 unde
3063 2450 3309 2504 venerim
3338 2459 3435 2506 aut
3493 2467 3599 2524 quo

1945 2551 2068 2590 eam
2099 2534 2214 2605 99),
2248 2549 2336 2588 vos
2363 2532 2666 2587 secundum
2720 2549 2947 2589 carnem
2991 2535 3283 2606 judicatis.
3339 2539 3482 2595 Ecce
3538 2543 3598 2596 et

1945 2623 2038 2678 hic
2068 2621 2208 2677 illuc
2265 2638 2327 2677 se
2356 2621 2498 2676 dicit
2550 2620 2898 2693 rediturum,
2957 2625 3111 2680 unde
3141 2642 3202 2681 se
3249 2627 3599 2684 testiﬁcatur

1945 2716 2080 2768 ante
2109 2710 2359 2781 venisse,
2420 2709 2650 2766 nissum
2704 2710 2925 2766 scilicet
2963 2714 3034 2768 de
3075 2715 3238 2770 ccslo.
3291 2719 3600 2776 Descendit

1943 2817 2079 2873 ergo
2111 2799 2268 2855 unde
2298 2798 2473 2864 venit,
2507 2799 2798 2870 quomodo
2830 2798 2970 2856 illuc
2996 2802 3156 2857 vadit
3177 2804 3330 2860 unde
3352 2806 3592 2862 descen-

1945 2891 2046 2946 dit.
2083 2890 2161 2944 Ex
2187 2905 2322 2960 quo,
2357 2887 2405 2943 si
2437 2887 2612 2943 homo
2648 2890 3057 2946 tantummodo
3088 2890 3358 2949 Christus
3417 2901 3594 2965 esset,

175 2977 488 3032 tummodo
535 2975 823 3047 Christus,
883 2975 1174 3047 quomodo
1235 2973 1368 3045 dici,
1432 2976 1562 3045 quia
1609 2977 1834 3032 Patrem
1941 2997 2055 3036 non
2085 2979 2221 3033 inde
2251 2976 2552 3032 venisset:
2615 2979 2786 3048 atque
2845 2978 2974 3034 ideo
3025 2995 3129 3036 nec
3183 2979 3325 3037 illuc
3383 2984 3590 3055 abiret,

1482 3083 1795 3145 Gallandii
1825 3086 2336 3150 commentarius.
2391 3111 2396 3116 “

246 3184 368 3254 (93)
396 3182 621 3252 Negari.
656 3183 822 3239 Forte
853 3197 1062 3252 negare
1101 3200 1116 3236 :
1151 3181 1251 3237 sed
1285 3180 1430 3236 nihil
1464 3183 1838 3242 mutandum.
1871 3189 1914 3256 C
1953 3187 2187 3244 schedis
2211 3186 2281 3241 ad
2302 3184 2534 3256 propria
2566 3183 2692 3240 loca
2722 3185 2998 3241 reductis.
3033 3189 3397 3247 WELCHMAN.
3443 3223 3508 3233 --
3531 3193 3596 3250 In

179 3256 432 3312 ἔλειξεοΝ
441 3296 454 3310 .

251 3327 374 3398 (94)
402 3323 550 3394 Quod
579 3325 628 3398 si
657 3325 720 3379 de
739 3324 890 3392 cado,
923 3328 1031 3398 etc.
1071 3323 1126 3378 ln
1171 3322 1449 3378 omnibus
1484 3323 1675 3398 editis,
1710 3330 1842 3397 post

181 3396 362 3454 verba
392 3398 488 3451 ubi
515 3397 675 3467 prius
704 3397 831 3463 fuit,
863 3396 1142 3451 continuo
1173 3402 1538 3466 sequuntur:
1601 3397 1682 3451 Ea:
1713 3396 1839 3469 iquo

174 3485 384 3524 manus
409 3484 633 3540 ponere,
662 3470 920 3539 figuram
945 3471 994 3540 et
1022 3469 1259 3538 formam
1280 3471 1535 3536 futuram
1561 3471 1840 3540 passionis

171 3543 485 3596 ostendens.
518 3541 680 3594 Nemo
711 3542 882 3610 igitur
917 3539 1193 3594 Christum
1221 3540 1363 3610 sicut
1410 3539 1673 3608 Angelum
1727 3558 1837 3595 non

169 3614 393 3668 dubitat
416 3614 619 3680 dicere,
651 3618 758 3665 etc.
792 3609 865 3664 Ut
895 3611 1150 3681 primum
1183 3610 1303 3666 haec
1327 3609 1590 3680 legerim,
1640 3611 1838 3667 obstu-

167 3685 288 3756 pui.
334 3683 802 3756 Quorsum‘enim
826 3681 969 3756 haec,
993 3683 1664 3756 Esquogmanusponere,
1697 3688 1838 3752 etc.,

167 3753 224 3811 et
251 3755 400 3827 quid
439 3755 608 3810 nobis
630 3753 860 3827 hicﬂloci
893 3770 1028 3827 cum
1059 3754 1259 3827 Angela
1307 3754 1538 3820 Christo,
1601 3754 1672 3827 de
1721 3771 1836 3826 quo

163 3825 460 3882 hactenus
481 3831 666 3881 altum
685 3825 986 3880 silentium
1007 3826 1035 3880 ‘I
1067 3825 1212 3888 Quid
1249 3830 1443 3878 actum
1474 3829 1562 3879 est
1607 3825 1678 3880 de
1711 3825 1835 3881 om-

162 3900 351 3954 nibus
382 3898 686 3966 exemplis,
719 3897 791 3952 de
823 3897 1040 3966 quibus
1065 3913 1200 3952 mox
1247 3895 1555 3966 loquitur?
1590 3899 1654 3951 At
1701 3913 1836 3952 cum

167 3974 358 4043 caput
388 3971 475 4043 23,
504 3968 639 4043 edit.
676 3968 911 4043 Pe_mel_ii
941 3968 1269 4043 attigeram,
1300 3972 1717 4043 argumentum
1768 3969 1839 4024 de

167 4039 410 4098 Ch'risto
439 4042 553 4096 Deo
584 4039 762 4095 simul
787 4045 843 4095 et
862 4039 1098 4096 homine
1119 4039 1523 4110 intempestive
1544 4039 1636 4094 hic
1658 4039 1838 4094 inter-

166 4115 453 4181 missum,
487 4111 956 4183 intempestivius
1002 4111 1122 4183 illic
1181 4112 1581 4183 instauratum
1632 4111 1836 4183 reperi.

168 4183 440 4241 Ulterius
477 4200 648 4256 porro
672 4181 955 4254 pergenti,
1005 4181 1287 4256 varia_de
1337 4181 1564 4238 Christo
1595 4181 1838 4256 (An—gelo

163 4255 442 4326 exempla
469 4253 847 4312 occurrerunt
893 4270 1077 4326 usque
1129 4253 1202 4310 ad
1243 4254 1421 4309 ﬁnem
1480 4253 1836 4326 capitisf27,

166 4329 266 4384 ubi
289 4325 368 4383 de
389 4326 605 4383 Jacobo
628 4325 995 4382 transversas
1008 4341 1219 4382 manus
1241 4325 1493 4382 Manassi
1519 4325 1843 4397 etEphrai-

165 4416 265 4456 mo
302 4398 631 4471 imponenti
653 4398 885 4471 agitur;
919 4403 976 4454 et
1027 4402 1201 4471 caput
1231 4397 1486 4471 idemum
1545 4396 1840 4454 clauditur

165 4416 265 4456 mo
302 4415 885 4471 Imponenuaguur;
919 4415 976 4454 et
1027 4415 1094 4454 ca
1138 4415 1201 4452 ut
1249 4415 1486 4453 oemum
1545 4415 1840 4454 cIaunItur

165 4471 488 4540 sententia,
523 4472 593 4526 ad
629 4487 807 4542 quam
839 4469 961 4525 haec
995 4415 1186 4536 verba,
1221 4470 1321 4542 Ex,
1350 4485 1452 4540 quo
1493 4484 1693 4542 manus
1716 4485 1840 4542 Apo—

163 4559 322 4612 nere,
360 4539 496 4609 etc.,
528 4539 782 4597 maxime
811 4545 1077 4613 spectant
1104 4557 1118 4597 :
1143 4539 1369 4613 capitis
1416 4555 1550 4596 vero
1602 4539 1833 4596 initium

159 4617 233 4669 28
270 4630 673 4686 nequaquam.
707 4617 776 4668 At
800 4612 934 4686 vero
966 4613 1087 4668 haec
1117 4612 1348 4686 aliaque
1382 4627 1509 4686 quas
1538 4627 1838 4686 recensere

167 4683 635 4758 nimis—longum
667 4690 853 4758 esset,
870 4684 1248 4758 observarim,
1279 4683 1435 4738 haud
1470 4683 1840 4758 mediocriter

165 4759 443 4830 gavisus,
482 4754 810 4830 s_um,quod
842 4757 1016 4830 istam
1041 4756 1173 4811 libri
1194 4759 1420 4830 partem
1455 4770 1631 4826 quam
1665 4754 1835 4826 quasi

169 4827 418 4909 penitus
449 4827 732 4909 amissam
764 4827 1544 4909 deploraveram’nintegram
1586 4843 1747 4908 sane,
1767 4830 1840 4909 _et

170 4899 304 4957 loco
333 4900 524 4956 solum
559 4900 747 4955 alieno
774 4899 1046 4972 positam,
1108 4900 1342 4972 tandem
1395 4899 1736 4972 invenerim.
1766 4903 1841 4972 De

169 4989 363 5028 causa
393 4977 591 5029 autem
616 4970 791 5026 tantas
811 4972 990 5043 hujus
1007 4971 1366 5027 confusionis
1383 4970 1513 5026 dein
1538 4970 1838 5094 cogitanti,

169 5044 348 5094 nulla
380 5044 522 5094 mihi
545 5050 663 5094 tam
696 5045 1016 5094 probabilis
1037 5045 1160 5094 visa
1181 5049 1286 5094 est.
1326 5059 1498 5094 uuam
1523 5041 1620 5094 bih
1653 5041 1838 5094 ionetzi

169 5044 348 5100 nulla
379 5044 523 5099 mihi
545 5050 663 5099 tam
696 5041 1016 5114 probabilis
1037 5045 1160 5099 visa
1181 5049 1286 5111 est,
1326 5059 1498 5114 quam
1523 5041 1840 5113 bibliopegi

170 5117 448 5172 incuria:
484 5116 578 5186 qui
613 5112 1020 5172 codicisistius
1052 5134 1119 5171 ex
1145 5133 1260 5186 quo
1291 5112 1487 5169 omnia
1522 5131 1648 5186 qua:
1689 5112 1843 5169 nunc

170 5189 471 5243 habemus
501 5185 854 5258 exemplaria
886 5185 1220 5256 manarunt,
1277 5201 1458 5240 unum
1519 5185 1842 5240 alterumve

167 5258 634 5330 quaternionem
673 5257 835 5315 extra
883 5259 1145 5315 ordinem
1183 5273 1357 5313 suum
1394 5257 1726 5330 conjecerit.
1750 5257 1844 5310 At-

168 5327 291 5403 que
328 5330 450 5386 haec
480 5347 547 5386 eo
580 5331 936 5402 probabilior
985 5331 1106 5386 visa
1136 5334 1243 5394 est,
1281 5327 1842 5403 Δ(ιιιοά-ρειςῇιιαιιιιιιιι

159 5395 597 5474 ν’θιοευιιηιίιιιό
643 5404 698 5457 in
745 5408 990 5474 utraque
1038 5406 1199 5473 parte
1247 5395 1330 5455 sic
1363 5395 1516 5474 male
1538 5395 1842 5474 cellocata,

166 5492 284 5546 par
318 5474 440 5528 fere
461 5469 545 5546 sit
568 5490 871 5528 numerus.
900 5469 1224 5543 'Uctunque
1254 5487 1386 5546 vero
1419 5470 1476 5524 id
1536 5470 1634 5546 sit,
1664 5469 1846 5546 sche-

163 5540 396 5602 darum
427 5545 691 5600 ordinem
733 5545 1032 5602 turbatum
1064 5540 1192 5600 esea
1245 5540 1388 5598 satis
1448 5545 1714 5610 constat;
1767 5546 1844 5610 et,

170 5617 401 5676 exinde
428 5615 686 5672 difﬁcilis
717 5621 774 5671 et
805 5618 1053 5673 obscura
1085 5616 1238 5672 facta
1269 5617 1357 5668 est
1388 5612 1739 5686 Disputatio,
1768 5613 1846 5669 fa-

171 5689 321 5749 cilis
357 5687 500 5746 alias
530 5692 585 5745 et
617 5693 836 5761 aperta,
879 5689 965 5746 uti
987 5704 1142 5747 nunc
1179 5686 1395 5747 iterum
1443 5684 1674 5747 reddita
1738 5689 1844 5759 est,

517 5815 782 5879 ΡΑτιιοι..
827 5815 932 5884 ιιι.

1951 3259 2213 3316 eamdem
2227 3255 2575 3312 sententiam
2594 3259 2726 3328 post
2742 3257 2939 3312 Welch
2949 3275 3185 3314 manum
3210 3261 3334 3316 abit
3352 3262 3596 3320 Jackso-

1948 3348 2082 3386 nus.
2117 3335 2265 3384 Ante
2299 3333 2614 3399 utrumque
2642 3344 2777 3383 vero
2804 3329 3092 3399 ejusmodi
3115 3332 3591 3391 confusionemin

1946 3402 2262 3458 Novatiano
2294 3401 2472 3470 probe
2502 3404 2739 3454 noverat
2767 3400 3088 3457 Cotelerius
3107 3403 3165 3457 in
3191 3409 3417 3460 Monum
3446 3407 3589 3462 Eccl.

1947 3474 2061 3550 Gr_.,
2095 3471 2342 3550 tom_lll,
2379 3487 2506 3550 pag.
2539 3472 2664 3540 634,
2691 3472 2796 3550 ubi
2845 3479 2901 3526 et
2940 3475 3213 3550 auctoris
3269 3493 3417 3548 opus
3463 3495 3594 3550 per-

1949 3543 2189 3601 mistum
2223 3544 2281 3598 in
2314 3543 2576 3615 ordinem
2610 3543 2870 3615 redigere
2901 3545 3146 3602 studuit.
3179 3543 3355 3603 Porro
3389 3543 3591 3606 ut'cla-

1946 3617 2068 3700 rius
2101 3614 2672 3700 pateat‘mutat‘iohis
2701 3614 2846 3670 ratio
2880 3617 3128 3700 novique
3168 3620 3388 3676 ordinis
3421 3622 3596 3678 resti-

1944 3686 2117 3753 tutio,
2139 3686 2412 3742 tabellam
2431 3686 2802 3756 subjicimus,
2827 3703 2944 3758 qua
2959 3686 3136 3744 editio
3160 3697 3361 3748 nostra
3389 3692 3598 3750 collata

1945 3779 2076 3816 cum
2111 3759 2446 3815 Pameliana
2473 3757 2800 3814 exhibetur.

2087 3884 2234 3940 Edit.
2256 3898 2379 3938 nov.
2993 3883 3128 3942 Edit
3149 3887 3408 3942 Pamelii.

2089 3973 2279 4028 CAPUT
2317 3987 2410 4025 xv.
2501 4011 2516 4028 .
2597 4010 2611 4027 .
2687 3975 2830 4027 est.
2911 4011 2927 4030 .
3005 4013 3021 4028 .
3095 3991 3257 4030 xxm.

2302 4059 2416 4097 XVI.
2509 4083 2522 4097 .
2606 4085 2619 4098 .
2701 4084 2713 4097 .
2807 4086 2819 4099 .
2901 4085 2914 4098 .
3013 4087 3024 4100 .
3103 4060 3258 4101 XXIV.

2301 4130 2440 4168 XVII.
2512 4155 2526 4168 .
2609 4154 2622 4168 .
2704 4153 2716 4167 .
2798 4155 2810 4168 .
2893 4157 2905 4170 .
3008 4157 3022 4169 .
3098 4133 3227 4172 XXV.

2299 4201 2463 4241 XVIII.
2509 4225 2523 4241 .
2603 4225 2619 4241 .
2699 4227 2714 4244 .
2791 4226 2806 4244 ο
2887 4225 2902 4241 ο
3012 4227 3026 4240 .
3101 4204 3254 4246 XXVI.

2298 4273 2415 4312 XIX.
2497 4299 2511 4312 .
2593 4297 2605 4312 .
2689 4300 2701 4314 .
2786 4299 2798 4311 .
2875 4295 2892 4313 ο
3007 4299 3020 4312 .
3098 4276 3268 4317 XXVII.

2308 4345 3194 4388 XX.......XV.

2300 4417 2892 4456 XXI......
3007 4419 3214 4459 .XVI.

2301 4487 2439 4525 XXII.
2494 4513 2506 4525 .
2591 4511 2604 4526 .
2692 4511 2704 4525 .
2786 4513 2799 4527 .
2879 4513 2893 4526 .
3011 4513 3024 4526 .
3100 4490 3237 4530 XVII.

2300 4557 2504 4597 XXIII..
2589 4583 2602 4596 .
2681 4583 2693 4597 .
2775 4583 2788 4598 .
2869 4583 2882 4596 .
3000 4583 3014 4598 .
3090 4562 3251 4602 XVIII.

2300 4629 2503 4668 XXIV..
2587 4651 2600 4665 .
2682 4656 2696 4670 .
2777 4655 2790 4668 .
2872 4657 2884 4670 .
3000 4657 3013 4670 .
3091 4635 3188 4673 XIX

2301 4700 3183 4746 XXV.......XX.

2303 4773 2502 4811 XXVI..
2582 4797 2595 4811 .
2676 4799 2690 4812 .
2771 4800 2784 4814 .
2865 4799 2879 4814 .
2997 4799 3010 4813 .
3088 4778 3205 4817 XXI.

2302 4844 2490 4884 XXVII.
2581 4871 2596 4885 .
2687 4870 2700 4884 .
2783 4871 2796 4885 .
2879 4873 2892 4886 .
2999 4871 3013 4885 .
3099 4849 3234 4889 XXII.

1949 4972 2164 5046 Caetera
2223 4969 2426 5026 eodem
2467 4969 2787 5040 procedunt
2825 4970 3029 5028 ordine
3075 4971 3133 5026 in
3177 4977 3433 5046 utraque
3491 4973 3615 5030 edi-

1950 5045 2127 5098 tione.

2025 5110 2486 5190 (95)Sic_.__Ncscio
2519 5111 2657 5182 quid
2685 5111 2806 5168 vult
2837 5113 2929 5169 hic
2959 5131 3066 5170 vox
3105 5117 3202 5171 sic.
3266 5116 3606 5190 Degendum

1952 5182 2124 5256 puto,
2159 5184 2373 5238 scilicet
2404 5182 2679 5238 Jacxsou.

2023 5256 2266 5330 (96)_Vos
2289 5255 2557 5330 ignoratis
2578 5255 2722 5310 unde
2740 5258 3002 5330 venerim,
3035 5262 3133 5313 aut
3151 5273 3257 5330 quo
3286 5256 3614 5330 eaquliis

1952 5325 2116 5383 deest
2146 5326 2252 5382 hoc
2273 5325 3018 5396 membrumtextus[habet
3040 5325 3237 5386 tamen
3265 5327 3612 5455 Pameliusz;

1953 5399 2054 5454 sed
2089 5397 2316 5454 incuria
2348 5397 2572 5455 scribae.
2610 5402 2672 5452 ut
2701 5415 2806 5455 ego
2856 5405 3013 5455 nuto.
3065 5407 3302 5455 nronter
3356 5400 3552 5455 ὁμοιοτ
3589 5430 3612 5446 -

1953 5399 2054 5474 sed
2089 5397 2316 5474 incuria
2348 5397 2672 5474 scribae,_ut
2701 5415 2806 5469 ego
2855 5405 3013 5474 puto,
3046 5400 3552 5474 propterﬂgipotoc

1955 5467 2172 5544 Icujccv.
2205 5467 2528 5544 QuaAetiam
2561 5467 2632 5523 de
2662 5467 3099 5544 caiisa—deestih
3131 5467 3267 5529 edit.
3297 5467 3618 5544 Wélcbm.,

1957 5542 2071 5599 nisi
2105 5541 2202 5596 ille
2232 5539 2625 5597 omittendum
2676 5541 2980 5611 judicarit.
3048 5549 3214 5602 Certe
3257 5545 3466 5603 habuit
3514 5539 3622 5601 no:-

1956 5618 2078 5671 ster
2106 5614 2162 5671 in
2191 5611 2407 5683 codice,
2440 5615 2505 5668 ut
2536 5627 2603 5668 ex
2653 5613 3036 5686 sequentibus
3078 5615 3458 5677 manifestum
3504 5619 3618 5691 est,

1958 5691 2046 5747 In.

3219 5813 3302 5901 30.

4037 301 4050 316 ο

4035 923 4040 932 ι

4035 1009 4040 1020 I

4037 1031 4048 1038 .

4045 1091 4054 1104 α

4039 1197 4054 1206 ,.

4045 1307 4052 1320 ξ

4055 1385 4060 1402 t

4035 1471 4054 1480 ιι

4057 1967 4064 1974 .

4035 2063 4040 2076 ν

4035 2509 4042 2516 .

4039 2537 4042 2544 .

4037 3011 4046 3018 ι

4069 4157 4073 4247 4
