4102 6180
537 300 657 363 939
1580 296 1926 359 NOVATIA
1939 298 1987 356 N
1996 297 2017 357 Ι
2063 294 2558 358 PltESBYTEBI
2606 295 2908 359 ROMANI
3748 316 3833 379 940

539 433 820 506 quoniam
837 449 951 489 non
983 433 1119 488 inde
1144 430 1418 488 venisset.
1466 430 1762 487 Veniendo
1794 434 1989 486 autem
2019 429 2176 494 inde,
2209 434 2261 498 Α
2289 432 2696 486 tantummodo
2725 431 3010 496 Christus,
3047 433 3339 504 quomodo
3373 436 3536 494 dicit:
3565 445 3656 513 Ego
3679 459 3734 501 ex
3765 451 3838 507 υεο

542 524 699 580 unde
730 523 906 581 homo
929 522 1127 580 venire
1157 538 1275 576 non
1324 523 1536 593 potest,
1585 518 1771 576 Deum
1804 537 1866 575 se
1939 518 2193 575 ostendit
2295 521 2486 592 prodii
2504 524 2556 575 et
2579 523 2702 577 veni
2732 521 2912 590 (Joan.
2937 538 3058 589 VIII,
3091 523 3195 590 42;
3227 539 3334 584 xvr.
3355 525 3460 596 20),
3510 545 3626 587 cum
3671 545 3840 596 constet

539 614 792 671 venisse.
833 611 942 668 Sed
973 610 1129 668 enim
1161 609 1338 681 hujus
1371 609 1556 682 ipsius
1579 607 1978 665 descensionis
2005 609 2190 680 ignari
2301 609 2597 666 hominem
2629 628 2661 666 a
2692 611 2808 666 Deo
2840 611 3056 666 factum
3099 627 3249 677 esse,
3284 629 3390 669 non
3433 632 3495 672 ex
3543 620 3640 675 Deo
3671 640 3843 694 procas.

545 708 603 762 et
629 701 888 776 imperiti
908 699 1112 772 Judaei,
1144 699 1402 756 heredes
1429 699 1543 755 sibi
1573 698 1875 756 hareticos
1905 698 2048 754 istos
2067 698 2191 754 red-
2300 700 2491 756 sisse?
2521 717 2590 756 ex
2621 704 2732 756 Deo
2763 705 2958 756 autem
2983 701 3156 757 homo
3177 705 3451 773 quomodo
3481 724 3579 762 non
3603 716 3837 782 processit,

543 793 840 862 diderunt,
865 789 1083 864 quibus
1105 789 1351 847 dicitur:
1379 788 1474 847 Vos
1496 789 1770 859 ignoratis
1791 789 1932 844 unde
1952 789 2188 858 veniam,
2298 788 2384 844 sic
2411 789 2510 844 Dei
2568 790 2822 845 Verbum
2880 791 3202 861 processit;
3264 791 3330 847 de
3376 810 3479 864 quo
3516 797 3704 854 dictum
3749 808 3842 859 est:

544 892 601 940 et
630 898 735 954 quo
763 897 920 938 eam:
973 895 1064 936 vos
1093 879 1395 936 secundum
1425 895 1647 934 carnem
1663 877 1946 950 judicatis
1976 877 2182 950 (Ibid.).
2296 880 2579 934 Eruetavit
2607 895 2699 935 cor
2722 895 2900 935 meum
2939 880 3170 936 Verbum
3200 882 3392 937 bonum
3425 883 3579 954 (Psat.
3629 904 3749 959 mi,
3782 891 3842 960 2).

538 973 683 1028 Tam
705 970 804 1026 isti
835 986 1012 1041 quam
1043 967 1231 1024 Judaei
1283 967 1577 1024 carnalem
1646 966 1832 1023 solam
1889 967 2002 1039 (97)
2057 982 2186 1023 esse
2293 968 2453 1033 Quod
2486 969 2763 1041 quoniam
2795 987 2864 1026 ex
2893 975 3007 1026 Deo
3042 973 3149 1038 est,
3187 971 3384 1029 merito
3417 977 3471 1027 et
3524 977 3660 1046 apud
3708 977 3847 1034 Deum

534 1058 753 1118 Christi
784 1059 1148 1116 nativitatem
1177 1061 1462 1126 tenentes,
1496 1057 1644 1112 nihil
1676 1056 1834 1113 aliud
1883 1056 2181 1112 Christum
2293 1061 2398 1114 est.
2426 1059 2708 1130 Quodque
2765 1059 2904 1131 quia
2925 1076 3041 1115 non
3089 1059 3270 1115 otiose
3337 1061 3603 1133 prolatum
3646 1069 3719 1120 est
3746 1068 3847 1139 (98),

528 1165 659 1207 esse
690 1165 867 1221 quam
899 1148 1200 1204 hominem
1225 1146 1620 1210 crediderunt,
1653 1163 1770 1202 non
1803 1146 2182 1203 consideran-
2291 1147 2498 1203 merito
2529 1147 2726 1203 omnia
2756 1148 2911 1203 facit.
2945 1149 3150 1207 Omnia
3189 1148 3344 1204 enim
3395 1165 3490 1220 per
3545 1153 3702 1223 ipsum
3743 1157 3852 1224 facta

527 1243 614 1297 tes
641 1238 811 1305 illud,
843 1238 1123 1310 quoniam
1155 1255 1291 1294 cum
1319 1238 1389 1294 de
1418 1236 1563 1294 coelo
1581 1236 1756 1292 homo
1779 1253 1894 1292 non
1927 1235 2182 1308 potuerit
2287 1244 2435 1303 sunt,
2467 1239 2520 1292 et
2547 1239 2686 1307 sine,
2708 1239 2824 1309 ipso
2852 1240 3071 1310 factum
3100 1245 3179 1293 est
3206 1238 3355 1294 nihil
3377 1242 3552 1307 (Joan.
3584 1258 3618 1310 ι,
3664 1242 3745 1309 3).⁶
3771 1243 3850 1299 Sed

522 1327 739 1400 venire,
772 1332 837 1382 ut
867 1327 1073 1384 merito
1125 1326 1263 1382 illuc
1305 1330 1501 1398 posset
1549 1325 1757 1396 redire,
1817 1325 2001 1380 Deum
2051 1339 2180 1381 esse
2243 1328 2253 1338 '
2288 1341 2442 1382 enim
2475 1326 2584 1381 hoc
2612 1327 2851 1382 verbum
2884 1344 2986 1400 per
3016 1328 3170 1399 quod
3203 1329 3352 1383 facta
3369 1334 3499 1383 sunt
3529 1329 3701 1384 omnia
3723 1332 3854 1402 [Deus

525 1417 626 1490 qui
656 1416 794 1472 inde
824 1416 1385 1487 descenderit,unde
1429 1414 1604 1470 homo
1647 1415 1843 1470 venire
1903 1430 2016 1469 non
2075 1431 2176 1486 po-
2287 1419 2376 1471 est
2405 1415 2528 1486 (99).
2561 1417 2624 1471 Et
2650 1417 2808 1485 Deus,
2839 1416 3054 1488 inquit,
3097 1420 3216 1472 erat
3279 1417 3517 1482 Verbum,
3563 1422 3692 1474 Deus
3755 1435 3856 1492 ergo

522 1506 724 1563 tuerit.
758 1505 819 1562 Si
849 1505 1020 1562 homo
1063 1504 1470 1560 tantummodo
1531 1503 1823 1573 Christus,
1886 1505 2177 1574 quomodo
2286 1505 2569 1576 processit
2597 1523 2664 1560 ex
2695 1506 2831 1572 Deo,
2866 1506 3007 1561 dum
3035 1509 3135 1578 qui
3170 1507 3446 1578 processit
3500 1507 3697 1575 Sermo,
3743 1513 3855 1564 Deus

523 1595 698 1651 dicit:
742 1597 838 1652 Vos
868 1611 936 1650 ea:
958 1594 1324 1665 inferioribus
1371 1594 1519 1660 estis,
1555 1607 1648 1663 ego
1671 1591 1960 1647 desursum
2013 1608 2180 1657 sum;
2287 1598 2376 1648 est
2404 1594 2504 1665 qui
2557 1594 2843 1667 processit
2890 1611 2959 1649 ex
3028 1600 3162 1650 Deo.
3221 1594 3282 1650 Si
3307 1595 3477 1651 homo
3524 1598 3856 1652 tantummodo

519 1699 612 1741 vos
641 1684 706 1740 de
736 1685 837 1741 hoc
864 1683 1066 1739 mundo
1097 1683 1246 1754 estis,
1271 1698 1364 1753 ego
1393 1698 1503 1736 non
1544 1698 1668 1736 sum
1695 1682 1762 1736 de
1799 1681 1898 1736 hoc
1930 1681 2134 1736 mundo
2154 1683 2180 1734 .9
2285 1683 2572 1754 Christus,
2607 1684 2898 1756 quomodo
2930 1683 3011 1738 ait
3041 1701 3054 1738 :
3088 1683 3151 1740 Si
3177 1687 3299 1757 quis
3323 1685 3542 1740 verbum
3569 1701 3728 1740 meum
3771 1701 3855 1741 ser-

519 1775 698 1847 (Joan.
731 1791 856 1842 vm,
887 1772 1003 1844 23.)
1033 1773 1165 1828 Ideo
1199 1779 1393 1827 autem
1439 1770 1488 1826 si
1510 1771 1705 1825 omnis
1737 1769 1912 1826 homo
1943 1787 2012 1825 ex
2065 1770 2173 1826 hoc
2206 1808 2252 1872 Β
2284 1773 2492 1827 vaverit
2519 1781 2749 1828 mortem
2778 1788 2889 1827 non
2919 1773 3120 1828 videbit
3143 1775 3201 1828 in
3231 1773 3549 1830 mternum?
3577 1775 3726 1844 (Joan.
3767 1791 3859 1840 vni,

518 1864 741 1919 mundo
769 1867 879 1928 est,
903 1867 960 1917 et
978 1863 1110 1917 ideo
1129 1861 1188 1916 in
1221 1861 1328 1916 hoc
1352 1860 1572 1915 mundo
1630 1864 1720 1916 est
1765 1859 2053 1928 Christus,
2097 1875 2170 1914 an
2206 1859 2252 1872 "
2277 1861 2390 1933 51.)
2424 1861 2668 1917 Mortem
2704 1861 2758 1916 in
2793 1867 3074 1918 aeternum
3135 1879 3251 1917 non
3308 1863 3517 1931 videre,
3571 1863 3696 1934 quid
3743 1862 3858 1918 aliud

515 1953 691 2010 homo
708 1952 1118 2008 tantummodo
1151 1949 1286 2005 est?
1318 1949 1505 2004 Absit.
1529 1948 1640 2003 Sed
1672 1949 1975 2004 considera
2014 1949 2170 2020 quod
2280 1967 2460 2022 quam
2494 1951 2904 2007 immortalitas
2925 1952 3052 2007 est?
3084 1951 3496 2008 [inmortalitas
3546 1957 3720 2008 autem
3753 1952 3861 2009 divi-

516 2042 623 2099 ait:
658 2042 1016 2114 Egononsum
1033 2038 1439 2096 dehocmundo.
1461 2037 1758 2109 Numquid
1789 2054 1925 2109 ergo
1960 2039 2169 2093 menti-
2281 2040 2452 2095 nitati
2485 2041 2644 2096 socia
2674 2045 2781 2105 est,
2817 2041 2956 2112 quia
3001 2046 3058 2095 et
3097 2041 3384 2098 Divinitas
3441 2040 3756 2097 immortalis
3781 2047 3858 2107 est,

512 2135 629 2203 tur,
658 2148 790 2186 cum
821 2147 890 2186 ex
917 2129 1027 2185 hoc
1059 2129 1279 2183 mundo
1309 2127 1409 2194 ait,
1444 2126 1490 2181 si
1542 2126 1716 2182 homo
1761 2127 2168 2182 tantummodo
2278 2133 2334 2184 et
2359 2128 2769 2184 immortalitas
2800 2129 3120 2186 divinitatis
3160 2130 3388 2185 fructus
3415 2131 3532 2200 feet.
3583 2130 3684 2186 Sed
3746 2130 3862 2185 enim

516 2221 633 2278 sit?
682 2223 799 2275 Aut
827 2220 876 2275 si
909 2236 1022 2274 non
1047 2217 1352 2284 mentitur,
1387 2233 1501 2271 non
1535 2221 1623 2271 est
1652 2232 1720 2270 ex
1749 2215 1858 2271 hoc
1921 2217 2163 2271 mundo.
2277 2219 2469 2274 omnis
2502 2219 2675 2273 homo
2708 2217 2970 2274 mortalis
3001 2223 3090 2274 est
3120 2245 3133 2286 ;
3166 2218 3577 2274 immortalitas
3615 2222 3778 2274 autem
3813 2234 3861 2272 ex

515 2310 641 2366 Non
699 2326 835 2382 ergo
876 2308 1052 2364 homo
1107 2305 1520 2362 tantummodo
1577 2308 1685 2374 est,
1745 2304 1882 2375 quia
1938 2321 2006 2360 ex
2056 2303 2165 2361 hoc
2277 2306 2508 2363 mortali
2539 2323 2652 2362 non
2687 2311 2875 2378 potest
2905 2323 3051 2363 esse.
3084 2309 3234 2380 Ergo
3289 2325 3358 2363 ex
3412 2308 3632 2364 Christo
3682 2306 3860 2362 homine

516 2400 738 2457 mundo
768 2415 884 2454 non
907 2401 1014 2453 est.
1047 2396 1158 2452 Sed
1181 2413 1256 2450 ne
1283 2394 1490 2450 lateret
1520 2392 1653 2464 quis
1676 2398 1848 2462 esset,
1883 2394 2167 2465 expressit
2276 2395 2506 2451 mortali
2565 2396 2978 2452 immortalitas
3026 2414 3140 2454 non
3189 2402 3384 2469 potest
3434 2399 3609 2453 nasci.
3655 2396 3746 2451 Sed
3787 2396 3863 2463 Qui

517 2491 673 2547 unde
704 2493 892 2546 esset:
926 2489 1052 2559 Ego.
1089 2484 1316 2556 inquit:
1366 2484 1659 2540 desursum
1714 2499 1868 2544 sum;
1899 2483 2006 2538 hoc
2053 2488 2160 2548 est,
2273 2487 2504 2541 verbum
2536 2485 2872 2556 custodierit,
2898 2487 3112 2558 inquit,
3134 2503 3324 2542 meum
3342 2496 3568 2543 mortem
3584 2502 3684 2542 non
3707 2484 3862 2540 videbit

517 2582 588 2639 de
618 2579 782 2650 coelo,
816 2578 972 2634 unde
993 2576 1168 2632 homo
1197 2573 1392 2630 venire
1424 2590 1537 2629 non
1570 2577 1792 2644 potest;
1834 2589 1951 2628 non
2005 2573 2161 2629 enim
2274 2577 2332 2629 in
2363 2584 2653 2632 aeternum.
2691 2576 2835 2648 Ergo
2865 2575 3104 2631 verbum
3147 2576 3368 2632 Christi
3402 2581 3630 2648 prastat
3675 2575 3861 2629 immor-

512 2672 574 2728 in
616 2669 759 2728 caelo
817 2667 1006 2724 factus
1051 2669 1157 2721 est.
1217 2664 1371 2720 Deus
1402 2665 1491 2718 est
1521 2679 1656 2734 ergo
1688 2661 1787 2733 qui
1845 2661 2160 2717 desursum
2271 2665 2555 2720 talitatem
2585 2664 2679 2735 (i),
2714 2668 2770 2720 et
2799 2681 2902 2736 per
2932 2664 3440 2721 immortalitatem
3462 2668 3679 2735 praestat
3704 2662 3862 2718 divini-

509 2763 622 2831 est,
653 2764 712 2815 et
739 2756 952 2812 idcirco
983 2754 1054 2809 de
1083 2752 1192 2808 hoc
1223 2751 1443 2806 mundo
1475 2765 1586 2804 non
1647 2753 1770 2804 est:
1822 2765 2159 2821 quanquam
2269 2757 2464 2809 tatem.
2490 2754 2651 2818 Quod
2684 2753 2854 2808 sinon
2886 2757 3076 2825 potest
3104 2753 3404 2822 exhibere,
3438 2759 3504 2809 ut
3541 2751 3863 2808 immortalem

508 2849 686 2908 etiam
716 2843 1150 2919 quodammodo
1181 2857 1249 2898 ex
1277 2841 1386 2895 hoc
1408 2839 1626 2894 mundo
1676 2842 1805 2905 est;
1854 2839 2009 2893 unde
2042 2856 2157 2895 non
2267 2843 2514 2898 alterum
2574 2843 2748 2897 faciat
2796 2843 2921 2913 ipse
2968 2843 3261 2912 mortalis,
3296 2845 3405 2900 hoc
3458 2848 3643 2899 autem
3696 2841 3860 2896 Christi

501 2939 659 2996 Deus
689 2940 921 2994 tantum
952 2935 1042 2990 est
1083 2930 1372 2997 Christus,
1397 2929 1550 2986 912
1583 2928 1682 2984 sed
1724 2931 1780 2982 et
1826 2927 2023 2983 homo.
2086 2929 2157 2984 Ut
2268 2931 2508 2987 verbum
2543 2931 2775 2986 exhibet
2803 2931 3017 3002 pariter
3039 2937 3096 2988 et
3117 2937 3360 3004 praestat
3381 2931 3864 2989 immortalitatem:

506 3028 737 3096 merito,
771 3023 1066 3098 quomodo
1098 3037 1212 3076 non
1245 3023 1332 3076 est
1362 3035 1430 3074 ex
1451 3017 1558 3074 hoc
1589 3017 1808 3073 mundo
1839 3016 1915 3072 sit
1945 3033 2152 3073 secun-
2264 3021 2418 3076 913
2464 3038 2578 3076 non
2607 3019 2810 3091 utique
2865 3019 3040 3075 homo
3098 3026 3337 3077 tantum
3387 3028 3498 3089 est,
3536 3021 3628 3093 qui
3675 3020 3862 3091 prastat

502 3118 644 3174 dum
673 3114 836 3172 verbi
863 3111 1248 3176 divinitatem,
1275 3109 1356 3163 ita
1381 3124 1449 3162 ex
1477 3107 1585 3162 hoc
1609 3106 1828 3161 mundo
1851 3106 1928 3161 sit
1949 3122 2154 3161 secuu-
2195 3177 2206 3179 Α
2262 3109 2791 3175 immortalitatem;
2822 3124 3020 3179 quam,
3045 3109 3094 3164 si
3123 3109 3711 3165 tantummodohomo
3729 3108 3863 3168 esset,

496 3207 638 3263 dum
669 3202 926 3274 suscepti
955 3199 1214 3271 corporis
1237 3195 1633 3269 fragilitatem:
1664 3195 1962 3262 Homo;est
1990 3195 2148 3250 enim
2180 3177 2221 3244 α
2260 3202 2534 3271 praestare
2557 3215 2672 3252 non
2704 3177 2902 3269 posset
2928 3215 2940 3252 :
2976 3200 3310 3269 praestando
3333 3203 3530 3254 autem
3561 3195 3861 3253 divinitatem

495 3313 629 3353 cum
662 3293 778 3350 Deo
800 3293 1066 3364 junctus,
1100 3293 1159 3344 et
1189 3287 1343 3343 Deus
1366 3301 1498 3341 cum
1522 3283 1760 3340 homine
1814 3282 2142 3356 copulatus.
2255 3303 2356 3359 per
2383 3285 2908 3353 immortalitatem,
2942 3291 3124 3342 Deum
3162 3304 3226 3342 se
3285 3287 3499 3359 probat
3557 3286 3862 3341 divinitatem

492 3386 602 3443 Sed
636 3381 849 3439 idcirco
875 3395 1029 3436 nunc
1050 3377 1144 3433 hic
1173 3375 1442 3432 Christus
1462 3373 1522 3429 in
1554 3389 1733 3429 unam
1777 3376 2001 3445 partem
2059 3389 2148 3428 so-
2251 3374 2620 3448 porrigendo,
2655 3391 2832 3447 quam
2883 3374 2997 3430 nisi
3043 3375 3200 3432 Deus
3255 3380 3437 3444 esset,
3492 3379 3745 3447 praestare
3775 3383 3858 3424 non

493 3475 612 3533 lius
631 3469 952 3530 divinitatis
981 3467 1272 3538 incubuit,
1305 3464 1584 3538 quoniam
1617 3463 1844 3520 caecitas
1899 3463 2145 3520 Judaica
2250 3470 2463 3539 posset.
2487 3465 2546 3521 Si
2579 3465 2753 3521 homo
2803 3465 3214 3520 tantummodo
3275 3465 3569 3535 Christus,
3619 3457 3857 3534 quomodo

493 3566 680 3624 solam
711 3563 771 3618 in
809 3561 1037 3618 Christo
1066 3561 1290 3630 partem
1320 3555 1514 3612 carnis
1543 3553 1784 3626 aspexit,
1816 3557 1872 3609 et
1893 3555 2026 3610 inde
2081 3554 2143 3610 in
2249 3555 2480 3628 inquit:
2507 3557 2644 3610 Ante
2667 3554 2943 3610 Abraham
2972 3569 3068 3622 ego
3097 3569 3224 3609 sum
3255 3557 3282 3608 .9
3301 3555 3484 3626 (Joan.
3517 3569 3635 3618 vni,
3663 3552 3762 3610 58.)
3784 3547 3859 3601 Ne-

495 3653 765 3730 praesenti
793 3651 938 3718 loco,
959 3647 1194 3705 silentio
1217 3645 1506 3718 praeterita
1536 3644 1796 3716 corporis
1828 3643 2142 3716 fragilitate
2249 3661 2344 3700 mo
2375 3644 2532 3700 enim
2567 3643 2871 3699 hominum
2903 3646 3038 3698 ante
3066 3658 3203 3699 eum
3231 3647 3431 3716 potest
3469 3657 3595 3699 esse
3659 3655 3721 3695 ex
3771 3649 3854 3706 quo

494 3725 626 3819 quae
647 3744 717 3799 de
739 3740 957 3798 mundo
977 3742 1087 3808 est,
1110 3737 1181 3793 de
1203 3753 1310 3793 sua
1336 3736 1460 3792 sola
1479 3734 1779 3790 divinitate
1800 3732 2032 3789 locutus
2055 3738 2144 3790 est
2246 3734 2372 3806 ipse
2397 3737 2486 3790 est
2516 3752 2528 3803 ;
2556 3749 2660 3789 nec
2689 3736 2883 3805 potest
2913 3732 3037 3788 fieri
3070 3735 3136 3788 ut
3167 3734 3495 3805 quisquam
3532 3733 3602 3802 (3)
3620 3725 3861 3819 priusfue:

492 3809 619 3908 quas
642 3834 711 3889 de
743 3831 962 3886 mundo
981 3844 1097 3884 non
1119 3831 1208 3882 est
1231 3825 1395 3882 :utin
1410 3821 1802 3897 quantumilli
1822 3821 2137 3878 inclinave-
2244 3824 2321 3880 rit
2350 3827 2484 3880 ante
2504 3821 2671 3878 illum
2701 3838 2770 3877 ex
2804 3838 2920 3894 quo
2945 3822 3069 3895 ipse
3098 3822 3436 3896 Eoriginem
3489 3818 3748 3892 sumpsit.
3780 3809 3857 3867 Sed

486 3905 639 3994 rant,
668 3926 734 3978 ut
764 3919 1063 3976 hominem
1085 3915 1252 3972 illum
1282 3913 1693 3971 tantummodo
1726 3913 2046 3982 crederent,
2077 3912 2136 3968 in
2244 3913 2400 3969 enim
2432 3911 2719 3983 Christus,
2745 3928 2879 3968 cum
2893 3927 2962 3967 ex
2977 3910 3302 3983 Abraham,
3331 3913 3433 3979 sit,
3464 3917 3594 3967 ante
3619 3905 3856 3962 Abraham

483 3993 1804 4078 tantumillosChristuspossetaddlvinitatem
1825 4018 2138 4058 suamcon-
2241 4019 2369 4060 esse
2426 4017 2489 4058 se
2547 4001 2706 4057 dicit.
2765 4002 2879 4056 Aut
2929 4000 3218 4057 mentitur
3272 4005 3332 4056 et
3412 4001 3561 4056 fallit
3634 3997 3710 4053 sic
3761 3993 3859 4048 ante

481 4100 854 4162 siderandam
884 4096 1136 4167 trahere,
1159 4099 1227 4150 ut
1256 4111 1316 4151 re
1345 4094 1530 4150 Deum
1563 4093 1900 4160 crederent;
1932 4092 2134 4148 volens
2240 4091 2536 4148 Abraham
2568 4108 2684 4146 non
2715 4090 2842 4162 fuit,
2875 4089 2978 4162 qui
3008 4107 3076 4146 ex
3099 4090 3412 4146 Abraham
3438 4089 3550 4144 fuit
3583 4104 3595 4144 :
3628 4090 3720 4142 aut
3776 4095 3858 4136 non

474 4192 714 4249 illorum
758 4185 1228 4243 incredulitatem
1310 4183 1465 4238 circa
1525 4181 1886 4238 divinitatem
1937 4199 2129 4249 suam,
2240 4180 2457 4235 fallitsi
2490 4181 2664 4235 etiam
2703 4182 2850 4236 Deus
2881 4184 2988 4250 est,
3024 4179 3167 4235 dum
3217 4183 3361 4236 ante
3422 4177 3708 4233 Abraham
3761 4168 3857 4225 fuit.

475 4281 697 4339 omissa
725 4276 960 4334 interim
991 4273 1552 4331 commemoratione
1608 4270 1783 4327 sortis
1833 4270 2128 4340 humanae,
2237 4270 2399 4336 Quod
2434 4269 2546 4324 nisi
2576 4269 2804 4338 fuisset,
2837 4273 3270 4341 consequenter
3303 4270 3451 4342 cum}
3495 4285 3564 4324 ex
3617 4262 3858 4321 Abraham

475 4370 664 4430 solius
698 4363 1025 4425 divinitatis
1067 4361 1439 4436 oppositione
1481 4375 1776 4432 superare.
1838 4358 1897 4414 Si
1952 4359 2126 4416 homo
2236 4358 2464 4426 fuisset,
2498 4362 2633 4414 ante
2660 4358 2956 4415 Abraham
2990 4374 3118 4415 esse
3161 4376 3284 4416 non
3339 4363 3563 4431 posset.
3620 4354 3672 4409 Si
3722 4352 3858 4406 homo

1767 4521 2083 4584 Gallandii
2113 4519 2628 4583 commentarius.

547 4660 666 4735 (97)
698 4663 914 4722 Solam.
946 4662 1042 4720 Sic
1074 4658 1368 4718 Pamelius
1413 4657 1645 4732 aliique.
1699 4653 2124 4711 Welchmanus
2153 4658 2201 4723 Ι)
2237 4653 2500 4735 omnium
2527 4651 2976 4735 praecedentium
3009 4651 3348 4735 editionum
3398 4657 3459 4735 et
3485 4644 3862 4735 absque‘ullius

469 4719 668 4793 solum:
704 4719 719 4720 γ
743 4719 755 4722 ν
965 4719 973 4720 7
1534 4719 1552 4732 ⁸
2153 4719 2190 4723 ἡ
2234 4743 2342 4782 ms.
2377 4719 2593 4782 codicis
2625 4724 2990 4794 auctoritate,
3023 4726 3196 4780 verba
3230 4725 3362 4780 haec
3394 4731 3454 4781 et
3495 4719 3772 4792 sequentia
3796 4719 3858 4770 sic

539 4807 659 4882 (98)
691 4809 800 4865 Est.
835 4809 1144 4881 Gagnaeus,
1177 4801 1498 4859 Frobenius
1530 4803 1587 4856 et
1615 4798 1918 4856 Barrensis
1948 4797 2123 4854 omit-
2232 4797 2469 4882 invertit
2491 4814 2510 4882 :_
2526 4813 2625 4868 per
2651 4796 2998 4882 divinitatem
3029 4801 3259 4882 praestat
3321 4795 3787 4882 immortalitatem
3810 4815 3860 4826 —-

467 4869 604 4938 tunt
629 4869 727 4937 est.
921 4869 954 4881 ’³
1131 4869 1140 4875 ⁷
2228 4869 2542 4941 praestando
2593 4877 2785 4923 autem
2833 4869 3312 4941 immortalitatem
3333 4886 3437 4940 per
3464 4869 3784 4923 divinitatem
3808 4886 3860 4936 τ-

535 4954 651 5025 (99)
685 4954 824 5009 Deus
854 4959 950 5025 est.
984 4942 2008 5025 Argumentum.auctorisaddenda
2041 4956 2126 5025 re:
2228 4939 2703 5025 immortalitatem
2728 4939 3081 5025 porrigenda,
3114 4945 3229 5025 e‘tc.
3266 4939 3415 5025 Quis
3459 4950 3758 5025 porro_non
3795 4944 3858 5025 v.1-

461 5011 647 5097 quirit
669 5025 790 5081 haec
818 5023 1012 5090 verba,
1038 5011 1180 5075 Heus
1209 5020 1288 5097 est
1317 5015 1532 5097 taliter
1563 5013 1758 5097 deﬁcit
1787 5029 1996 5097 sensus
2021 5030 2034 5068 :
2069 5015 2125 5095 et
2235 5014 2388 5097 deat,
2421 5020 2482 5067 ut
2515 5016 2715 5097 caetera
2741 5011 3104 5097 omittamus,
3137 5011 3265 5097 haec
3296 5013 3611 5093 verborum
3635 5016 3858 5097 transiit);

455 5069 1179 5168 BFéb't'eFEEqHéﬁg’de'a's,
1213 5069 1536 5168 festinante
1593 5085 1989 5168 tacb‘yg‘rap‘ho
2038 5084 2124 5138 vi-
2234 5069 2442 5168 sitione
2496 5079 2882 5168 τᾳρτολογίαγη
2917 5084 2973 5138 in
3037 5069 3263 5168 tantum
3326 5083 3588 5168 auctoris
3648 5069 3857 5168 induci?

453 5151 1113 5240 dentur—praetermissa.
1142 5151 1359 5240 Sedea
1402 5160 1568 5214 uncis
1610 5151 1965 5240 includenda
2015 5173 2120 5240 pu-
2233 5157 2552 5240 EtenimJ'si
2585 5151 3055 5240 hunc'editorem
3087 5155 3355 5240 Anglu‘m
3390 5154 3616 5240 audias,
3645 5151 3859 5240 itauscrtj

455 5218 869 5306 {iiiﬁii‘riiiiii
882 5218 1021 5292 sine
1039 5218 1400 5289 auctoritate
1438 5230 1890 5306 exemplarium
1927 5218 2124 5306 mu‘ta-
2232 5230 2421 5300 psisse
2446 5218 2810 5306 Novatianus
2847 5218 3215 5306 perhibetur“:
3253 5230 3406 5306 E_rgo
3438 5218 3654 5306 uerbum

454 5287 1406 5376 :vHuncipsum
1432 5287 1866 5376 locum'eadem
1893 5300 2122 5376 ratione
2225 5287 2454 5376 praestat
2476 5287 2974 5376 immortalitatem,
2998 5303 3050 5354 et
3103 5316 3229 5371 per“
3265 5287 3623 5354 divinitatem
3663 5287 3855 5364 ρνιϊδιαέ

453 5383 611 5439 haud
646 5382 831 5436 multo
849 5385 984 5453 post
1005 5372 1265 5453 restituit
1290 5375 1679 5453 pluribusque
1701 5372 1960 5453 defendit
1987 5387 2124 5453 _eo_n-
2230 5372 2726 5453 immortalitatem.

447 5438 541 5511 tra
581 5438 1394 5527 personat‘umiArtemonium,
1420 5438 1854 5527 Wess'elingius
1869 5443 2119 5527 Probat,
2300 5446 2372 5527 ('2')
2407 5445 2726 5527 Quisquam.
2761 5444 2846 5497 Ita
2876 5441 3340 5527 cumtlacksono
3360 5438 3854 5527 ςθεςοτίρξίῐξιυξρξξ)

453 5458 541 5511 tra
581 5446 1394 5527 personat-umArtemonium,
1420 5446 1848 5517 Wesselingius
1869 5446 2119 5511 Probat.,
2300 5446 2315 5515 (

453 5543 581 5599 cap.
605 5529 694 5593 26,
732 5543 844 5598 pan
867 5526 981 5609 ,518
1015 5540 1163 5608 seqq.
1189 5537 1378 5604 neque
1429 5524 1626 5603 tamen
1688 5521 1756 5573 V.
1817 5519 1878 5570 C.
1910 5514 2117 5572 editio-
2225 5531 2316 5642 ἓαι

453 5600 1055 5642 ῇΑΜ.Ῐμηιηηηιητιίπη
1092 5607 1420 5642 insnexmse
1453 5591 1702 5642 v1detur.
2281 5629 2293 5642 .

452 5591 1057 5660 nemJack'sonianam
1084 5591 1420 5667 inspeiisse
1453 5591 1702 5667 videtur.

524 5673 604 5749 (1)
631 5677 740 5749 _Per
768 5657 1495 5749 immortalitatemfrzestat
1514 5663 1893 5749 divinitatem,
1922 5658 2114 5749 tgulas
2225 5661 2478 5749 ipsepro
2515 5660 2693 5749 ipsam
2723 5657 2986 5749 Panielii:
3022 5657 3359 5749 Albipsum;
3377 5658 3710 5749 Quamque
3732 5657 3850 5706 sunt!

448 5729 711 5828 loo'i'vim
736 5729 850 5830 non
884 5744 1190 5828 assecutus
1222 5729 1662 5810 Welchmanus,
1693 5729 1895 5795 contra
1934 5729 2110 5794 ﬁdem
2223 5729 2658 5794 reatitutionem
2688 5735 2992 5792 contextus
3023 5729 3170 5792 ratio
3199 5731 3469 5794 suadere
3490 5729 3726 5792 videtur.

2324 5501 2710 5588 dqiiaméditt.
2752 5517 2988 5588 propter
3015 5515 3172 5569 illum
3216 5515 3384 5585 quod
3427 5501 3853 5588 sequitur-1PM}.

2330 5575 2392 5643 [ί.
2422 5588 2492 5644 de
2521 5586 2577 5642 la
2605 5575 2780 5642 Barre
2809 5575 3122 5658 editionem
3153 5575 3589 5658 expressimus,
3622 5580 3714 5654 qui
3739 5575 3854 5658 legit
