4102 6180
225 251 337 313 941

1506 245 1736 309 LIBER
1782 248 1882 310 DE
1924 246 2377 320 TRINITATE.

3528 243 3650 314 942

220 383 632 440 tantummodo
661 379 951 446 Christus,
986 376 1277 453 quomodo
1311 383 1428 436 ait:
1481 383 1544 436 Et
1573 398 1672 454 ego
1696 399 1874 449 agno-
1909 384 1961 448 Α
1997 400 2078 450 se,
2113 384 2211 436 sed
2245 383 2457 438 Filium
2509 400 2636 440 esse
2689 382 2931 454 intelligi
2981 382 3200 449 voluit;
3251 388 3308 438 et
3351 383 3411 438 in
3443 381 3654 440 ultima

216 492 308 530 seu
338 474 415 544 (3)
450 490 544 529 ea:
573 480 628 527 et
657 476 970 542 sequuntur
997 487 1083 527 me
1109 486 1249 529 mea?
1268 489 1289 532 ;
1319 479 1368 527 et
1395 487 1491 540 ego
1523 473 1693 526 vitam
1721 477 1885 527 aeter-

218 583 354 619 nam
384 563 449 618 clo
502 563 638 631 illis,
688 570 738 616 et
783 578 1074 633 nunquam
1119 561 1377 632 peribunt
1428 563 1486 615 in
1524 564 1888 632 perpetuum?

222 654 403 724 (Joaa.
438 669 493 720 x,
525 653 615 718 27,
645 652 760 722 28.)
795 651 904 706 Sed
936 651 1093 706 enim
1121 666 1254 705 cum
1304 651 1494 706 omnis
1526 650 1700 705 homo
1733 666 1886 704 mor-

223 742 472 798 talitatis
504 741 580 796 sit
609 739 839 813 legibus
880 738 1180 811 alligatus,
1228 743 1284 794 et
1331 739 1547 794 idcirco
1594 738 1652 792 in
1686 754 1886 809 perpe-

223 837 398 887 tuum
430 848 492 886 se
521 831 646 902 ipse
696 845 928 887 servare
977 846 1089 884 non
1140 828 1346 900 possit,
1393 827 1578 883 multo
1611 827 1798 899 magis
1829 827 1887 881 in

226 924 579 993 perpetuum
640 918 890 974 alterum
949 934 1176 973 servare
1240 935 1354 972 non
1410 917 1641 990 poterit.
1701 920 1775 970 At
1829 913 1888 970 in

228 1014 578 1082 perpetuum
612 1025 674 1064 se
720 1008 984 1064 Christus
1031 1006 1382 1079 repromittit
1429 1005 1678 1062 salutem
1720 1006 1888 1059 datu-

228 1117 363 1154 rum
391 1123 404 1164 ;
432 1114 609 1169 quam
634 1097 682 1153 si
727 1113 842 1152 non
883 1097 1006 1159 dat,
1057 1096 1306 1151 mendax
1337 1101 1463 1151 est:
1495 1096 1544 1150 si
1584 1095 1701 1161 dat,
1735 1094 1891 1149 Deus

227 1193 337 1243 est.
371 1187 481 1243 Sed
534 1204 650 1242 non
695 1184 884 1240 fallit:
936 1185 1038 1240 dat
1085 1185 1240 1241 enim
1292 1186 1445 1255 quod
1500 1184 1890 1256 repromittit:

226 1282 383 1332 Deus
415 1279 504 1331 est
549 1291 705 1348 ergo,
758 1274 857 1346 qui
914 1273 1163 1329 salutem
1222 1278 1561 1345 perpetuam
1616 1273 1895 1354 porrigit;

227 1383 406 1438 quam
442 1365 638 1432 homo,
673 1365 773 1436 qui
806 1381 867 1418 se
897 1363 1095 1435 ipsum
1141 1368 1371 1419 servare
1420 1380 1535 1418 non
1569 1365 1778 1434 potest,
1814 1363 1895 1416 al-

225 1457 338 1511 teri
383 1459 657 1526 przestare
711 1471 826 1508 non
878 1451 1106 1524 poterit.
1159 1453 1217 1507 Si
1268 1453 1442 1508 homo
1490 1452 1896 1507 tantummodo

227 1546 518 1615 Christus,
554 1543 693 1616 quid
746 1547 854 1609 est,
913 1543 1068 1614 quod
1101 1542 1221 1596 ait:
1272 1544 1386 1611 Ego
1433 1547 1484 1597 et
1529 1547 1695 1597 Pater
1725 1558 1900 1596 unum

228 1633 598 1705 sumus?(lb.
652 1649 706 1685 v.
761 1633 875 1703 30.)
924 1632 1223 1698 Quomodo
1277 1632 1433 1686 enim
1485 1636 1592 1702 Ego
1638 1635 1689 1686 et
1738 1636 1901 1686 Pater

234 1740 416 1778 unum
445 1737 652 1791 sumus,
685 1721 732 1776 si
766 1738 880 1775 non
913 1725 967 1774 et
1025 1723 1172 1776 Deus
1204 1725 1292 1776 est
1321 1725 1375 1775 et
1402 1720 1628 1776 Filius?
1677 1720 1777 1792 qui
1810 1721 1896 1774 id-
1927 1756 1974 1819 B

231 1812 391 1866 circo
424 1826 605 1864 unum
637 1814 827 1880 potest
857 1807 967 1862 dici
993 1809 1131 1862 dum
1167 1824 1232 1863 ex
1267 1811 1390 1880 ipso
1411 1814 1516 1875 est,
1552 1813 1610 1864 et
1639 1810 1778 1863 dum
1805 1807 1894 1863 Fi-

234 1901 356 1954 lius
386 1900 512 1970 ejus
543 1903 652 1964 est,
685 1902 742 1953 et
773 1899 912 1952 dum
958 1914 1025 1952 ex
1056 1897 1194 1968 ipso
1219 1898 1494 1964 nascitur,
1547 1899 1687 1952 dum
1723 1898 1798 1969 (4)
1829 1913 1898 1952 ex

230 1990 365 2060 ipso
411 1987 765 2060 processisse
815 1987 1118 2058 reperitur,
1161 2002 1262 2059 per
1311 1988 1463 2058 quod
1497 1991 1554 2042 et
1603 1991 1753 2042 Deus
1785 1993 1894 2042 est.

233 2079 402 2144 Quod
434 2095 564 2132 cum
595 2075 951 2131 invidiosum
975 2076 1158 2130 Judzei
1190 2079 1515 2146 putassent,
1540 2080 1596 2131 et
1625 2076 1896 2148 blasphe-

236 2183 404 2221 mum
438 2165 844 2231 credidissent,
879 2181 943 2218 eo
972 2166 1122 2235 quod
1170 2180 1232 2220 se
1263 2167 1600 2220 ostenderat
1648 2165 1739 2220 his
1771 2182 1896 2220 ser-

233 2255 513 2310 monibus
545 2254 839 2309 Christum
869 2255 943 2326 (5)
976 2269 1100 2308 esse
1145 2255 1345 2321 Deum,
1381 2271 1445 2310 ac
1492 2259 1797 2326 propterea
1827 2255 1897 2310 ad

230 2343 463 2416 lapides
515 2341 966 2408 concurrissent,
1024 2346 1080 2397 et
1129 2359 1402 2398 saxorum
1461 2343 1612 2399 ictus
1661 2343 1900 2413 injicere

231 2433 613 2504 gestiissent;
661 2430 924 2502 exemplo
974 2435 1031 2485 et
1076 2431 1413 2487 testimonio
1463 2432 1898 2503 Scripturarum

237 2521 608 2578 adversarios
640 2536 780 2575 suos
811 2521 1034 2575 fortiter
1076 2520 1363 2576 refutavit.
1399 2522 1462 2575 Si
1509 2523 1650 2588 illos,
1685 2521 1898 2593 inquit,

255 2613 400 2665 dixit
458 2611 544 2665 dei
573 2611 641 2664 ad
701 2626 834 2682 quos
884 2610 981 2664 Dei
1026 2610 1103 2681 (6)
1151 2611 1312 2665 verba
1341 2612 1486 2683 [acta
1533 2615 1678 2678 sunt,
1711 2616 1759 2666 et
1789 2629 1902 2665 non

239 2711 413 2774 potest
468 2701 604 2756 solvi
649 2700 973 2768 Scriptura;
1025 2716 1184 2771 quem
1236 2702 1399 2754 Pater
1446 2701 1807 2770 sancti/icavit
1854 2704 1906 2756 et

246 2792 399 2845 misit
434 2792 493 2843 in
523 2791 676 2844 914
710 2790 855 2844 hunc
898 2789 1184 2856 mundum,
1233 2805 1325 2844 vos
1355 2790 1555 2854 dicitis,
1597 2792 1728 2861 quia
1759 2791 1902 2844 blas-

236 2882 487 2952 phemas,
518 2881 649 2950 quia
677 2879 821 2944 dixi,
874 2879 1048 2932 Filius
1102 2879 1196 2932 Dei
1224 2895 1348 2932 sum
1393 2895 1489 2948 ego
1515 2881 1691 2945 (Joan.
1724 2897 1779 2946 x,
1813 2881 1903 2948 335,

240 2971 360 3036 36).
395 2968 616 3030 Quibus
645 2967 884 3022 vocibus
917 2984 1106 3038 neque
1154 2983 1216 3021 se
1248 2968 1477 3038 negavit
1523 2969 1729 3038 Deum,
1763 2969 1902 3038 quin

241 3058 366 3112 imo
398 3057 577 3110 Deum
611 3073 673 3111 se
715 3072 841 3111 esse
892 3056 1161 3110 firmavit.
1214 3056 1359 3110 Nam
1393 3057 1530 3127 quia
1578 3057 1702 3111 sine
1736 3057 1904 3112 dubi-

1998 476 2158 541 parte
2192 472 2569 543 defensionis,
2616 471 2770 539 Filii,
2821 489 2933 528 non
2986 472 3195 539 Patris,
3246 472 3380 527 fecit
3411 471 3655 526 mentio-

1999 577 2130 614 nem
2190 561 2472 616 dicendo:
2541 564 2631 617 Vos
2686 563 2888 628 dicitis,
2944 564 3074 633 quia
3135 563 3495 633 blasphemas,
3529 563 3660 632 quia

1996 648 2118 702 dimi
2145 667 2163 703 .·
2195 651 2368 704 Filius
2397 653 2496 704 Dei
2519 669 2661 706 sum.
2697 651 2783 704 Ita
2829 653 2980 722 quod
3017 653 3088 704 ad
3133 651 3354 706 crimen
3387 650 3660 720 blasphe-

1999 738 2128 792 mia
2162 739 2429 810 pertinet,
2462 739 2669 793 Filium
2727 757 2808 808 se,
2843 757 2954 794 non
3010 741 3238 796 Patrem
3287 739 3463 794 dicit:
3499 739 3656 810 quod

2001 834 2195 884 autem
2247 831 2316 884 ad
2378 831 2744 885 divinitatem
2799 834 3021 902 spectet
3069 832 3144 902 (9)
3193 831 3399 902 ipsius,
3457 832 3562 900 Ego
3607 836 3658 886 et

1999 923 2165 976 Pater
2194 939 2368 976 unum
2397 938 2584 976 sumus
2605 922 2871 992 dicendo,
2907 921 3114 978 Filium
3147 940 3208 978 se
3227 938 3354 978 esse
3386 926 3443 976 et
3471 921 3655 976 Deum

2002 1010 2296 1082 probavit:
2333 1015 2484 1066 Deus
2516 1016 2605 1067 est
2653 1028 2828 1084 ergo:
2883 1017 3033 1067 Deus
3084 1017 3275 1067 autem
3315 1011 3418 1078 sic,
3471 1015 3536 1064 ut
3569 1009 3657 1064 Fi-

2000 1099 2115 1155 lius
2147 1099 2244 1168 sit,
2278 1117 2393 1156 non
2423 1101 2609 1156 Pater.

2447 1189 2676 1245 CAPUT
2715 1189 2864 1255 XVI,
2906 1190 2980 1244 al.
3026 1189 3215 1244 XXIV.

2075 1280 2279 1333 Iterum
2309 1296 2378 1334 ex
2405 1279 2708 1350 Evangelia
2741 1279 3024 1334 Christum
3053 1281 3222 1334 Deum
3256 1278 3586 1350 comprobat.

2075 1367 2133 1422 Si
2184 1367 2356 1422 homo
2407 1369 2816 1423 tantummodo
2868 1367 3155 1433 Christus,
3212 1369 3503 1439 quomodo
3537 1367 3664 1438 ipse

2007 1457 2183 1511 dicit:
2220 1462 2284 1512 Et
2316 1459 2490 1511 omnis
2521 1459 2621 1528 qui
2668 1459 2800 1511 vivit
2858 1458 2968 1528 (10)
3023 1461 3074 1510 et
3119 1456 3290 1512 credit
3325 1458 3385 1511 in
3440 1472 3530 1511 me
3556 1472 3668 1511 non

2009 1550 2269 1603 morietur
2297 1550 2357 1602 in
2386 1556 2654 1604 aeternum
2677 1552 2702 1601 ?
2733 1548 2949 1619 (Jerem.
2984 1565 3063 1615 xi,
3095 1549 3210 1615 26.)
3240 1548 3345 1602 Sed
3377 1547 3531 1601 enim
3566 1545 3670 1618 qui

2007 1634 2065 1689 in
2090 1634 2387 1689 hominem
2412 1635 2738 1690 solitarium
2763 1635 2948 1690 credit
2968 1641 3024 1689 et
3045 1635 3291 1698 nudum,
3316 1633 3666 1689 maledictus

2011 1723 2226 1779 dicitur
2256 1725 2482 1795 (Jerem.
2523 1742 2660 1788 xvu,
2692 1726 2784 1792 5):
2840 1724 2934 1778 hic
2979 1728 3195 1792 autem,
3244 1723 3344 1794 qui
3395 1721 3578 1778 credit
3608 1722 3668 1776 in

2006 1812 2300 1868 Christum
2361 1831 2474 1868 non
2533 1813 2902 1878 maledictus,
2956 1813 3058 1868 sed
3107 1812 3165 1866 in
3221 1815 3501 1867 aeternum
3551 1827 3667 1865 non

2007 1902 2328 1957 moriturus
2359 1903 2628 1957 refertur.
2673 1903 2750 1956 Ex
2793 1919 2928 1973 quo,
2965 1902 3013 1956 si
3062 1905 3163 1956 aut
3194 1901 3366 1956 homo
3417 1905 3505 1956 est
3535 1904 3665 1955 tan-

2007 1996 2156 2058 tum,
2190 1997 2255 2046 ut
2286 1991 2538 2046 haeretici
2571 1991 2790 2058 volunt,
2827 1991 3119 2062 quomodo
3140 1989 3409 2062 quisquis
3441 1990 3499 2044 in
3531 2004 3664 2050 eum

2009 2080 2213 2146 credit,
2247 2097 2361 2135 non
2395 2080 2675 2135 morietur
2704 2080 2759 2133 in
2809 2084 3110 2145 aeternum,
3153 2095 3286 2133 cum
3319 2078 3667 2133 maledictus

2009 2186 2135 2225 esse
2165 2174 2432 2224 teneatur
2462 2169 2561 2240 qui
2601 2168 2838 2223 conﬁdit
2881 2169 2941 2222 in
2992 2167 3271 2223 homine?
3320 2171 3438 2221 Aut
3468 2166 3518 2221 si
3548 2182 3666 2221 non

2010 2258 2376 2325 maledictus,
2411 2259 2510 2313 sed
2544 2258 2739 2330 potius
2770 2258 2842 2312 ad
2888 2261 3111 2311 aeternae
3143 2256 3270 2310 vitae
3309 2255 3665 2311 consecutio-

2012 2365 2167 2413 nem,
2221 2351 2286 2401 ut
2329 2346 2564 2418 legitur,
2615 2347 2968 2411 destinatus,
3018 2362 3132 2400 non
3183 2345 3356 2400 homo
3399 2346 3508 2415 (11)
3539 2349 3670 2399 tan-

2014 2438 2316 2492 tummodo
2350 2436 2634 2502 Christus,
2671 2437 2770 2491 sed
2803 2440 2859 2490 et
2891 2440 3043 2491 Deus
3072 2452 3085 2501 ;
3120 2435 3178 2489 in
3212 2451 3385 2506 quem
3420 2434 3519 2504 qui
3551 2447 3674 2488 cre-

2013 2527 2117 2592 dit,
2149 2530 2205 2581 et
2237 2525 2665 2580 maledictionis
2688 2525 3013 2597 periculum
3037 2523 3293 2596 deponit,
3328 2528 3384 2578 et
3415 2523 3487 2578 ad
3521 2523 3677 2577 fruc-

2011 2621 2136 2670 tum
2164 2614 2406 2684 justitiae
2459 2615 2698 2668 accedit.
2752 2614 2811 2668 Si
2862 2614 3036 2668 homo
3070 2613 3478 2668 tantummodo
3511 2611 3681 2665 Chri-

2016 2711 2162 2770 stus,
2198 2704 2490 2776 quomodo
2523 2702 2871 2758 Paraclitum
2905 2703 3047 2758 dicit
3079 2702 3143 2757 de
3170 2718 3264 2756 suo
3285 2717 3394 2756 esse
3424 2710 3672 2771 sumptu-

2014 2812 2140 2849 rum
2169 2808 2292 2863 quae
2320 2793 2679 2846 nuntiaturus
2708 2794 2822 2845 sit?
2852 2792 3039 2862 (Joan.
3086 2808 3199 2857 xvr,
3233 2790 3382 2845 915
3422 2789 3532 2858 li.)
3565 2789 3671 2844 Ne-

2017 2899 2130 2955 que
2159 2882 2314 2936 enim
2345 2880 2663 2936 Paraclitus
2697 2882 2767 2935 ab
2802 2880 3039 2935 homine
3089 2879 3413 2950 quidquam
3445 2877 3674 2947 accipit,

2017 2972 2115 3026 sed
2150 2969 2375 3024 homini
2418 2969 2722 3024 scientiam
2747 2967 3066 3024 Paraclitus
3091 2967 3357 3039 porrigit,
3383 2983 3486 3021 nec
3519 2967 3674 3020 futu-

2017 3077 2081 3115 ra
2111 3059 2181 3115 ab
2214 3058 2448 3113 homine
2481 3058 2795 3113 Paraclitus
2850 3059 3043 3125 discit,
3079 3058 3180 3113 sed
3211 3057 3282 3111 de
3330 3056 3540 3110 futuris
3570 3053 3678 3110 ho-

242 3145 468 3201 tatione
497 3144 578 3200 dii
609 3160 737 3199 esse
768 3144 1061 3210 dicuntur,
1114 3144 1184 3199 ad
1228 3161 1374 3216 quos
1408 3120 1599 3200 .verba
1628 3145 1726 3200 Dei
1755 3145 1906 3200 facta
1936 3120 1978 3187 C
2021 3149 2238 3203 minem
2270 3145 2594 3201 Paraclitus
2643 3146 2896 3202 instruit.
2946 3120 3094 3217 Ergo
3150 3151 3248 3200 aut
3297 3162 3410 3200 non
3457 3142 3680 3216 accepit

251 3239 414 3304 sunt,
450 3233 634 3289 multo
666 3232 853 3304 magis
886 3233 977 3287 hic
1011 3233 1185 3293 Deus.
1219 3234 1320 3305 qui
1343 3233 1549 3288 melior
1580 3233 1696 3289 illis
1730 3235 1912 3289 omni-

249 3326 365 3380 bus
397 3323 709 3378 invenitur.
743 3323 811 3376 Et
861 3321 1244 3377 nihilominus
1295 3323 1718 3380 calumniosam
1750 3323 1912 3379 blas-

251 3413 552 3486 phemiam
586 3411 967 3483 dispositione
998 3413 1072 3482 (7)
1105 3411 1367 3482 legitima
1403 3419 1788 3485 congruenter
1819 3431 1911 3469 re-

253 3502 502 3558 tutavit:
534 3501 715 3556 Deum
748 3500 900 3554 enim
936 3517 995 3555 se
1027 3501 1110 3555 sic
1141 3500 1388 3573 intelligi
1427 3502 1572 3566 vult,
1609 3508 1672 3556 ut
1704 3503 1914 3557 Filium

253 3592 377 3658 Dei,
411 3596 465 3646 et
497 3606 611 3645 non
646 3589 841 3660 ipsum
890 3589 1116 3644 Patrem
1168 3589 1337 3644 vellet
1366 3591 1442 3662 (8)
1475 3591 1740 3664 intelligi.
1778 3595 1916 3650 Mis-

250 3699 379 3738 sum
409 3679 566 3734 enim
600 3695 660 3733 se
682 3695 810 3733 esse
840 3679 984 3733 dixit
1005 3679 1103 3749 (ll).
1138 3696 1192 3749 ν,
1222 3680 1333 3747 32),
1359 3685 1415 3735 et
1447 3680 1634 3735 multa
1663 3698 1836 3752 opera
1858 3699 1919 3738 se

251 3790 324 3828 ex
358 3772 525 3826 Patre
558 3768 884 3825 ostendisse
909 3768 1291 3838 monstravit;
1316 3787 1384 3825 ex
1407 3787 1520 3841 quo
1543 3788 1659 3827 non
1694 3773 1919 3829 Patrem

2021 3237 2346 3292 Paraclitus
2372 3253 2405 3289 a
2425 3235 2654 3290 Christo
2679 3234 2913 3290 homine
2940 3236 3093 3307 quod
3118 3235 3368 3301 nuntiet,
3397 3233 3678 3305 quoniam

2022 3325 2302 3382 Paraclito
2335 3325 2508 3379 homo
2541 3323 2686 3378 nihil
2719 3324 2930 3396 poterit
2959 3325 3095 3378 dare
3140 3341 3174 3378 a
3204 3340 3317 3394 quo
3351 3323 3474 3394 ipse
3505 3323 3682 3377 homo

2024 3417 2195 3471 debet
2225 3414 2524 3484 accipere;
2559 3416 2615 3467 et
2660 3411 2811 3466 fallit
2852 3414 2909 3466 in
2959 3413 3230 3484 praesenti
3261 3412 3385 3467 loco
3416 3410 3685 3466 Christus

2026 3511 2081 3561 et
2107 3503 2339 3575 decipit,
2371 3519 2504 3557 cum
2529 3501 2882 3556 Paraclitum
2907 3520 2939 3556 a
2960 3519 3021 3557 se
3044 3501 3279 3557 homine
3309 3505 3684 3572 accepturum

2028 3612 2153 3666 qua:
2191 3593 2419 3648 nuntiet
2447 3591 2624 3658 dicit;
2660 3596 2759 3646 aut
2782 3608 2894 3646 non
2929 3608 3036 3647 nos
3070 3590 3239 3657 fallit,
3271 3592 3424 3646 sicut
3454 3605 3560 3645 nec
3586 3587 3689 3643 fal-

2027 3684 2115 3751 lit,
2149 3687 2203 3738 et
2236 3679 2459 3752 accepit
2487 3679 2811 3735 Paraclitus
2831 3679 3110 3735 aCbristo
3139 3696 3263 3751 quis
3295 3679 3542 3734 nuntiet.
3575 3675 3688 3733 Sed

2032 3774 2081 3829 si
2114 3791 2146 3827 a
2178 3771 2404 3828 Christo
2451 3768 2672 3840 accepit
2702 3770 2813 3841 (12)
2865 3785 2989 3841 quae
3041 3769 3289 3836 nuntiet,
3335 3769 3524 3838 major
3553 3781 3690 3838 ergo

1551 3916 1867 3980 Gallandii
1915 3913 2425 3982 commentarius.

329 4023 409 4091 (3)
446 4024 698 4091 Agnosco.
733 4021 813 4074 Ex
844 4036 954 4096 ms.
989 4021 1243 4076 Woweri
1294 4022 1526 4093 reposui
1559 4040 1786 4096 agnosco
1817 4042 1919 4096 pro

256 4095 768 4168 edit._ag_noscam_:
784 4092 951 4168 quod
1001 4108 1104 4146 nec
1155 4092 1374 4168 Graeco,
1403 4092 1606 4148 textui
1634 4092 1920 4168 convenit,

258 4183 371 4223 nec
403 4165 663 4235 Vulgatae
697 4164 794 4217 ubi
828 4168 915 4218 est
943 4180 1215 4233 cognosco.
1249 4165 1521 4220 Jscxsou.

333 4236 414 4307 (4)
449 4237 604 4290 Dum.
650 4237 711 4289 Et
739 4235 870 4288 dum
906 4235 1219 4304 scripsisse
1245 4237 1472 4291 videtur
1513 4242 1737 4295 auctor.
1773 4240 1854 4293 In.

340 4309 420 4376 (5)
456 4307 752 4362 Christum.
789 4307 952 4360 Forte
999 4307 1261 4362 Christus.
1304 4309 1617 4376 Nimirum,
1666 4326 1722 4365 se
1752 4316 1929 4366 osten-

261 4382 437 4435 derat.
473 4410 540 4419 -η
573 4378 820 4432 Christus
848 4393 961 4431 esse
993 4383 1184 4434 Deum.
1223 4381 1300 4434 lo.

2032 4023 2229 4080 moriae
2262 4020 2432 4092 lapsu
2466 4019 2655 4090 potuit
2684 4019 3010 4075 exscribere
3040 4018 3412 4092 Novatianus.
3450 4019 3530 4092 [ο.

2105 4096 2215 4167 (11)
2250 4089 2369 4149 Non
2401 4089 2576 4167 homo.
2629 4092 2743 4147 Non
2794 4095 2871 4146 est
2917 4092 3072 4146 homo
3121 4091 3302 4147 edidit
3349 4106 3418 4145 ex
3445 4089 3694 4161 Gagnteo

2040 4163 2474 4223 Welchmarrus.
2513 4163 2594 4218 In.

2111 4240 2254 4310 (12»)-
2283 4237 2385 4291 Sed
2423 4237 2473 4290 si
2531 4252 2564 4288 a
2614 4234 2822 4310 Cliristo
2859 4234 3096 4310 _acccpit,
3149 4237 3257 4288 etc.
3305 4229 3700 4310 Reprehendit

2042 4301 2356 4372 Pa'me'lius,
2390 4313 2445 4361 et
2475 4311 2640 4360 caute
2672 4301 3241 4375 legendum'monet,
3275 4301 3431 4375 quod
3462 4303 3557 4375 hic
3587 4301 3696 4355 ha-

2045 4385 2143 4437 bet
2171 4379 2526 4435 Novatianus
2556 4378 2628 4431 de
2659 4372 2878 4448 Spiritu
2914 4382 3135 4431 sancto.
3169 4372 3383 4448 Verum
3416 4391 3486 4430 ex
3513 4372 3696 4448 Nova-

342 4451 418 4521 (6)
455 4451 551 4504 Dei
596 4464 790 4530 vocem
853 4450 948 4530 Dei
1000 4451 1218 4504 omittit
1273 4451 1581 4530 Pamelius.
1637 4453 1798 4530 Illam
1842 4457 1928 4530 ta-
1964 4459 2009 4522 Ι)
2041 4454 2185 4509 tiani
2219 4450 2542 4530 princip-iis,
2578 4448 2681 4530 qui
2699 4443 2930 4512 Filium,
2964 4454 3312 4530 quatenusa
3343 4447 3508 4530 Patre
3538 4443 3699 4526 geni-

268 4539 407 4579 men
440 4525 803 4595 tum__textus
850 4526 971 4574 tum
1023 4539 1231 4595 sensus
1281 4525 1536 4578 auctoris
1582 4525 1929 4595 requirunt;

270 4596 534 4667 adeoque
565 4593 879 4648 Novatiano
903 4594 1292 4667 restituimus,
1317 4599 1636 4667 utrumque
1665 4593 1933 4667 Anglica-

271 4681 418 4722 num
448 4665 729 4720 editorem
764 4665 966 4720 secuti.

345 4737 861 4809 (7)7Dispositione.
936 4737 1094 4792 Hanc
1167 4753 1365 4792 vocem
1428 4754 1542 4792 non
1601 4736 1938 4809 intelligens

270 4808 692 4864 Welchmanus
724 4808 1066 4876 depositione
1098 4809 1443 4878 rescripsit.
1486 4812 1552 4862 At
1582 4808 1941 4864 Novatianus

277 4879 521 4952 respicit
555 4878 869 4950 οἶκονομίκν
899 4899 911 4945 ;
948 4881 1099 4951 apud
1132 4887 1350 4935 veteres
1384 4881 1696 4936 notabilem
1725 4898 1737 4935 :
1766 4898 1938 4952 quam

278 4950 681 5007 Tertullianus
712 4957 768 5006 et
798 4950 1084 5023 interpres
1118 4954 1313 5007 lrenazi
1357 4952 1594 5024 passim,
1625 4950 1944 5024 dispositio-

283 5040 412 5080 nem
441 5027 755 5077 verterunt.
784 5023 1053 5079 Jscxsou.

360 5094 435 5163 (8)
474 5096 667 5148 Vellet.
721 5095 1008 5149 Welchm.
1062 5095 1294 5165 conjicit
1341 5094 1652 5165 legendum
1693 5113 1746 5150 se
1795 5096 1943 5150 velit.

282 5167 540 5221 Jackson
567 5183 698 5220 vero
729 5182 789 5221 se
819 5168 999 5222 vellet.

361 5237 439 5309 (9)
475 5237 696 5309 Spectet.
757 5239 839 5292 Ita
896 5237 1057 5292 editi.
1119 5241 1281 5292 Forte
1340 5235 1646 5309 legendum
1704 5241 1948 5309 spectat:

285 5307 621 5380 quodsine
681 5310 1099 5380 exemplarium
1159 5309 1493 5364 testimonio
1557 5307 1952 5365 ultro‘edidit

286 5378 730 5438 Welchmanus.
764 5378 1030 5437 JAeKsoN.

361 5451 477 5522 (40)
513 5452 673 5506 Vivit.
719 5453 875 5509 Hanc
922 5469 1119 5509 vocem
1167 5467 1299 5506 cum
1347 5450 1573 5505 Latinio
1626 5452 1696 5505 ad
1729 5456 1951 5507 textum

289 5522 523 5596 reduxi,
559 5540 662 5596 pro
706 5525 867 5580 editt.
900 5525 1063 5589 videt,
1099 5524 1254 5596 quod
1290 5539 1393 5596 nec
1427 5522 1639 5578 Graecis
1670 5539 1775 5596 nec
1808 5525 1957 5581 Lati-

290 5595 392 5655 nis
425 5594 730 5671 congruit:
766 5598 866 5656 sed
899 5601 990 5654 est
1029 5594 1184 5655 Joan.
1217 5612 1291 5668 vx,
1326 5595 1415 5667 40,
1465 5598 1636 5671 atque
1666 5594 1800 5652 inde
1832 5613 1957 5656 me-

2041 4532 2137 4581 tus
2168 4515 2272 4586 est,
2307 4515 2457 4576 Patri
2499 4515 2782 4590 aequalem
2829 4515 3019 4589 negat,
3053 4526 3256 4590 aptum
3309 4524 3432 4574 erat
3462 4515 3700 4571 omnino

2044 4603 2099 4652 et
2130 4608 2514 4663 consequens,
2547 4597 2612 4644 ut
2657 4590 2939 4661 Spiritum
2986 4597 3252 4646 sanctum
3304 4591 3404 4662 qui
3436 4606 3502 4644 ex
3536 4592 3704 4643 Patre

2046 4667 2303 4736 Filioque
2336 4664 2893 4745 progedittut‘roque
2926 4663 3207 4745 minorem
3241 4679 3369 4745 esse
3399 4665 3705 4745 statueret.

2047 4741 2161 4797 Nec
2194 4731 2381 4807 magis
2431 4735 2502 4788 de
2549 4731 2813 4805 Spiritus
2842 4735 3029 4807 sancti
3080 4735 3379 4790 divinitate
3426 4731 3703 4797 detrahit,

2091 4827 2228 4865 uum
2268 4806 2399 4862 eum
2432 4807 2538 4860 hoc
2571 4822 2742 4861 sensu
2788 4806 3068 4877 aequalem
3105 4807 3246 4862 Filio
3296 4810 3490 4877 negat,
3523 4817 3702 4877 quam

2091 4829 2228 4865 uum
2268 4829 2399 4862 eum
2434 4829 2538 4860 nuc
2571 4829 2742 4861 sensu
2788 4829 3068 4877 aequalem
3105 4829 3246 4862 riuo
3297 4829 3490 4877 negat,
3523 4829 3702 4873 quam

2049 4829 2118 4938 3e
2152 4881 2297 4946 Filii,
2335 4895 2515 4950 quum
2549 4877 2866 4950 eumAPatri
2894 4879 3152 4950 subjicit,
3188 4883 3251 4933 ut
3279 4877 3518 4947 originis
3548 4873 3709 4950 prin-

2051 4955 2223 5026 cipio,
2257 4942 2294 5006 a
2314 4942 2430 5026 quo
2461 4942 3431 5026 totam(diviuitatis'auctoritatein
3465 4942 3707 5026 accepit.

2051 5017 2422 5088 Quin’etilm
2478 5021 2748 5074 divinitas
2809 5022 3059 5091 Spiritus
3109 5024 3295 5076 sancti
3343 5037 3457 5074 non
3513 5017 3712 5070 leviter

2055 5097 2498 5154 commendatur
2550 5094 2652 5147 hoc
2701 5092 2845 5146 10cc.
2897 5093 3040 5146 Nam
3087 5093 3136 5147 si
3187 5093 3439 5164 Spiritus
3469 5091 3712 5164 sanctus

2056 5175 2319 5225 creatura
2349 5170 2521 5229 esset,
2575 5165 2630 5217 id
2693 5180 2806 5218 non
2857 5165 3050 5233 majus
3097 5163 3247 5219 esset
3295 5163 3710 5235 argumentum

2059 5240 2376 5295 divinitatis
2407 5228 2641 5304 Christi,
2669 5251 2843 5305 quam
2877 5228 3030 5305 qu'od
3055 5241 3268 5291 caeteras
3295 5228 3394 5290 res
3417 5236 3620 5305 creatae
3637 5228 3712 5305 ab

2059 5316 2260 5368 eodem
2292 5310 2550 5381 accipere
2588 5300 2910 5381 dic—untur,-
2943 5307 3152 5381 deinde
3199 5323 3330 5362 vero
3361 5304 3524 5381 quod,
3549 5300 3715 5358 addit

2060 5378 2435 5451 Novatianus,
2467 5378 2765 5434 Christum
2797 5396 2830 5433 a
2860 5379 3078 5448 Spiritu
3103 5384 3303 5435 sancto
3336 5380 3715 5451 accepturum

2061 5458 2264 5524 fuisse,
2300 5455 2346 5510 si
2371 5445 2544 5524 homo
2576 5455 2803 5524 tantum
2834 5445 2989 5524 esset
3009 5457 3110 5524 aut
3131 5451 3388 5522 Angelus
3407 5445 3716 5524 (Angelum

2063 5530 2218 5586 enim
2249 5521 2378 5583 esse
2411 5522 2743 5578 fatebantur
2792 5521 3107 5596 haeretici):
3142 5521 3334 5579 nonne
3372 5521 3719 5596 argumento
3821 5527 3832 5544 ‘

2066 5605 2173 5678 est,
2209 5616 2300 5656 res
2332 5610 2535 5655 omnes
2561 5597 2806 5665 creatas,
2840 5594 2889 5650 si
2917 5594 3088 5652 modo
3118 5596 3340 5654 ratione
3367 5595 3632 5664 utantur,
3654 5602 3727 5647 ex

4039 56 4048 64 Δ

4037 111 4050 132 'u

4053 281 4062 298 !

4035 335 4040 340 ς
4049 309 4062 332 ἶ

4035 355 4060 382 οἶ

4045 383 4054 394 α

4039 399 4054 418 Ἰ

4047 437 4064 454 ιφ

4045 477 4062 492 ’ν

4051 781 4060 790 α

4045 801 4060 816 Ἰ

4047 849 4072 868 ν

4051 873 4060 880 ο

4035 907 4048 922 ο

4043 945 4074 970 ..⁸

4065 993 4072 1002 ο

4039 1113 4042 1118 “
4057 1117 4072 1128 ρ

4037 1151 4044 1156 .
4059 1149 4070 1156 ι

4053 1183 4068 1198 .-

4063 1205 4082 1220 Ἰ

4037 1361 4042 1368 ι
4059 1347 4064 1356 α

4079 1415 4088 1424 ο

4057 1455 4062 1462 -

4059 1567 4070 1580 ς

4063 1713 4072 1720 .

4053 1763 4062 1774 ι

4053 1853 4058 1864 ι

4051 2025 4060 2032 ._
4073 2007 4102 2042 κη
