4102 6180
481 337 602 397 943

1527 327 1963 391 NOVATIANI
2007 322 2508 388 PRESBYTERI
2555 322 2859 388 ROMANI
3694 343 3782 406 9.“

463 465 590 535 jam
623 459 904 519 Paraclito
933 461 1198 518 Christus
1239 465 1361 517 est:
1410 459 1687 533 quoniam
1738 475 1841 515 nec
1871 459 2120 514 Paracli-
2149 461 2204 527 Α
2233 457 2478 530 gloriam
2509 458 2721 512 habere
2752 473 2868 512 non
2898 461 3113 530 posset,
3139 472 3274 513 cum
3303 455 3416 531 ipse
3432 476 3530 517 non
3545 471 3686 524 esset.
3704 475 3784 529 Sed

467 557 566 609 tus
599 569 631 608 a
659 551 883 608 Christo
934 551 1236 624 acciperet,
1288 549 1398 606 nisi
1448 549 1639 605 minor
1681 548 1905 605 Christo
1944 552 2116 604 esset.

466 642 657 699 Minor
699 645 891 697 autem
951 639 1177 696 Christo
1228 638 1548 695 Paraclitus
1596 638 1892 695 Christum
1943 637 2119 694 etiam

468 730 655 786 Deum
687 746 813 787 esse
846 731 951 785 hoc
981 729 1105 800 ipso
1129 729 1352 801 probat,
1379 746 1410 784 a
1433 745 1544 800 quo
1569 726 1789 798 accepit
1818 744 1944 798 quae
1977 743 2121 780 nun-

465 819 609 884 tiat;
644 822 705 873 ut
736 818 1141 874 testimonium
1162 816 1388 874 Christo
1419 816 1740 872 divinitatis
1771 815 1990 888 grande
2023 814 2117 883 sit,

419 891 439 991 β
466 906 609 962 dum
642 907 834 960 minor
861 904 1092 960 Christo
1122 904 1446 960 Paraclitus
1477 909 1762 976 repertus,
1796 903 1867 959 ab
1897 902 1995 958 illo
2027 917 2122 957 su-

467 993 578 1050 mit
623 1011 752 1067 quae
805 993 1028 1050 caeteris
1076 993 1275 1049 tradit.
1337 993 1817 1064 Quandoquidem
1867 993 1914 1048 si
1946 991 2120 1046 homo

466 1085 877 1141 tantummodo
907 1082 1195 1153 Christus,
1230 1101 1263 1139 a
1293 1083 1580 1139 Paraclito
1605 1081 1870 1138 Christus
1899 1079 2120 1151 accipe-

465 1177 554 1230 ret
579 1189 705 1246 quae
737 1173 974 1242 diceret,
1009 1189 1123 1228 non
1156 1189 1190 1227 a
1217 1171 1444 1228 Christo
1483 1170 1806 1227 Paraclitus
1836 1170 2123 1241 acciperet

464 1279 592 1335 quae
643 1264 957 1319 nuntiaret.
1019 1261 1080 1318 Si
1139 1261 1315 1318 homo
1374 1261 1776 1317 tantummodo
1829 1259 2118 1327 Christus,

460 1368 639 1423 quare
671 1351 944 1408 credendi
975 1351 1142 1407 nobis
1175 1350 1346 1407 talem
1380 1349 1642 1423 regulam
1665 1350 1862 1422 posuit
1894 1365 2006 1420 quo
2040 1347 2122 1402 di-

460 1447 616 1498 ceret
645 1457 657 1496 :
689 1443 814 1499 Hch
841 1447 920 1496 est
950 1450 1134 1496 autem
1165 1443 1276 1496 vita
1314 1451 1518 1496 mterna
1549 1445 1603 1495 ut
1655 1442 1833 1495 sciant
1863 1444 1913 1494 te
1943 1454 2119 1493 unum

458 1537 512 1589 et
540 1549 728 1590 verum
775 1535 964 1601 Deum,
1017 1537 1068 1589 et
1116 1550 1274 1603 quem
1317 1535 1524 1588 misisti
1566 1537 1760 1589 Jesum
1801 1529 2119 1585 Christum?

460 1622 637 1693 (Joan.
670 1640 809 1691 xvu,
841 1622 917 1693 3.)
952 1622 1012 1677 Si
1045 1621 1330 1677 noluisset
1351 1639 1412 1678 se
1435 1622 1611 1676 etiam
1642 1622 1823 1676 Deum
1848 1619 2117 1692 intelligi,

457 1728 564 1767 cur
593 1712 858 1767 addidit:
893 1711 954 1765 Et
983 1727 1142 1783 quem
1185 1713 1390 1766 misisti
1433 1715 1624 1767 Jesum
1673 1710 1974 1779 Christum,
2005 1709 2119 1765 nisi

456 1799 736 1872 quoniam
766 1805 822 1856 et
868 1800 1050 1856 Deum
1103 1800 1285 1871 accipi
1336 1799 1518 1855 voluit
1562 1801 1720 1870 (13)?
1750 1799 2034 1864 Quoniam
2069 1797 2118 1853 si

458 1905 521 1946 se
554 1895 732 1946 Deum
765 1888 948 1945 nollet
993 1887 1260 1962 intelligi,
1313 1889 1674 1945 addidisset:
1725 1891 1787 1944 Et
1819 1905 1976 1961 quem
2005 1888 2114 1942 mi-

452 1980 577 2050 sisti
606 1979 883 2034 hominem
913 1979 1097 2034 Jesum
1147 1979 1457 2034 Christum:
1492 1995 1646 2033 nunc
1699 1985 1894 2034 autem
1927 1993 2116 2048 neque

452 2067 698 2136 addidit,
732 2085 836 2123 nec
867 2083 928 2123 se
967 2067 1268 2123 hominem
1306 2068 1471 2122 nobis
1517 2068 1922 2123 tantummodo
1953 2066 2114 2123 Chri-

454 2163 582 2214 stus
614 2157 870 2225 tradidit,
907 2158 1007 2212 sed
1051 2157 1166 2212 Deo
1196 2158 1309 2228 (14)
1353 2157 1565 2227 junxit,
1601 2161 1665 2211 ut
1712 2161 1769 2213 ot
1800 2157 1983 2211 Deum
2016 2173 2118 2227 per

456 2249 602 2304 hanc
634 2247 1128 2319 conjunctionem,
1163 2247 1315 2302 sicut
1359 2251 1466 2315 est,
1502 2245 1748 2318 intelligi
1789 2245 1979 2301 vellet.
2014 2247 2119 2301 Est

453 2353 590 2409 ergo
621 2335 1003 2403 credendum,
1033 2336 1357 2391 secundum
1395 2335 1797 2406 praescriptam
1828 2334 2114 2407 regulam,

452 2427 512 2481 in
546 2426 880 2496 Dominum,
916 2441 1100 2480 unum
1133 2441 1334 2479 verum
1364 2429 1570 2490 Deum,
1601 2424 1742 2479 etin
1775 2440 1907 2478 eum
1940 2441 2116 2495 quem

453 2514 617 2571 misit
645 2514 850 2572 Jesum
882 2513 1179 2569 Christum
1204 2516 1648 2583 consequenter,
1672 2511 1772 2583 qui
1805 2529 1868 2568 se
1900 2529 2117 2583 nequa-

459 2619 636 2675 quam
671 2603 844 2668 Patri,
879 2605 943 2657 ut
973 2601 1248 2667 diximus,
1272 2600 1589 2671 junxisset,
1622 2601 1732 2656 nisi
1767 2606 1947 2656 Deum
1979 2618 2118 2673 quo-

459 2709 574 2766 que
607 2691 852 2763 intelligi
877 2689 1042 2746 vellet
1062 2691 1173 2762 (15)
1203 2709 1215 2759 ;
1251 2695 1579 2762 separasset
1602 2690 1758 2745 enim
1782 2691 1853 2745 ab
1885 2706 1949 2746 eo
1981 2692 2115 2763 (16),

460 2783 510 2839 si
540 2781 723 2837 Deum
755 2779 999 2851 intelligi
1033 2795 1093 2836 se
1125 2778 1443 2835 noluisset:
1478 2778 1629 2834 inter
1663 2778 1930 2835 homines
1960 2779 2116 2836 enim

457 2871 866 2928 tantummodo
914 2885 976 2925 se
1018 2866 1381 2935 collocasset,
1431 2869 1479 2923 si
1539 2868 1837 2924 hominem
1880 2885 1942 2924 se
1991 2885 2118 2924 esse

455 2959 866 3018 tantummodo
898 2957 1109 3025 sciret;
1143 2975 1247 3014 nec
1291 2975 1424 3013 cum
1470 2958 1585 3013 Deo
1623 2958 1939 3028 junxisset,
1974 2959 2022 3014 si
2057 2976 2118 3014 se

457 3067 573 3107 non
617 3055 675 3105 et
721 3049 905 3105 Deum
956 3052 1190 3103 nosset:
1245 3063 1400 3101 nunc
1453 3052 1509 3101 et
1562 3048 1631 3102 de
1676 3046 1914 3102 homine
1944 3052 2116 3130 tacet,

456 3139 734 3212 quoniam
765 3137 919 3192 916
949 3136 1249 3192 hominem
1284 3135 1448 3192 illum
1481 3137 1593 3207 (l7)
1647 3153 1814 3190 nemo
1846 3137 2114 3206 dubitat;

2229 546 2384 602 enim
2415 547 2591 602 homo
2622 545 2870 619 gloriam
2901 552 3033 604 ante
3079 547 3285 603 mundi
3316 548 3685 612 institutionem
3707 560 3787 617 ha-

2228 636 2364 691 bere
2396 652 2510 691 non
2543 635 2755 708 potuit,
2798 637 2896 708 qui
2944 642 3075 710 post
3106 638 3384 695 mundum
3431 640 3556 699 fuit:
3585 645 3791 707 Christus

2231 729 2427 781 autem
2461 726 2704 782 habuit:
2740 732 2874 782 ante
2907 728 3195 782 mundum
3247 726 3414 800 igitur
3440 731 3564 787 fuit:
3596 751 3690 790 non
3716 738 3792 810 igi-

2227 818 2325 869 tur
2355 815 2532 870 homo
2557 817 2967 872 tantummodo
2991 817 3122 885 fuit,
3147 816 3244 889 qui
3273 823 3398 874 ante
3428 823 3671 879 mundum
3694 827 3795 884 fuit:

2229 903 2381 960 Deus
2415 910 2504 960 est
2533 904 2730 976 igitur,
2755 905 3033 976 quoniam
3059 911 3180 961 arte
3204 907 3475 964 mundum
3499 911 3610 980 fuit,
3639 919 3686 969 et
3706 916 3798 988 glo-

2229 993 2376 1048 riam
2409 997 2542 1048 ante
2574 995 2863 1050 mundum
2906 995 3114 1050 tenuit.
3158 995 3266 1051 Sed
3315 998 3694 1067 praedestinatio
3719 1003 3801 1060 ista

2229 1082 2480 1152 dicatur,
2527 1084 2804 1155 quoniam
2854 1101 2959 1140 nec
3008 1085 3202 1158 posita
3233 1091 3358 1154 est;
3404 1093 3495 1142 aut
3521 1089 3704 1145 addant
3724 1092 3801 1148 hoc

2228 1172 2325 1244 qui
2357 1172 2464 1228 hoc
2493 1176 2737 1245 putant:
2773 1173 2874 1230 sed
2921 1190 3002 1230 vae
3034 1177 3126 1230 est
3163 1173 3572 1245 adjicientibus,
3617 1194 3806 1248 quomo-

2229 1263 2300 1318 do
2328 1266 2384 1318 et
2415 1263 2878 1335 detrahentibus,
2931 1263 3192 1336 positum
3244 1265 3418 1336 (Apoc.
3458 1282 3583 1333 xxu,
3613 1268 3682 1334 18,
3710 1269 3805 1339 19);

2230 1369 2344 1407 non
2378 1355 2566 1424 potest
2596 1369 2729 1425 ergo
2763 1353 2874 1408 dici
2903 1354 3059 1424 quod
3095 1370 3207 1408 non
3241 1358 3425 1425 potest
3451 1355 3624 1424 adjici.
3651 1356 3812 1414 Subla.

2226 1445 2286 1496 ta
2329 1458 2464 1512 ergo
2516 1442 3029 1513 prmdcstinatione
3085 1458 3212 1514 quae
3263 1459 3373 1497 non
3431 1448 3515 1499 est
3557 1444 3736 1515 posita,
3768 1446 3810 1500 in

2228 1531 2561 1587 substantia
2592 1532 2701 1586 fuit
2729 1530 2997 1587 Christus
3028 1536 3162 1588 ante
3200 1532 3402 1587 mundi
3432 1533 3812 1590 institutionem.

2235 1622 2460 1677 Verbum
2493 1629 2566 1676 est
2597 1620 2752 1677 enim
2782 1638 2884 1694 per
2930 1621 3070 1693 quod
3097 1624 3257 1692 facta
3287 1625 3408 1677 sunt
3453 1625 3638 1693 omnia,
3666 1627 3708 1678 et
3729 1626 3817 1678 sine

2227 1727 2332 1782 quo
2361 1713 2572 1780 factum
2599 1719 2680 1766 est
2706 1710 2871 1766 nihil.
2928 1711 3216 1776 Quoniam
3243 1715 3302 1766 et
3349 1711 3396 1766 si
3427 1711 3480 1766 in
3511 1711 3815 1783 praedestina-

2227 1799 2384 1855 tione
2415 1799 2630 1854 dicitur
2655 1798 2968 1871 gloriosus,
2994 1803 3050 1854 et
3073 1804 3207 1855 ante
3231 1800 3432 1855 mundi
3460 1800 3817 1856 institutionem

2228 1889 2410 1944 fuisse
2453 1887 3049 1960 praedestinationcm,
3119 1889 3260 1944 ordo
3320 1894 3587 1957 servetur,
3629 1893 3677 1945 et
3717 1895 3818 1945 ante

2225 1977 2382 2032 hunc
2413 1978 2523 2032 erit
2571 1977 2794 2032 multus
2847 1984 3130 2033 n‘umerus
3178 1976 3487 2033 hominum
3533 1978 3586 2033 in
3625 1977 3821 2049 gloriam

2227 2065 2572 2120 destinatus.
2621 2066 2810 2121 Minor
2859 2066 3015 2121 enim
3069 2083 3172 2138 per
3214 2066 3389 2122 istam
3437 2067 3820 2122 destinationem

2226 2154 2495 2210 Christus
2525 2154 2747 2210 caeteris
2775 2153 3136 2226 intelligetur
3167 2155 3306 2227 (19),
3358 2155 3563 2226 quibus
3596 2155 3824 2228 posterior

2226 2245 2554 2300 denotatur.
2590 2244 2734 2300 Nam
2769 2246 2815 2299 si
2873 2245 2988 2300 hac
3041 2243 3229 2317 gloria
3274 2245 3332 2300 in
3383 2244 3822 2317 pradestinatione

2227 2334 2357 2402 fuit,
2383 2332 2952 2406 prmdestinationem
2977 2332 3150 2389 istam
3179 2334 3238 2389 in
3265 2333 3510 2406 gloriam
3530 2333 3826 2390 novissimus

2226 2423 2492 2478 Christus
2523 2423 2782 2492 accepit:
2831 2427 2965 2478 ante
3015 2422 3173 2478 enim
3221 2423 3659 2494 praedestinatus
3683 2422 3824 2476 Adam

2226 2529 2354 2568 esse
2385 2517 2674 2581 cernetur,
2708 2517 2766 2567 et
2795 2511 2957 2581 Abel,
2991 2515 3048 2567 et
3098 2511 3316 2580 Enoch,
3351 2516 3406 2567 et
3450 2511 3583 2578 Noe,
3613 2514 3664 2567 et
3687 2510 3829 2564 Abra-

2227 2602 2388 2669 ham,
2419 2604 2476 2656 et
2522 2600 2730 2672 reliqui
2781 2599 2988 2656 caeteri.
3043 2600 3190 2656 Nam
3237 2617 3374 2656 cum
3422 2600 3572 2672 apud
3611 2599 3766 2655 Deum
3787 2600 3828 2652 et

2228 2709 2612 2766 personarum
2645 2697 2703 2748 et
2741 2709 2935 2748 rerum
2986 2693 3254 2748 omnium
3304 2692 3445 2748 ordo
3499 2691 3734 2763 digestus
3757 2688 3828 2758 sit,

2228 2788 2363 2839 ante
2393 2781 2545 2838 hanc
2577 2781 3150 2854 praedestinationem
3173 2781 3393 2838 Christi
3418 2781 3474 2836 in
3504 2781 3723 2854 gloriam
3748 2777 3828 2848 (20)

2227 2869 2398 2927 multi
2448 2869 2846 2942 prmdestinati
2895 2870 3076 2927 fuisse
3127 2872 3420 2927 dicentur.
3464 2871 3532 2926 Et
3575 2869 3672 2924 hoc
3713 2865 3826 2923 911

2228 2966 2396 3031 pacto
2427 2959 2618 3015 minor
2639 2959 2860 3015 cmteris
2884 2961 3224 3016 hominibus
3246 2961 3518 3017 Christus
3537 2975 3655 3014 esse
3673 2959 3831 3027 depre.

2226 3050 2504 3104 henditur
2532 3049 2662 3119 (21),
2688 3049 2783 3119 qui
2819 3049 3025 3104 melior
3044 3056 3100 3106 ct
3132 3052 3324 3120 major
3349 3055 3405 3105 et
3435 3047 3707 3121 antiquior
3724 3044 3832 3114 ipsis

2227 3154 2462 3208 quoque
2504 3138 2741 3208 Angelis
2782 3137 3094 3193 invenitur.
3143 3141 3263 3195 Aut
3316 3139 3440 3195 hazc
3488 3138 3656 3210 igitur
3680 3132 3834 3190 omnia

457 3211 516 3285 et
544 3229 660 3284 Deo
692 3243 753 3284 se
793 3227 994 3298 jungit
1041 3225 1270 3294 merito,
1323 3230 1383 3279 ut
1431 3225 1738 3280 credituris
1788 3226 2110 3281 divinitatis
2140 3211 2182 3278 C
2221 3227 2520 3293 tollantur,
2558 3233 2619 3282 ut
2650 3226 2878 3283 Christo
2929 3227 3203 3284 divinitas
3251 3231 3557 3284 auferatur
3601 3225 3816 3296 (22):au

456 3334 576 3375 suae
602 3316 915 3374 formulam
946 3320 1204 3388 poneret.
1227 3315 1286 3370 Si
1308 3313 1483 3370 homo
1507 3315 1912 3370 tantummodo
1943 3306 2106 3372 Chri-

455 3411 600 3476 stus,
633 3405 922 3478 quomodo
954 3403 1094 3460 dicit
1121 3421 1134 3459 :
1181 3405 1246 3458 Et
1276 3420 1424 3458 nunc
1468 3404 1772 3474 honoriﬁca
1815 3420 1900 3459 me
1927 3402 2108 3474 gloria

453 3513 622 3571 quam
668 3496 931 3551 habebam
978 3493 1122 3566 apud
1171 3498 1222 3550 te
1266 3495 1596 3566 priusquam
1641 3493 1878 3549 mundus
1922 3494 2104 3550 esset?

451 3586 628 3656 (Joa-n.
665 3601 800 3651 xvn,
833 3583 912 3645 5.)
943 3582 1002 3637 Si
1034 3585 1345 3653 antequam
1377 3580 1636 3636 mundus
1657 3586 1830 3648 esset,
1856 3579 2104 3653 gloriam

452 3673 658 3729 habuit
687 3673 837 3742 apud
870 3671 1076 3740 Deum,
1117 3674 1173 3725 et
1218 3669 1540 3726 claritatem
1580 3669 1767 3724 tenuit
1812 3670 1965 3741 apud
1997 3671 2103 3726 Pa-

450 3765 624 3830 trem,
656 3765 789 3817 ante
819 3759 1107 3814 mundum
1139 3758 1286 3814 fuit:
1319 3775 1420 3814 nec
1449 3757 1603 3813 enim
1648 3756 1951 3812 habuisset
1979 3756 2102 3830 glo»

450 3854 621 3924 riam,
658 3854 769 3908 nisi
794 3852 919 3924 ipse
948 3851 1112 3924 prius
1143 3849 1368 3918 fuisset,
1403 3850 1502 3922 qui
1532 3849 1779 3922 gloriam
1809 3854 2006 3921 posset
2025 3853 2105 3905 te-

450 3958 607 3998 nere.
641 3938 829 3998 Nemo
852 3941 1007 3996 enim
1051 3941 1264 3996 habere
1297 3939 1516 4011 aliquid
1558 3939 1790 4011 poterit,
1825 3938 1938 3995 nisi
1970 3945 2102 3995 ante

448 4032 573 4104 ipse
603 4031 798 4100 fuerit,
844 4030 945 4103 qui
988 4029 1212 4102 aliquid
1259 4033 1434 4085 tenet.
1486 4030 1592 4084 Sed
1642 4029 1799 4084 enim
1832 4029 2100 4085 Christus

2217 3315 2267 3371 si
2299 3315 2420 3371 haec
2451 3313 2574 3371 tolli
2607 3333 2720 3371 non
2753 3321 3004 3387 possunt
3042 3318 3176 3391 (23),
3208 3318 3450 3375 Christo
3501 3317 3569 3371 ab
3603 3310 3834 3368 heretici:

2215 3404 2488 3462 divinitas
2517 3405 2755 3477 propria
2785 3406 3084 3461 reddatur.

2669 3493 2895 3549 CAPUT
2934 3494 3106 3564 xvn,
3143 3495 3225 3550 al.
3269 3495 3444 3550 xxv.

2275 3584 2408 3639 Item
2434 3599 2504 3638 ea:
2535 3587 2725 3653 Moyse
2753 3585 2815 3638 in
2838 3585 3113 3656 principio
3145 3601 3452 3641 sacrarum
3486 3585 3795 3638 Litterarum.

2284 3672 2431 3736 Quid
2464 3672 2511 3727 si
2544 3672 2770 3744 Moyses
2818 3672 2969 3728 hanc
2999 3674 3276 3730 eamdem
3333 3674 3593 3746 regulam
3625 3667 3833 3726 veritatis

2212 3761 2573 3833 exsequitur,
2607 3767 2664 3816 et
2692 3761 2801 3817 hoc
2825 3761 2884 3817 in
2916 3763 3205 3835 principio
3232 3780 3483 3818 suarum
3518 3761 3674 3816 nobis
3701 3755 3832 3812 tradi-

2213 3853 2298 3907 dit
2323 3851 2692 3917 Litterarum,
2725 3867 2838 3922 quo
2868 3851 3166 3908 discamus
3198 3853 3410 3908 omnia
3438 3855 3627 3907 creata
3652 3851 3704 3904 et
3727 3860 3826 3901 con-

2212 3940 2335 3996 dita
2365 3957 2493 3996 esse
2526 3956 2627 4011 per
2655 3939 2756 3995 Dei
2789 3939 3022 4008 Filium,
3059 3939 3167 3996 hoc
3193 3947 3288 3997 est
3320 3959 3427 4013 per
3457 3940 3554 3996 Dei
3586 3928 3836 3992 Verbum?

2213 4031 2274 4087 ld
2308 4029 2466 4087 enim
2499 4028 2640 4083 dicit
2685 4030 2840 4101 quod
2887 4029 3144 4086 Joannes
3189 4031 3355 4102 quod
3409 4029 3637 4095 caueri;
3679 4026 3776 4080 imo
3798 4022 3837 4075 et

445 4122 622 4178 habet
651 4122 762 4193 (18)
794 4120 1040 4193 gloriam
1071 4126 1205 4176 ante
1228 4118 1428 4174 mundi
1464 4118 1887 4175 institutionem
1919 4137 1931 4186 ;
1963 4137 2099 4192 ergo
2207 4122 2465 4176 Joannes
2514 4122 2572 4174 et
2621 4118 2810 4175 caeteri
2860 4120 2930 4174 ab
2989 4119 3097 4174 hoc
3148 4119 3574 4192 intelliguntur
3599 4113 3836 4183 accepisse

445 4216 578 4268 ante
610 4211 1034 4268 institutionem
1067 4207 1271 4264 mundi
1298 4207 1426 4262 fuit.
1452 4208 1575 4262 Nisi
1597 4208 1753 4262 enim
1778 4213 1911 4262 ante
1935 4209 2099 4264 insti-

2211 4210 2366 4281 quod
2401 4208 2620 4263 dicant.
2653 4207 2713 4264 Si
2744 4207 2902 4263 enim
2931 4207 3189 4264 Joannes
3225 4209 3416 4264 dicit:
3465 4208 3652 4264 Omnia
3675 4219 3756 4275 per
3778 4200 3836 4268 ip-

443 4301 733 4359 tutionem
767 4299 973 4356 mundi
1008 4301 1184 4368 esset,
1235 4301 1369 4354 ante
1416 4295 1621 4351 mundi
1670 4295 2098 4353 institutionem
2209 4316 2331 4354 sum
2361 4299 2510 4369 facta
2537 4307 2685 4365 sunt,
2719 4301 2770 4353 et
2810 4298 2930 4353 sine
2960 4301 3079 4370 ipso
3125 4300 3353 4369 factum
3383 4307 3465 4354 est
3512 4292 3654 4350 nihil
3682 4286 3833 4361 (toan).

1725 4396 2036 4457 Gallandii
2091 4396 2604 4461 commentarius.

445 4498 992 4571 Spirituisanctogut
1021 4493 1614 4571 aguctoreAsanctitatis
1649 4493 1943 4571 pendere?
1973 4494 2098 4571 ΜΑῙ-
2134 4497 2176 4561 [)
2211 4496 2348 4571 buit,
2403 4498 2580 4564 recte,
2640 4495 2706 4549 ut
2752 4491 3024 4549 videtur:
3083 4494 3192 4550 etsi
3247 4494 3426 4552 habet
3472 4497 3623 4550 stare
3667 4486 3832 4561 potest-

445 4565 618 4636 ειλκη
654 4570 834 4625 Divin.
895 4569 956 4625 D.
1013 4569 1078 4624 N.
1137 4568 1186 4624 Ι.
1245 4568 1305 4623 C.
1363 4566 1464 4622 lib.
1526 4581 1602 4632 xv,
1662 4581 1790 4636 cap.
1851 4565 1936 4637 19,
1985 4565 2098 4638 §3,

446 4657 591 4714 pag.
613 4642 718 4695 520
745 4657 855 4714 seq.

513 4707 626 4785 ("13)
665 4707 862 4768 Voluit.
896 4713 962 4768 Se
992 4709 1174 4767 voluit
1200 4709 1382 4765 edidit
1429 4707 1768 4785 auctoritate
1799 4724 1909 4785 sua
1936 4707 2101 4785 Wel-

399 4779 771 4852 'ch'ma'nus;
823 4788 878 4839 et
926 4785 1122 4848 forsan
1181 4785 1356 4841 recte,
1407 4780 1504 4834 sed
1553 4779 1701 4835 nihil
1753 4783 1917 4835 muto
1975 4779 2102 4836 sine

441 4856 863 4928 exemplarium
892 4853 1193 4928 suffragio.
1231 4853 1500 4928 Jscxsou.

2208 4568 2481 4624 Jacxsou.

2281 4638 2395 4708 (19)
2426 4635 2790 4706 Intelligetur.
2825 4635 2920 4691 Sic
2950 4636 3251 4693 Pamelius
3284 4655 3354 4695 ex
3391 4655 3503 4693 ms.
3541 4633 3746 4708 Anglic1
3768 4625 3832 4708 ⁴ᾼΙ-

2211 4697 2562 4778 intelligitur,
2604 4697 2751 4777 quos
2801 4713 3039 4763 secutus
3087 4716 3176 4764 est
3225 4697 3672 4765 \Velchmanus.
3701 4697 3830 4757 Male.

2210 4781 2389 4836 Paulo
2423 4785 2556 4834 ante
2587 4779 2901 4850 legendum
2933 4780 3080 4845 volo,
3107 4782 3290 4836 Minor
3319 4784 3510 4837 etiam.
3545 4780 3623 4835 In.

2281 4853 2392 4921 (‘20)
2419 4853 2476 4905 In
2521 4846 2775 4925 gloriam.
2812 4851 2895 4905 Ita
2947 4852 3120 4922 paulo
3171 4855 3462 4925 superius
3489 4846 3831 4925 Novatianus.

512 4920 628 5000 (14)
656 4930 760 4984 Deo
782 4928 993 5000 junagit.
1032 4920 1283 5000 Uterque
1314 4923 1498 4976 editor
1541 4920 1920 5000 Anglicanus,
1956 4922 2100 5000 forte
2207 4920 2573 5000 Atquebanc
2602 4923 2905 5000 lectionem
2951 4920 3194 5000 secutus
3249 4920 3346 4983 est
3373 4924 3706 5000 .lacltsonus,
3735 4924 3831 4984 qut3

440 5016 495 5056 se
518 4992 627 5055 ‘Deo
649 4992 866 5069 juna'n't.
918 4997 1049 5052 Mox
1095 4992 1537 5060 walchmanus,
1586 4994 1827 5061 intelligi
1853 5010 1910 5048 se
1937 4995 2101 5049 vellet
2208 5001 2265 5049 et
2290 4992 2575 5069 probatur
2606 4992 3002 5069 Welehmang.
3041 4995 3215 5069 Editi.
3252 5001 3315 5052 in
3350 4997 3553 5069 gloria.

439 5073 678 5127 arbitrio
713 5087 824 5125 suo
862 5069 1110 5122 excusit.

509 5146 622 5213 (15)
661 5143 843 5197 Vellet.
878 5139 980 5213 Hic
1011 5143 1222 5194 iterum
1253 5152 1308 5191 se
1331 5133 1946 5213 uelletWelchmanus
1975 5136 2095 5191 edi-

440 5206 565 5282 dit;
595 5206 779 5281 neque
810 5211 1041 5281 uspiam
1085 5208 1370 5279 ejusmodi
1405 5206 1769 5261 additionum
1823 5208 2095 5262 lectorem

438 5302 614 5341 suum
647 5284 971 5338 admonuit.

515 5357 626 5427 (l6)
658 5355 732 5409 Ab
763 5369 842 5409 eo.
867 5352 936 5427 8e
961 5354 1038 5410 ab
1067 5368 1129 5408 eo
1175 5350 1475 5427 existimat
1513 5347 2098 5427 legepdpm__\hfel‘ch-

437 5418 688 5484 manus:
722 5431 778 5481 et
808 5426 980 5498 paulo
1029 5430 1161 5497 post
1209 5440 1266 5478 se
1311 5423 1603 5492 iunxisset.
1632 5419 1743 5474 Sed
1793 5418 1937 5474 nihil
1970 5436 2097 5475 mu-

437 5500 684 5556 tandum
717 5514 848 5554 cum
879 5498 1191 5554 Jacksono.

507 5571 619 5643 (17)
652 5572 833 5626 Illum.
867 5571 1031 5626 Illum
1067 5584 1185 5624 esse
1215 5563 1416 5621 mallet
1461 5562 1808 5618 Jacksonus.
1841 5566 1916 5619 At
1945 5562 2093 5619 nihil

435 5660 620 5812 apri?)
650 5715 839 5774 Habet.
873 5713 966 5770 Sic
1018 5711 1180 5772 editi.
1228 5707 1652 5769 Welchmanus
1700 5705 1960 5766 restituit
1989 5707 2093 5764 ha-

2279 5053 2391 5139 (21)
2445 5065 2903 5139 Deprehenditur.
2956 5066 3217 5139 Legerim
3273 5053 3414 5123 cuin
3465 5065 3735 5122 Jacksono
3759 5053 3832 5106 de-

2200 5138 2593 5207 prehendatur.

2279 5210 2388 5280 (22)
2422 5209 2739 5277 Auferatur.
2772 5207 2921 5280 Editi
2952 5224 3061 5263 non
3081 5211 3410 5280 auferatur,
3446 5222 3617 5263 sensu
3646 5202 3832 5257 contra-

2206 5279 2290 5335 rio
2323 5283 2666 5351 argumento
2699 5279 2973 5335 auctoris.
3006 5279 3288 5337 JACKSON.
3325 5288 3384 5336 et
3417 5283 3686 5332 WELCHM.

2278 5336 2481 5420 (23)uSi
2508 5353 2622 5406 ha’c
2651 5351 2772 5422 tolli
2798 5366 2908 5406 non
2933 5336 3284 5422 possunt.Si
3334 5353 3459 5410 hac
3488 5353 3546 5422 in
3589 5336 3831 5422 partes“:

2201 5409 2426 5497 natione
2457 5425 2672 5497 tantum
2699 5421 2809 5476 dici
2855 5409 2967 5476 non
3011 5429 3261 5495 possunt,
3305 5409 3465 5497 legit
3495 5409 3829 5497 Gagnaaus‘ujt

2205 5475 2630 5558 etnFrobenius,
2665 5475 2812 5564 quos
2861 5475 3098 5550 secutru's
3111 5475 3121 5478 Ἴ
3133 5475 3229 5550 est
3245 5475 3261 5493 ’
3277 5475 3725 5564 Χῆξινὸῠίηᾱξιιιθ..
3737 5475 3827 5564 Sed

2204 5567 2360 5622 edita
2388 5555 2631 5636 Pamelii
2660 5555 2724 5619 ut
2771 5565 2995 5636 aptiora
3025 5567 3354 5624 Novatiano
3407 5562 3651 5636 retinui:
3682 5555 3830 5612 alten

2202 5638 2357 5714 enim
2387 5637 2563 5714 lectio
2585 5634 2824 5692 videtur
2857 5635 3077 5714 intrudi
3109 5655 3176 5694 ex
3226 5634 3702 5714 interpretatione
3729 5637 3826 5681 ver-

2203 5710 2411 5769 borum
2441 5709 2563 5768 tolli
2588 5722 2700 5768 non
2727 5711 2968 5786 possunt.
2995 5709 3277 5771 Jacnsou.
