2051 3090
125 164 185 196 9η

783 161 900 192 LIBER
920 162 971 192 DE
994 162 1222 193 TRINITATE.

1778 164 1836 193 946

123 241 144 267 I,
160 232 208 267 3);
225 229 383 268 Prophetas
399 231 497 258 autem
513 230 618 258 refert:
637 230 699 258 Dico
721 237 768 265 ego
789 237 873 265 opera
895 237 955 257 mea
970 229 997 263 Α
1011 231 1040 257 et
1053 231 1151 258 tamen
1167 229 1361 258 nihilominus
1376 228 1536 257 introducit
1551 230 1639 257 Deum
1658 230 1836 257 descenden-

125 277 192 312 Regi
207 276 293 312 (Psal.
310 283 384 308 xuv,
397 276 426 309 2)
442 287 449 308 ;
464 275 578 310 Moyses
600 276 698 302 autem
711 273 870 302 introducit
886 282 957 310 prae-

126 322 284 358 cipientem
298 320 390 347 Deum
402 321 436 347 ut
450 319 500 347 lux
515 320 565 346 ﬁat
576 319 605 346 in
618 319 733 355 primis,
745 318 849 346 cmlum
861 319 958 346 ﬁrme-

127 369 188 401 tur,
205 374 287 402 aqua:
304 366 527 401 congregemur,
545 364 626 391 arida
642 364 823 397 ostendatur,
842 364 956 391 fructus

127 409 292 436 secundum
310 408 420 436 semina
438 408 686 443 provocetur(2!i),
699 406 837 434 animalia
849 406 957 442 produ-

126 455 243 487 cantur,
268 452 426 481 luminaria
450 452 479 479 in
504 452 575 479 cmlo
599 454 685 487 atque
710 454 788 479 astra
813 453 959 487 ponantur

125 498 204 534 (Gen.
219 499 254 533 1):
267 506 324 525 non
335 497 424 524 alium
443 497 572 524 ostendit
587 499 657 524 tunc
673 497 802 524 adfuisse
829 496 885 523 Deo
910 495 956 523 cui

126 542 356 579 praeciperentur
370 541 431 568 hinc
447 549 534 576 opera
549 543 581 568 ut
598 541 709 576 tierent,
727 540 783 567 nisi
814 548 879 567 eum
907 548 959 575 per

124 595 204 624 quem
221 588 293 622 facta
308 588 371 613 sunt
383 586 489 620 omnia,
506 588 532 613 et
545 586 606 613 sine
627 593 680 620 quo
694 587 799 621 factum
814 587 854 612 est
870 584 956 612 nihil.

126 632 167 659 Ac
182 631 208 659 si
224 630 272 658 hic
286 629 414 657 Verbum
433 629 480 657 Dei
496 631 550 662 est,
568 638 634 657 nam
651 630 841 657 eruetavitcor
867 636 958 656 meum

124 676 238 703 verbum
256 675 365 707 bonum,
382 673 510 701 ostendit
523 674 551 701 in
569 673 714 709 principio
730 673 858 700 Verbum
888 672 958 699 fuis-

126 728 169 753 se,
187 721 216 747 et
230 719 359 747 Verbum
376 718 431 746 hoc
446 718 523 753 apud
540 718 654 745 Patrem
670 717 771 750 fuisse,
784 718 875 745 Deum
886 725 958 753 prea-

127 766 210 792 terea
222 763 349 791 Verbum
366 763 467 797 fuisse,
481 761 580 790 omnia
595 762 651 796 (25)
684 770 735 797 per
759 762 857 797 ipsum
883 762 958 789 facta

126 816 203 837 esse.
221 808 276 835 Sed
293 807 371 835 enim
387 806 442 834 hoe
456 806 571 834 Verbum
584 814 651 833 caro
666 807 771 842 factum
786 807 835 839 est,
859 807 884 833 et
907 805 957 832 ha-

128 853 227 880 bitavit
237 853 267 879 in
278 851 357 879 nobis
371 852 461 885 (Joan.
478 859 498 883 ι,
513 851 566 885 14),
579 850 712 878 Christus
729 850 841 877 scilicet
868 849 957 877 Filius

127 897 200 930 Dei;
216 904 314 932 quem,
332 896 403 923 dum
420 897 449 922 et
464 895 652 931 postmodum
666 895 828 922 secundum
840 901 957 921 carnem

128 941 280 969 hominem
297 940 470 976 accipimus,
487 942 514 967 et
528 941 594 966 ante
610 939 712 966 mundi
742 938 957 966 institutionem

127 986 180 1013 Dei
196 985 324 1013 Verbum
340 986 368 1012 et
383 987 475 1011 Deum
490 984 635 1017 videmus,
663 983 765 1011 merito
796 983 957 1011 secundum

129 1029 349 1058 institutionem
365 1028 477 1056 Veteris
494 1030 522 1056 et
532 1028 602 1055 Novi
618 1027 808 1061 Testamenti,
825 1029 853 1054 et
869 1029 957 1054 Deum

128 1078 158 1103 et
175 1074 325 1101 hominem
341 1073 489 1100 Christum
505 1073 605 1100 Jesum
622 1074 649 1099 et
665 1072 813 1099 credimus
828 1073 857 1098 et
877 1074 959 1099 tene-

127 1127 207 1147 mus.
225 1118 298 1151 Quid
324 1117 349 1144 si
381 1117 457 1144 idem
487 1116 601 1152 Moyses
628 1116 787 1143 introducit
815 1115 958 1143 dicentem

127 1165 220 1191 Deum
233 1170 240 1189 :
256 1162 401 1189 Faciamus
411 1162 548 1189 hominem
562 1160 598 1188 ad
622 1162 773 1196 imaginem
784 1162 809 1187 et
824 1160 959 1187 similitu-

126 1208 223 1235 dinem
237 1208 363 1234 noslram
390 1205 465 1238 (Gen.
483 1214 502 1238 1,
518 1206 563 1238 26,
579 1205 644 1240 27):
675 1207 702 1233 et
726 1204 812 1239 intra,
834 1206 867 1232 Et
894 1204 959 1239 fecit

129 1253 202 1280 Deus
218 1251 365 1283 hominem,
378 1250 412 1277 ad
427 1251 578 1285 imaginem
595 1250 646 1276 Dei
660 1248 726 1286 fecit
741 1249 833 1283 illum,
851 1256 958 1275 mascu—

130 1297 191 1324 lum
206 1299 232 1324 et
246 1295 379 1331 feminam
394 1295 462 1330 fecit
476 1296 542 1322 eos?
557 1294 597 1327 Si,
612 1295 645 1320 ut
657 1293 716 1328 iam
730 1292 895 1324 docuimus,
910 1292 958 1319 Dei

130 1341 225 1370 Filius
241 1343 284 1369 est
299 1348 351 1376 per
364 1348 451 1375 quem
474 1340 549 1367 facta
565 1341 634 1366 sunt
649 1338 758 1372 omnia,
781 1339 883 1374 utique
908 1337 959 1365 Dei

130 1385 224 1414 Filius
239 1387 282 1413 est
296 1393 348 1420 per
369 1391 454 1420 quem
485 1383 572 1411 etiam
605 1382 692 1410 homo
720 1382 873 1410 institutus
903 1384 957 1415 est,

127 1436 249 1471 propter
261 1442 348 1470 quem
360 1433 436 1461 facta
447 1435 516 1460 sunt
526 1432 635 1459 omnia.
653 1432 707 1460 Sed
720 1432 799 1460 enim
811 1432 867 1460 Deo
887 1440 958 1468 prte-

127 1480 255 1516 cipiente
267 1481 299 1507 ut
312 1479 401 1506 homo
415 1478 474 1513 ﬁat,
488 1478 565 1505 Deus
580 1478 704 1505 refertur
718 1485 782 1505 esse
797 1477 846 1513 qui
862 1477 958 1505 homi-

129 1534 199 1553 nem
217 1524 302 1552 facit:
320 1524 389 1552 facit
404 1525 501 1552 autem
516 1523 665 1551 hominem
692 1523 742 1550 Dei
767 1522 868 1557 Filius,
892 1522 959 1550 Ver-

129 1570 202 1597 bum
219 1568 329 1597 scilicet
341 1568 403 1602 Dei,
417 1576 468 1604 per
483 1576 562 1603 quem
574 1569 650 1604 facta
664 1570 728 1595 sunt
743 1569 846 1603 omnia,
861 1570 886 1595 et
900 1569 960 1595 sine

127 1623 181 1652 quo
196 1614 303 1651 factum
317 1618 356 1641 est
370 1614 454 1642 nihil.
475 1614 533 1641 Hoc
549 1616 646 1641 autem
662 1613 791 1641 Verbum
807 1622 873 1641 caro
900 1614 958 1641 fac-

128 1662 193 1688 tum
211 1661 303 1695 est,et
317 1658 460 1686 habitavit
473 1658 551 1686 918
567 1658 594 1685 in
614 1658 715 1686 nobis:
739 1666 807 1694 ergo
823 1658 957 1686 Christus

98 1705 108 1743 (
128 1707 174 1734 est
189 1705 275 1739 Deus,
292 1707 347 1732 Per
359 1704 508 1732 Christum
524 1705 613 1740 igitur
629 1704 716 1732 homo
733 1705 827 1732 factus
842 1707 897 1738 est,
925 1706 956 1732 ut

127 1759 181 1787 per
197 1750 246 1779 Dei
263 1749 377 1777 Filium.
391 1750 445 1777 Sed
463 1750 537 1777 Deus
564 1749 712 1778 hominem
738 1750 772 1777 ad
796 1750 956 1786 imaginem

127 1796 178 1823 Dei
192 1795 278 1830 fecit;
292 1795 369 1822 Deus
382 1796 427 1822 est
441 1802 510 1830 ergo
526 1794 652 1830 quiiecit
663 1794 812 1822 hominem
836 1794 870 1821 ad
884 1794 956 1821 ima-

128 1840 229 1876 ginem
244 1839 306 1873 Dei,
324 1840 399 1867 Deus
414 1846 484 1875 ergo
499 1838 635 1866 Christus
650 1840 712 1866 est:
731 1840 762 1866 ut
777 1838 879 1866 merito
905 1846 956 1865 nec

127 1883 431 1912 VeterisTestamenti
451 1883 528 1910 circa
543 1890 698 1918 personam
715 1882 822 1910 Christi
843 1882 958 1910 vacillet

127 1928 300 1963 auctoritas,
321 1928 390 1955 dum
417 1927 488 1956 Novi
518 1926 696 1955 Testamenti
724 1926 958 1955 manifestatione

126 1973 258 2008 fulcitur,
275 1980 328 2000 nec
344 1972 415 2000 Novi
431 1971 612 1999 Testamenti
627 1971 787 2007 intercepta
803 1971 841 1999 sit
861 1973 957 2007 potes-

124 2019 183 2049 tas,
196 2017 266 2044 dum
285 2016 434 2044 radicibus
448 2015 561 2043 Veteris
576 2015 755 2042 Testamenti
767 2015 897 2051 ejusdem
913 2015 957 2043 ni-

127 2062 202 2090 titur
215 2061 333 2089 veritas.
350 2058 388 2088 Ex
404 2069 471 2096 quo,
488 2060 538 2096 qui
555 2059 716 2093 Christum,
735 2060 782 2087 Dei
800 2060 905 2088 Filium
930 2062 958 2087 et

124 2105 269 2140 hominis,
282 2105 486 2132 tantummodo
498 2106 679 2140 praesumunt
690 2104 851 2137 hominem,
862 2113 918 2132 non
930 2107 958 2132 et

125 2151 230 2184 Deum,
246 2153 348 2178 contra
361 2150 580 2177 Testamentum
593 2152 620 2177 et
634 2149 720 2177 Vetus
741 2153 769 2177 et
788 2150 899 2177 Novum
916 2150 957 2177 fa-

127 2195 221 2228 ciunt,
239 2195 309 2222 dum
325 2196 352 2222 et
367 2194 479 2222 Veteris
495 2195 522 2221 et
535 2193 605 2221 Novi
631 2194 809 2221 Testamenti
834 2194 957 2222 auctori-

126 2242 219 2268 tatem
235 2239 445 2275 veritatemque
460 2241 663 2274 corrumpunt.
674 2239 746 2270 Quid
756 2239 780 2266 si
792 2239 868 2266 idem
880 2239 957 2274 Moy-

973 916 997 948 B

971 1369 982 1378 ρ

973 1601 995 1635 C

1011 277 1069 302 tem
1086 275 1122 302 ad
1145 277 1253 302 turrem
1277 283 1364 311 quam
1395 274 1577 302 aedificabant
1606 274 1655 301 filii
1683 275 1836 302 hominum

1012 319 1196 347 considerare
1213 320 1271 355 (26)
1287 321 1477 355 quaerentem,
1499 321 1528 346 et
1555 319 1699 346 dicentem
1711 329 1719 345 :
1747 320 1838 347 Venite

1011 366 1040 392 et
1056 373 1122 392 mox
1133 373 1140 379 ·
1158 363 1365 398 Descendamus,
1382 366 1407 392 et
1423 363 1622 400 eonfundamus
1639 365 1698 391 illic
1718 366 1838 399 ipsorum

1012 410 1123 443 linguas
1138 413 1167 436 ut
1179 417 1232 436 non
1260 409 1357 436 audiat
1383 409 1572 444 unusquisque
1602 418 1689 436 rorem
1714 410 1839 445 prorimi

1011 455 1057 481 sui
1071 453 1146 489 (Gen.
1163 462 1201 487 xu,
1215 454 1256 486 7.)
1279 454 1369 485 Quem
1399 454 1501 481 volunt
1530 453 1576 480 hic
1602 456 1689 481 Deum
1720 455 1837 481 dest-en-

1012 498 1090 526 disse
1106 499 1140 525 ad
1158 500 1267 525 turrem
1284 498 1375 531 illam,
1393 500 1420 525 et
1437 498 1570 525 homines
1586 501 1654 525 tunc
1672 499 1737 525 illos
1767 499 1836 525 visi-

1011 545 1072 570 tare
1087 543 1289 578 qumrentem?
1308 543 1399 570 Deum
1430 543 1569 570 Patrem?
1595 545 1665 578 Ergo
1688 544 1748 578 jam
1775 543 1837 571 loco

1012 587 1160 615 clauditur
1176 595 1181 614 :
1199 589 1227 615 et
1241 587 1387 623 quomodo
1403 587 1465 622 ipse
1494 587 1593 615 omnia
1615 587 1839 623 complectitur?

1010 634 1068 660 Aut
1083 633 1226 668 numquid
1242 632 1384 668 Angelum
1399 641 1464 660 cum
1481 632 1599 668 Angelis
1622 633 1691 659 dicit
1718 633 1837 659 descen-

1012 678 1140 711 dentem,
1155 679 1183 704 et
1199 677 1342 705 dicentem
1359 686 1364 704 :
1387 678 1480 704 Venite
1491 686 1502 708 ,·
1516 679 1544 704 et
1572 685 1654 704 mox:
1688 677 1838 705 Drsrcnrla-

1013 730 1071 749 mus
1098 726 1125 749 et
1151 722 1349 757 confundamus
1378 721 1441 749 illic
1467 723 1587 757 ipsorum
1620 722 1747 756 linguas!
1783 722 1836 749 Sed

1011 766 1133 794 enimio
1161 766 1384 794 Deuteronomio
1414 766 1675 794 animadvertimus
1703 766 1837 794 retulisse

1013 813 1103 839 Deum
1119 811 1190 843 haec,
1207 811 1359 847 Deumque
1383 810 1501 844 dixisse,
1529 812 1577 838 ubi
1602 811 1737 846 ponitur:
1770 811 1837 838 Cum

1009 856 1200 884 disseminaret
1222 855 1298 891 lilio:
1313 855 1408 888 Adam,
1425 856 1522 883 statuit
1537 857 1604 890 [lues
1619 856 1741 891 gentium
1754 857 1839 891 justo

1011 909 1155 928 numerum
1170 900 1334 936 angelorum
1358 901 1406 927 Dei
1434 900 1523 936 (Deut.
1553 909 1640 933 xxxu,
1670 901 1708 934 ἓ).
1738 900 1838 935 Neque

1013 953 1081 981 ergo
1098 946 1182 972 Pater
1197 945 1356 978 descendit,
1374 947 1406 971 ut
1421 953 1466 972 res
1481 944 1607 978 indicat;
1627 953 1720 980 neque
1743 946 1837 980 Ange-

1013 989 1060 1017 lus
1077 989 1132 1017 ista
1147 989 1285 1025 praecipit,
1303 991 1335 1016 ut
1350 997 1396 1016 res
1418 989 1530 1025 probat.
1548 992 1685 1025 Superest
1700 998 1778 1024 ergo,
1808 992 1839 1016 ut

1013 1034 1060 1062 ille
1073 1033 1265 1066 descenderit,
1283 1033 1318 1061 de
1334 1041 1390 1068 quo
1407 1033 1555 1069 apostolus
1573 1033 1676 1060 Paulus
1697 1042 1702 1060 :
1727 1035 1779 1067 Qui
1794 1034 1838 1061 de-

1012 1078 1127 1111 scendit,
1140 1079 1198 1114 ipse
1212 1082 1250 1105 est
1264 1078 1312 1113 qui
1331 1078 1452 1105 ascendit
1465 1086 1548 1114 super
1576 1086 1666 1105 omnes
1690 1079 1778 1113 (‘4!‘103,
1809 1080 1838 1105 ut

1013 1124 1138 1159 impleret
1153 1124 1246 1151 omnia
1261 1122 1369 1158 (Ephes.
1386 1130 1423 1156 ιν,
1442 1123 1497 1156 10),
1512 1122 1566 1149 hoc
1594 1124 1637 1149 est
1662 1122 1710 1149 Dei
1738 1123 1837 1156 I-‘ilius,

1013 1168 1063 1196 Dei
1078 1167 1214 1195 Verbum.
1232 1167 1360 1195 Verbum
1376 1170 1472 1194 autem
1490 1167 1537 1194 Dei
1555 1176 1620 1194 caro
1647 1168 1754 1194 factum
1782 1169 1837 1200 est,

1015 1216 1044 1241 et
1057 1212 1199 1241 habitavit
1213 1212 1243 1239 in
1260 1212 1344 1240 nobis
1358 1221 1364 1239 ι
1382 1212 1429 1239 hic
1446 1212 1502 1240 erit
1522 1214 1579 1248 (27)
1595 1212 1745 1240 Christus:
1763 1215 1837 1240 Deus

1014 1266 1080 1293 ergo
1096 1256 1332 1294 pronuntiabitur
1347 1257 1491 1284 Christus.

1226 1315 1339 1343 CAPUT
1358 1314 1456 1349 XVIII,
1472 1315 1510 1342 al.
1526 1315 1621 1342 XXVI.

1012 1361 1078 1389 Inde
1093 1361 1188 1393 etiam,
1204 1359 1274 1394 quod
1290 1359 1407 1387 Abrahae
1430 1360 1503 1387 visus
1525 1361 1633 1393 legatur
1653 1361 1740 1387 Deus:
1766 1361 1837 1395 quod

1049 1397 1081 1423 de
1096 1399 1179 1423 Patre
1201 1397 1317 1431 nequeat
1342 1395 1470 1430 intelligi,
1490 1403 1567 1430 quem
1591 1404 1669 1423 nemo
1694 1396 1762 1423 vidit
1784 1405 1836 1423 un-

1049 1440 1139 1468 quam,
1156 1431 1202 1458 sed
1216 1431 1249 1458 de
1260 1431 1328 1458 Filio
1345 1432 1374 1458 in
1390 1431 1487 1465 Angeli
1498 1432 1626 1466 imagine.

1049 1485 1119 1512 Ecce
1130 1484 1207 1511 idem
1225 1485 1335 1520 Moyses
1347 1484 1434 1511 refert
1444 1483 1499 1511 alio
1511 1483 1540 1511 in
1553 1484 1624 1516 loco,
1651 1485 1727 1519 quod
1747 1485 1835 1512 lbra-

1013 1530 1140 1557 M919
1156 1529 1230 1556 visus
1243 1529 1279 1556 sit
1300 1529 1370 1556 Deus
1394 1528 1468 1564 (Gen.
1498 1537 1547 1561 xu,
1575 1530 1614 1559 7).
1643 1529 1729 1564 Atqui
1760 1530 1835 1556 idem

1014 1574 1128 1610 Moyses
1137 1573 1245 1601 audita
1257 1573 1403 1609 Deo,quod
1413 1581 1493 1601 nemo
1504 1573 1645 1601 hominum
1656 1575 1740 1601 Deum
1751 1574 1838 1601 videat

1013 1621 1038 1647 et
1048 1619 1119 1646 vivat
1134 1617 1229 1653 (Exod.
1241 1626 1339 1651 χχχιιι,
1353 1617 1409 1652 20).
1421 1617 1449 1645 Si
1463 1617 1552 1645 videri
1566 1627 1621 1644 non
1640 1621 1735 1653 potest
1748 1618 1835 1645 Deus.

1012 1662 1158 1698 quomodo
1173 1662 1254 1689 visus
1267 1664 1311 1689 est
1326 1661 1425 1688 Deus?
1438 1663 1495 1689 Aut
1510 1662 1533 1689 si
1550 1662 1628 1689 visus
1645 1665 1697 1696 cst,
1716 1671 1836 1697 quomo-

1011 1707 1048 1734 do
1064 1706 1151 1734 videri
1168 1714 1225 1733 non
1243 1706 1362 1741 potest?
1376 1705 1449 1733 Nam
1464 1707 1494 1733 et
1508 1706 1647 1739 Joannes,
1664 1707 1746 1734 Deum
1758 1715 1836 1734 nemo

1011 1751 1128 1787 (inquit)
1144 1751 1213 1778 vidit
1228 1758 1348 1786 unquam
1366 1751 1388 1784 (I
1407 1751 1485 1778 Joan.
1502 1759 1540 1786 ιν,
1558 1752 1610 1784 12).
1635 1751 1666 1778 Et
1688 1751 1836 1786 apostolus

1011 1795 1139 1823 Paulus:
1157 1796 1241 1829 Quem
1255 1795 1322 1822 vidit
1336 1795 1478 1822 hominum
1506 1803 1593 1830 nemo,
1614 1804 1660 1822 nec
1680 1796 1769 1824 videro
1792 1805 1836 1831 ro-

1011 1843 1063 1869 test
1077 1841 1114 1877 (II
1129 1841 1196 1868 Tim.
1215 1848 1252 1873 γι,
1284 1839 1337 1874 16).
1372 1839 1428 1867 Sed
1457 1848 1514 1867 non
1548 1840 1650 1875 utique
1687 1841 1837 1876 Scriptura

1012 1885 1172 1916 mentitur;
1190 1892 1258 1920 ergo
1275 1892 1339 1911 vcre
1354 1883 1495 1925 visuiest
1511 1884 1597 1911 Deus.
1615 1885 1654 1911 Ex
1671 1894 1727 1920 quo
1754 1884 1855 1923 intel-t

1010 1929 1061 1966 ligi
1078 1930 1184 1965 potest,
1196 1929 1271 1963 quod
1288 1937 1345 1956 non
1357 1929 1441 1965 Pater
1454 1928 1534 1956 visus
1551 1929 1598 1961 sit,
1611 1930 1659 1964 qui
1684 1938 1835 1964 nunquam

1010 1974 1091 2001 visus
1102 1975 1160 2008 est;
1173 1973 1223 2001 scd
1237 1972 1335 2006 Filius,
1350 1967 1400 2008 qui
1421 1974 1449 2000 et
1467 1973 1642 2000 descendere
1660 1973 1763 2000 solitus
1778 1976 1834 2008 est,

1012 2020 1040 2046 et
1054 2018 1143 2045 videri
1160 2017 1229 2053 quis.
1244 2017 1436 2044 descenderit.
1454 2019 1552 2054 Imago
1573 2019 1616 2044 est
1635 2018 1711 2044 cnim
1740 2018 1835 2044 invisi-

1012 2062 1081 2091 bilis
1099 2062 1157 2095 Dei,
1175 2064 1207 2089 ut
1233 2061 1418 2089 mediocritas
1442 2064 1471 2089 et
1495 2062 1636 2097 fragilitas
1660 2062 1835 2090 conditionis

1011 2108 1147 2135 humana:
1164 2106 1254 2134 Deum
1272 2108 1385 2133 Patrem
1402 2106 1501 2134 videre
1512 2106 1669 2141 aliquando
1682 2107 1743 2140 jam
1765 2109 1834 2133 tunc

1011 2155 1193 2181 assuesceret
1204 2152 1233 2179 in
1250 2152 1377 2187 imagine
1393 2151 1451 2186 Dei,
1468 2151 1523 2179 hoc
1537 2154 1590 2183 est,
1622 2151 1650 2178 in
1679 2151 1747 2177 Filio
1775 2152 1833 2178 Dci.

1012 2197 1161 2225 Gradatim
1177 2197 1254 2224 enim
1264 2199 1293 2223 et
1305 2196 1541 2232 perincrementa
1555 2196 1695 2230 fragilitas
1706 2196 1836 2223 humana

1012 2242 1116 2270 nutriri
1134 2240 1234 2268 debuit
1249 2249 1299 2276 per
1314 2240 1472 2275 imaginem
1488 2239 1524 2266 ad
1540 2240 1625 2267 istam
1640 2240 1773 2274 gloriam,
1805 2243 1836 2267 ut

127 2292 178 2312 see
195 2284 302 2319 ubique
326 2284 489 2311 introducit
518 2283 606 2310 Deum
632 2283 744 2310 Patrem
776 2283 954 2311 immensum
972 2286 993 2318 D
1009 2287 1101 2313 Deum
1118 2286 1231 2312 Patrem
1243 2285 1338 2311 videre
1351 2283 1445 2319 possit
1459 2284 1515 2319 (28)
1530 2284 1695 2319 aliquando.
1722 2285 1835 2312 Pericu-

126 2331 218 2363 atque
233 2328 296 2355 sine
311 2328 378 2362 fine,
396 2336 452 2355 non
468 2326 518 2362 qui
535 2327 598 2354 loco
613 2327 758 2359 cludatur,
776 2328 825 2355 sed
837 2328 885 2362 qui
896 2337 956 2355 om-

1010 2330 1073 2357 losa
1089 2332 1158 2356 sunt
1172 2329 1249 2356 enim
1267 2337 1329 2363 qum
1343 2336 1449 2364 magna
1460 2330 1541 2360 sunt,
1555 2329 1577 2355 si
1592 2329 1741 2364 repentina
1753 2332 1833 2356 sunt.

125 2381 196 2401 nem
218 2372 313 2400 locum
330 2372 447 2400 cludat:
464 2379 517 2399 nec
533 2379 600 2399 eum
617 2371 668 2407 qui
684 2372 715 2399 in
743 2371 805 2400 loco
830 2371 877 2407 sit,
905 2372 955 2400 sed
1010 2374 1082 2402 Nam
1097 2374 1184 2401 etiam
1197 2372 1246 2399 lux
1258 2372 1328 2400 solis
1339 2372 1435 2400 subita
1446 2374 1511 2407 post
1524 2373 1669 2405 tenebras,
1683 2373 1835 2408 splendore

125 2417 227 2454 potius
239 2416 268 2444 in
283 2425 339 2452 quo
351 2416 447 2444 omnis
466 2416 547 2443 locus
559 2416 597 2444 sit
611 2425 617 2444 :
641 2416 739 2444 omnia
757 2416 955 2445 continentem

1011 2417 1101 2446 nimio
1118 2416 1241 2445 insuetis
1257 2417 1350 2445 oculis
1362 2425 1419 2444 non
1436 2417 1567 2445 ostendet
1597 2417 1684 2451 dicm,
1709 2418 1759 2445 sed
1784 2426 1834 2453 po-

125 2465 157 2490 et
173 2464 279 2489 cuncta
294 2460 489 2497 complexum,
506 2462 539 2487 ut
554 2461 657 2488 merito
674 2469 726 2489 nec
735 2461 892 2489 descendat
905 2470 956 2489 nec
1010 2462 1069 2490 tius
1082 2462 1165 2489 faciet
1180 2463 1349 2489 caecitatem.

123 2505 277 2541 ascendat,
289 2505 426 2541 quoniam
437 2505 500 2542 ipse
511 2505 610 2533 omnia
620 2507 649 2533 et
659 2506 788 2534 continet
798 2508 826 2534 et
836 2505 954 2542 implet:

1047 2506 1128 2539 Quod
1145 2514 1181 2534 ne
1196 2506 1225 2533 in
1237 2506 1378 2533 damnum
1391 2506 1588 2533 humanorum
1602 2507 1750 2542 contingat
1766 2515 1834 2534 ocu-

768 2573 923 2604 Gallandii
943 2573 1202 2605 commentarius.

163 2635 219 2671 (24)
237 2636 399 2663 Provocetur
414 2635 497 2662 Forte
506 2636 679 2671 provocetur.
698 2634 840 2662 \VELCHM.

164 2672 221 2707 (25)
233 2672 331 2699 Omnia
361 2670 531 2706 Conjunctio
558 2672 583 2697 et
611 2670 727 2698 videtur
755 2671 857 2699 deesse
887 2673 956 2699 ante

124 2708 234 2736 omnia.
251 2709 386 2734 Jacuson.

167 2744 222 2778 (26)
239 2742 422 2771 Considerate.
444 2741 599 2778 Existimat
625 2741 833 2778 Wclchmanus
856 2742 955 2778 legen—

126 2780 202 2808 dum
223 2779 409 2807 considerate:
422 2778 509 2813 idque
525 2785 577 2814 pro
594 2777 757 2805 indubitate
773 2777 860 2805 habet
869 2777 954 2806 Jack-

128 2824 236 2845 sonus.

168 2851 224 2889 (27)
239 2851 309 2881 Erit.
325 2850 409 2882 Forte
423 2850 495 2887 erat,
512 2849 589 2886 quod
605 2849 715 2880 notavit
727 2849 953 2881 Welchmanus:

1006 2637 1059 2664 erit
1069 2638 1169 2664 tamen
1185 2636 1324 2671 congruat
1340 2633 1473 2670 sequenti
1488 2635 1726 2669 pronuntia/titur.
1752 2635 1835 2663 Janu-

1010 2681 1101 2742 δοῗέὸ)
1114 2707 1210 2734 Possit.
1230 2707 1270 2733 [tu
1280 2714 1347 2733 cum
1358 2706 1505 2732 Jacksono
1516 2705 1736 2733 emendavimus
1747 2707 1830 2734 editt.

1008 2745 1104 2779 posset.
1118 2743 1260 2777 Tempocc
1268 2749 1395 2779 namque
1407 2742 1541 2779 praesenti
1554 2742 1643 2779 semel
1668 2742 1833 2777 iterumque

1009 2776 1038 2806 in
1055 2776 1378 2806 camdenisententiaun
1397 2776 1483 2811 paulo
1504 2781 1569 2812 post
1598 2777 1690 2804 utitur
1714 2776 1834 2805 auctiir:

1008 2815 1104 2878 possi‘t,
1120 2816 1151 2841 ut
1165 2816 1213 2849 est,
1225 2813 1317 2842 videre
1331 2828 1366 2833 -
1381 2813 1510 2848 intercipi
1524 2814 1609 2848 possit
1623 2828 1658 2834 —-
1675 2814 1766 2842 videre
1781 2822 1836 2841 non

1008 2859 1078 2878 voss:
1093 2871 1100 2878 .

1007 2859 1100 2889 possit.
