4102 6180
466 403 583 464 947

1509 401 1943 464 NOVATIANI
1987 398 2486 460 PRESBYTERI
2533 397 2838 458 ROMANI

3711 405 3812 471 948

464 535 679 604 lorum,
712 534 992 609 paulatim
1036 536 1319 611 disruptis
1376 542 1433 593 et
1481 537 1783 610 dissipatis
1823 535 2103 603 tenebris,
2139 536 2193 603 Α
2223 537 2288 590 ut
2313 536 2370 590 et
2397 538 2548 590 Deus
2570 532 2665 601 sit,
2702 531 2838 603 quia
2867 531 2966 587 Dei
3002 531 3185 588 Filius
3215 535 3321 599 est,
3354 538 3408 589 et
3458 535 3688 609 Angelus
3730 542 3809 609 sit,

465 628 630 683 ortus
651 624 963 682 luminaris
985 625 1158 683 istius
1183 626 1579 684 mediocribus
1613 626 1991 682 incrementis
2018 625 2124 681 fal-

465 714 654 771 lenter
673 732 990 788 assurgens
1014 716 1214 772 oculos
1235 716 1544 771 hominum
1569 716 1789 772 sensim
1805 713 2124 770 assuefacit

426 820 429 825 ‘
470 803 542 860 ad
576 806 765 859 totum
796 804 997 860 orbem
1029 821 1203 860 suum
1254 806 1563 861 ferennum
1615 822 1716 877 per
1765 804 2127 859 incrementa

475 891 798 948 radiorum.
831 892 926 948 Sic
958 910 1094 965 ergo
1126 899 1182 951 et
1211 895 1497 963 Christus,
1547 894 1605 948 id
1650 897 1738 949 est
1782 894 1974 966 imago
2024 891 2125 947 Dei

470 982 528 1037 et
549 980 730 1037 Filius
761 982 879 1053 Dei,
905 984 977 1039 ab
1004 983 1344 1039 hominibus
1387 984 1715 1053 inspicitur,
1749 1000 1866 1055 qua
1904 984 2130 1054 poterat

469 1069 676 1125 videri.
709 1071 779 1125 Et
810 1071 938 1127 ideo
970 1072 1259 1144 fragilitas
1292 1075 1350 1128 et
1382 1073 1755 1128 mediocritas
1799 1071 1975 1127 sortis
2019 1070 2129 1125 hu-

474 1174 666 1215 mana:
695 1175 798 1231 per
826 1160 1021 1232 ipsum
1048 1160 1245 1233 alitur,
1280 1162 1647 1234 producitur,
1705 1162 2022 1217 educatur:
2068 1163 2135 1214 ut

472 1247 790 1320 aliquando
814 1249 996 1305 Deum
1021 1264 1254 1322 quoque
1276 1250 1473 1322 ipsum
1500 1250 1750 1316 Patrem,
1785 1253 2021 1305 assueta
2050 1246 2135 1302 Fi-

469 1336 620 1392 lium
654 1337 1010 1410 conspicere,
1046 1340 1254 1411 possit,
1288 1343 1352 1395 ut
1382 1343 1490 1407 est,
1520 1339 1755 1410 videre;
1808 1355 1879 1394 ne
1928 1338 2138 1407 majes'

476 1425 617 1482 tatis
646 1425 838 1499 ipsius
861 1427 1164 1498 repentino
1186 1432 1243 1484 et
1264 1427 1621 1484 intolerabili
1646 1428 1870 1499 fulgore
1898 1443 2135 1499 percus-

388 1544 391 1545 ν
482 1531 548 1571 sa
578 1514 849 1588 intercipi
880 1515 1092 1589 possit,
1126 1522 1191 1573 ut
1220 1518 1407 1574 Deum
1438 1521 1669 1574 Patrem
1702 1533 1875 1588 quem
1904 1532 2137 1588 semper

482 1604 726 1676 optavit,
761 1605 957 1662 videre
988 1623 1103 1662 non
1144 1606 1346 1679 possit.
1392 1607 1470 1662 Ex
1520 1623 1633 1679 quo
1682 1606 1863 1661 Filius
1910 1609 1999 1661 est
2039 1604 2136 1661 hic

481 1693 581 1765 qui
605 1693 868 1761 videtur;
896 1695 993 1750 Dei
1015 1699 1211 1752 autem
1258 1695 1460 1764 Filius,
1486 1696 1583 1752 Dei
1603 1696 1859 1751 Verbum
1886 1700 2002 1762 est;
2039 1695 2133 1751 Dei

475 1785 673 1839 autem
703 1782 962 1840 Verbum
994 1801 1126 1841 caro
1159 1786 1375 1841 factum
1410 1789 1499 1841 est
1528 1789 1581 1841 et
1624 1785 1905 1841 habitavit
1943 1785 2003 1839 in
2038 1802 2131 1841 no-

2233 623 2512 695 quoniam
2535 626 2789 694 paternae
2805 622 3214 693 dispositionis
3236 627 3593 682 annuntiator
3611 633 3718 685 est:
3740 632 3815 686 in-

2232 713 2491 785 telligere
2524 712 2735 767 debent
2764 717 2968 767 contra
2995 712 3326 783 Scripturas
3357 730 3416 769 se
3444 731 3599 787 agere
3627 717 3817 775 hereti-

2235 802 2305 874 ci,
2342 802 2439 874 qui
2472 801 2767 856 Christum
2804 817 2937 858 cum
2972 801 3174 858 dicant
3225 817 3285 857 se
3328 807 3383 858 et
3434 804 3688 876 Angelum
3728 825 3820 865 cre-

2237 892 2392 957 dere,
2429 889 2616 946 nolint
2645 890 2811 946 illum
2839 890 3014 946 etiam
3048 896 3231 946 Deum
3265 893 3642 964 pronuntiare,
3683 912 3820 969 quem

2236 979 2296 1036 in
2330 980 2514 1036 Veteri
2541 981 2917 1037 Testamento
2942 982 3015 1036 ad
3061 981 3454 1037 visitationem
3503 985 3709 1055 generis
3741 985 3826 1042 hu-

2239 1069 2400 1124 mani
2432 1070 2634 1149 legunt
2665 1086 2815 1141 saepe
2858 1070 3108 1126 venisse.
3162 1070 3370 1127 Adhuc
3407 1072 3603 1142 adjecit
3646 1073 3829 1147 Moyses

2241 1161 2395 1229 (Gen.
2428 1175 2589 1225 xvm,
2622 1157 2699 1228 l),
2730 1157 2974 1212 Abrahae
2998 1158 3193 1214 visum
3225 1158 3407 1215 Deum
3438 1160 3582 1231 apud
3601 1178 3828 1232 quercum

2243 1247 2520 1314 Mambre,
2557 1247 2794 1302 sedente
2826 1246 2954 1318 ipso
2985 1247 3056 1302 ad
3118 1248 3335 1304 ostium
3393 1249 3724 1305 tabernaculi
3759 1253 3832 1307 sui

2245 1336 2485 1392 meridie
2511 1354 2523 1403 ;
2557 1339 2613 1391 et
2642 1335 3049 1404 nihilominus,
3079 1353 3215 1392 cum
3246 1341 3364 1393 tres
3385 1337 3750 1410 conspexisset
3772 1340 3834 1397 vi-

2245 1442 2361 1492 ros,
2393 1441 2579 1480 unum
2609 1441 2680 1480 ex
2710 1423 2825 1481 illis
2854 1425 3165 1481 Dominum
3196 1443 3603 1498 nuncupasse;
3631 1444 3832 1498 quorum

2247 1529 2377 1568 cum
2401 1512 2576 1586 pedes
2599 1512 2860 1581 lavisset,
2885 1513 3183 1570 cineritios
3214 1530 3399 1586 panes
3418 1530 3549 1570 cum
3578 1515 3776 1588 butyro,
3793 1521 3838 1572 et

2242 1602 2433 1674 ipsius
2466 1602 2631 1675 copia
2669 1602 2838 1658 lactis
2898 1603 3083 1671 offert,
3143 1607 3202 1659 et
3250 1607 3317 1658 ut
3372 1603 3622 1676 hospites
3672 1605 3836 1660 retenti

2239 1696 2631 1758 vescerentur,
2666 1693 2956 1749 hortatur.
2989 1693 3127 1748 Post
3156 1709 3285 1763 quae
3318 1696 3375 1748 et
3405 1693 3554 1765 quod
3598 1696 3737 1764 pater
3775 1693 3839 1748 l'u-

2243 1785 2412 1837 turus
2434 1785 2607 1853 esset,
2623 1782 2814 1837 audit:
2839 1785 2895 1837 et
2908 1782 3060 1852 quod
3077 1781 3220 1837 Sara
3235 1799 3382 1837 uxor
3394 1784 3518 1853 ejus
3548 1782 3776 1854 paritura
3788 1799 3840 1837 ex

474 1871 600 1928 his:
633 1871 729 1928 hic
769 1876 960 1929 autem
995 1873 1263 1930 Christus
1297 1879 1408 1932 est.
1476 1875 1631 1946 Quae,
1682 1874 1927 1945 malum,
1987 1873 2131 1929 ratio
2165 1907 2213 1972 Β
2244 1870 2371 1942 ipso
2393 1870 2581 1925 filium
2608 1873 2784 1938 esset,
2816 1870 3058 1925 ediscit:
3083 1871 3231 1926 etde
3263 1870 3421 1925 exitu
3440 1871 3839 1945 Sodomitarum,

480 1965 572 2018 est
605 1965 669 2015 ut
700 1961 1002 2018 dubitatur
1031 1963 1185 2019 Deus
1218 1963 1352 2033 dici,
1387 1963 1485 2035 qui
1516 1968 1600 2019 tot
1643 1964 1834 2019 modis
1863 1963 2017 2019 Deus
2047 1963 2134 2017 in-
2165 1959 2212 2003 ‘7
2248 1976 2379 2031 quae
2410 1960 2787 2015 merebantur
2817 1959 2956 2030 pati,
2990 1960 3358 2031 recognoscit
3381 1976 3393 2015 :
3420 1960 3633 2030 etquod
3655 1963 3842 2031 propter

482 2049 769 2122 telligitur
796 2052 1151 2123 aporobari?
1198 2055 1276 2109 Ac
1327 2053 1374 2109 si
1424 2058 1482 2109 et
1528 2056 1676 2125 Agar
1711 2053 1863 2125 (Gen.
1913 2068 2027 2120 xw,
2058 2052 2139 2123 7),

478 2137 752 2197 ancillam
783 2143 932 2196 Saraa
964 2143 1033 2197 de
1064 2143 1237 2198 domo
1267 2143 1513 2213 ejectam
1547 2142 1764 2215 pariter
1785 2146 1843 2197 et
1882 2142 2142 2213 fugatam

476 2226 740 2299 Angelus
770 2230 1041 2286 convenit
1072 2231 1227 2302 apud
1276 2232 1495 2287 fontem
1547 2248 1710 2302 aquas
1763 2230 1821 2285 in
1867 2230 1962 2285 via
2008 2230 2141 2297 Sur,

481 2316 632 2387 fuga
666 2332 875 2373 causas
908 2317 1229 2392 interrogat
1259 2324 1433 2391 atque
1463 2319 1695 2390 accipit,
1729 2322 1787 2374 et
1846 2322 1977 2391 post
2024 2318 2146 2373 haec

487 2404 846 2463 humilitatis
876 2408 1121 2464 consilia
1165 2408 1449 2481 porrigit;
1509 2425 1673 2481 spem
1738 2412 2013 2480 praeterea
2062 2398 2147 2462 illi

495 2493 746 2549 materni
780 2495 1037 2551 nominis
1070 2496 1227 2565 facit,
1262 2498 1531 2569 quodque
1560 2512 1629 2552 ex
1660 2500 1823 2551 utero
1842 2497 1969 2567 ejus
1994 2492 2147 2551 mul-

494 2583 625 2637 tum
650 2598 849 2638 semen
882 2589 1032 2640 esset
1061 2586 1320 2641 futurum
1355 2586 1603 2657 spondet
1634 2589 1812 2656 atque
1836 2585 2150 2657 promittit,

508 2672 565 2725 et
595 2671 751 2742 quod
786 2671 993 2729 Ismael
1025 2690 1093 2729 ex
1122 2673 1224 2729 illa
1254 2674 1414 2730 nasci
1446 2674 1705 2741 haberet,
1757 2679 1815 2730 et
1863 2690 1997 2730 cum
2044 2691 2151 2730 cre-

504 2758 646 2814 teris
666 2759 1058 2830 aperitlocum
1080 2762 1463 2818 habitationis
1490 2763 1701 2834 ipsius,
1724 2767 2038 2835 actumque
2054 2764 2152 2819 de-

505 2847 709 2904 scribit
737 2866 750 2905 :
781 2849 938 2906 hunc
966 2856 1160 2906 autem
1192 2851 1501 2925 Angelum,
1534 2853 1690 2909 920
1734 2857 1791 2908 et
1841 2854 2151 2908 Dominum

502 2935 806 3009 Scriptura
843 2939 1116 3011 proponit
1145 2946 1204 2996 et
1232 2941 1418 2996 Deum
1453 2942 1615 3013 (nam
1658 2958 1763 2997 nec
1819 2942 1931 3014 (39)
1985 2942 2153 2999 bene-

498 3025 814 3084 dictionem
835 3030 1079 3087 seminis
1102 3032 1496 3104 promisisset,
1520 3030 1634 3087 nisi
1653 3031 1909 3103 Angelus
1921 3036 1975 3087 et
1999 3031 2152 3087 Deus

494 3115 769 3185 fuisset):
801 3123 1065 3189 quierant
1096 3120 1239 3191 quid
1287 3120 1346 3174 in
1409 3120 1681 3191 prmsenti
1729 3120 1853 3176 loco
1896 3120 2153 3176 haeretici

493 3207 760 3261 tractent.
791 3206 959 3263 Pater
989 3208 1101 3264 fuit
1128 3208 1238 3264 iste
1271 3209 1374 3280 qui
1406 3210 1477 3265 ab
1529 3211 1679 3280 Agar
1713 3209 1875 3265 visus
1919 3213 2025 3280 est,
2076 3226 2149 3264 an

495 3309 610 3349 non
631 3293 660 3348 ?
689 3294 829 3366 quia
855 3296 1008 3354 Deus
1041 3298 1266 3370 positus
1298 3301 1406 3354 est.
1452 3298 1564 3354 Sed
1617 3298 1770 3356 absit
1807 3299 1991 3354 Deum
2041 3299 2149 3354 Pa-

493 3386 643 3440 trem
674 3385 957 3457 Angelum
989 3386 1181 3444 dicere
1210 3407 1225 3457 ς
1259 3405 1329 3444 ne
1361 3387 1526 3443 alteri
1572 3388 1843 3444 subditus
1900 3389 1995 3453 sit,
2044 3402 2146 3443 cu“

487 3473 589 3544 jus
618 3472 877 3546 Angelus
909 3474 1103 3531 fuerit.
1163 3477 1273 3531 Sed
1334 3476 1624 3549 Angelurn
1681 3477 1877 3532 dicent
1930 3476 2143 3533 fuisse:

497 3563 789 3633 quomodo
819 3578 953 3637 ergo
988 3569 1137 3621 Deus
1168 3564 1297 3635 erit,
1329 3565 1377 3639 s_i
1408 3564 1667 3637 Angelus
1697 3565 2004 3620 fuit?cum
2029 3583 2141 3621 non

496 3649 573 3705 sit
601 3649 711 3706 hoc
741 3667 953 3707 nomen
984 3654 1221 3725 Angelis
1280 3671 1538 3725 unquam
1600 3671 1977 3722 concessum;
2030 3655 2143 3710 nisi

496 3739 776 3810 quoniam
806 3757 876 3796 ex
917 3745 1163 3813 utroque
1209 3742 1385 3799 latere
1434 3761 1540 3800 nos
1588 3743 1801 3799 veritas
1850 3743 1910 3798 in
1968 3743 2143 3800 istam

496 3826 791 3884 concludit
818 3830 1206 3888 sententiam:
1244 3832 1381 3905 quia
1410 3832 1522 3903 (30)
1554 3831 1878 3905 intelligere
1935 3832 2143 3888 debea-

495 3933 627 3974 mus
655 3918 753 3975 Dei
786 3918 996 3975 Filium
1024 3920 1241 3979 fuisse:
1275 3921 1374 3994 qui
1429 3920 1706 3993 quoniam
1759 3937 1828 3976 ex
1880 3922 1990 3977 Deo
2029 3926 2140 3986 est,

493 4007 701 4064 merito
733 4012 905 4081 Deus,
934 4010 1072 4082 quia
1099 4010 1201 4066 Dei
1231 4010 1434 4079 Filius,
1467 4010 1659 4067 dictus
1691 4010 1805 4066 sit:
1857 4011 2140 4082 quoniam

492 4097 648 4153 Patri
664 4098 1004 4155 subdituset
1021 4100 1131 4171 (31]
1146 4100 1530 4156 annuntiator
1550 4104 1800 4170 paternae
1822 4100 2140 4157 voluntatis

492 4192 602 4254 est,
633 4187 828 4259 magni
861 4188 1088 4245 consilii
1116 4189 1375 4261 Angelus
1401 4189 1819 4261 pronuntiatus
1849 4194 1958 4247 est.
1990 4191 2140 4263 Ergo

491 4274 541 4330 si
558 4273 654 4330 hic
678 4273 843 4331 locus
863 4275 975 4347 (32)
1007 4292 1192 4349 neque
1212 4293 1475 4349 personae
1506 4277 1694 4333 Patris
1746 4279 2034 4350 congruit,
2069 4295 2141 4335 ne

492 4362 750 4436 Angelus
779 4364 971 4421 dictus
988 4365 1082 4433 sit,
1113 4381 1302 4437 neque
1327 4383 1585 4438 personae
1630 4366 1855 4439 Angeli,
1885 4384 1956 4423 ne
1989 4372 2140 4425 Deus

493 4453 911 4526 pronuntiatus
941 4455 1055 4512 sit:
1088 4471 1347 4528 personae
1379 4460 1577 4512 autem
1607 4455 1840 4541 Christi_
1868 4459 2139 4515 convenit

2250 2047 2565 2104 clamorem
2598 2048 2987 2103 Sodomorum
3014 2048 3169 2103 Deus
3190 2048 3600 2117 descendisset,
3622 2047 3841 2102 addiscit.

2251 2138 2373 2201 Quo
2405 2137 2463 2191 in
2497 2136 2619 2191 loco
2662 2136 2710 2191 si
2762 2136 2993 2192 Patrem
3042 2135 3250 2192 volunt
3297 2136 3478 2191 videri
3529 2141 3658 2191 tunc
3707 2135 3847 2190 fuisse

2254 2242 2389 2280 cum
2419 2224 2660 2297 Angelis
2708 2224 2936 2280 duobus
2992 2223 3251 2297 hospitio
3311 2227 3624 2294 receptum,
3667 2223 3846 2277 Patrem

2254 2314 2543 2370 visibilem
2575 2313 2829 2369 haretici
2863 2313 3278 2369 crediderunt:
3316 2313 3365 2368 si
3386 2320 3576 2368 autem
3596 2310 3848 2383 Angelum,

2257 2420 2390 2460 cum
2423 2419 2492 2458 ex
2521 2402 2756 2475 Angelis
2786 2403 2978 2458 tribus
3010 2419 3166 2457 unus
3196 2401 3483 2457 Dominus
3505 2406 3846 2472 nuncupatur:

2259 2510 2383 2561 cur,
2418 2493 2569 2564 quod
2606 2509 2717 2547 non
2752 2490 2918 2559 solet,
2964 2490 3222 2564 Angelus
3278 2491 3434 2546 Deus
3481 2489 3724 2545 dicitur?
3765 2486 3873 2542 nisi‘

2260 2582 2561 2655 quoniam,
2593 2586 2659 2636 ut
2687 2581 2802 2637 Deo
2832 2580 2986 2636 Patri
3017 2579 3400 2636 invisibilitas
3431 2579 3651 2652 propria
3685 2570 3867 2651 redda-f

2261 2675 2378 2741 tur,
2410 2674 2467 2726 et
2496 2669 2713 2742 Angelo
2745 2669 2982 2741 propria
3011 2667 3393 2724 mediocritas
3424 2665 3743 2735 remittatur,
3764 2679 3849 2719 non

2261 2759 2377 2815 nisi
2409 2759 2506 2814 Dei
2540 2758 2742 2829 Filius,
2776 2756 2875 2830 qui
2905 2761 2963 2812 et
2993 2763 3144 2813 Deus
3174 2762 3287 2827 est,
3345 2756 3582 2811 Abrahae
3620 2756 3773 2822 visus,
3808 2756 3850 2806 et

2260 2848 2515 2921 hospitio
2545 2851 2811 2919 receptus
2842 2863 2971 2902 esse
3018 2847 3294 2902 credetur
3350 2846 3482 2918 (34).
3536 2844 3684 2909 Quod
3731 2841 3847 2897 enim

2262 2942 2385 2993 erat
2412 2938 2670 3005 futurus,
2705 2936 3097 2992 meditabatur
3127 2935 3187 2990 in
3219 2938 3608 3001 sacramento,
3658 2928 3848 2987 Abraha

2262 3026 2449 3082 factus
2474 3026 2710 3098 hospes,
2743 3025 2897 3096 apud
2936 3024 3183 3079 Abrahae
3244 3024 3404 3080 filios
3455 3025 3670 3079 futurus
3711 3020 3847 3092 (Joan.

2260 3132 2383 3184 xm,
2416 3115 2471 3186 5)
2497 3132 2511 3182 ;
2545 3115 2714 3186 cujus
2734 3113 2991 3169 ﬁliorum
3017 3113 3214 3184 pedes,
3237 3114 3313 3168 ad
3337 3110 3713 3184 probationem
3731 3105 3849 3179 quod

2260 3205 2387 3278 ipse
2418 3208 2591 3272 esset,
2627 3202 2850 3272 abluit;
2879 3202 3129 3258 reddens
3160 3202 3314 3258 921
3351 3202 3412 3256 in
3441 3198 3574 3255 ﬁliis
3624 3199 3709 3270 jus
3748 3195 3848 3250 hos-

2180 3267 2227 3335 C
2260 3267 2587 3366 pitalitatis,
2622 3292 2776 3364 quod
2810 3267 3127 3363 aliquando
3179 3289 3267 3345 illi
3327 3267 3668 3362 feneraverat
3709 3288 3847 3357 pater.

2258 3383 2420 3439 Unde
2451 3387 2507 3438 et
2539 3395 2611 3437 ne
2640 3397 2756 3453 qua
2784 3384 2941 3436 esset
2972 3379 3267 3435 dubitatio
3324 3379 3466 3451 quin
3518 3378 3623 3433 iste
3660 3371 3849 3431 Abrahe

2255 3472 2470 3544 hospes
2531 3471 2756 3538 fuisset,
2814 3469 2875 3524 in
2933 3469 3377 3525 Sodomitarum
3435 3466 3586 3523 exitu
3662 3460 3851 3535 ponitur

2256 3561 2411 3634 (Gen.
2438 3577 2555 3626 xxx,
2586 3559 2698 3631 23).
2733 3560 3002 3628 Quoniam
3028 3558 3174 3629 pluit
3212 3557 3485 3613 Dominus
3530 3569 3684 3626 super
3722 3548 3848 3606 Sodo-

2252 3668 2405 3705 mam
2426 3654 2481 3705 et
2513 3650 2882 3706 Gomorrham
2914 3649 3097 3716 ignem
3127 3653 3181 3702 et
3237 3647 3480 3718 sulphur
3506 3663 3539 3700 a
3566 3643 3764 3700 Domino
3802 3636 3850 3691 de

2254 3742 2406 3798 creto.
2431 3740 2526 3796 Sic
2554 3740 2711 3796 enim
2742 3744 2800 3795 et
2851 3738 3165 3812 prophetes
3197 3753 3270 3793 ex
3301 3753 3548 3810 persona
3578 3735 3699 3790 Dei:
3734 3727 3842 3786 Sub-

2251 3833 2391 3887 verti
2418 3845 2532 3898 vos,
2565 3829 2778 3901 inquit,
2818 3829 2959 3884 sicut
3004 3828 3274 3884 subvertit
3319 3827 3587 3883 Dominus
3636 3822 3736 3895 (35)
3772 3817 3841 3872 So-

2251 3921 2469 3976 domam
2498 3927 2548 3975 et
2578 3917 2933 3974 Gomorrham
2963 3917 3143 3990 (Amos
3173 3933 3250 3984 1v,
3287 3917 3399 3988 11).
3432 3913 3697 3971 Dominus
3743 3920 3843 3978 ergo

2251 4010 2564 4066 Sodomam
2598 4007 2905 4075 subvertit,
2930 4006 2989 4061 id
3016 4010 3126 4076 est,
3149 4005 3308 4062 Deus
3329 4004 3634 4061 Sodomam
3658 3998 3846 4055 subver-

2251 4100 2350 4157 tit:
2394 4099 2495 4155 sed
2517 4097 2578 4152 in
2608 4096 2988 4153 subversione
3019 4095 3413 4151 Sodomorum
3442 4090 3707 4149 Dominus
3735 4082 3846 4158 pluit

2249 4189 2446 4262 ignem
2470 4205 2504 4242 a
2523 4186 2792 4242 Domino.
2813 4183 2915 4240 Hic
2939 4188 3137 4240 autem
3157 4174 3847 4239 DominusvisusestAbra-

2250 4279 2340 4335 hee
2361 4278 2547 4333 Deus:
2572 4276 2723 4331 Deus
2742 4279 2939 4330 autem
2963 4273 3059 4329 hic
3073 4272 3289 4345 hospes
3312 4276 3402 4329 est
3425 4268 3659 4326 Abrahae
3680 4308 3693 4334 ,
3719 4262 3841 4316 visus

2251 4369 2450 4438 utique
2473 4364 2612 4438 quia
2632 4368 2852 4420 tactus:
2871 4363 2973 4419 sed
2994 4379 3128 4417 cum
3143 4361 3334 4429 Pater,
3351 4358 3612 4433 quia(36)
3626 4347 3836 4438 invisibi:

2246 4424 2453 4526 lis,nec
2468 4424 2607 4511 tunc
2627 4453 2832 4525 utique
2848 4453 3010 4509 visus
3032 4451 3143 4520 sit;
3165 4424 3333 4507 visus
3355 4424 3448 4506 est
3469 4424 3525 4503 et
3536 4424 3845 4516 hoSpitio(37l

1782 4583 2097 4646 Gallandii
2127 4580 2639 4647 commentarius.

571 4686 685 4759 (29)
716 4688 854 4743 Nam
875 4703 992 4753 nec,
1027 4692 1135 4744 etc.
1161 4688 1291 4744 Haec
1338 4688 1529 4760 verba
1561 4689 1926 4760 parenthesis
1958 4691 2146 4748 forma
2176 4696 2222 4760 D
2255 4691 2410 4747 dicat
2440 4686 2782 4760 praedictum
2829 4685 3142 4757 Scriptum
3202 4683 3423 4752 locum,
3482 4692 3646 4752 quem
3692 4670 3848 4728 auctor

500 4760 672 4833 posui
699 4775 849 4833 curn
866 4760 1067 4815 Franc.
1101 4760 1297 4833 Junio,
1330 4765 1386 4815 et

501 4830 756 4905 tractent,
780 4830 948 4886 aliter
977 4847 1042 4886 ac
1098 4832 1259 4905 editi,
1288 4830 1474 4905 (sensu
1521 4838 1717 4905 tamen
1763 4834 2143 4905 suffragante,

504 4910 567 4960 ut
595 4902 884 4978 integram
918 4903 1298 4978 perpendenti
1323 4904 1651 4978 periodum
1696 4920 1823 4975 quae
1872 4902 2079 4978 incipit
2114 4902 2148 4961 a

500 4977 693 5034 verbis
723 4974 796 5030 Hc
821 4977 874 5030 si
901 4974 955 5029 et
986 4975 1153 5043 Agar,
1186 4974 1424 5044 patebit.
1456 4974 1726 5030 JACKSON.

571 5049 685 5122 (30)
709 5048 869 5122 Quia.
895 5044 1687 5122 SuSpicatur_Welchmanus
1704 5045 2016 5119 legendum
2040 5066 2147 5122 qua

500 5124 555 5176 et
579 5116 693 5176 hoc
724 5120 958 5173 videtur
988 5116 1203 5187 aptius.
1241 5117 1319 5170 In.

568 5192 676 5263 (3|)
711 5190 980 5263 Quoniam
1001 5189 1166 5263 (Patri
1213 5187 1459 5263 subditus
1504 5197 1575 5243 et.
1636 5190 1856 5245 Sensus
1902 5189 2149 5263 requirit

498 5259 611 5346 legi
640 5259 731 5346 vel
758 5264 809 5317 et
840 5261 1119 5331 quoniam,
1152 5259 1237 5315 vel
1260 5262 1519 5346 quoniam
1545 5264 1764 5346 autem,
1789 5259 2036 5346 autquid
2069 5264 2149 5346 si.-

499 5333 652 5389 mile.
687 5334 987 5403 Tresrvero
1015 5348 1184 5403 voces
1215 5336 1548 5403 sequentes,
1607 5333 1764 5386 Patri
1800 5333 2048 5388 subditus
2076 5338 2147 5399 et,

499 5406 732 5461 exhibet
762 5402 936 5458 editio
970 5402 1231 5473 Pamelii,
1265 5402 1609 5475 argumento
1665 5404 1919 5458 auctoris
1980 5405 2037 5459 in
2088 5406 2147 5460 id

498 5475 915 5533 consentiente.
949 5475 1111 5539 Quod
1159 5479 1354 5531 autem
1386 5475 1515 5530 aliis
1547 5475 1764 5530 absunt
1792 5476 2007 5531 eaedem
2056 5492 2150 5532 vo-

500 5565 615 5605 cas.
651 5547 960 5619 omittendi
990 5563 1194 5603 ansam
1228 5546 1475 5619 arripuit
1508 5545 1945 5619 welchmanus.
1982 5547 2067 5619 Io.

571 5621 684 5693 (32)
712 5621 775 5675 Si
806 5618 899 5693 hic
926 5621 1094 5693 locus.
1129 5620 1212 5673 Ita
1248 5617 1557 5674 Pamelius.
1594 5618 1654 5673 In
1698 5618 1829 5693 aliis
1869 5618 2045 5693 eodd.
2101 5620 2150 5674 si

501 5690 673 5765 locus,
703 5691 921 5765 omisso
952 5691 1057 5762 hic,
1091 5708 1240 5765 quos
1278 5695 1515 5765 secutus
1563 5694 1652 5744 est
1698 5690 2143 5765 Welchmanus.

501 5763 613 5823 Sed
643 5760 793 5824 male
820 5778 834 5823 :
868 5779 1007 5822 nam
1036 5760 1241 5821 vocula
1276 5760 1378 5821 illa
1406 5762 1864 5822 demonstrativa
1892 5766 2024 5836 apte
2054 5760 2149 5819 in-

1415 4759 1720 4832 periodum
1753 4761 1933 4816 desivi
1970 4765 2145 4819 verbo
2180 4759 2208 4760 γέ
2255 4759 2542 4820 edisserit.
2580 4759 2662 4814 In.

2326 4815 2439 4904 (33)
2472 4834 2664 4901 Ipsius.
2698 4828 2966 4904 Donjicit
3009 4827 3343 4904 Jacksonus
3386 4821 3681 4904 legendum
3723 4815 3841 4885 ipsis.

2255 4895 2377 4982 Sed
2398 4895 2630 4982 obstare
2654 4895 2888 4982 videtur
2909 4898 3243 4982 conjunctio
3268 4895 3613 4982 praecedens.

2329 4954 2453 5047 (ἒξ)
2467 4954 2749 5047 eridani;
2766 4954 2868 5047 vlta
2882 4954 3037 5047 editi
3069 4954 3147 5026 ad
3176 4954 3313 5025 un‘u
3322 4986 3388 5047 In
3413 4980 3637 5047 omnes,
3655 4954 3844 5047 giftme

2259 5034 2760 5112 welchmaniano,
2794 5044 2895 5099 ubi
2919 5059 3198 5099 excusum
3230 5041 3494 5098 studiose
3519 5034 3761 5112 credat??-

2330 5120 2442 5191 (35)
2477 5105 2762 5191 Dominus;
2805 5116 2898 5191 Sic
2930 5114 3277 5191 Pam_elius,_
3305 5125 3545 5191 eamque
3591 5105 3841 5191 laedent-3E

2258 5174 2344 5246 ad‘
2363 5174 2617 5247 mentem
2649 5187 2950 5243 Novatiani
2984 5186 3085 5258 qui
3113 5174 3378 5258 eamdem
3411 5174 3575 5255 paulo
3628 5174 3741 5247 post
3776 5178 3843 5219 re-

2259 5263 2424 5335 petit,
2458 5267 2658 5335 tuetur
2687 5257 3036 5335 Jacksonus.
3069 5257 3154 5313 ΑΙ.
3191 5258 3351 5335 Deus.

2331 5316 2659 5405 (BtijQuia.
2719 5333 2803 5405 lta
2853 5335 3005 5386 recte
3056 5327 3389 5385 emendavit
3461 5316 3839 5377 Welchmanus:

2260 5403 2363 5477 pro
2394 5403 2558 5461 editt.
2584 5420 2713 5474 qua.
2745 5403 3021 5458 JACKSON.
3742 5450 3751 5461 ,
3809 5443 3819 5456 ,

2332 5480 2438 5497 μνη
2481 5477 2708 5497 η---,;υ-
2770 5473 2922 5497 ιτ---
2982 5471 3150 5497 ..ιδ......
3194 5485 3387 5497 ..Αλλης
3441 5467 3583 5497 ..ηηιο
3634 5446 3840 5497 matrimi

2328 5452 2461 5549 (Βῆ
2748 5452 2953 5529 'ﬁéﬁé'
2966 5452 3156 5549 etiam
3194 5485 3392 5525 vocem
3417 5467 3617 5549 recte"
3634 5452 3819 5549 φθίίξξξ

2258 5514 2887 5612 ἱᾶὲίιΙἎνθιὲᾕηῑαηυε,
2921 5561 3023 5617 pro
3082 5544 3352 5615 impress.
3409 5514 3835 5618 hospitibusjjg

2261 5601 2411 5675 male
2440 5601 2639 5675 omisit
2668 5601 3216 5689 verbaet‘acceptus,
3250 5629 3376 5684 quae
3417 5601 3649 5665 retinent
3673 5601 3833 5655 οωιιθδ

2259 5692 2417 5748 editi.
2496 5692 2576 5746 ID.
