4102 6180
278 358 402 419 949

1551 354 1780 415 LIBER
1824 355 1926 414 DE
1970 355 2421 416 TRlNl'l‘ATE.

3571 359 3694 419 950

277 493 554 562 receptus
575 491 633 546 et
661 491 938 561 acceptus
967 495 1073 555 est,
1134 487 1234 560 qui
1267 487 1473 544 solitus
1503 491 1592 543 est
1621 488 1733 559 (38)
1764 488 1924 559 tangi
1955 488 2009 555 Α
2045 487 2210 544 diens
2232 487 2543 545 clamantis
2574 487 2760 562 pueri,
2784 489 2938 544 Deus
2987 491 3144 546 esset
3193 489 3389 561 potius
3421 488 3554 562 (44),
3585 506 3702 547 non

277 586 336 637 et
364 579 583 635 videri:
611 578 704 633 hic
734 581 930 634 autem
963 577 1147 634 Filius
1178 577 1302 646 Dei,
1338 578 1595 634 Dominus
1645 595 1681 633 a
1711 579 1937 633 Domino

275 669 429 742 ptuit
463 684 632 740 super
653 667 943 723 Sodomam
972 676 1025 723 et
1083 667 1445 724 Gomorrham
1481 666 1730 737 sulphur
1780 675 1937 736 atque

277 762 488 829 ignem.
532 758 633 812 Hic
663 761 860 812 autem
886 757 984 812 Dei
1004 757 1260 812 Verbum
1285 761 1374 812 est
1409 773 1421 810 ε
1457 757 1710 813 Verbum
1739 761 1935 812 autem

281 849 382 904 Dei
412 864 548 904 caro
582 847 800 902 factum
831 850 941 915 est,
976 850 1032 901 et
1061 845 1343 901 habitavit
1373 845 1432 900 in
1463 847 1631 901 nobis
1665 862 1678 902 :
1713 846 1806 900 hic
1838 863 1938 900 au-

243 992 249 1004 ,
277 942 398 994 tem
431 935 699 992 Christus
730 940 836 990 est.
869 934 993 990 Non
1028 939 1198 990 Pater
1227 933 1407 1006 igitur
1457 936 1609 1006 apud
1639 934 1935 990 Abraham

241 1027 513 1097 :hospes,
547 1025 646 1081 sed
673 1025 942 1080 Christus
967 1024 1077 1080 fuit
1111 1042 1124 1092 ;
1160 1041 1262 1080 nec
1293 1029 1432 1079 tunc
1447 1024 1615 1079 Pater
1644 1024 1803 1079 visus
1824 1028 1933 1094 est,

277 1117 376 1172 sed
411 1113 592 1170 Filius
625 1133 639 1182 ;
673 1113 834 1169 visus
861 1114 976 1185 (39)
1036 1117 1233 1168 autem
1289 1118 1380 1168 est
1409 1113 1694 1168 Christus.
1731 1112 1934 1168 Merito

274 1205 461 1276 igitur
490 1203 756 1259 Christus
785 1207 842 1258 et
871 1202 1158 1258 Dominus
1204 1205 1261 1257 et
1312 1203 1459 1257 Deus
1515 1206 1622 1269 est,
1686 1203 1784 1272 qui
1819 1218 1934 1256 non

275 1293 448 1350 aliter
479 1292 728 1348 Abrahaa
755 1291 919 1347 visus
949 1291 1180 1358 est,nisi
1209 1289 1349 1362 quia
1378 1295 1510 1346 ante
1543 1291 1736 1362 ipsum
1762 1291 1937 1345 Abra-

275 1384 415 1439 ham
449 1398 518 1438 ex
540 1386 708 1436 Patre
737 1385 849 1436 Deo
883 1385 1034 1435 Deus
1065 1380 1266 1436 Sermo
1324 1381 1436 1452 (40)
1481 1384 1794 1452 generatus
1824 1384 1930 1434 est.

274 1471 883 1543 Adhuc,inquit,idem
906 1469 1166 1542 Angelus
1189 1474 1245 1525 et
1275 1474 1426 1525 Deus
1457 1470 1723 1524 eamdem
1756 1473 1931 1541 Agar,

276 1563 541 1635 fugatam
575 1561 647 1615 de
677 1561 850 1615 domo
880 1559 1122 1615 Abrahae
1177 1575 1311 1614 cum
1365 1575 1563 1630 puero,
1598 1557 1933 1614 consolatur

273 1657 331 1708 et
361 1650 580 1706 visitat.
614 1649 756 1705 Nam
792 1665 926 1704 cum
958 1647 1060 1702 illa
1085 1647 1144 1702 in
1194 1647 1510 1704 solitudine
1567 1646 1934 1718 exposuisset

273 1738 730 1811 infantem,quia
760 1755 915 1809 aqua
937 1737 1242 1793 defecisset
1268 1753 1335 1792 ex
1359 1741 1770 1808 utre,cumque
1791 1751 1934 1808 puer

271 1829 376 1884 ille
407 1827 735 1894 clamasset,
783 1828 984 1882 ﬂetum
1033 1833 1089 1882 et
1145 1825 1441 1898 planctum
1495 1825 1745 1881 levasset
1775 1825 1926 1897 (Gen.

270 1935 390 1985 xxx,
423 1918 511 1985 47,
548 1919 634 1985 18,
665 1917 774 1985 19),
806 1918 871 1972 Et
900 1916 1116 1971 audivit
1172 1917 1305 1985 (41),
1368 1914 1558 1986 inquit
1604 1914 1923 1986 Scriptura,

267 2009 411 2063 Deus
440 2022 624 2062 vocem
639 2007 806 2076 pueri
833 2004 900 2059 de
932 2006 1052 2061 loco
1071 2004 1168 2058 ubi
1206 2006 1342 2059 erat.
1393 2006 1534 2060 Cum
1567 2008 1749 2058 Deum
1797 2019 1926 2058 esse

266 2097 370 2169 qui
393 2112 591 2152 vocem
627 2094 868 2149 infantis
900 2093 1137 2160 audivit,
1199 2093 1513 2159 retulisset,
1576 2093 1823 2163 adjecit:
1859 2094 1925 2147 Et

263 2187 480 2242 vocavit
518 2184 753 2253 Angelus
790 2183 1014 2238 Domini
1051 2183 1230 2254 ipsam
1260 2183 1403 2252 Agar
1431 2181 1499 2237 de
1539 2182 1700 2252 cado;
1740 2183 1924 2253 Ange-

262 2274 394 2330 lum
427 2275 682 2329 referens
703 2289 830 2329 esse
859 2289 1032 2343 quem
1060 2276 1239 2327 Deum
1271 2272 1579 2340 dixerat,et
1609 2271 1920 2326 Dominum

267 2362 662 2437 pronuntians
692 2377 820 2417 esse
834 2377 1008 2433 quem
1023 2360 1312 2433 Angelum
1331 2359 1675 2416 collocarat:
1702 2361 1921 2432 quique

265 2451 525 2525 Angelus
548 2456 605 2507 et
631 2451 781 2507 Deus
804 2450 994 2506 adhuc
1024 2450 1138 2522 ipsi
1178 2453 1326 2521 Agar
1361 2449 1650 2522 promittit
1697 2450 1920 2521 majora

267 2541 501 2613 solatia,
534 2541 776 2597 dicendo
813 2557 826 2596 :
851 2544 930 2596 Ne
953 2541 1205 2596 timueris
1229 2557 1250 2602 ;
1274 2539 1538 2595 exaudiui
1563 2541 1710 2594 enim
1740 2555 1919 2595 vocem

265 2633 435 2704 pueri
460 2632 531 2687 de
578 2631 695 2686 loco
715 2630 812 2685 ubi
848 2633 990 2685 erat.
1020 2633 1220 2702 Surge,
1241 2646 1394 2684 sume
1417 2645 1672 2700 puerum,
1691 2633 1742 2684 et
1757 2633 1878 2685 tene
1897 2645 1916 2684 :

265 2722 424 2778 022
447 2723 507 2775 in
538 2728 761 2792 gentem
789 2722 939 2774 enim
982 2736 1242 2790 magnam
1261 2719 1465 2790 faciam
1493 2734 1637 2774 eum.
1671 2719 1773 2773 Hic
1801 2721 1916 2774 An-

264 2811 456 2883 gelus,
483 2811 531 2865 si
561 2808 818 2880 Angelus
850 2812 1082 2864 tantum
1123 2813 1231 2876 est,
1257 2824 1362 2863 cur
1393 2807 1498 2863 hoc
1521 2806 1632 2861 sibi
1662 2807 1919 2862 vindicat

262 2904 328 2953 ut
363 2898 518 2953 dicat
549 2913 562 2954 :
594 2900 660 2954 In
680 2901 890 2967 gentem
917 2897 1067 2953 enim
1090 2913 1343 2968 magnam
1369 2898 1576 2968 faciam
1604 2913 1750 2964 eum,
1779 2911 1916 2954 cum

261 2988 375 3044 hoc
400 2987 600 3058 utique
631 3003 818 3059 genus
853 2987 1123 3058 potentiae
1155 2986 1254 3041 Dei
1287 2985 1382 3054 sit,
1417 2985 1619 3058 Angeli
1649 3001 1778 3042 esse
1800 3003 1914 3042 non

259 3077 451 3150 possit
478 3078 505 3132 ?
527 3077 607 3131 Ex
663 3093 779 3148 quo
810 3077 983 3132 etiam
1044 3077 1197 3132 Deus
1247 3075 1626 3131 confirmatur
1655 3091 1784 3131 esse
1804 3076 1914 3146 (42)

259 3166 362 3239 qui
391 3167 497 3221 hoc
529 3169 718 3236 potest
750 3166 937 3222 facere
971 3181 984 3222 :
1009 3164 1287 3236 quoniam
1310 3169 1375 3219 ut
1407 3164 1514 3219 hoc
1544 3163 1738 3236 ipsum
1763 3181 1916 3220 com-

2047 576 2198 633 alius
2249 578 2596 650 intelligitur
2659 595 2835 650 quam
2881 578 3140 650 Angelus
3203 595 3330 636 esse
3381 579 3600 652 pariter
3646 583 3706 638 et

2046 666 2222 723 Deus.
2248 669 2407 735 Quod
2467 684 2602 723 cum
2653 667 2805 723 Patri
2863 672 3201 740 competens
3245 672 3303 725 et
3347 669 3701 727 conveniens

2045 772 2173 813 esse
2213 773 2328 812 non
2359 756 2565 829 possit,
2591 756 2690 829 qui
2721 757 3134 814 tantummodo
3177 757 3333 815 Deus
3390 763 3502 830 est,
3533 775 3699 816 com-

2047 850 2251 917 petens
2273 850 2472 902 autem
2501 862 2629 902 esse
2659 845 2844 919 possit
2872 845 3127 916 Christo,
3161 847 3263 920 qui
3295 864 3412 904 non
3445 852 3701 905 tantum-

2047 936 2218 991 modo
2249 941 2421 1002 Deus,
2453 937 2555 992 sed
2587 939 2644 990 et
2670 934 2928 1007 Angelus
2958 938 3372 1008 pronuntiatus
3421 942 3512 993 est
3539 955 3552 994 :
3583 955 3699 994 ma-

2045 1024 2254 1080 nifeste
2275 1030 2536 1096 apparet,
2573 1042 2686 1080 non
2703 1025 2928 1080 Patrem
2963 1025 3041 1080 ibi
3076 1025 3497 1082 tunclocutum
3519 1027 3700 1083 fuisse

2044 1115 2116 1168 ad
2149 1115 2318 1185 Agar,
2349 1115 2448 1169 sed
2480 1114 2777 1170 Christum
2837 1115 3056 1186 potius,
3083 1131 3216 1170 eum
3266 1115 3420 1172 Deus
3477 1115 3574 1186 sit,
3606 1118 3700 1172 cui

2043 1204 2219 1259 etiam
2242 1203 2442 1275 Angeli
2493 1205 2771 1276 competit
2827 1220 3062 1274 nomen,
3107 1205 3325 1277 quippe
3348 1221 3480 1262 cum
3510 1210 3702 1276 magni

2042 1295 2264 1348 consilii
2293 1294 2526 1365 Angelus
2551 1294 2735 1349 factus
2769 1293 2846 1350 sit
2874 1295 3000 1365 (lsa.
3047 1311 3124 1365 ιχ,
3164 1296 3221 1366 6)
3255 1310 3268 1350 :
3302 1295 3563 1368 Angelus
3595 1312 3700 1352 au-

2043 1386 2161 1437 tem
2184 1383 2282 1449 sit,
2313 1383 2452 1438 dum
2485 1383 2725 1454 exponit
2757 1383 2953 1438 sinum
2986 1385 3196 1455 Patris,
3258 1383 3412 1439 sicut
3441 1383 3697 1440 Joannes

2042 1471 2217 1526 edicit
2246 1473 2426 1540 (Joan.
2452 1488 2494 1536 ι,
2527 1471 2640 1543 18).
2673 1471 2728 1526 Si
2761 1471 2916 1527 enim
2948 1473 3062 1544 (45)
3095 1471 3219 1544 ipse
3247 1472 3504 1530 Joannes
3535 1473 3694 1529 hunc

2041 1561 2314 1616 eumdem
2348 1561 2447 1632 qui
2485 1560 2680 1616 sinum
2713 1561 2946 1632 exponit
3000 1561 3207 1631 Patris,
3264 1561 3519 1618 Verbum
3551 1563 3692 1619 dicit

2042 1665 2275 1706 carnem
2309 1651 2528 1706 factum
2552 1666 2700 1718 esse,
2735 1654 2801 1705 ut
2838 1649 3034 1706 sinum
3066 1650 3257 1706 Patris
3287 1655 3486 1722 posset
3514 1668 3688 1724 expo-
3739 1642 3747 1648 ’

2041 1757 2178 1795 nere
2210 1758 2222 1795 :
2260 1740 2467 1795 merito
2497 1739 2762 1794 Christus
2795 1757 2909 1794 non
2943 1739 3132 1796 solum
3163 1740 3340 1795 homo
3371 1744 3480 1812 est,
3504 1741 3604 1797 sed
3636 1745 3693 1796 et

2039 1826 2296 1898 Angelus
2327 1827 2438 1898 (46)
2475 1844 2488 1894 ;
2522 1841 2626 1882 nec
2646 1825 2904 1899 Angelus
2935 1830 3187 1894 tantum,
3209 1827 3310 1883 sed
3336 1831 3389 1883 et
3421 1827 3574 1883 Deus
3592 1845 3694 1900 per

2036 1915 2366 1988 Scripturas
2396 1915 2744 1982 ostenditur,
2777 1919 2833 1970 et
2871 1933 2905 1972 a
2936 1917 3106 1972 nobis
3137 1916 3247 1972 hoc
3279 1932 3407 1972 esse
3438 1917 3696 1972 creditur

2035 2021 2127 2076 ne,
2162 2005 2211 2060 si
2237 2021 2351 2060 non
2374 2005 2676 2060 Christum
2709 2008 2851 2083 tunc
2882 2004 3142 2060 locutum
3177 2005 3248 2060 ad
3273 2008 3422 2078 Agar
3449 2005 3694 2060 volueri-

2035 2110 2167 2150 mus
2185 2093 2870 2166 accipere,autAngelum
2889 2099 3065 2150 Deum
3083 2094 3690 2162 faciavnus,autDeum

2033 2185 2265 2240 Patrem
2297 2184 2758 2256 omnipotentem
2791 2183 2943 2239 inter
2974 2183 3227 2256 Angelos
3259 2188 3688 2257 computemus.

2473 2324 2708 2382 CAPUT
2737 2324 2878 2394 XIX,
2911 2325 2987 2380 al.
3019 2325 3233 2381 XXVII.

2030 2433 2189 2502 Quod
2207 2434 2381 2489 etiam
2417 2433 2581 2489 Jacob
2638 2433 2958 2506 apparuerit
3007 2433 3146 2488 Deus
3176 2433 3431 2505 Angelus,
3482 2449 3677 2506 nempe

2687 2506 2787 2560 Dei
2813 2505 2987 2559 Filius
3000 2545 3012 2561 .

2097 2630 2244 2694 Quid
2277 2629 2326 2686 si
2357 2633 2414 2686 et
2442 2629 2558 2684 alio
2614 2629 2672 2684 in
2717 2628 2841 2684 loco
2899 2629 3170 2685 similiter
3204 2628 3457 2702 legimus
3489 2630 3670 2685 Deum

2024 2720 2306 2791 Angelum
2330 2720 2485 2776 923
2516 2719 2770 2790 positum
2799 2721 2827 2773 ‘l
2858 2719 3004 2774 Nam
3065 2735 3200 2775 cum
3257 2721 3413 2792 apud
3463 2739 3672 2778 uxores

2026 2826 2164 2865 suae
2200 2809 2354 2864 Liam
2387 2812 2560 2879 atque
2591 2807 2803 2865 Rachel
2852 2807 3030 2864 Jacob
3089 2808 3160 2864 de
3211 2809 3394 2881 patris
3434 2809 3674 2866 illarum

2025 2899 2334 2969 iniquilate
2355 2901 2718 2969 quereretur,
2759 2901 2815 2952 et
2844 2913 2976 2952 cum
3009 2896 3247 2953 referret
3277 2899 3431 2970 quod
3455 2900 3582 2970 jam
3615 2900 3674 2956 in

2025 2992 2238 3043 terram
2272 2987 2568 3060 propriam
2590 3001 2851 3042 remeare
2906 2994 2962 3042 et
2993 2985 3201 3043 reverti
3237 2992 3492 3058 cuperet,
3519 3004 3678 3044 som-

2025 3077 2106 3134 nii
2161 3091 2394 3149 quoque
2449 3076 2538 3131 sui
2597 3075 3003 3148 interponebat
3064 3076 3491 3147 auctoritatem,
3562 3094 3678 3149 quo

2024 3171 2286 3238 tempore
2334 3166 2510 3222 refert
2563 3165 2676 3222 sibi
2743 3164 3021 3237 Angelum
3070 3164 3172 3220 Dei
3231 3181 3336 3237 per
3380 3166 3678 3224 somnium

258 3235 561 3329 probetur,
598 3254 874 3326 adjicitur
897 3270 999 3326 per
1028 3235 1387 3324 Scripturam
1421 3235 1617 3308 statim
1649 3271 1662 3309 :
1695 3255 1759 3308 Et
1779 3271 1912 3325 ape-
1946 3235 1988 3302 Ο
2028 3235 2244 3310 dixisse
2302 3252 2454 3320 (Gen.
2509 3268 2663 3318 xxx1,
2727 3235 2919 3322 11-13)
2979 3269 2992 3307 :
3023 3251 3210 3319 Jacob,
3232 3235 3422 3308 dacob.
3470 3255 3534 3309 Et
3561 3270 3678 3325 ego,

258 3347 376 3400 ruit
404 3345 547 3398 Deus
580 3333 765 3399 oculos
786 3345 926 3415 eius,
966 3351 1019 3398 et
1047 3342 1186 3398 vidit
1218 3351 1450 3414 puteum
1475 3359 1634 3413 aquae
1674 3344 1830 3408 vivae,
1861 3351 1916 3398 et

258 3434 420 3501 abiit,
454 3437 506 3489 et
531 3433 780 3504 implevit
811 3440 982 3488 utrem
1015 3431 1081 3487 de
1133 3441 1321 3503 puteo,
1366 3435 1419 3486 et
1449 3431 1594 3487 dedit
1634 3449 1829 3502 puero,
1857 3437 1914 3487 et

257 3531 380 3580 erat
408 3524 550 3578 Deus
575 3538 701 3578 cum
729 3539 915 3594 puero.
946 3521 1005 3576 Si
1052 3537 1188 3593 ergo
1248 3520 1342 3576 hic
1401 3526 1552 3576 Deus
1610 3527 1734 3577 erat
1776 3539 1910 3578 cum

259 3629 442 3684 puero
474 3611 572 3684 qui
605 3610 834 3683 aperuit
867 3609 1066 3667 oculos
1107 3612 1282 3681 Agar,
1314 3614 1380 3665 ut
1421 3609 1640 3666 videret
1670 3617 1910 3682 puteum

255 3718 418 3774 aqua:
449 3699 613 3767 vivas,
642 3704 700 3756 et
741 3699 1000 3755 hauriret
1053 3715 1265 3770 aquam
1322 3703 1558 3771 prOptcr
1608 3705 1908 3773 urgentem

257 3789 389 3847 sitis
422 3789 829 3846 necessitatem
865 3807 879 3856 ;
912 3788 1008 3844 hic
1046 3793 1242 3844 autem
1265 3787 1417 3843 Deus
1453 3788 1591 3844 coelo
1619 3788 1781 3845 illam
1813 3808 1910 3847 vo-

255 3878 505 3950 cat(43),
548 3877 807 3950 Angelus
836 3877 1050 3947 dictus,
1081 3893 1216 3933 cum
1267 3877 1538 3949 superius
1578 3895 1774 3934 vocem
1809 3897 1909 3936 au-

2023 3343 2236 3414 inquit,
2266 3342 2397 3398 dixi
2423 3360 2441 3396 :
2473 3340 2620 3411 Quid
2647 3349 2725 3396 est
2753 3344 2778 3393 .9
2804 3339 3013 3412 Aspice,
3041 3339 3255 3412 inquit,
3284 3343 3460 3397 oculis
3490 3344 3679 3414 tuis,et

2023 3433 2143 3489 vide
2170 3434 2352 3488 hircos
2377 3439 2428 3486 et
2458 3433 2656 3486 arietes
2686 3429 3031 3486 ascendentes
3045 3447 3213 3502 super
3240 3446 3359 3487 oves
3391 3435 3443 3487 et
3473 3447 3672 3505 capras

2020 3524 2256 3577 variatos
2283 3521 2454 3590 albos,
2479 3523 2529 3575 et
2552 3521 2733 3575 varios
2773 3527 2829 3574 et
2855 3518 3135 3574 cineritios
3164 3524 3216 3574 et
3244 3536 3516 3592 aspersas.
3555 3521 3675 3578 Vidi

2020 3613 2168 3668 enim
2196 3625 2534 3682 quascunque
2563 3610 2666 3664 tibi
2722 3609 2910 3663 Laban
2939 3609 3086 3679 fecit.
3120 3611 3228 3680 Ego
3257 3625 3377 3665 sum
3407 3612 3551 3666 Deus
3581 3614 3678 3682 qui

2020 3703 2169 3756 visus
2224 3717 2346 3755 sum
2374 3700 2477 3754 tibi
2518 3700 2580 3754 in
2625 3699 2751 3753 Loco
2802 3699 2916 3762 Dei,
2969 3698 3064 3753 ubi
3119 3701 3334 3756 unxisti
3379 3701 3493 3772 (47)
3536 3703 3682 3769 mihi

2020 3793 2141 3847 illic
2167 3793 2398 3846 stantem
2437 3787 2694 3859 lapidem,
2748 3796 2798 3843 et
2852 3788 3050 3843 vovisti
3103 3789 3246 3844 mihi
3300 3788 3424 3845 illic
3468 3795 3677 3847 votum.

2022 3883 2178 3937 Nunc
2201 3895 2328 3950 ergo
2359 3893 2540 3946 surge,
2575 3885 2626 3934 et
2651 3877 2996 3949 proﬁciscere
3015 3876 3081 3933 de
3119 3885 3268 3934 terra
3294 3879 3415 3947 hac,
3463 3884 3516 3936 et
3544 3881 3680 3938 vade

1542 3977 1855 4040 Gallandii
1886 3976 2403 4042 commentarius.

332 4075 447 4147 (38)
482 4073 584 4142 Qui
612 4075 804 4147 solitus
835 4078 936 4129 est.
982 4073 1296 4147 Anterihsec
1348 4074 1524 4131 verba
1571 4074 1798 4132 videtur
1824 4078 1918 4135 de-

253 4163 388 4203 esse
446 4147 650 4214 Filiu-s,
676 4146 761 4202 vel
797 4147 897 4201 Dei
914 4147 1105 4202 Filius.
1137 4146 1406 4202 Jacxsoa.

333 4217 448 4290 (39)
476 4218 661 4290 Visus.
694 4218 898 4289 Aptior
935 4217 1044 4272 erit
1101 4234 1310 4273 sensus
1360 4219 1408 4273 si
1453 4217 1768 4290 legerimus
1815 4221 1917 4276 Fi—

256 4289 682 4416 gugprolvisus
714 4306 888 4361 quam
923 4306 1260 4361 germanam
1284 4306 1412 4345 esse
1460 4289 1769 4346 laetionem
1823 4293 1916 4346 vix

305 4379 341 4414 u
389 4377 487 4416 io.
542 4377 596 4414 ι).

305 4361 487 4416 ubito.
515 4361 596 4414 Io.

331 4433 444 4502 (40)
477 4433 613 4486 Deus
643 4432 847 4487 Sermo.
877 4432 960 4487 Ita
989 4431 1241 4487 editores
1268 4430 1594 4503 Anglicani.
1618 4433 1739 4488 Vox
1769 4439 1914 4490 Deus

253 4504 428 4559 deest
457 4504 612 4574 apud
645 4503 987 4558 Pamelium.

332 4575 444 4645 (41)
476 4575 541 4629 Et
565 4575 798 4630 audivit.
857 4579 1022 4647 Forte
1078 4574 1373 4631 exaudivit
1407 4592 1418 4630 :
1456 4591 1632 4647 quam
1671 4575 1907 4645 quidem

252 4662 457 4702 vocem
489 4647 692 4718 paucis
740 4646 1059 4717 interjectis
1109 4647 1319 4718 repetit
1367 4646 1742 4702 NoVatianus.
1781 4648 1910 4702 Mox

253 4734 408 4800 mss.
440 4719 695 4773 Woweri
728 4719 880 4790 apud
911 4719 1270 4774 Jacksonum
1323 4735 1506 4775 vocem
1552 4719 1796 4774 audisset
1819 4721 1905 4774 in-

279 4799 454 4844 antis.

248 4792 454 4932 rdiis;
471 4861 614 4932 Deus
639 4860 1000 4929 conﬁrmatur
1027 4876 1160 4918 esse.
1215 4863 1298 4917 Ita
1325 4861 1611 4917 Welchm.
1650 4864 1706 4915 et
1734 4861 1908 4917 Jack-

248 4949 385 4988 son.
419 4931 509 4986 Al.
543 4933 677 4987 Deus
733 4933 1088 5002 conﬁrmatur
1135 4934 1276 4988 Deus
1305 4949 1458 4989 esse:
1495 4933 1690 4988 minus
1731 4938 1906 5000 recte,

249 5023 288 5059 u
302 5009 326 5058 t
353 5002 604 5058 videtur.

331 5074 442 5144 (43)
469 5076 612 5129 Deus
634 5091 663 5129 e
689 5075 886 5130 calo...
910 5081 1079 5129 vocat.
1144 5077 1425 5130 Autumat
1487 5075 1909 5130 Welchmanus

245 5146 596 5218 legendum,
630 5147 766 5218 Deus
791 5147 932 5217 quie
959 5146 1314 5218 caelonvocat.
1332 5145 1528 5202 Mallet
1557 5147 1905 5215 Jacksonus,

245 5217 400 5275 Deus
429 5219 613 5273 θείειο
670 5217 836 5273 illam
886 5232 1086 5272 vocans
1134 5217 1375 5287 Angelus
1430 5227 1506 5274 est
1549 5218 1748 5274 dictus.
1796 5219 1907 5273 Sed

243 5289 427 5361 lectio
448 5288 686 5361 vulgata
715 5290 807 5345 his
829 5289 1337 5361 emendationibus
1387 5306 1535 5361 opus
1566 5306 1680 5345 non
1712 5289 1906 5344 habet.

330 5359 440 5432 (44)
474 5359 611 5416 Deus
639 5370 774 5417 esset
797 5362 998 5432 potius.
1037 5360 1131 5416 Sic
1161 5361 1301 5416 editi
1351 5359 1639 5416 ad‘unum
1683 5377 1906 5416 omnes.

244 5432 588 5488 Jacksonus
618 5436 812 5488 tamen
839 5436 1062 5488 textum
1087 5434 1519 5488 emendandum
1540 5433 1908 5503 putavit,edi-

248 5505 482 5574 (litque,
519 5509 663 5560 Deus
717 5507 850 5559 esset
879 5507 1087 5572 positus
1117 5525 1135 5571 ,-
1167 5509 1470 5575 propterea
1517 5504 1758 5571 scilicet,
1820 5505 1908 5558 in-

249 5575 409 5643 quit,
443 5577 594 5647 quod
624 5577 806 5647 potius
830 5575 1057 5631 nullum
1109 5577 1319 5631 haheat
1369 5592 1608 5631 sensum
1655 5576 1714 5630 in
1763 5575 1906 5631 loco.

254 5648 422 5705 Hanc
443 5663 576 5703 vero
606 5647 1071 5704 emendationem
1104 5649 1194 5704 vix
1225 5647 1648 5709 admittendam
1679 5664 1907 5704 censeo:

250 5719 497 5794 vulgata
543 5719 701 5779 enim
758 5719 927 5780 lectio
983 5720 1313 5795 legitimum
1371 5720 1614 5780 fundere
1670 5736 1912 5780 sensum

2027 4075 2403 4156 comperitur.
2441 4073 2765 4156 Nimirum,
2799 4078 3000 4156 auctor
3025 4073 3675 4156 locutheneseos‘xxr,

2027 4150 2093 4203 17
2127 4145 2482 4214 edisserens,
2506 4146 2602 4200 ubi
2634 4145 2848 4218 legitur
2881 4163 2894 4213 ;
2954 4145 3256 4201 Exaudivit
3285 4155 3473 4202 autem
3519 4145 3676 4204 Deus

2022 4236 2204 4276 vocem
2231 4220 2414 4290 pueri,
2447 4217 2763 4288 voravitque
2801 4219 3071 4273 ANGELUS
3121 4219 3218 4273 Dei
3256 4217 3403 4288 Agar
3429 4217 3494 4274 de
3521 4221 3672 4288 caelo,

2027 4293 2145 4347 haec
2186 4289 2362 4346 habet
2412 4306 2424 4344 :
2475 4290 2570 4344 Hic
2618 4290 2779 4357 Deus,
2842 4320 2908 4329 —
2967 4293 3224 4344 ANGELUS
3295 4289 3491 4354 dictus,
3552 4308 3676 4346 cum

2021 4364 2274 4434 superius
2305 4393 2372 4402 ——
2405 4366 2556 4434 Deus
2588 4365 2747 4434 esset
2781 4361 2988 4434 potius,
3046 4376 3160 4415 non
3198 4361 3352 4434 alius
3407 4363 3673 4434 intelligi-

2022 4431 2130 4507 tur,
2157 4440 2265 4507 etc.
2302 4433 2548 4488 Perinde
2605 4448 2670 4486 ac
2701 4431 2762 4507 si_
2799 4431 3044 4507 dixisset
3068 4447 3088 4507 :_
3104 4432 3210 4496 Qui
3243 4432 3457 4488 dicitur
3483 4431 3671 4507 Ange-

2021 4501 2125 4562 lus
2145 4506 2242 4561 Dei
2275 4519 2505 4561 vocasse
2536 4507 2692 4574 Agar
2722 4502 2803 4574 de
2833 4502 2996 4567 caalo,
3031 4501 3126 4558 hic
3159 4508 3330 4559 antea
3362 4509 3511 4561 Deus
3541 4501 3671 4563 esse

2021 4577 2362 4650 perhibetur
2393 4575 2490 4646 qui
2525 4573 2848 4650 exaudierit
2890 4589 3090 4650 vocem
3121 4575 3308 4650 pueri,
3345 4576 3490 4650 Illud
3523 4594 3666 4650 quo-

2017 4645 2128 4719 que
2160 4645 2425 4719 accedit,
2455 4645 2862 4719 emendatione
2913 4645 3186 4702 Jacksoni
3237 4645 3667 4716 admissafvim

2020 4717 2301 4775 orationis
2357 4718 2416 4771 in
2464 4717 2767 4772 Novatiani
2826 4721 2984 4772 textu
3035 4719 3314 4788 rotundi;
3357 4737 3492 4777 cum
3523 4719 3669 4778 illud

2019 4793 2159 4848 Deus
2189 4793 2322 4846 esset
2340 4789 2518 4860 potius
2545 4789 2868 4861 plurimum
2897 4788 3103 4860 valeat,
3145 4795 3349 4846 contra
3402 4809 3536 4848 vero
3575 4795 3672 4849 fri-

2018 4880 2154 4936 gore
2185 4863 2460 4934 frigescat
2488 4861 2882 4917 Jacksoniana
2902 4862 3192 4919 restitutio
3222 4865 3364 4920 Deus
3409 4872 3546 4921 esset
3572 4881 3666 4938 po-

2015 4938 2170 4993 situs.
2323 4943 2328 4948 ‘

2089 5006 2201 5078 (45)
2235 5006 2294 5059 Si
2322 5005 2491 5078 enim.
2533 5007 2654 5078 γει.
2688 5003 2852 5078 ed_itt.
2905 5003 3009 5060 Sed
3063 5007 3246 5061 enim:
3301 5005 3455 5078 quod
3506 5007 3678 5062 casti-

2019 5075 2356 5150 gavit'recte
2382 5075 2694 5150 Pamelius.
2728 5076 3001 5150 incasou.

2089 5151 2199 5220 (46)
2233 5148 2333 5203 Sed
2361 5156 2412 5203 et
2444 5147 2702 5219 Angelus.
2737 5147 2961 5220 Vocem
3007 5149 3056 5202 et
3113 5150 3248 5202 ante
3289 5147 3540 5220 Angelus
3583 5163 3670 5220 re-

2020 5217 2217 5292 posuit
2239 5217 2541 5276 Pamelius'
2563 5236 2630 5292 ex
2652 5235 2761 5276 ms.
2795 5217 3020 5291 Anglic.
3048 5220 3106 5292 et
3125 5217 3443 5292 genuinam
3474 5217 3672 5276 lectio-

2022 5289 2155 5348 nem
2211 5292 2412 5363 probat
2461 5291 2660 5346 statim
2698 5289 3210 5363 iquodjsequitur,
3267 5290 3360 5345 sed
3411 5293 3467 5363 et
3518 5291 3668 5348 Deus.

2020 5359 2231 5419 Omisit
2259 5372 2465 5418 etcum
2498 5367 2609 5416 vet.
2644 5362 2809 5417 editt.
2855 5359 3278 5417 Welchmanus
3310 5361 3481 5418 male.
3517 5363 3596 5417 lo.

2090 5435 2462 5507 (If/)7Unxzsti.
2497 5433 2799 5507 Sicueditt.
2861 5430 3103 5488 Pamelii
3153 5449 3220 5488 ex
3280 5449 3388 5507 m_s.
3439 5432 3668 5506 Anglic.

2021 5504 2714 5586 recte'habent‘rquibus
2763 5507 3094 5586 congruunt
3151 5504 3507 5586 tum_Grzeca
3539 5504 3666 5586 tum

2022 5579 2244 5650 Latina.
2306 5576 2728 5650 Welchmanus
2768 5576 3029 5650 Wedidit”
3057 5577 3311 5644 erexisti,
3360 5583 3671 5650 perrupta

2020 5647 2373 5722 exemplaria
2402 5647 2636 5722 Cagnaei
2669 5651 2726 5722 e_t
2765 5646 3034 5722 Frobenii
3065 5653 3322 5719 secutus,
3356 5646 3668 5722 inquibus

2021 5722 2102 5781 ita
2123 5719 2362 5795 ponitur
2381 5737 2449 5779 ex
2479 5719 2670 5780 alieno
2699 5719 2848 5794 loco,
2881 5720 3163 5779 nimirum
3191 5737 3262 5779 ex
3291 5737 3345 5778 v.
3378 5719 3583 5781 115.10.
