4102 6180
482 390 594 455 951
1521 374 1955 438 NOVATIANI
1997 373 2491 437 PRESBYTERI
2537 379 2844 441 ROMANI
3719 395 3812 456 95g

480 538 545 581 in
579 524 790 577 terram
816 515 1134 573 nativitatis
1162 517 1296 578 tux,
1319 516 1371 568 et
1424 525 1519 566 ero
1548 517 1744 566 tecum.
1779 507 1839 563 Si
1870 505 2132 580 Angelus
2163 507 2208 575 Α
2245 508 2525 564 tentionis
2557 509 2730 567 istius
2770 515 2943 568 tantae
2979 514 3244 587 tantique
3283 517 3596 574 certaminis
3620 519 3645 574 ‘t
3668 521 3815 584 Quale

481 612 582 670 Dei
612 607 872 682 loquitur
901 606 1022 662 haec
1053 605 1121 660 ad
1145 603 1347 669 Jacob,
1379 605 1553 673 atque
1600 599 1727 672 ipse
1763 595 2126 670 Angelusin-
2238 602 2526 668 praeterea
2552 600 2753 669 Jacob,
2787 603 2885 674 qui
2919 606 2990 658 ad
3025 607 3340 660 tenendum
3400 607 3668 664 hominem
3711 629 3814 668 cum

483 703 615 771 fert,
647 698 846 755 dicens
881 712 896 751 :
930 697 1047 768 Ego
1076 710 1196 749 sum
1236 695 1372 746 Deus
1415 691 1510 761 qui
1558 690 1706 745 visus
1753 703 1871 741 sum
1931 686 2034 741 tibi
2070 687 2130 739 in
2241 704 2358 759 quo
2389 688 2721 745 luctabatur
2755 692 2921 746 fortis
2964 693 3277 762 invenitur,
3332 698 3386 749 et
3419 694 3816 756 benedictionem

477 797 623 850 Loco
647 788 778 844 Dei:
802 802 917 842 non
953 782 1363 840 tantummodo
1395 779 1553 834 hunc
1584 777 1889 850 Angelum,
1930 775 2029 831 sed
2078 779 2134 830 et
2243 779 2314 833 ab
2338 794 2402 832 eo
2451 795 2624 848 quem
2656 781 2953 836 detinebat
3004 783 3261 854 postulat
3317 784 3450 855 quia
3496 786 3610 855 jam
3651 786 3818 844 lucifer

489 886 673 938 Deum
708 875 962 950 positum
987 873 1112 930 sine
1143 871 1263 928 ulla
1320 867 1684 925 haesitatione
1715 864 2131 936 conspicimus,
2245 867 2431 921 oritur
2469 867 2607 940 (50),
2641 868 3113 941 idcopostulasse
3132 873 3433 945 reperitur,
3459 873 3562 927 nisi
3593 877 3818 945 quoniam

491 970 708 1044 quippe
739 965 851 1022 sibi
879 968 1082 1020 votum
1117 963 1292 1017 refert
1319 959 1390 1014 ab
1419 958 1601 1014 Jacob
1633 956 1990 1012 destinatum
2009 969 2136 1009 esse
2246 956 2736 1028 prxﬁgurabatur
2782 961 3078 1017 contentio
3135 961 3255 1017 haec
3313 962 3460 1018 inter
3487 962 3746 1019 Christum
3783 973 3825 1022 et

487 1060 714 1128 inLoco
740 1056 859 1127 Dei,
907 1057 962 1110 et
1019 1067 1135 1108 non
1186 1050 1329 1105 dicit
1376 1049 1432 1104 in
1488 1049 1627 1104 Loco
1679 1061 1817 1102 meo.
1871 1045 1975 1100 Est
2003 1060 2138 1115 ergo
2248 1044 2399 1100 ﬁlios
2429 1045 2606 1100 Jacob
2643 1048 3013 1120 futura,qu:e
3046 1051 3104 1105 in
3150 1050 3452 1124 Evangelio
3505 1052 3694 1108 dicitur
3725 1071 3824 1125 per-

484 1151 676 1206 Locus
708 1145 832 1212 Dei,
864 1147 953 1198 est
985 1146 1042 1197 et
1072 1140 1166 1195 hic
1197 1140 1370 1195 Deus.
1413 1137 1522 1193 Sed
1556 1135 1712 1191 enim
1745 1134 1824 1189 ibi
1857 1133 2138 1205 simplici-
2252 1135 2398 1190 tecta
2426 1134 2454 1188 ?
2485 1135 2696 1192 Contra
2726 1137 2880 1193 hunc
2911 1140 3067 1195 enim
3098 1140 3393 1196 hominem
3429 1140 3740 1198 colluctatus
3762 1149 3827 1199 est

485 1242 576 1295 ter
605 1234 772 1292 estin
804 1234 943 1288 Loco
977 1232 1076 1286 Dei
1105 1229 1365 1302 positum
1393 1252 1407 1296 ;
1460 1242 1651 1298 neque
1699 1225 1854 1280 enim
1917 1223 2140 1277 dictum
2251 1224 2502 1297 populus
2525 1226 2725 1294 Jacob,
2763 1228 2818 1282 in
2845 1245 2961 1300 qua
3016 1229 3424 1286 colluctatione
3474 1232 3731 1302 potentior
3755 1248 3830 1302 po-

491 1326 668 1384 estin
701 1325 851 1380 Loco
900 1319 1106 1393 Angeli
1139 1328 1194 1374 et
1235 1317 1353 1384 Dei,
1401 1317 1501 1373 sed
1561 1313 1970 1370 tantummodo
1996 1311 2093 1367 Dei
2128 1330 2141 1368 :
2255 1313 2430 1385 pulus
2482 1318 2570 1370 est
2618 1315 2798 1376 Jacob
2831 1322 3130 1389 repertus:
3182 1318 3396 1391 quippe
3439 1335 3564 1374 cum
3608 1319 3834 1376 adversus

485 1416 582 1473 hic
613 1419 816 1470 autem
848 1411 948 1485 qui
973 1411 1085 1466 ista
1111 1407 1420 1481 promittit,
1481 1410 1632 1460 Deus
1673 1408 1848 1474 atque
1888 1401 2147 1474 Angelus
2256 1403 2551 1458 Christum
2576 1403 2906 1476 iniquitatis
2929 1425 3046 1462 suae
3076 1408 3382 1463 victoriam
3431 1408 3506 1463 sit
3525 1413 3834 1475 consecutus,

488 1521 619 1563 esse
649 1503 992 1577 perhibetur
1015 1517 1030 1569 ;
1053 1503 1120 1554 ut
1149 1497 1356 1553 merito
1387 1493 1687 1550 distinctio
1719 1493 1796 1548 sit
1825 1492 1980 1547 inter
2013 1507 2153 1577 eum
2261 1509 2374 1566 quo
2396 1493 2454 1547 in
2476 1497 2756 1566 tempore,
2781 1500 3018 1568 propter
3057 1496 3283 1552 facinus
3315 1496 3464 1568 quod
3503 1496 3733 1563 admisit,
3770 1496 3837 1551 in-

493 1595 596 1668 qui
625 1591 1039 1650 tantummodo
1087 1593 1235 1644 Deus
1276 1585 1509 1651 dicitur,
1569 1587 1626 1639 et
1675 1583 1829 1638 inter
1879 1598 2014 1636 eum
2048 1572 2153 1653 qui
2261 1599 2427 1639 cessu
2454 1583 2586 1638 ﬁdei
2624 1585 2868 1656 propriae
2901 1590 2957 1641 et
2985 1585 3195 1641 salutis
3219 1585 3539 1641 claudicare
3559 1585 3840 1658 gravissime

490 1701 608 1741 non
635 1685 786 1738 Deus
809 1678 1177 1751 simpliciter,
1210 1677 1310 1732 sed
1345 1673 1677 1747 etAngelus
1709 1671 2151 1750 pronuntiatur:
2261 1673 2520 1727 incertus
2551 1676 2607 1727 et
2629 1673 2888 1729 lubricus
2907 1675 3082 1747 coepit
3113 1693 3126 1730 :
3169 1676 3294 1747 qui,
3332 1675 3590 1747 quamvis
3626 1674 3842 1747 superior

491 1777 571 1830 Ex
601 1788 713 1844 quo
747 1771 793 1826 si
824 1768 1048 1825 nullius
1081 1766 1326 1822 alterius
1357 1763 1560 1836 Angeli
1594 1766 1788 1836 potest
1826 1760 1923 1816 hic
1971 1755 2152 1834 accip1
2265 1761 2598 1817 damnando
2629 1761 2926 1818 Christum
2976 1769 3266 1836 repertus,
3327 1769 3456 1835 eget
3483 1769 3662 1818 tamen
3698 1764 3841 1835 ipsius

488 1864 655 1919 tanta
684 1857 1024 1926 auctoritas,
1058 1859 1122 1910 ut
1153 1855 1335 1910 Deum
1360 1868 1593 1926 quoque
1623 1868 1686 1907 se
1706 1867 1836 1906 esse
1874 1851 2142 1919 fateatur,
2174 1875 2222 1939 Β
2264 1850 2685 1921 misericordia,
2722 1856 2851 1924 eget
2872 1857 3067 1907 tamen
3117 1852 3310 1924 ipsius
3349 1852 3736 1908 benedictione.
3760 1851 3842 1906 Sed

493 1954 552 2008 et
579 1952 779 2006 votum
811 1947 922 2002 sibi
955 1945 1168 2002 factum
1202 1959 1333 1998 esse
1381 1945 1645 2011 testatur,
1705 1940 1816 1994 nisi
1878 1943 2138 1994 tantum-
2252 1941 2409 1997 enim
2430 1939 2526 1995 hic
2574 1939 2750 1996 homo
2799 1941 2899 2012 qui
2931 1958 3064 1996 cum
3101 1941 3281 1997 Jacoh
3321 1941 3570 1996 luctatus
3597 1945 3707 1996 est:
3740 1942 3843 2004 Non,

496 2039 671 2096 modo
703 2035 938 2101 Christi,
981 2033 1095 2102 cui,
1130 2049 1244 2088 non
1302 2030 1441 2103 quia
1497 2029 1714 2101 Angelo
1754 2031 2004 2095 tantum,
2039 2029 2140 2084 sed
2253 2029 2461 2100 inquit,
2521 2031 2800 2085 vocabitur
2835 2033 3005 2085 etiam
3042 2048 3194 2086 nunc
3252 2047 3448 2086 nomen
3510 2038 3653 2085 tuum
3693 2030 3842 2095 Iacob,

499 2128 639 2201 quia
693 2127 831 2195 Deo,
883 2127 1083 2180 votum
1136 2119 1326 2176 voveri
1377 2122 1568 2191 potest
1601 2133 1614 2172 :
1650 2117 2025 2172 manifestum
2058 2121 2146 2172 est
2254 2120 2347 2175 sed
2376 2120 2550 2174 Israel
2579 2122 2695 2174 erit
2717 2136 2912 2176 nomen
2944 2124 3118 2175 tuum.
3172 2121 3254 2174 Ac
3302 2119 3351 2174 si
3389 2118 3557 2175 Israel
3590 2122 3668 2174 est
3711 2119 3843 2173 homo

502 2235 620 2276 non
668 2218 900 2272 Patrem
941 2211 1122 2284 accipi
1181 2225 1374 2282 posse,
1433 2207 1532 2263 sed
1589 2206 1825 2274 Filium,
1852 2206 2035 2262 Deum
2093 2209 2150 2260 et
2256 2208 2458 2266 videns
2491 2209 2695 2279 Deum,
2728 2209 3026 2282 eleganter
3062 2208 3410 2265 osten'debat
3440 2209 3701 2263 Dominus
3727 2207 3843 2278 quod

505 2305 816 2379 Angelum.
858 2303 963 2358 Hic
993 2304 1188 2357 autem
1222 2299 1270 2353 si
1328 2297 1594 2352 Christus
1651 2299 1763 2364 est,
1810 2294 1982 2350 sicuti
2038 2299 2144 2350 est.
2259 2315 2374 2354 non
2397 2302 2626 2353 tantum
2659 2299 2836 2353 homo
2866 2303 3020 2354 esset
3036 2298 3578 2372 quicolluctabatur
3603 2303 3726 2353 tunc
3745 2312 3844 2352 cum

507 2395 886 2452 vehementer
915 2389 1295 2464 periclitatur,
1344 2386 1444 2458 qui
1492 2390 1593 2441 aut
1649 2383 1949 2440 hominem
1988 2384 2148 2438 Chri-
2258 2391 2458 2460 Jacoh,
2493 2392 2591 2446 sed
2618 2395 2675 2446 et
2727 2396 2896 2447 Deus,
2929 2391 3179 2448 Videbat
3238 2391 3444 2462 utique
3491 2390 3661 2444 Deum
3711 2387 3846 2443 δειραὶ)

512 2489 693 2550 stum,
727 2485 828 2538 aut
858 2473 2047 2552 Angelumtantummododicit,subtracta
2068 2472 2150 2526 illi
2263 2497 2394 2536 cum
2419 2497 2533 2550 quo
2567 2478 3008 2551 colluctabatur,
3061 2480 3334 2552 quamvis
3374 2479 3658 2535 hominem
3705 2476 3848 2549 ipsius

513 2572 693 2628 divini
721 2569 979 2626 nominis
1012 2570 1320 2640 potestate.
1370 2580 1546 2636 quam
1607 2580 1672 2618 6X
1718 2562 2152 2635 scripturarum
2264 2571 2321 2625 in
2354 2569 2763 2625 colluctatione
2785 2570 3078 2626 retineret.
3112 2571 3179 2625 Et
3209 2573 3279 2624 ut
3308 2567 3472 2624 nulla
3507 2568 3681 2623 adhuc
3700 2570 3850 2638 posset

514 2659 835 2718 οωῙθδῐίιιω
870 2658 982 2713 ﬁde
1014 2657 1346 2728 frequenter
1395 2653 1634 2724 accepit,
1673 2669 1798 2725 (ἰυεε
1850 2651 2013 2706 illum
2098 2655 2155 2706 εἴ
2263 2678 2392 2718 esse
2449 2659 2756 2730 dubitatio,
2817 2660 3360 2732 interpretationem
3419 2659 3541 2732 ipse
3584 2657 3754 2730 posuit
3786 2654 3848 2708 di-

508 2748 793 2822 Αιιϐθιυω
824 2747 1157 2818 frequenter
1185 2749 1240 2799 εἴ
1277 2743 1460 2799 Deum
1492 2741 1712 2798 dicunt
1747 2741 1849 2797 Hi3
1878 2741 2154 2796 omnibus
2263 2751 2482 2807 cendo:
2519 2750 2659 2818 Quia
2689 2751 2978 2805 invaluisti
3022 2766 3149 2805 cum
3182 2750 3314 2818 Deo,
3347 2757 3398 2804 et
3437 2765 3555 2803 cum
3601 2745 3851 2802 hominibus

507 2840 681 2897 etiam
713 2837 860 2893 ίῘῙυά
893 2835 1137 2903 “cadit:
1172 2837 1235 2889 Ut
1265 2833 1556 2905 qu°m°d°
1591 2831 1751 2886 illum
1786 2834 1842 2886 et
1871 2831 2151 2903 Αηὲθῖυῐη
2260 2842 2446 2912 potens
2467 2855 2541 2894 es.
2567 2839 2646 2893 Ob
2672 2855 2848 2909 quam
2880 2855 3118 2894 causam
3142 2838 3238 2893 hic
3276 2838 3434 2894 idem
3482 2836 3648 2892 Jacob
3685 2830 3848 2889 intelli-

507 2929 845 3000 Ϊτθίῖυθηῖθν
891 2929 948 2981 et
989 2925 1170 2980 Deum
1223 2921 1419 2996 POsnit
1463 2920 1764 2994 Scriptum
1801 2919 2017 2985 diVina»
2070 2918 2153 2975 δίο
2263 2945 2408 3002 gens
2431 2929 2555 3000 jam
2584 2927 2699 2983 vim
2722 2927 3097 2994 sacramenti,
3137 2931 3195 2983 et
3242 2927 3552 3000 pervidens
3598 2923 3849 2980 auctorita-

507 3017 679 3074 ίΠυω
709 3019 765 3073 εἲ
786 3014 1089 3071 hominem
1122 3017 1298 3084 Ponat
1329 3014 1386 3066 εἴ
1415 3010 1621 3077 Deum:
1681 3009 2011 3081 exprimens
2057 3025 2152 3064 θει-
2263 3022 2379 3075 tem
2401 3019 2529 3089 ejus
2551 3033 2678 3072 cum
2701 3033 2817 3088 quo
2839 3016 3094 3073 luctatus
3124 3015 3360 3085 fuisset,
3391 3031 3598 3072 nomen
3617 3010 3852 3069 lociillius

505 3107 636 3163 dem
670 3105 974 3176 Scriptura
1004 3102 1201 3158 divina
1231 3101 1387 3172 quod
1419 3103 1544 3156 erat
1572 3099 1828 3166 futurus,
1861 3102 1918 3155 et
1949 3097 2121 3170 depin

2262 3109 2321 3162 in
2385 3124 2500 3178 quo
2567 3105 2912 3162 colluctatus
3003 3109 3110 3174 est,
3181 3106 3413 3161 vocavit
3510 3099 3850 3165 VisionemDei,

509 3211 652 3269 gens
674 3194 802 3266 jam
835 3199 959 3248 tum
992 3192 1052 3247 in
1085 3190 1340 3263 imagine
1393 3189 1546 3260 quod
1600 3187 1848 3244 habebat
1903 3202 2032 3242 esse
2089 3187 2129 3241 ir

2261 3195 2666 3269 Superstruxit
2741 3199 3020 3268 praeterea
3076 3211 3290 3250 causas
3367 3196 3438 3250 ad
3490 3187 3851 3264 interpretatio-

506 3246 848 3340 :ubstitntite
877 3281 1144 3338 veritate.
1178 3246 1460 3334 Riemans‘it
1499 3279 1668 3344 enim,
1719 3277 1930 3350 inquit,
1988 3277 2148 3332 Iacob
2181 3246 2224 3314 Ο
2262 3246 2666 3342 Egon—iga
2682 3246 3438 3356 De;:v(‘5vii)‘pﬁon:iﬁg—(;nw&an;
3458 3246 3750 3347 viiiivehim,
3782 3277 3846 3330 in.

505 3374 675 3442 solus,
707 3375 757 3429 et
788 3371 1103 3428 luctabatur
1147 3369 1305 3425 homo
1351 3384 1477 3424 cum
1522 3383 1582 3423 eo
1638 3383 1806 3438 usque
1851 3367 1910 3421 in
1938 3383 2103 3422 mane
2131 3385 2150 3421 :
2261 3375 2411 3448 quit,
2443 3376 2608 3429 neum
2629 3375 2774 3444 facie
2820 3372 2889 3428 ad
2907 3374 3128 3442 faciem,
3158 3375 3208 3428 et
3236 3373 3395 3428 ,ςαιυα
3423 3371 3570 3443 facta
3609 3377 3681 3424 εει
3708 3368 3854 3420 anima

503 3460 565 3519 et
586 3463 728 3519 vidit
755 3463 1022 3534 quoniam
1049 3476 1159 3515 non
1187 3467 1360 3529 potest
1421 3457 1682 3512 adversus
1723 3473 1868 3525 eum,
1900 3461 1950 3511 et
1979 3458 2123 3527 tetigi

2259 3480 2398 3519 mea.
2435 3462 2583 3519 Vidit
2617 3467 2814 3518 autem
2837 3461 3016 3517 Deum
3049 3478 3183 3517 cum
3241 3477 3364 3532 quo
3422 3459 3743 3516 colluctatus
3787 3456 3851 3508 est

507 3551 862 3609 latitudinem
892 3551 1123 3621 femoris
1149 3549 1336 3612 Iacob,
1368 3563 1495 3602 cum
1523 3548 1581 3602 in
1611 3563 1734 3602 eum
1767 3547 2077 3601 luctaretur
2105 3549 2154 3600 et
2262 3553 2428 3624 quasi
2461 3568 2592 3607 cum
2629 3551 2867 3606 homine
2902 3567 2913 3605 ;
2940 3551 3041 3606 εςεά
3061 3554 3119 3606 et
3144 3551 3448 3606 hominem
3475 3548 3694 3621 quidem
3723 3541 3854 3616 quasi

507 3643 624 3712 ipse
651 3656 778 3695 cum
805 3656 887 3709 eo,
915 3647 965 3694 et
992 3638 1140 3693 dixit
1159 3638 1212 3692 ei
1244 3655 1263 3689 :
1316 3637 1538 3691 Dimitte
1571 3651 1675 3703 me,
1735 3635 1981 3690 ascendit
2008 3635 2127 3690 enin

2261 3642 2444 3696 victor
2474 3641 2682 3705 tenuit,
2707 3640 3170 3696 benedictionem
3205 3643 3407 3696 autem
3435 3637 3598 3711 quasi
3619 3654 3650 3693 a
3676 3636 3789 3700 Deo,
3812 3636 3855 3686 ut

503 3730 729 3801 lucifer.
763 3729 828 3783 Et
856 3727 962 3784 ille
991 3727 1148 3784 dixit
1178 3744 1196 3781 .'
1210 3727 1327 3780 Non
1344 3734 1395 3781 te
1411 3725 1714 3793 dimittam,
1745 3726 1858 3779 nisi
1884 3740 1970 3778 me
1997 3724 2153 3778 bene-
2265 3730 2523 3796 inferior,
2560 3729 2894 3802 postulavit,
2944 3730 3027 3784 Ita
3080 3745 3214 3784 cum
3276 3731 3391 3784 Deo
3421 3733 3476 3784 et
3502 3744 3628 3782 cum
3672 3721 3855 3779 homine

507 3820 738 3876 dixeris.
774 3821 838 3875 Et
865 3817 1009 3872 dixit
1050 3834 1062 3872 :
1098 3815 1247 3884 Quod
1301 3818 1379 3871 est
1408 3831 1604 3871 nomen
1627 3820 1788 3868 tuum
1831 3816 1856 3866 γ
1890 3814 1955 3868 Et
2001 3811 2127 3868 δὴ

2267 3819 2617 3875 colluctatus
2648 3819 2758 3874 fuit
2788 3834 2802 3875 :
2827 3835 2893 3873 ac
2923 3818 3006 3873 sic
3027 3817 3367 3874 colluctatio
3399 3817 3519 3873 haec
3567 3815 3644 3870 ibi
3673 3811 3854 3885 quidem

508 3909 606 3965 ille
633 3907 801 3978 dixit,
857 3906 1044 3964 Iacob.
1091 3906 1353 3976 Dixitque
1379 3906 1438 3960 ei
1473 3920 1486 3959 :
1542 3908 1663 3961 Non
1718 3903 2006 3959 vocabitur
2045 3902 2158 3974 (48)
2267 3909 2635 3982 praefigurata
2683 3911 2791 3975 est,
2831 3908 2891 3962 in
2947 3906 3260 3978 Evangelio
3304 3912 3502 3963 autem
3550 3905 3690 3959 inter
3735 3896 3856 3955 Chri-

499 3999 621 4072 jam
649 4013 796 4053 nunc
825 4012 1021 4052 nomen
1051 3999 1209 4050 tuum
1235 3993 1428 4064 Iacob,
1477 3994 1576 4049 sed
1631 3995 1796 4050 Israel
1824 3993 1931 4049 erit
1962 4008 2159 4048 nomen
2269 4002 2426 4054 stum
2452 4001 2509 4052 et
2540 3996 2819 4069 pOpulum
2845 3995 3020 4051 Jacob
3052 3997 3309 4067 perfecta
3325 3999 3415 4052 est
3447 4011 3459 4050 ε
3492 3993 3548 4048 in
3581 4008 3687 4064 qua
3702 4001 3857 4062 quam-

507 4097 715 4146 tuum:
747 4086 1206 4160 quiainratuisti
1259 4100 1383 4138 cum
1415 4085 1538 4155 Deo,
1584 4087 1634 4139 et
1681 4100 1802 4139 cum
1850 4083 2162 4139 hominibus
2270 4088 2356 4143 vis
2401 4088 2551 4144 925
2604 4085 2859 4158 papulas
2919 4085 3186 4155 superior
3257 4085 3530 4140 inventus
3589 4086 3676 4151 sit,
3714 4077 3858 4133 minor

506 4182 699 4251 potens
755 4193 812 4232 es
864 4175 1021 4248 (Gen.
1097 4190 1273 4242 xxxu,
1317 4172 1535 4243 24-27).
1607 4174 1674 4226 Et
1725 4172 1916 4228 adhuc
1963 4171 2165 4242 adjicit
2272 4181 2538 4250 repertus
2587 4180 2678 4232 est
2717 4177 2855 4230 dum
2891 4190 3108 4230 nocens
3165 4175 3580 4247 comprobatus
3624 4174 3721 4227 est,
3756 4163 3857 4231 Quis

510 4266 664 4338 (Gen.
696 4282 876 4332 χχχιι,
935 4264 1024 4335 30,
1055 4263 1146 4323 31)
1177 4279 1189 4318 :
1220 4263 1284 4316 Et
1325 4263 1532 4317 vocavit
1587 4263 1748 4318 Iacob
1804 4277 2006 4317 nomen
2063 4261 2170 4318 loci
2275 4266 2568 4322 dubitabit
2590 4264 2882 4320 Christum
2909 4265 2968 4320 in
2988 4281 3103 4336 quo
3121 4263 3244 4318 haec
3268 4260 3691 4319 colluctationis
3720 4258 3859 4327 ﬁgura

510 4356 686 4426 illius,
725 4356 866 4412 Vitio
901 4354 1012 4410 Dei.
1052 4351 1170 4410 Vidi
1197 4352 1345 4408 enim
1397 4356 1576 4408 Deum
1628 4353 1776 4423 facie
1822 4351 1894 4408 ad
1937 4352 2164 4426 faciem.
2275 4354 2562 4427 completa
2585 4357 2690 4423 est,
2727 4370 2836 4410 non
2885 4353 3181 4410 hominem
3217 4357 3478 4418 tantum,
3514 4351 3608 4406 sed
3653 4351 3703 4404 et
3725 4349 3857 4400 Deum

510 4450 561 4500 et
591 4445 742 4500 salva
773 4449 919 4505 facta
948 4451 1030 4498 est
1081 4443 1272 4498 anima
1320 4457 1462 4496 mea.
1513 4441 1778 4512 Ortusque
1830 4450 1909 4496 est
1957 4442 2010 4496 ei
2037 4441 2118 4496 sol
2149 4459 2167 4496 :
2276 4459 2622 4516 agnoscere:
2646 4443 3120 4515 quandoquidem
3141 4442 3447 4498 hominem
3470 4440 3628 4494 illum
3657 4439 3705 4491 et
3727 4435 3857 4488 Deum

513 4549 646 4590 mox
673 4534 936 4589 transivit
965 4532 1078 4604 (49)
1113 4532 1392 4589 Visionem
1421 4531 1520 4587 Dei
1546 4547 1567 4593 ;
1609 4531 1722 4602 ipse
1776 4547 1902 4587 vero
1945 4531 2168 4586 claudi-
2278 4533 2450 4589 etiam
2484 4533 2672 4604 ﬁgura
2699 4533 2830 4605 ipsa
2871 4531 3307 4588 colluctationis
3352 4531 3613 4586 videatur
3648 4534 3859 4593 compro-

514 4623 674 4679 cabat
701 4622 908 4693 femore
949 4637 1064 4676 suo.
1115 4621 1320 4687 Homo,
1379 4619 1592 4691 inquit.
1645 4617 1975 4675 luctabatur
2030 4636 2165 4676 cum
2195 4621 2243 4684 D
2277 4622 2491 4678 basse?
2518 4623 2588 4676 Et
2607 4627 2805 4677 tamen
2836 4622 3011 4677 etiam
3045 4625 3177 4692 post
3224 4620 3348 4675 haec
3397 4635 3557 4689 teque
3585 4631 3687 4670 non
3715 4609 3859 4666 cessat

515 4710 718 4767 Jacob.
752 4710 809 4766 Si
841 4711 1015 4766 homo
1043 4709 1510 4781 solitarius,quis
1541 4714 1628 4764 est
1658 4709 1767 4764 iste
1803 4712 1825 4763 Ρ
1857 4709 2016 4765 Unde
2037 4711 2168 4765 est?
2276 4711 2479 4765 eadem
2510 4710 2810 4781 Scriptura
2847 4709 3042 4765 divina
3074 4707 3368 4780 Angelum
3416 4708 3593 4763 Deum
3623 4702 3798 4767 dicere,
3821 4697 3860 4747 ei

517 4802 705 4866 Quare
727 4815 862 4855 cum
895 4799 1069 4855 Iacob
1109 4798 1412 4853 contendit
1457 4801 1632 4869 atque
1682 4797 1937 4853 luctatur
1965 4799 1992 4853 ?
2017 4799 2163 4863 Quid
2275 4799 2460 4855 Deum
2491 4800 2602 4870 (52)
2633 4798 2912 4871 Angelum
2952 4797 3356 4869 pronuntiare.
3390 4797 3534 4851 Nam
3557 4794 3858 4871 (Gentium.

514 4888 977 4946 intercesserat?
1008 4887 1157 4952 Quid
1192 4887 1411 4942 factum
1436 4887 1622 4942 fuerat
1649 4885 1677 4940 ?
1699 4886 1832 4951 Quae
1850 4887 1996 4942 ratio
2027 4904 2163 4942 con-
2279 4888 2368 4953 14,
2411 4869 2505 4960 15))
2531 4904 2665 4942 cum
2694 4869 3004 4943 Manassen
3021 4889 3196 4958 atquc
3233 4885 3490 4958 Ephrem
3522 4881 3662 4937 ﬁlios
3692 4869 3858 4944 Ioseph

1795 4992 2105 5053 Gallandii
2125 4993 2636 5054 commentarius.

585 5104 698 5176 (48)
727 5104 849 5159 Iam
882 5117 1056 5176 nunc.
1119 5100 1204 5176 Ita
1253 5096 1568 5176 Pame_1ius__
1604 5097 2013 5176 aliique,‘LXX
2045 5117 2058 5154 :
2097 5096 2158 5152 ob
2270 5117 2337 5176 ea
2387 5115 2563 5171 prava
2620 5098 3117 5176 interpunctione
3146 5098 3360 5176 locum_
3396 5096 3649 5176 laxatum
3701 5082 3856 5176 tingit}

512 5162 849 5244 κλὴθῆσεται
880 5169 978 5225 ἔτι.
1002 5173 1082 5244 Αἰ
1104 5171 1356 5226 editores
1404 5162 1750 5244 Anglicani;
1779 5162 1949 5225 etiam
1978 5187 2127 5226 nunc
2143 5189 2161 5226 :
2273 5162 2520 5244 ejusque
2550 5162 2885 5244 conjectura
2916 5171 3197 5242 probatur
3223 5171 3549 5244 _Jacksono_.
3586 5165 3716 5219 Hinc
3743 5162 3858 5244 utcf:

515 5226 964 5324 quani-quidem
999 5241 1301 5299 lectionem
1342 5226 1572 5298 exhibet
1619 5226 1793 5313 paulo
1846 5247 1977 5312 post
2007 5244 2162 5298 idem
2276 5226 2388 5324 quue
2419 5226 2530 5324 alia
2561 5226 2765 5324 demit,
2797 5226 3284 5324 aliaitransponit.
3309 5241 3602 5320 Immerito
3629 5226 3858 5324 sessio:

515 5309 832 5374 pnmelibs,
1619 5309 1638 5313 “
1846 5309 1864 5312 “
2276 5309 2510 5369 interim
2545 5309 2858 5369 editionem
2896 5309 3289 5369 Pamelianam
3342 5309 3857 5384 expressimus}!M3

589 5390 700 5462 (49)
732 5393 862 5462 Mox
883 5387 1161 5462 transivit.
1189 5384 1694 5462 Fortelegendum
1745 5400 1880 5462 mox
1909 5391 1969 5438 ut
1990 5393 2162 5462 trans.
2276 5385 2477 5462 utique
2499 5384 3243 5462 lectoristudiosointegra
3275 5388 3337 5462 et_
3363 5376 3534 5455 plana
3571 5376 3833 5462 patebit-4:

521 5441 871 5544 qu‘ot'etiam
913 5458 1247 5544 suspicatur
1300 5441 2164 5544 V‘Yelc’hmanu‘sietemenda
2281 5532 2290 5544 Ι
2347 5441 2460 5540 git)
2499 5458 2748 5544 Visioni‘s.
2782 5457 2954 5512 Deest
2977 5457 3053 5544 'in
3100 5441 3273 5512 editis
3324 5441 3448 5510 haec
3475 5441 3607 5519 vox‘;
3639 5453 3688 5504 et
3731 5441 3854 5498 Γαδεί-

518 5525 665 5589 tioni
698 5525 1275 5603 congruere'videtur
1316 5527 1588 5600 Vulgata,
1642 5526 1741 5581 ubi
1782 5525 1995 5598 legitur
2019 5526 2165 5603 :_Dr-
2277 5529 2462 5603 tuitur
2485 5528 2938 5603 a_Welchman_o.
2966 5528 3238 5584 JACKSON.
3329 5599 3338 5603 Α
3442 5595 3477 5603 η
3737 5584 3768 5603 υ

522 5585 1032 5678 indignitatem
1059 5603 1158 5672 sot,
1188 5585 1476 5674 Ροειίιααῆἱ
1505 5585 1874 5670 ινάηιςθνθεδτὶἓ
1904 5603 1983 5654 est
2015 5599 2166 5654 Pha-
2297 5601 2459 5678 __(53)
2496 5601 2574 5678 ,Εἰ
2615 5602 2796 5678 Deum
2849 5599 2953 5678 ,δίο
2998 5605 3240 5672 “terque
3312 5595 3656 5669 Anglicanus
3695 5585 3854 5644 editor.

524 5671 675 5735 nuét.
706 5676 982 5733 Jacasou.
1146 5671 1149 5672 ⁷
1188 5671 1204 5674 ⁷
1320 5671 1331 5674 ⁷
1609 5744 1612 5745 ν
1748 5741 1822 5745 ___
1860 5741 1872 5745 _
1918 5743 1928 5745 ᾉ
2277 5671 2670 5729 Al.omittunt
2698 5671 2965 5745 copulam
2987 5680 3059 5729 et.

599 5749 707 5823 (30)
731 5749 874 5820 Quia
897 5750 1033 5822 jam
1088 5745 1286 5820 lucifer
1326 5744 1525 5815 oritur,
1566 5744 1699 5812 etc.,
1748 5741 2168 5800 Welohmanus
