  <div class='ocr_page' id='page_1' title='image "/cluster/home/n/w/nwhite01/storage/ocr_20150623/3/hvd.32044073549586/530.png"; bbox 0 0 4102 6180; ppageno 0'>
   <div class='ocr_carea' id='block_1_1' title="bbox 308 340 430 399">
    <p class='ocr_par' dir='ltr' id='par_1_1' title="bbox 308 340 430 399">
     <span class='ocr_line' id='line_1_1' title="bbox 308 340 430 399; baseline -0.025 0"><span class='ocrx_word' id='word_1_1' title='bbox 308 340 430 399; x_wconf 81' lang='grc'>953</span> 
     </span>
    </p>
   </div>
   <div class='ocr_carea' id='block_1_2' title="bbox 1583 323 2467 390">
    <p class='ocr_par' dir='ltr' id='par_1_2' title="bbox 1583 323 2467 390">
     <span class='ocr_line' id='line_1_2' title="bbox 1583 323 2467 390; baseline -0.007 0"><span class='ocrx_word' id='word_1_2' title='bbox 1583 330 1819 390; x_wconf 80' lang='lat' dir='ltr'><strong>LIBER</strong></span> <span class='ocrx_word' id='word_1_3' title='bbox 1870 327 1971 388; x_wconf 90' lang='lat' dir='ltr'><strong>DE</strong></span> <span class='ocrx_word' id='word_1_4' title='bbox 2015 323 2467 388; x_wconf 79' lang='lat' dir='ltr'><strong>TRINlTATE.</strong></span> 
     </span>
    </p>
   </div>
   <div class='ocr_carea' id='block_1_3' title="bbox 3614 334 3734 392">
    <p class='ocr_par' dir='ltr' id='par_1_3' title="bbox 3614 334 3734 392">
     <span class='ocr_line' id='line_1_3' title="bbox 3614 334 3734 392; baseline -0.017 0"><span class='ocrx_word' id='word_1_5' title='bbox 3614 334 3734 392; x_wconf 77' lang='grc'><strong>954</strong></span> 
     </span>
    </p>
   </div>
   <div class='ocr_carea' id='block_1_4' title="bbox 307 455 3736 538">
    <p class='ocr_par' dir='ltr' id='par_1_4' title="bbox 307 455 3736 538">
     <span class='ocr_line' id='line_1_4' title="bbox 307 455 3736 538; baseline -0.003 -12"><span class='ocrx_word' id='word_1_6' title='bbox 307 469 724 526; x_wconf 87' lang='lat' dir='ltr'><strong>benedtelurus</strong></span> <span class='ocrx_word' id='word_1_7' title='bbox 747 468 902 522; x_wconf 84' lang='lat' dir='ltr'><strong>esset</strong></span> <span class='ocrx_word' id='word_1_8' title='bbox 931 464 1167 538; x_wconf 89' lang='lat' dir='ltr'><strong>hicipse</strong></span> <span class='ocrx_word' id='word_1_9' title='bbox 1185 466 1389 531; x_wconf 88' lang='lat' dir='ltr'><strong>Jacob,</strong></span> <span class='ocrx_word' id='word_1_10' title='bbox 1415 461 1767 520; x_wconf 77' lang='lat' dir='ltr'><strong>transversis</strong></span> <span class='ocrx_word' id='word_1_11' title='bbox 1791 478 1966 533; x_wconf 80' lang='lat' dir='ltr'><strong>super</strong></span> <span class='ocrx_word' id='word_1_12' title='bbox 1996 462 2049 530; x_wconf 85' lang='grc' dir='ltr'><strong>Α</strong></span> <span class='ocrx_word' id='word_1_13' title='bbox 2080 458 2206 515; x_wconf 86' lang='lat' dir='ltr'><strong>sine</strong></span> <span class='ocrx_word' id='word_1_14' title='bbox 2237 455 2606 530; x_wconf 88' lang='lat' dir='ltr'><strong>blasphemia</strong></span> <span class='ocrx_word' id='word_1_15' title='bbox 2628 459 2927 532; x_wconf 81' lang='lat' dir='ltr'><strong>profertur</strong></span> <span class='ocrx_word' id='word_1_16' title='bbox 2970 460 3097 531; x_wconf 82' lang='lat'>(59:</span> <span class='ocrx_word' id='word_1_17' title='bbox 3135 461 3319 517; x_wconf 81' lang='lat' dir='ltr'><strong>multo</strong></span> <span class='ocrx_word' id='word_1_18' title='bbox 3378 460 3566 534; x_wconf 86' lang='lat' dir='ltr'><strong>magis</strong></span> <span class='ocrx_word' id='word_1_19' title='bbox 3615 461 3736 518; x_wconf 92' lang='lat' dir='ltr'><strong>uti-</strong></span> 
     </span>
    </p>
   </div>
   <div class='ocr_carea' id='block_1_5' title="bbox 307 551 1962 630">
    <p class='ocr_par' dir='ltr' id='par_1_5' title="bbox 307 551 1962 630">
     <span class='ocr_line' id='line_1_5' title="bbox 307 551 1962 630; baseline -0.007 -14"><span class='ocrx_word' id='word_1_20' title='bbox 307 559 499 630; x_wconf 79' lang='lat' dir='ltr'><strong>capita</strong></span> <span class='ocrx_word' id='word_1_21' title='bbox 531 571 845 628; x_wconf 90' lang='lat' dir='ltr'><strong>puerorum</strong></span> <span class='ocrx_word' id='word_1_22' title='bbox 881 555 1154 610; x_wconf 87' lang='lat' dir='ltr'><strong>manibus</strong></span> <span class='ocrx_word' id='word_1_23' title='bbox 1185 553 1504 618; x_wconf 82' lang='lat' dir='ltr'><strong>collocatis,</strong></span> <span class='ocrx_word' id='word_1_24' title='bbox 1557 553 1717 618; x_wconf 88' lang='lat' dir='ltr'><strong>Deus,</strong></span> <span class='ocrx_word' id='word_1_25' title='bbox 1749 551 1962 623; x_wconf 86' lang='lat' dir='ltr'><strong>inquit,</strong></span> 
     </span>
    </p>
   </div>
   <div class='ocr_carea' id='block_1_6' title="bbox 306 641 1963 720">
    <p class='ocr_par' dir='ltr' id='par_1_6' title="bbox 306 641 1963 720">
     <span class='ocr_line' id='line_1_6' title="bbox 306 641 1963 720; baseline -0.004 -17"><span class='ocrx_word' id='word_1_26' title='bbox 306 651 406 720; x_wconf 87' lang='lat' dir='ltr'><strong>qui</strong></span> <span class='ocrx_word' id='word_1_27' title='bbox 462 647 650 717; x_wconf 82' lang='lat' dir='ltr'><strong>pascit</strong></span> <span class='ocrx_word' id='word_1_28' title='bbox 701 663 787 700; x_wconf 84' lang='lat' dir='ltr'><strong>me</strong></span> <span class='ocrx_word' id='word_1_29' title='bbox 818 663 850 699; x_wconf 88' lang='lat' dir='ltr'><strong>a</strong></span> <span class='ocrx_word' id='word_1_30' title='bbox 868 645 1158 715; x_wconf 81' lang='lat' dir='ltr'><strong>juventule</strong></span> <span class='ocrx_word' id='word_1_31' title='bbox 1186 660 1308 700; x_wconf 81' lang='lat' dir='ltr'><strong>mea</strong></span> <span class='ocrx_word' id='word_1_32' title='bbox 1341 659 1508 715; x_wconf 87' lang='lat' dir='ltr'><strong>usque</strong></span> <span class='ocrx_word' id='word_1_33' title='bbox 1539 644 1600 698; x_wconf 87' lang='lat' dir='ltr'><strong>in</strong></span> <span class='ocrx_word' id='word_1_34' title='bbox 1630 643 1772 696; x_wconf 83' lang='lat' dir='ltr'><strong>hunc</strong></span> <span class='ocrx_word' id='word_1_35' title='bbox 1800 641 1963 707; x_wconf 83' lang='lat' dir='ltr'><strong>diem,</strong></span> 
     </span>
    </p>
   </div>
   <div class='ocr_carea' id='block_1_7' title="bbox 304 731 1968 807">
    <p class='ocr_par' dir='ltr' id='par_1_7' title="bbox 304 731 1968 807">
     <span class='ocr_line' id='line_1_7' title="bbox 304 731 1968 807; baseline -0.007 -13"><span class='ocrx_word' id='word_1_36' title='bbox 304 738 548 804; x_wconf 82' lang='lat' dir='ltr'><strong>Angelus</strong></span> <span class='ocrx_word' id='word_1_37' title='bbox 577 737 680 807; x_wconf 74' lang='lat' dir='ltr'><strong>qui</strong></span> <span class='ocrx_word' id='word_1_38' title='bbox 703 735 964 790; x_wconf 77' lang='lat' dir='ltr'><strong>liberavit</strong></span> <span class='ocrx_word' id='word_1_39' title='bbox 990 751 1079 788; x_wconf 87' lang='lat' dir='ltr'><strong>me</strong></span> <span class='ocrx_word' id='word_1_40' title='bbox 1107 751 1176 788; x_wconf 72' lang='lat' dir='ltr'><strong>ea:</strong></span> <span class='ocrx_word' id='word_1_41' title='bbox 1222 734 1474 789; x_wconf 86' lang='lat' dir='ltr'><strong>omnibus</strong></span> <span class='ocrx_word' id='word_1_42' title='bbox 1525 732 1711 802; x_wconf 84' lang='lat' dir='ltr'><strong>malis,</strong></span> <span class='ocrx_word' id='word_1_43' title='bbox 1746 731 1968 786; x_wconf 84' lang='lat' dir='ltr'><strong>benedi-</strong></span> 
     </span>
    </p>
   </div>
   <div class='ocr_carea' id='block_1_8' title="bbox 307 818 1965 898">
    <p class='ocr_par' dir='ltr' id='par_1_8' title="bbox 307 818 1965 898">
     <span class='ocr_line' id='line_1_8' title="bbox 307 818 1965 898; baseline -0.007 -14"><span class='ocrx_word' id='word_1_44' title='bbox 307 833 403 884; x_wconf 67' lang='grc' dir='ltr'><strong>σαί</strong></span> <span class='ocrx_word' id='word_1_45' title='bbox 429 841 623 898; x_wconf 86' lang='lat' dir='ltr'><strong>pueros</strong></span> <span class='ocrx_word' id='word_1_46' title='bbox 650 825 763 879; x_wconf 87' lang='lat' dir='ltr'><strong>hos.</strong></span> <span class='ocrx_word' id='word_1_47' title='bbox 785 823 980 894; x_wconf 84' lang='lat' dir='ltr'><strong>Usque</strong></span> <span class='ocrx_word' id='word_1_48' title='bbox 1004 822 1145 876; x_wconf 92' lang='lat' dir='ltr'><strong>adeo</strong></span> <span class='ocrx_word' id='word_1_49' title='bbox 1168 827 1358 877; x_wconf 85' lang='lat' dir='ltr'><strong>autem</strong></span> <span class='ocrx_word' id='word_1_50' title='bbox 1382 821 1652 875; x_wconf 89' lang='lat' dir='ltr'><strong>eumdem</strong></span> <span class='ocrx_word' id='word_1_51' title='bbox 1677 818 1965 891; x_wconf 83' lang='lat' dir='ltr'><strong>Angelum</strong></span> 
     </span>
    </p>
   </div>
   <div class='ocr_carea' id='block_1_9' title="bbox 2075 546 3735 623">
    <p class='ocr_par' dir='ltr' id='par_1_9' title="bbox 2075 546 3735 623">
     <span class='ocr_line' id='line_1_9' title="bbox 2075 546 3735 623; baseline 0.003 -21"><span class='ocrx_word' id='word_1_52' title='bbox 2075 564 2187 619; x_wconf 90' lang='lat' dir='ltr'><strong>que</strong></span> <span class='ocrx_word' id='word_1_53' title='bbox 2213 551 2270 602; x_wconf 89' lang='lat' dir='ltr'><strong>et</strong></span> <span class='ocrx_word' id='word_1_54' title='bbox 2301 547 2409 602; x_wconf 91' lang='lat' dir='ltr'><strong>hoc</strong></span> <span class='ocrx_word' id='word_1_55' title='bbox 2443 546 2551 618; x_wconf 86' lang='lat' dir='ltr'><strong>ipsi</strong></span> <span class='ocrx_word' id='word_1_56' title='bbox 2585 547 2686 603; x_wconf 88' lang='lat' dir='ltr'><strong>Dei</strong></span> <span class='ocrx_word' id='word_1_57' title='bbox 2718 548 2857 604; x_wconf 85' lang='lat' dir='ltr'><strong>Filio</strong></span> <span class='ocrx_word' id='word_1_58' title='bbox 2883 549 3110 604; x_wconf 85' lang='lat' dir='ltr'><strong>Christo</strong></span> <span class='ocrx_word' id='word_1_59' title='bbox 3156 555 3482 622; x_wconf 83' lang='lat' dir='ltr'><strong>competere</strong></span> <span class='ocrx_word' id='word_1_60' title='bbox 3522 556 3735 623; x_wconf 85' lang='lat' dir='ltr'><strong>potest,</strong></span> 
     </span>
    </p>
   </div>
   <div class='ocr_carea' id='block_1_10' title="bbox 2077 637 3733 711">
    <p class='ocr_par' dir='ltr' id='par_1_10' title="bbox 2077 637 3733 711">
     <span class='ocr_line' id='line_1_10' title="bbox 2077 637 3733 711; baseline 0.001 -19"><span class='ocrx_word' id='word_1_61' title='bbox 2077 641 2144 692; x_wconf 90' lang='lat' dir='ltr'><strong>ut</strong></span> <span class='ocrx_word' id='word_1_62' title='bbox 2173 637 2325 691; x_wconf 87' lang='lat' dir='ltr'><strong>Deus</strong></span> <span class='ocrx_word' id='word_1_63' title='bbox 2358 637 2788 708; x_wconf 85' lang='lat' dir='ltr'><strong>pronuntietur.</strong></span> <span class='ocrx_word' id='word_1_64' title='bbox 2839 639 2894 692; x_wconf 91' lang='lat' dir='ltr'><strong>Si</strong></span> <span class='ocrx_word' id='word_1_65' title='bbox 2927 641 3082 694; x_wconf 90' lang='lat' dir='ltr'><strong>enim</strong></span> <span class='ocrx_word' id='word_1_66' title='bbox 3118 641 3214 711; x_wconf 87' lang='lat' dir='ltr'><strong>qui</strong></span> <span class='ocrx_word' id='word_1_67' title='bbox 3279 642 3576 710; x_wconf 72' lang='lat' dir='ltr'><strong>subjectus</strong></span> <span class='ocrx_word' id='word_1_68' title='bbox 3620 643 3733 710; x_wconf 93' lang='lat'>(60)</span> 
     </span>
    </p>
   </div>
   <div class='ocr_carea' id='block_1_11' title="bbox 2076 725 3734 802">
    <p class='ocr_par' dir='ltr' id='par_1_11' title="bbox 2076 725 3734 802">
     <span class='ocr_line' id='line_1_11' title="bbox 2076 725 3734 802; baseline 0.003 -21"><span class='ocrx_word' id='word_1_69' title='bbox 2076 725 2305 781; x_wconf 85' lang='lat' dir='ltr'><strong>Christo</strong></span> <span class='ocrx_word' id='word_1_70' title='bbox 2337 725 2607 797; x_wconf 83' lang='lat' dir='ltr'><strong>Angelus,</strong></span> <span class='ocrx_word' id='word_1_71' title='bbox 2653 731 2800 782; x_wconf 90' lang='lat' dir='ltr'><strong>Deus</strong></span> <span class='ocrx_word' id='word_1_72' title='bbox 2833 730 3164 798; x_wconf 89' lang='lat' dir='ltr'><strong>promitur;</strong></span> <span class='ocrx_word' id='word_1_73' title='bbox 3204 729 3386 784; x_wconf 89' lang='lat' dir='ltr'><strong>multo</strong></span> <span class='ocrx_word' id='word_1_74' title='bbox 3431 731 3619 802; x_wconf 86' lang='lat' dir='ltr'><strong>magis</strong></span> <span class='ocrx_word' id='word_1_75' title='bbox 3677 735 3734 786; x_wconf 92' lang='lat' dir='ltr'><strong>et</strong></span> 
     </span>
    </p>
   </div>
   <div class='ocr_carea' id='block_1_12' title="bbox 2078 813 3732 891">
    <p class='ocr_par' dir='ltr' id='par_1_12' title="bbox 2078 813 3732 891">
     <span class='ocr_line' id='line_1_12' title="bbox 2078 813 3732 891; baseline 0.003 -21"><span class='ocrx_word' id='word_1_76' title='bbox 2078 814 2442 870; x_wconf 84' lang='lat' dir='ltr'><strong>constantius</strong></span> <span class='ocrx_word' id='word_1_77' title='bbox 2473 813 2760 884; x_wconf 77' lang='lat' dir='ltr'><strong>Christus,</strong></span> <span class='ocrx_word' id='word_1_78' title='bbox 2796 816 2887 872; x_wconf 90' lang='lat' dir='ltr'><strong>cui</strong></span> <span class='ocrx_word' id='word_1_79' title='bbox 2923 823 3064 871; x_wconf 87' lang='lat' dir='ltr'><strong>sunt</strong></span> <span class='ocrx_word' id='word_1_80' title='bbox 3095 835 3297 873; x_wconf 89' lang='lat' dir='ltr'><strong>omnes</strong></span> <span class='ocrx_word' id='word_1_81' title='bbox 3330 820 3533 891; x_wconf 77' lang='lat' dir='ltr'><strong>Angeli</strong></span> <span class='ocrx_word' id='word_1_82' title='bbox 3593 822 3732 875; x_wconf 91' lang='lat' dir='ltr'><strong>sub-</strong></span> 
     </span>
    </p>
   </div>
   <div class='ocr_carea' id='block_1_13' title="bbox 306 903 3736 988">
    <p class='ocr_par' dir='ltr' id='par_1_13' title="bbox 306 903 3736 988">
     <span class='ocr_line' id='line_1_13' title="bbox 306 903 3736 988; baseline -0.002 -18"><span class='ocrx_word' id='word_1_83' title='bbox 306 917 476 988; x_wconf 92' lang='lat' dir='ltr'><strong>ponit</strong></span> <span class='ocrx_word' id='word_1_84' title='bbox 506 931 677 987; x_wconf 87' lang='lat' dir='ltr'><strong>quem</strong></span> <span class='ocrx_word' id='word_1_85' title='bbox 714 913 894 967; x_wconf 90' lang='lat' dir='ltr'><strong>Deum</strong></span> <span class='ocrx_word' id='word_1_86' title='bbox 928 912 1171 975; x_wconf 82' lang='lat' dir='ltr'><strong>dixerat,</strong></span> <span class='ocrx_word' id='word_1_87' title='bbox 1208 916 1272 966; x_wconf 91' lang='lat' dir='ltr'><strong>ut</strong></span> <span class='ocrx_word' id='word_1_88' title='bbox 1316 909 1692 982; x_wconf 77' lang='lat' dir='ltr'><strong>singulariter</strong></span> <span class='ocrx_word' id='word_1_89' title='bbox 1721 909 1778 962; x_wconf 90' lang='lat' dir='ltr'><strong>in</strong></span> <span class='ocrx_word' id='word_1_90' title='bbox 1813 908 1964 962; x_wconf 84' lang='lat' dir='ltr'><strong>exitu</strong></span> <span class='ocrx_word' id='word_1_91' title='bbox 2072 903 2234 976; x_wconf 86' lang='lat' dir='ltr'><strong>jecti,</strong></span> <span class='ocrx_word' id='word_1_92' title='bbox 2273 908 2421 958; x_wconf 86' lang='lat' dir='ltr'><strong>Deus</strong></span> <span class='ocrx_word' id='word_1_93' title='bbox 2450 919 2579 958; x_wconf 91' lang='lat' dir='ltr'><strong>esse</strong></span> <span class='ocrx_word' id='word_1_94' title='bbox 2634 904 2856 959; x_wconf 89' lang='lat' dir='ltr'><strong>dicetur</strong></span> <span class='ocrx_word' id='word_1_95' title='bbox 2934 905 3047 960; x_wconf 87' lang='lat' dir='ltr'><strong>Nec</strong></span> <span class='ocrx_word' id='word_1_96' title='bbox 3105 907 3260 961; x_wconf 88' lang='lat' dir='ltr'><strong>enim</strong></span> <span class='ocrx_word' id='word_1_97' title='bbox 3322 913 3541 962; x_wconf 81' lang='lat' dir='ltr'><strong>naturae</strong></span> <span class='ocrx_word' id='word_1_98' title='bbox 3603 926 3736 964; x_wconf 89' lang='lat' dir='ltr'><strong>con-</strong></span> 
     </span>
    </p>
   </div>
   <div class='ocr_carea' id='block_1_14' title="bbox 307 997 1968 1072">
    <p class='ocr_par' dir='ltr' id='par_1_14' title="bbox 307 997 1968 1072">
     <span class='ocr_line' id='line_1_14' title="bbox 307 997 1968 1072; baseline -0.007 -12"><span class='ocrx_word' id='word_1_99' title='bbox 307 1003 600 1060; x_wconf 86' lang='lat' dir='ltr'><strong>sermonis</strong></span> <span class='ocrx_word' id='word_1_100' title='bbox 623 1000 715 1056; x_wconf 90' lang='lat' dir='ltr'><strong>sui</strong></span> <span class='ocrx_word' id='word_1_101' title='bbox 742 999 999 1072; x_wconf 86' lang='lat' dir='ltr'><strong>posuerit</strong></span> <span class='ocrx_word' id='word_1_102' title='bbox 1027 1015 1332 1070; x_wconf 84' lang='lat' dir='ltr'><strong>personam</strong></span> <span class='ocrx_word' id='word_1_103' title='bbox 1368 999 1438 1053; x_wconf 89' lang='lat' dir='ltr'><strong>de</strong></span> <span class='ocrx_word' id='word_1_104' title='bbox 1459 1015 1574 1069; x_wconf 90' lang='lat' dir='ltr'><strong>qua</strong></span> <span class='ocrx_word' id='word_1_105' title='bbox 1600 997 1968 1068; x_wconf 83' lang='lat' dir='ltr'><strong>loquebatur,</strong></span> 
     </span>
    </p>
   </div>
   <div class='ocr_carea' id='block_1_15' title="bbox 307 1086 1970 1160">
    <p class='ocr_par' dir='ltr' id='par_1_15' title="bbox 307 1086 1970 1160">
     <span class='ocr_line' id='line_1_15' title="bbox 307 1086 1970 1160; baseline -0.004 -13"><span class='ocrx_word' id='word_1_106' title='bbox 307 1093 557 1148; x_wconf 87' lang='lat' dir='ltr'><strong>dicendo</strong></span> <span class='ocrx_word' id='word_1_107' title='bbox 585 1090 868 1146; x_wconf 82' lang='lat' dir='ltr'><strong>benedicat</strong></span> <span class='ocrx_word' id='word_1_108' title='bbox 880 1104 1073 1160; x_wconf 87' lang='lat' dir='ltr'><strong>pueros</strong></span> <span class='ocrx_word' id='word_1_109' title='bbox 1097 1087 1210 1142; x_wconf 90' lang='lat' dir='ltr'><strong>hos.</strong></span> <span class='ocrx_word' id='word_1_110' title='bbox 1244 1086 1300 1141; x_wconf 91' lang='lat' dir='ltr'><strong>Si</strong></span> <span class='ocrx_word' id='word_1_111' title='bbox 1323 1087 1478 1142; x_wconf 91' lang='lat' dir='ltr'><strong>enim</strong></span> <span class='ocrx_word' id='word_1_112' title='bbox 1513 1086 1758 1141; x_wconf 90' lang='lat' dir='ltr'><strong>alterum</strong></span> <span class='ocrx_word' id='word_1_113' title='bbox 1785 1086 1970 1141; x_wconf 91' lang='lat' dir='ltr'><strong>Deum</strong></span> 
     </span>
    </p>
   </div>
   <div class='ocr_carea' id='block_1_16' title="bbox 303 1173 1968 1254">
    <p class='ocr_par' dir='ltr' id='par_1_16' title="bbox 303 1173 1968 1254">
     <span class='ocr_line' id='line_1_16' title="bbox 303 1173 1968 1254; baseline -0.005 -18"><span class='ocrx_word' id='word_1_114' title='bbox 303 1183 444 1254; x_wconf 91' lang='lat'>(55),</span> <span class='ocrx_word' id='word_1_115' title='bbox 467 1180 712 1234; x_wconf 89' lang='lat' dir='ltr'><strong>alterum</strong></span> <span class='ocrx_word' id='word_1_116' title='bbox 743 1177 1024 1250; x_wconf 87' lang='lat' dir='ltr'><strong>Angelum</strong></span> <span class='ocrx_word' id='word_1_117' title='bbox 1044 1174 1604 1247; x_wconf 76' lang='lat' dir='ltr'><strong>voluissetintetligi,</strong></span> <span class='ocrx_word' id='word_1_118' title='bbox 1629 1173 1840 1246; x_wconf 82' lang='lat' dir='ltr'><strong>plurali</strong></span> <span class='ocrx_word' id='word_1_119' title='bbox 1871 1191 1968 1228; x_wconf 86' lang='lat' dir='ltr'><strong>nu-</strong></span> 
     </span>
    </p>
   </div>
   <div class='ocr_carea' id='block_1_17' title="bbox 307 1263 1972 1339">
    <p class='ocr_par' dir='ltr' id='par_1_17' title="bbox 307 1263 1972 1339">
     <span class='ocr_line' id='line_1_17' title="bbox 307 1263 1972 1339; baseline -0.005 -12"><span class='ocrx_word' id='word_1_120' title='bbox 307 1287 472 1327; x_wconf 89' lang='lat' dir='ltr'><strong>mero</strong></span> <span class='ocrx_word' id='word_1_121' title='bbox 495 1270 644 1324; x_wconf 86' lang='lat' dir='ltr'><strong>duas</strong></span> <span class='ocrx_word' id='word_1_122' title='bbox 667 1283 947 1339; x_wconf 84' lang='lat' dir='ltr'><strong>personas</strong></span> <span class='ocrx_word' id='word_1_123' title='bbox 979 1264 1316 1336; x_wconf 87' lang='lat' dir='ltr'><strong>complexus</strong></span> <span class='ocrx_word' id='word_1_124' title='bbox 1339 1265 1578 1319; x_wconf 86' lang='lat' dir='ltr'><strong>fuisset:</strong></span> <span class='ocrx_word' id='word_1_125' title='bbox 1613 1279 1769 1318; x_wconf 93' lang='lat' dir='ltr'><strong>nunc</strong></span> <span class='ocrx_word' id='word_1_126' title='bbox 1797 1263 1972 1318; x_wconf 91' lang='lat' dir='ltr'><strong>unius</strong></span> 
     </span>
    </p>
   </div>
   <div class='ocr_carea' id='block_1_18' title="bbox 307 1351 1972 1432">
    <p class='ocr_par' dir='ltr' id='par_1_18' title="bbox 307 1351 1972 1432">
     <span class='ocr_line' id='line_1_18' title="bbox 307 1351 1972 1432; baseline -0.006 -17"><span class='ocrx_word' id='word_1_127' title='bbox 307 1375 571 1432; x_wconf 68' lang='lat' dir='ltr'><strong>personae</strong></span> <span class='ocrx_word' id='word_1_128' title='bbox 585 1355 946 1428; x_wconf 88' lang='lat' dir='ltr'><strong>singularem</strong></span> <span class='ocrx_word' id='word_1_129' title='bbox 965 1370 1276 1409; x_wconf 90' lang='lat' dir='ltr'><strong>numerum</strong></span> <span class='ocrx_word' id='word_1_130' title='bbox 1295 1353 1351 1407; x_wconf 92' lang='lat' dir='ltr'><strong>in</strong></span> <span class='ocrx_word' id='word_1_131' title='bbox 1374 1351 1780 1407; x_wconf 90' lang='lat' dir='ltr'><strong>benedictione</strong></span> <span class='ocrx_word' id='word_1_132' title='bbox 1802 1353 1972 1432; x_wconf 64' lang='lat' dir='ltr'><strong>dape;</strong></span> 
     </span>
    </p>
   </div>
   <div class='ocr_carea' id='block_1_19' title="bbox 303 1425 1973 1516">
    <p class='ocr_par' dir='ltr' id='par_1_19' title="bbox 303 1425 1973 1516">
     <span class='ocr_line' id='line_1_19' title="bbox 303 1425 1973 1516; baseline -0.005 -13"><span class='ocrx_word' id='word_1_133' title='bbox 303 1425 448 1515; x_wconf 77' lang='lat' dir='ltr'><strong>suit,</strong></span> <span class='ocrx_word' id='word_1_134' title='bbox 479 1462 547 1502; x_wconf 86' lang='lat' dir='ltr'><strong>ex</strong></span> <span class='ocrx_word' id='word_1_135' title='bbox 568 1425 977 1516; x_wconf 50' lang='lat' dir='ltr'><strong>quo—eumdem</strong></span> <span class='ocrx_word' id='word_1_136' title='bbox 1003 1443 1185 1497; x_wconf 90' lang='lat' dir='ltr'><strong>Deum</strong></span> <span class='ocrx_word' id='word_1_137' title='bbox 1210 1446 1385 1514; x_wconf 91' lang='lat' dir='ltr'><strong>atque</strong></span> <span class='ocrx_word' id='word_1_138' title='bbox 1406 1441 1696 1514; x_wconf 88' lang='lat' dir='ltr'><strong>Angelum</strong></span> <span class='ocrx_word' id='word_1_139' title='bbox 1727 1425 1973 1512; x_wconf 85' lang='lat' dir='ltr'><strong>intelligl</strong></span> 
     </span>
    </p>
   </div>
   <div class='ocr_carea' id='block_1_20' title="bbox 305 1531 1972 1603">
    <p class='ocr_par' dir='ltr' id='par_1_20' title="bbox 305 1531 1972 1603">
     <span class='ocr_line' id='line_1_20' title="bbox 305 1531 1972 1603; baseline -0.005 -11"><span class='ocrx_word' id='word_1_140' title='bbox 305 1535 514 1593; x_wconf 90' lang='lat' dir='ltr'><strong>voluit.</strong></span> <span class='ocrx_word' id='word_1_141' title='bbox 541 1535 652 1591; x_wconf 91' lang='lat' dir='ltr'><strong>Sed</strong></span> <span class='ocrx_word' id='word_1_142' title='bbox 677 1533 831 1590; x_wconf 89' lang='lat' dir='ltr'><strong>enim</strong></span> <span class='ocrx_word' id='word_1_143' title='bbox 851 1533 1005 1588; x_wconf 90' lang='lat' dir='ltr'><strong>Deus</strong></span> <span class='ocrx_word' id='word_1_144' title='bbox 1029 1534 1194 1603; x_wconf 89' lang='lat' dir='ltr'><strong>pater</strong></span> <span class='ocrx_word' id='word_1_145' title='bbox 1215 1531 1401 1602; x_wconf 83' lang='lat' dir='ltr'><strong>accipi</strong></span> <span class='ocrx_word' id='word_1_146' title='bbox 1426 1548 1539 1586; x_wconf 91' lang='lat' dir='ltr'><strong>non</strong></span> <span class='ocrx_word' id='word_1_147' title='bbox 1565 1533 1760 1603; x_wconf 88' lang='lat' dir='ltr'><strong>potest</strong></span> <span class='ocrx_word' id='word_1_148' title='bbox 1785 1547 1797 1586; x_wconf 91' lang='lat'><strong>:</strong></span> <span class='ocrx_word' id='word_1_149' title='bbox 1824 1534 1972 1586; x_wconf 91' lang='lat' dir='ltr'><strong>Deus</strong></span> 
     </span>
    </p>
   </div>
   <div class='ocr_carea' id='block_1_21' title="bbox 307 1619 1968 1694">
    <p class='ocr_par' dir='ltr' id='par_1_21' title="bbox 307 1619 1968 1694">
     <span class='ocr_line' id='line_1_21' title="bbox 307 1619 1968 1694; baseline -0.005 -13"><span class='ocrx_word' id='word_1_150' title='bbox 307 1630 507 1682; x_wconf 89' lang='lat' dir='ltr'><strong>autem</strong></span> <span class='ocrx_word' id='word_1_151' title='bbox 567 1627 623 1679; x_wconf 91' lang='lat' dir='ltr'><strong>et</strong></span> <span class='ocrx_word' id='word_1_152' title='bbox 669 1621 927 1694; x_wconf 85' lang='lat' dir='ltr'><strong>Angelus</strong></span> <span class='ocrx_word' id='word_1_153' title='bbox 974 1620 1241 1676; x_wconf 87' lang='lat' dir='ltr'><strong>Christus</strong></span> <span class='ocrx_word' id='word_1_154' title='bbox 1283 1619 1468 1691; x_wconf 81' lang='lat' dir='ltr'><strong>accipi</strong></span> <span class='ocrx_word' id='word_1_155' title='bbox 1529 1623 1736 1691; x_wconf 87' lang='lat' dir='ltr'><strong>potest.</strong></span> <span class='ocrx_word' id='word_1_156' title='bbox 1786 1621 1968 1684; x_wconf 88' lang='lat' dir='ltr'><strong>Quem</strong></span> 
     </span>
    </p>
   </div>
   <div class='ocr_carea' id='block_1_22' title="bbox 310 1709 1973 1785">
    <p class='ocr_par' dir='ltr' id='par_1_22' title="bbox 310 1709 1973 1785">
     <span class='ocr_line' id='line_1_22' title="bbox 310 1709 1973 1785; baseline -0.005 -15"><span class='ocrx_word' id='word_1_157' title='bbox 310 1723 378 1770; x_wconf 90' lang='lat' dir='ltr'><strong>ut</strong></span> <span class='ocrx_word' id='word_1_158' title='bbox 399 1715 575 1785; x_wconf 83' lang='lat' dir='ltr'><strong>hujus</strong></span> <span class='ocrx_word' id='word_1_159' title='bbox 608 1709 1032 1768; x_wconf 88' lang='lat' dir='ltr'><strong>benedictionis</strong></span> <span class='ocrx_word' id='word_1_160' title='bbox 1067 1714 1364 1765; x_wconf 89' lang='lat' dir='ltr'><strong>auctorem</strong></span> <span class='ocrx_word' id='word_1_161' title='bbox 1390 1709 1568 1764; x_wconf 89' lang='lat' dir='ltr'><strong>etiam</strong></span> <span class='ocrx_word' id='word_1_162' title='bbox 1603 1715 1973 1764; x_wconf 87' lang='lat' dir='ltr'><strong>transversas</strong></span> 
     </span>
    </p>
   </div>
   <div class='ocr_carea' id='block_1_23' title="bbox 310 1795 1968 1875">
    <p class='ocr_par' dir='ltr' id='par_1_23' title="bbox 310 1795 1968 1875">
     <span class='ocr_line' id='line_1_23' title="bbox 310 1795 1968 1875; baseline -0.005 -16"><span class='ocrx_word' id='word_1_163' title='bbox 310 1819 490 1875; x_wconf 84' lang='lat' dir='ltr'><strong>super</strong></span> <span class='ocrx_word' id='word_1_164' title='bbox 521 1817 734 1874; x_wconf 90' lang='lat' dir='ltr'><strong>pueros</strong></span> <span class='ocrx_word' id='word_1_165' title='bbox 776 1815 988 1855; x_wconf 87' lang='lat' dir='ltr'><strong>manus</strong></span> <span class='ocrx_word' id='word_1_166' title='bbox 1032 1798 1211 1853; x_wconf 85' lang='lat' dir='ltr'><strong>Jacoh</strong></span> <span class='ocrx_word' id='word_1_167' title='bbox 1273 1798 1536 1867; x_wconf 89' lang='lat' dir='ltr'><strong>ponendo</strong></span> <span class='ocrx_word' id='word_1_168' title='bbox 1596 1795 1968 1869; x_wconf 82' lang='lat' dir='ltr'><strong>signiﬁcavit,</strong></span> 
     </span>
    </p>
   </div>
   <div class='ocr_carea' id='block_1_24' title="bbox 310 1885 1972 1964">
    <p class='ocr_par' dir='ltr' id='par_1_24' title="bbox 310 1885 1972 1964">
     <span class='ocr_line' id='line_1_24' title="bbox 310 1885 1972 1964; baseline -0.005 -16"><span class='ocrx_word' id='word_1_169' title='bbox 310 1892 479 1964; x_wconf 86' lang='lat' dir='ltr'><strong>quasi</strong></span> <span class='ocrx_word' id='word_1_170' title='bbox 515 1897 680 1963; x_wconf 87' lang='lat' dir='ltr'><strong>pater</strong></span> <span class='ocrx_word' id='word_1_171' title='bbox 709 1889 941 1944; x_wconf 88' lang='lat' dir='ltr'><strong>illorum</strong></span> <span class='ocrx_word' id='word_1_172' title='bbox 984 1891 1140 1943; x_wconf 87' lang='lat' dir='ltr'><strong>esset</strong></span> <span class='ocrx_word' id='word_1_173' title='bbox 1185 1885 1451 1942; x_wconf 83' lang='lat' dir='ltr'><strong>Christus</strong></span> <span class='ocrx_word' id='word_1_174' title='bbox 1498 1903 1567 1942; x_wconf 89' lang='lat' dir='ltr'><strong>ex</strong></span> <span class='ocrx_word' id='word_1_175' title='bbox 1606 1903 1720 1957; x_wconf 88' lang='lat' dir='ltr'><strong>quo</strong></span> <span class='ocrx_word' id='word_1_176' title='bbox 1760 1902 1972 1940; x_wconf 89' lang='lat' dir='ltr'><strong>manus</strong></span> 
     </span>
    </p>
   </div>
   <div class='ocr_carea' id='block_1_25' title="bbox 310 1976 1972 2054">
    <p class='ocr_par' dir='ltr' id='par_1_25' title="bbox 310 1976 1972 2054">
     <span class='ocr_line' id='line_1_25' title="bbox 310 1976 1972 2054; baseline -0.005 -18"><span class='ocrx_word' id='word_1_177' title='bbox 310 1996 525 2054; x_wconf 90' lang='lat' dir='ltr'><strong>ponere</strong></span> <span class='ocrx_word' id='word_1_178' title='bbox 557 1979 668 2050; x_wconf 84' lang='grc'>(54)</span> <span class='ocrx_word' id='word_1_179' title='bbox 704 1979 952 2050; x_wconf 85' lang='lat' dir='ltr'><strong>figuram</strong></span> <span class='ocrx_word' id='word_1_180' title='bbox 987 1981 1045 2031; x_wconf 92' lang='lat' dir='ltr'><strong>et</strong></span> <span class='ocrx_word' id='word_1_181' title='bbox 1077 1977 1321 2031; x_wconf 80' lang='lat' dir='ltr'><strong>formam</strong></span> <span class='ocrx_word' id='word_1_182' title='bbox 1385 1976 1641 2030; x_wconf 83' lang='lat' dir='ltr'><strong>futuram</strong></span> <span class='ocrx_word' id='word_1_183' title='bbox 1683 1976 1795 2041; x_wconf 88' lang='lat'>(55)</span> <span class='ocrx_word' id='word_1_184' title='bbox 1844 1991 1972 2045; x_wconf 88' lang='lat' dir='ltr'><strong>pas-</strong></span> 
     </span>
    </p>
   </div>
   <div class='ocr_carea' id='block_1_26' title="bbox 308 2063 1970 2137">
    <p class='ocr_par' dir='ltr' id='par_1_26' title="bbox 308 2063 1970 2137">
     <span class='ocr_line' id='line_1_26' title="bbox 308 2063 1970 2137; baseline -0.005 -11"><span class='ocrx_word' id='word_1_185' title='bbox 308 2069 494 2126; x_wconf 88' lang='lat' dir='ltr'><strong>sionis</strong></span> <span class='ocrx_word' id='word_1_186' title='bbox 516 2067 855 2124; x_wconf 88' lang='lat' dir='ltr'><strong>ostendens.</strong></span> <span class='ocrx_word' id='word_1_187' title='bbox 891 2066 1074 2120; x_wconf 92' lang='lat' dir='ltr'><strong>Nemo</strong></span> <span class='ocrx_word' id='word_1_188' title='bbox 1110 2064 1290 2137; x_wconf 82' lang='lat' dir='ltr'><strong>igitur</strong></span> <span class='ocrx_word' id='word_1_189' title='bbox 1318 2064 1637 2133; x_wconf 88' lang='lat' dir='ltr'><strong>Christum,</strong></span> <span class='ocrx_word' id='word_1_190' title='bbox 1669 2063 1820 2118; x_wconf 89' lang='lat' dir='ltr'><strong>sicut</strong></span> <span class='ocrx_word' id='word_1_191' title='bbox 1854 2068 1970 2118; x_wconf 85' lang='lat' dir='ltr'><strong>An-</strong></span> 
     </span>
    </p>
   </div>
   <div class='ocr_carea' id='block_1_27' title="bbox 305 2152 1970 2232">
    <p class='ocr_par' dir='ltr' id='par_1_27' title="bbox 305 2152 1970 2232">
     <span class='ocr_line' id='line_1_27' title="bbox 305 2152 1970 2232; baseline -0.004 -18"><span class='ocrx_word' id='word_1_192' title='bbox 305 2160 513 2232; x_wconf 85' lang='lat' dir='ltr'><strong>gelum</strong></span> <span class='ocrx_word' id='word_1_193' title='bbox 546 2174 660 2213; x_wconf 92' lang='lat' dir='ltr'><strong>non</strong></span> <span class='ocrx_word' id='word_1_194' title='bbox 692 2155 921 2210; x_wconf 86' lang='lat' dir='ltr'><strong>dubitat</strong></span> <span class='ocrx_word' id='word_1_195' title='bbox 953 2154 1162 2220; x_wconf 90' lang='lat' dir='ltr'><strong>dicere,</strong></span> <span class='ocrx_word' id='word_1_196' title='bbox 1195 2157 1276 2208; x_wconf 88' lang='lat' dir='ltr'><strong>ita</strong></span> <span class='ocrx_word' id='word_1_197' title='bbox 1311 2153 1486 2208; x_wconf 86' lang='lat' dir='ltr'><strong>etiam</strong></span> <span class='ocrx_word' id='word_1_198' title='bbox 1527 2153 1709 2208; x_wconf 90' lang='lat' dir='ltr'><strong>Deum</strong></span> <span class='ocrx_word' id='word_1_199' title='bbox 1740 2152 1970 2208; x_wconf 71' lang='lat' dir='ltr'><strong>hmsitet</strong></span> 
     </span>
    </p>
   </div>
   <div class='ocr_carea' id='block_1_28' title="bbox 307 2243 1966 2320">
    <p class='ocr_par' dir='ltr' id='par_1_28' title="bbox 307 2243 1966 2320">
     <span class='ocr_line' id='line_1_28' title="bbox 307 2243 1966 2320; baseline -0.005 -16"><span class='ocrx_word' id='word_1_200' title='bbox 307 2246 712 2320; x_wconf 88' lang='lat' dir='ltr'><strong>pronuntiare,</strong></span> <span class='ocrx_word' id='word_1_201' title='bbox 744 2261 879 2300; x_wconf 90' lang='lat' dir='ltr'><strong>cum</strong></span> <span class='ocrx_word' id='word_1_202' title='bbox 913 2243 1068 2298; x_wconf 90' lang='lat' dir='ltr'><strong>hunc</strong></span> <span class='ocrx_word' id='word_1_203' title='bbox 1094 2243 1362 2298; x_wconf 89' lang='lat' dir='ltr'><strong>eumdem</strong></span> <span class='ocrx_word' id='word_1_204' title='bbox 1397 2243 1529 2314; x_wconf 86' lang='lat'>(56),</span> <span class='ocrx_word' id='word_1_205' title='bbox 1556 2246 1614 2297; x_wconf 88' lang='lat' dir='ltr'><strong>et</strong></span> <span class='ocrx_word' id='word_1_206' title='bbox 1652 2257 1966 2314; x_wconf 88' lang='lat' dir='ltr'><strong>puerorum</strong></span> 
     </span>
    </p>
   </div>
   <div class='ocr_carea' id='block_1_29' title="bbox 304 2331 1967 2404">
    <p class='ocr_par' dir='ltr' id='par_1_29' title="bbox 304 2331 1967 2404">
     <span class='ocr_line' id='line_1_29' title="bbox 304 2331 1967 2404; baseline -0.004 -11"><span class='ocrx_word' id='word_1_207' title='bbox 304 2337 519 2394; x_wconf 89' lang='lat' dir='ltr'><strong>horum</strong></span> <span class='ocrx_word' id='word_1_208' title='bbox 552 2334 1040 2400; x_wconf 83' lang='lat' dir='ltr'><strong>benedictionem,</strong></span> <span class='ocrx_word' id='word_1_209' title='bbox 1076 2348 1177 2404; x_wconf 91' lang='lat' dir='ltr'><strong>per</strong></span> <span class='ocrx_word' id='word_1_210' title='bbox 1205 2333 1641 2387; x_wconf 86' lang='lat' dir='ltr'><strong>Sacramentum</strong></span> <span class='ocrx_word' id='word_1_211' title='bbox 1675 2331 1967 2402; x_wconf 88' lang='lat' dir='ltr'><strong>passionis</strong></span> 
     </span>
    </p>
   </div>
   <div class='ocr_carea' id='block_1_30' title="bbox 303 2420 1962 2500">
    <p class='ocr_par' dir='ltr' id='par_1_30' title="bbox 303 2420 1962 2500">
     <span class='ocr_line' id='line_1_30' title="bbox 303 2420 1962 2500; baseline -0.004 -18"><span class='ocrx_word' id='word_1_212' title='bbox 303 2426 598 2500; x_wconf 88' lang='lat' dir='ltr'><strong>digestum</strong></span> <span class='ocrx_word' id='word_1_213' title='bbox 633 2424 693 2479; x_wconf 86' lang='lat' dir='ltr'><strong>in</strong></span> <span class='ocrx_word' id='word_1_214' title='bbox 736 2425 925 2496; x_wconf 82' lang='lat' dir='ltr'><strong>ﬁgura</strong></span> <span class='ocrx_word' id='word_1_215' title='bbox 969 2439 1250 2478; x_wconf 90' lang='lat' dir='ltr'><strong>manuum</strong></span> <span class='ocrx_word' id='word_1_216' title='bbox 1291 2426 1347 2477; x_wconf 88' lang='lat' dir='ltr'><strong>et</strong></span> <span class='ocrx_word' id='word_1_217' title='bbox 1371 2421 1552 2477; x_wconf 90' lang='lat' dir='ltr'><strong>Deum</strong></span> <span class='ocrx_word' id='word_1_218' title='bbox 1595 2424 1650 2477; x_wconf 90' lang='lat' dir='ltr'><strong>et</strong></span> <span class='ocrx_word' id='word_1_219' title='bbox 1679 2420 1962 2492; x_wconf 87' lang='lat' dir='ltr'><strong>Angelum</strong></span> 
     </span>
    </p>
   </div>
   <div class='ocr_carea' id='block_1_31' title="bbox 306 2511 1190 2587">
    <p class='ocr_par' dir='ltr' id='par_1_31' title="bbox 306 2511 1190 2587">
     <span class='ocr_line' id='line_1_31' title="bbox 306 2511 1190 2587; baseline -0.007 -16"><span class='ocrx_word' id='word_1_220' title='bbox 306 2515 602 2587; x_wconf 88' lang='lat' dir='ltr'><strong>intelligat</strong></span> <span class='ocrx_word' id='word_1_221' title='bbox 631 2513 963 2568; x_wconf 87' lang='lat' dir='ltr'><strong>invocatum</strong></span> <span class='ocrx_word' id='word_1_222' title='bbox 990 2511 1190 2567; x_wconf 83' lang='lat' dir='ltr'><strong>fuisse.</strong></span> 
     </span>
    </p>
   </div>
   <div class='ocr_carea' id='block_1_32' title="bbox 816 2617 1467 2685">
    <p class='ocr_par' dir='ltr' id='par_1_32' title="bbox 816 2617 1467 2685">
     <span class='ocr_line' id='line_1_32' title="bbox 816 2617 1467 2685; baseline -0.003 -11"><span class='ocrx_word' id='word_1_223' title='bbox 816 2618 1045 2674; x_wconf 85' lang='lat' dir='ltr'><strong>CAPUT</strong></span> <span class='ocrx_word' id='word_1_224' title='bbox 1086 2617 1208 2685; x_wconf 88' lang='lat' dir='ltr'><strong>xx,</strong></span> <span class='ocrx_word' id='word_1_225' title='bbox 1247 2617 1320 2671; x_wconf 87' lang='lat' dir='ltr'><strong>at.</strong></span> <span class='ocrx_word' id='word_1_226' title='bbox 1355 2617 1467 2672; x_wconf 82' lang='lat' dir='ltr'><strong>xv.</strong></span> 
     </span>
    </p>
   </div>
   <div class='ocr_carea' id='block_1_33' title="bbox 308 2705 1966 2787">
    <p class='ocr_par' dir='ltr' id='par_1_33' title="bbox 308 2705 1966 2787">
     <span class='ocr_line' id='line_1_33' title="bbox 308 2705 1966 2787; baseline -0.002 -23"><span class='ocrx_word' id='word_1_227' title='bbox 308 2710 396 2764; x_wconf 80' lang='lat' dir='ltr'><strong>Ex</strong></span> <span class='ocrx_word' id='word_1_228' title='bbox 451 2709 753 2787; x_wconf 76' lang='lat' dir='ltr'><strong>Scripturis</strong></span> <span class='ocrx_word' id='word_1_229' title='bbox 811 2709 1080 2787; x_wconf 78' lang='lat' dir='ltr'><strong>probatur</strong></span> <span class='ocrx_word' id='word_1_230' title='bbox 1137 2706 1414 2787; x_wconf 73' lang='lat' dir='ltr'><strong>Ch_ristum</strong></span> <span class='ocrx_word' id='word_1_231' title='bbox 1476 2705 1646 2775; x_wconf 82' lang='lat' dir='ltr'><strong>fuisse</strong></span> <span class='ocrx_word' id='word_1_232' title='bbox 1703 2705 1966 2787; x_wconf 75' lang='lat' dir='ltr'><strong>Angelum</strong></span> 
     </span>
    </p>
   </div>
   <div class='ocr_carea' id='block_1_34' title="bbox 379 2777 1966 2923">
    <p class='ocr_par' dir='ltr' id='par_1_34' title="bbox 379 2777 1966 2923">
     <span class='ocr_line' id='line_1_34' title="bbox 382 2777 1966 2852; baseline -0.003 -17"><span class='ocrx_word' id='word_1_233' title='bbox 382 2777 747 2852; x_wconf 81' lang='lat' dir='ltr'><strong>appellatum.</strong></span> <span class='ocrx_word' id='word_1_234' title='bbox 807 2777 1053 2834; x_wconf 78' lang='lat' dir='ltr'><strong>Attamen</strong></span> <span class='ocrx_word' id='word_1_235' title='bbox 1109 2781 1159 2834; x_wconf 87' lang='lat' dir='ltr'><strong>et</strong></span> <span class='ocrx_word' id='word_1_236' title='bbox 1191 2779 1360 2833; x_wconf 87' lang='lat' dir='ltr'><strong>Deum</strong></span> <span class='ocrx_word' id='word_1_237' title='bbox 1420 2792 1652 2845; x_wconf 77' lang='lat' dir='ltr'><strong>csse,e:c</strong></span> <span class='ocrx_word' id='word_1_238' title='bbox 1707 2777 1835 2832; x_wconf 82' lang='lat' dir='ltr'><strong>aliis</strong></span> <span class='ocrx_word' id='word_1_239' title='bbox 1881 2793 1966 2832; x_wconf 89' lang='lat' dir='ltr'><strong>sa-</strong></span> 
     </span>
     <span class='ocr_line' id='line_1_35' title="bbox 379 2849 1340 2923; baseline -0.003 -16"><span class='ocrx_word' id='word_1_240' title='bbox 379 2867 491 2909; x_wconf 71' lang='lat' dir='ltr'><strong>crae</strong></span> <span class='ocrx_word' id='word_1_241' title='bbox 522 2852 828 2923; x_wconf 66' lang='lat' dir='ltr'><strong>Scriptura?</strong></span> <span class='ocrx_word' id='word_1_242' title='bbox 860 2851 991 2906; x_wconf 79' lang='lat' dir='ltr'><strong>locis</strong></span> <span class='ocrx_word' id='word_1_243' title='bbox 1022 2849 1340 2906; x_wconf 80' lang='lat' dir='ltr'><strong>ostenditur.</strong></span> 
     </span>
    </p>
   </div>
   <div class='ocr_carea' id='block_1_35' title="bbox 377 2953 1964 3028">
    <p class='ocr_par' dir='ltr' id='par_1_35' title="bbox 377 2953 1964 3028">
     <span class='ocr_line' id='line_1_36' title="bbox 377 2953 1964 3028; baseline -0.002 -16"><span class='ocrx_word' id='word_1_244' title='bbox 377 2961 452 3012; x_wconf 85' lang='lat' dir='ltr'><strong>At</strong></span> <span class='ocrx_word' id='word_1_245' title='bbox 480 2958 528 3014; x_wconf 93' lang='lat' dir='ltr'><strong>si</strong></span> <span class='ocrx_word' id='word_1_246' title='bbox 561 2958 676 3028; x_wconf 88' lang='lat'><strong>(57)</strong></span> <span class='ocrx_word' id='word_1_247' title='bbox 715 2956 926 3028; x_wconf 88' lang='lat' dir='ltr'><strong>aliquis</strong></span> <span class='ocrx_word' id='word_1_248' title='bbox 967 2955 1294 3024; x_wconf 71' lang='lat' dir='ltr'><strong>haereticus,</strong></span> <span class='ocrx_word' id='word_1_249' title='bbox 1346 2954 1719 3026; x_wconf 88' lang='lat' dir='ltr'><strong>pertinaciter</strong></span> <span class='ocrx_word' id='word_1_250' title='bbox 1774 2953 1964 3010; x_wconf 88' lang='lat' dir='ltr'><strong>obluc-</strong></span> 
     </span>
    </p>
   </div>
   <div class='ocr_carea' id='block_1_36' title="bbox 300 3041 1962 3113">
    <p class='ocr_par' dir='ltr' id='par_1_36' title="bbox 300 3041 1962 3113">
     <span class='ocr_line' id='line_1_37' title="bbox 300 3041 1962 3113; baseline -0.002 -10"><span class='ocrx_word' id='word_1_251' title='bbox 300 3052 439 3104; x_wconf 86' lang='lat' dir='ltr'><strong>tans</strong></span> <span class='ocrx_word' id='word_1_252' title='bbox 470 3047 750 3102; x_wconf 89' lang='lat' dir='ltr'><strong>adversus</strong></span> <span class='ocrx_word' id='word_1_253' title='bbox 795 3045 1131 3113; x_wconf 89' lang='lat' dir='ltr'><strong>veritatem,</strong></span> <span class='ocrx_word' id='word_1_254' title='bbox 1162 3043 1414 3099; x_wconf 89' lang='lat' dir='ltr'><strong>voluerit</strong></span> <span class='ocrx_word' id='word_1_255' title='bbox 1442 3042 1500 3096; x_wconf 90' lang='lat' dir='ltr'><strong>in</strong></span> <span class='ocrx_word' id='word_1_256' title='bbox 1549 3041 1641 3097; x_wconf 92' lang='lat' dir='ltr'><strong>his</strong></span> <span class='ocrx_word' id='word_1_257' title='bbox 1688 3043 1962 3100; x_wconf 90' lang='lat' dir='ltr'><strong>omnibus</strong></span> 
     </span>
    </p>
   </div>
   <div class='ocr_carea' id='block_1_37' title="bbox 2000 1841 2049 1905">
    <p class='ocr_par' dir='ltr' id='par_1_37' title="bbox 2000 1841 2049 1905">
     <span class='ocr_line' id='line_1_38' title="bbox 2000 1841 2049 1905; baseline 0 0"><span class='ocrx_word' id='word_1_258' title='bbox 2000 1841 2049 1905; x_wconf 93' lang='lat' dir='ltr'><strong>B</strong></span> 
     </span>
    </p>
   </div>
   <div class='ocr_carea' id='block_1_38' title="bbox 2080 991 3736 1068">
    <p class='ocr_par' dir='ltr' id='par_1_38' title="bbox 2080 991 3736 1068">
     <span class='ocr_line' id='line_1_39' title="bbox 2080 991 3736 1068; baseline 0.005 -22"><span class='ocrx_word' id='word_1_259' title='bbox 2080 992 2256 1065; x_wconf 85' lang='lat' dir='ltr'><strong>gruit,</strong></span> <span class='ocrx_word' id='word_1_260' title='bbox 2280 995 2345 1046; x_wconf 91' lang='lat' dir='ltr'><strong>ut</strong></span> <span class='ocrx_word' id='word_1_261' title='bbox 2370 1007 2493 1062; x_wconf 70' lang='lat' dir='ltr'><strong>quae</strong></span> <span class='ocrx_word' id='word_1_262' title='bbox 2527 991 2854 1049; x_wconf 84' lang='lat' dir='ltr'><strong>minoribus</strong></span> <span class='ocrx_word' id='word_1_263' title='bbox 2905 1011 3181 1050; x_wconf 87' lang='lat' dir='ltr'><strong>concessa</strong></span> <span class='ocrx_word' id='word_1_264' title='bbox 3221 1001 3377 1060; x_wconf 89' lang='lat' dir='ltr'><strong>sunt,</strong></span> <span class='ocrx_word' id='word_1_265' title='bbox 3413 999 3736 1068; x_wconf 88' lang='lat' dir='ltr'><strong>majoribus</strong></span> 
     </span>
    </p>
   </div>
   <div class='ocr_carea' id='block_1_39' title="bbox 2081 1082 3734 1157">
    <p class='ocr_par' dir='ltr' id='par_1_39' title="bbox 2081 1082 3734 1157">
     <span class='ocr_line' id='line_1_40' title="bbox 2081 1082 3734 1157; baseline 0.004 -20"><span class='ocrx_word' id='word_1_266' title='bbox 2081 1083 2459 1153; x_wconf 89' lang='lat' dir='ltr'><strong>denegentur.</strong></span> <span class='ocrx_word' id='word_1_267' title='bbox 2525 1083 2608 1136; x_wconf 89' lang='lat' dir='ltr'><strong>Ita</strong></span> <span class='ocrx_word' id='word_1_268' title='bbox 2673 1082 2722 1138; x_wconf 89' lang='lat' dir='ltr'><strong>si</strong></span> <span class='ocrx_word' id='word_1_269' title='bbox 2781 1083 3037 1156; x_wconf 82' lang='lat' dir='ltr'><strong>Angelus</strong></span> <span class='ocrx_word' id='word_1_270' title='bbox 3099 1085 3327 1140; x_wconf 86' lang='lat' dir='ltr'><strong>Christo</strong></span> <span class='ocrx_word' id='word_1_271' title='bbox 3385 1088 3576 1141; x_wconf 89' lang='lat' dir='ltr'><strong>minor</strong></span> <span class='ocrx_word' id='word_1_272' title='bbox 3626 1093 3734 1157; x_wconf 90' lang='lat' dir='ltr'><strong>est,</strong></span> 
     </span>
    </p>
   </div>
   <div class='ocr_carea' id='block_1_40' title="bbox 2079 1170 3740 1246">
    <p class='ocr_par' dir='ltr' id='par_1_40' title="bbox 2079 1170 3740 1246">
     <span class='ocr_line' id='line_1_41' title="bbox 2079 1170 3740 1246; baseline 0.004 -20"><span class='ocrx_word' id='word_1_273' title='bbox 2079 1170 2338 1242; x_wconf 87' lang='lat' dir='ltr'><strong>Angelus</strong></span> <span class='ocrx_word' id='word_1_274' title='bbox 2370 1173 2562 1225; x_wconf 89' lang='lat' dir='ltr'><strong>autem</strong></span> <span class='ocrx_word' id='word_1_275' title='bbox 2595 1171 2741 1227; x_wconf 89' lang='lat' dir='ltr'><strong>dens</strong></span> <span class='ocrx_word' id='word_1_276' title='bbox 2775 1172 3009 1243; x_wconf 82' lang='lat' dir='ltr'><strong>dicitur,</strong></span> <span class='ocrx_word' id='word_1_277' title='bbox 3067 1174 3253 1245; x_wconf 87' lang='lat' dir='ltr'><strong>magis</strong></span> <span class='ocrx_word' id='word_1_278' title='bbox 3315 1182 3740 1246; x_wconf 81' lang='lat' dir='ltr'><strong>consequenter</strong></span> 
     </span>
    </p>
   </div>
   <div class='ocr_carea' id='block_1_41' title="bbox 2080 1258 3735 1334">
    <p class='ocr_par' dir='ltr' id='par_1_41' title="bbox 2080 1258 3735 1334">
     <span class='ocr_line' id='line_1_42' title="bbox 2080 1258 3735 1334; baseline 0.004 -19"><span class='ocrx_word' id='word_1_279' title='bbox 2080 1261 2350 1316; x_wconf 88' lang='lat' dir='ltr'><strong>Christus</strong></span> <span class='ocrx_word' id='word_1_280' title='bbox 2380 1258 2532 1314; x_wconf 89' lang='lat' dir='ltr'><strong>Deus</strong></span> <span class='ocrx_word' id='word_1_281' title='bbox 2563 1276 2692 1315; x_wconf 70' lang='lat' dir='ltr'><strong>esse</strong></span> <span class='ocrx_word' id='word_1_282' title='bbox 2721 1260 2934 1316; x_wconf 90' lang='lat' dir='ltr'><strong>dicitur</strong></span> <span class='ocrx_word' id='word_1_283' title='bbox 2963 1264 3096 1333; x_wconf 87' lang='lat' dir='ltr'>(6t),</span> <span class='ocrx_word' id='word_1_284' title='bbox 3145 1263 3243 1334; x_wconf 90' lang='lat' dir='ltr'><strong>qui</strong></span> <span class='ocrx_word' id='word_1_285' title='bbox 3296 1281 3407 1318; x_wconf 91' lang='lat' dir='ltr'><strong>non</strong></span> <span class='ocrx_word' id='word_1_286' title='bbox 3443 1282 3582 1331; x_wconf 88' lang='lat' dir='ltr'><strong>uno,</strong></span> <span class='ocrx_word' id='word_1_287' title='bbox 3635 1268 3735 1322; x_wconf 93' lang='lat' dir='ltr'><strong>sed</strong></span> 
     </span>
    </p>
   </div>
   <div class='ocr_carea' id='block_1_42' title="bbox 2082 1347 3734 1420">
    <p class='ocr_par' dir='ltr' id='par_1_42' title="bbox 2082 1347 3734 1420">
     <span class='ocr_line' id='line_1_43' title="bbox 2082 1347 3734 1420; baseline 0.003 -16"><span class='ocrx_word' id='word_1_288' title='bbox 2082 1348 2358 1404; x_wconf 91' lang='lat' dir='ltr'><strong>omnibus</strong></span> <span class='ocrx_word' id='word_1_289' title='bbox 2405 1347 2649 1420; x_wconf 83' lang='lat' dir='ltr'><strong>Angelis</strong></span> <span class='ocrx_word' id='word_1_290' title='bbox 2705 1353 2762 1404; x_wconf 89' lang='lat' dir='ltr'><strong>et</strong></span> <span class='ocrx_word' id='word_1_291' title='bbox 2805 1351 2994 1420; x_wconf 88' lang='lat' dir='ltr'><strong>major</strong></span> <span class='ocrx_word' id='word_1_292' title='bbox 3047 1357 3103 1406; x_wconf 90' lang='lat' dir='ltr'><strong>et</strong></span> <span class='ocrx_word' id='word_1_293' title='bbox 3164 1352 3369 1406; x_wconf 88' lang='lat' dir='ltr'><strong>melior</strong></span> <span class='ocrx_word' id='word_1_294' title='bbox 3420 1353 3734 1410; x_wconf 84' lang='lat' dir='ltr'><strong>invenitur.</strong></span> 
     </span>
    </p>
   </div>
   <div class='ocr_carea' id='block_1_43' title="bbox 2080 1438 3735 1511">
    <p class='ocr_par' dir='ltr' id='par_1_43' title="bbox 2080 1438 3735 1511">
     <span class='ocr_line' id='line_1_44' title="bbox 2080 1438 3735 1511; baseline 0.004 -19"><span class='ocrx_word' id='word_1_295' title='bbox 2080 1438 2159 1492; x_wconf 85' lang='lat' dir='ltr'><strong>Ac</strong></span> <span class='ocrx_word' id='word_1_296' title='bbox 2207 1438 2255 1492; x_wconf 90' lang='lat' dir='ltr'><strong>si</strong></span> <span class='ocrx_word' id='word_1_297' title='bbox 2296 1439 2446 1492; x_wconf 83' lang='lat' dir='ltr'><strong>stetit</strong></span> <span class='ocrx_word' id='word_1_298' title='bbox 2500 1438 2638 1492; x_wconf 88' lang='lat' dir='ltr'><strong>Deus</strong></span> <span class='ocrx_word' id='word_1_299' title='bbox 2680 1440 2742 1494; x_wconf 89' lang='lat' dir='ltr'><strong>in</strong></span> <span class='ocrx_word' id='word_1_300' title='bbox 2797 1455 3075 1511; x_wconf 82' lang='lat' dir='ltr'><strong>synagoga</strong></span> <span class='ocrx_word' id='word_1_301' title='bbox 3125 1443 3370 1506; x_wconf 78' lang='lat' dir='ltr'><strong>deorum,</strong></span> <span class='ocrx_word' id='word_1_302' title='bbox 3441 1445 3499 1497; x_wconf 85' lang='lat' dir='ltr'><strong>in</strong></span> <span class='ocrx_word' id='word_1_303' title='bbox 3556 1443 3735 1498; x_wconf 84' lang='lat' dir='ltr'><strong>medic</strong></span> 
     </span>
    </p>
   </div>
   <div class='ocr_carea' id='block_1_44' title="bbox 2081 1525 3730 1606">
    <p class='ocr_par' dir='ltr' id='par_1_44' title="bbox 2081 1525 3730 1606">
     <span class='ocr_line' id='line_1_45' title="bbox 2081 1525 3730 1606; baseline 0.004 -25"><span class='ocrx_word' id='word_1_304' title='bbox 2081 1534 2265 1582; x_wconf 86' lang='lat' dir='ltr'><strong>autem</strong></span> <span class='ocrx_word' id='word_1_305' title='bbox 2296 1525 2570 1582; x_wconf 84' lang='lat' dir='ltr'><strong>Deusdeos</strong></span> <span class='ocrx_word' id='word_1_306' title='bbox 2591 1529 2705 1596; x_wconf 90' lang='lat'>(65)</span> <span class='ocrx_word' id='word_1_307' title='bbox 2742 1528 3014 1584; x_wconf 75' lang='lat' dir='ltr'><strong>discernit</strong></span> <span class='ocrx_word' id='word_1_308' title='bbox 3072 1533 3240 1598; x_wconf 84' lang='lat' dir='ltr'><strong>(Psat.</strong></span> <span class='ocrx_word' id='word_1_309' title='bbox 3295 1549 3477 1595; x_wconf 78' lang='lat' dir='ltr'><strong>Lxxxi,</strong></span> <span class='ocrx_word' id='word_1_310' title='bbox 3543 1534 3592 1600; x_wconf 83' lang='lat'><strong>1,</strong></span> <span class='ocrx_word' id='word_1_311' title='bbox 3625 1534 3679 1606; x_wconf 85' lang='lat'><strong>2)</strong></span> <span class='ocrx_word' id='word_1_312' title='bbox 3718 1551 3730 1602; x_wconf 91' lang='lat'><strong>;</strong></span> 
     </span>
    </p>
   </div>
   <div class='ocr_carea' id='block_1_45' title="bbox 2081 1615 3731 1691">
    <p class='ocr_par' dir='ltr' id='par_1_45' title="bbox 2081 1615 3731 1691">
     <span class='ocr_line' id='line_1_46' title="bbox 2081 1615 3731 1691; baseline 0.004 -21"><span class='ocrx_word' id='word_1_313' title='bbox 2081 1615 2140 1670; x_wconf 91' lang='lat' dir='ltr'><strong>in</strong></span> <span class='ocrx_word' id='word_1_314' title='bbox 2181 1631 2476 1689; x_wconf 83' lang='lat' dir='ltr'><strong>synagoga</strong></span> <span class='ocrx_word' id='word_1_315' title='bbox 2534 1620 2728 1672; x_wconf 89' lang='lat' dir='ltr'><strong>autem</strong></span> <span class='ocrx_word' id='word_1_316' title='bbox 2798 1616 3152 1689; x_wconf 86' lang='lat' dir='ltr'><strong>aliquotiens</strong></span> <span class='ocrx_word' id='word_1_317' title='bbox 3216 1621 3485 1675; x_wconf 83' lang='lat' dir='ltr'><strong>Christus</strong></span> <span class='ocrx_word' id='word_1_318' title='bbox 3537 1623 3731 1691; x_wconf 86' lang='lat' dir='ltr'><strong>stetit;</strong></span> 
     </span>
    </p>
   </div>
   <div class='ocr_carea' id='block_1_46' title="bbox 2082 1703 3732 1781">
    <p class='ocr_par' dir='ltr' id='par_1_46' title="bbox 2082 1703 3732 1781">
     <span class='ocr_line' id='line_1_47' title="bbox 2082 1703 3732 1781; baseline 0.004 -21"><span class='ocrx_word' id='word_1_319' title='bbox 2082 1703 2349 1761; x_wconf 88' lang='lat' dir='ltr'><strong>Christus</strong></span> <span class='ocrx_word' id='word_1_320' title='bbox 2381 1721 2518 1777; x_wconf 89' lang='lat' dir='ltr'><strong>ergo</strong></span> <span class='ocrx_word' id='word_1_321' title='bbox 2550 1705 2609 1761; x_wconf 92' lang='lat' dir='ltr'><strong>in</strong></span> <span class='ocrx_word' id='word_1_322' title='bbox 2643 1723 2938 1780; x_wconf 81' lang='lat' dir='ltr'><strong>synagoga</strong></span> <span class='ocrx_word' id='word_1_323' title='bbox 2971 1709 3125 1764; x_wconf 80' lang='lat' dir='ltr'><strong>Deus</strong></span> <span class='ocrx_word' id='word_1_324' title='bbox 3186 1710 3365 1774; x_wconf 88' lang='lat' dir='ltr'><strong>stetit,</strong></span> <span class='ocrx_word' id='word_1_325' title='bbox 3399 1710 3732 1781; x_wconf 88' lang='lat' dir='ltr'><strong>dijudicans</strong></span> 
     </span>
    </p>
   </div>
   <div class='ocr_carea' id='block_1_47' title="bbox 2084 1794 3736 1871">
    <p class='ocr_par' dir='ltr' id='par_1_47' title="bbox 2084 1794 3736 1871">
     <span class='ocr_line' id='line_1_48' title="bbox 2084 1794 3736 1871; baseline 0.003 -20"><span class='ocrx_word' id='word_1_326' title='bbox 2084 1794 2299 1851; x_wconf 89' lang='lat' dir='ltr'><strong>scilicet</strong></span> <span class='ocrx_word' id='word_1_327' title='bbox 2386 1795 2524 1850; x_wconf 88' lang='lat' dir='ltr'><strong>deos</strong></span> <span class='ocrx_word' id='word_1_328' title='bbox 2579 1796 2794 1867; x_wconf 91' lang='lat' dir='ltr'><strong>quibus</strong></span> <span class='ocrx_word' id='word_1_329' title='bbox 2855 1797 2995 1852; x_wconf 88' lang='lat' dir='ltr'><strong>dicit</strong></span> <span class='ocrx_word' id='word_1_330' title='bbox 3056 1815 3067 1852; x_wconf 75' lang='grc' dir='ltr'>ε</span> <span class='ocrx_word' id='word_1_331' title='bbox 3135 1802 3413 1870; x_wconf 86' lang='lat' dir='ltr'><strong>Usquequo</strong></span> <span class='ocrx_word' id='word_1_332' title='bbox 3475 1817 3736 1871; x_wconf 78' lang='lat' dir='ltr'><strong>personas</strong></span> 
     </span>
    </p>
   </div>
   <div class='ocr_carea' id='block_1_48' title="bbox 2078 1885 3736 1960">
    <p class='ocr_par' dir='ltr' id='par_1_48' title="bbox 2078 1885 3736 1960">
     <span class='ocr_line' id='line_1_49' title="bbox 2078 1885 3736 1960; baseline 0.003 -21"><span class='ocrx_word' id='word_1_333' title='bbox 2078 1885 2364 1939; x_wconf 83' lang='lat' dir='ltr'><strong>hominum</strong></span> <span class='ocrx_word' id='word_1_334' title='bbox 2388 1885 2637 1954; x_wconf 78' lang='lat' dir='ltr'><strong>accipitis</strong></span> <span class='ocrx_word' id='word_1_335' title='bbox 2658 1889 2683 1938; x_wconf 76' lang='lat'><strong>.9</strong></span> <span class='ocrx_word' id='word_1_336' title='bbox 2711 1902 2994 1942; x_wconf 83' lang='lat' dir='ltr'><strong>accusans</strong></span> <span class='ocrx_word' id='word_1_337' title='bbox 3056 1889 3277 1944; x_wconf 89' lang='lat' dir='ltr'><strong>scilicet</strong></span> <span class='ocrx_word' id='word_1_338' title='bbox 3310 1895 3736 1960; x_wconf 88' lang='lat' dir='ltr'><strong>consequenter</strong></span> 
     </span>
    </p>
   </div>
   <div class='ocr_carea' id='block_1_49' title="bbox 2079 1973 3732 2049">
    <p class='ocr_par' dir='ltr' id='par_1_49' title="bbox 2079 1973 3732 2049">
     <span class='ocr_line' id='line_1_50' title="bbox 2079 1973 3732 2049; baseline 0.004 -21"><span class='ocrx_word' id='word_1_339' title='bbox 2079 1973 2350 2028; x_wconf 89' lang='lat' dir='ltr'><strong>homines</strong></span> <span class='ocrx_word' id='word_1_340' title='bbox 2390 1989 2697 2046; x_wconf 59' lang='lat' dir='ltr'><strong>synagogas</strong></span> <span class='ocrx_word' id='word_1_341' title='bbox 2728 1991 2844 2030; x_wconf 91' lang='lat' dir='ltr'><strong>non</strong></span> <span class='ocrx_word' id='word_1_342' title='bbox 2893 1982 3225 2032; x_wconf 84' lang='lat' dir='ltr'><strong>exercentes</strong></span> <span class='ocrx_word' id='word_1_343' title='bbox 3276 1980 3439 2047; x_wconf 89' lang='lat' dir='ltr'><strong>justa</strong></span> <span class='ocrx_word' id='word_1_344' title='bbox 3480 1979 3732 2049; x_wconf 90' lang='lat' dir='ltr'><strong>judicia.</strong></span> 
     </span>
    </p>
   </div>
   <div class='ocr_carea' id='block_1_50' title="bbox 2081 2063 3726 2139">
    <p class='ocr_par' dir='ltr' id='par_1_50' title="bbox 2081 2063 3726 2139">
     <span class='ocr_line' id='line_1_51' title="bbox 2081 2063 3726 2139; baseline 0.002 -21"><span class='ocrx_word' id='word_1_345' title='bbox 2081 2064 2258 2118; x_wconf 92' lang='lat' dir='ltr'><strong>Porro</strong></span> <span class='ocrx_word' id='word_1_346' title='bbox 2290 2063 2339 2118; x_wconf 91' lang='lat' dir='ltr'><strong>si</strong></span> <span class='ocrx_word' id='word_1_347' title='bbox 2372 2063 2456 2116; x_wconf 91' lang='lat' dir='ltr'><strong>illi</strong></span> <span class='ocrx_word' id='word_1_348' title='bbox 2490 2063 2587 2134; x_wconf 93' lang='lat' dir='ltr'><strong>qui</strong></span> <span class='ocrx_word' id='word_1_349' title='bbox 2622 2063 3134 2135; x_wconf 89' lang='lat' dir='ltr'><strong>reprehenduntur</strong></span> <span class='ocrx_word' id='word_1_350' title='bbox 3170 2072 3342 2138; x_wconf 88' lang='lat' dir='ltr'><strong>atque</strong></span> <span class='ocrx_word' id='word_1_351' title='bbox 3392 2067 3726 2139; x_wconf 82' lang='lat' dir='ltr'><strong>culpantur,</strong></span> 
     </span>
    </p>
   </div>
   <div class='ocr_carea' id='block_1_51' title="bbox 2077 2150 3724 2229">
    <p class='ocr_par' dir='ltr' id='par_1_51' title="bbox 2077 2150 3724 2229">
     <span class='ocr_line' id='line_1_52' title="bbox 2077 2150 3724 2229; baseline 0.003 -23"><span class='ocrx_word' id='word_1_352' title='bbox 2077 2157 2314 2224; x_wconf 87' lang='lat' dir='ltr'><strong>propter</strong></span> <span class='ocrx_word' id='word_1_353' title='bbox 2341 2150 2599 2222; x_wconf 88' lang='lat' dir='ltr'><strong>aliquam</strong></span> <span class='ocrx_word' id='word_1_354' title='bbox 2630 2155 2826 2207; x_wconf 90' lang='lat' dir='ltr'><strong>tamen</strong></span> <span class='ocrx_word' id='word_1_355' title='bbox 2857 2170 3094 2209; x_wconf 88' lang='lat' dir='ltr'><strong>causam</strong></span> <span class='ocrx_word' id='word_1_356' title='bbox 3123 2157 3226 2209; x_wconf 87' lang='lat' dir='ltr'><strong>hoc</strong></span> <span class='ocrx_word' id='word_1_357' title='bbox 3251 2174 3460 2212; x_wconf 88' lang='lat' dir='ltr'><strong>nomen</strong></span> <span class='ocrx_word' id='word_1_358' title='bbox 3477 2157 3724 2229; x_wconf 85' lang='lat' dir='ltr'><strong>adipisci</strong></span> 
     </span>
    </p>
   </div>
   <div class='ocr_carea' id='block_1_52' title="bbox 2078 2240 3724 2318">
    <p class='ocr_par' dir='ltr' id='par_1_52' title="bbox 2078 2240 3724 2318">
     <span class='ocr_line' id='line_1_53' title="bbox 2078 2240 3724 2318; baseline 0.003 -21"><span class='ocrx_word' id='word_1_359' title='bbox 2078 2241 2204 2297; x_wconf 87' lang='lat' dir='ltr'><strong>sine</strong></span> <span class='ocrx_word' id='word_1_360' title='bbox 2248 2240 2616 2313; x_wconf 90' lang='lat' dir='ltr'><strong>blasphemia</strong></span> <span class='ocrx_word' id='word_1_361' title='bbox 2666 2241 2957 2308; x_wconf 89' lang='lat' dir='ltr'><strong>videntur,</strong></span> <span class='ocrx_word' id='word_1_362' title='bbox 3017 2248 3077 2299; x_wconf 90' lang='lat' dir='ltr'><strong>ut</strong></span> <span class='ocrx_word' id='word_1_363' title='bbox 3133 2244 3213 2297; x_wconf 90' lang='lat' dir='ltr'><strong>dii</strong></span> <span class='ocrx_word' id='word_1_364' title='bbox 3270 2251 3724 2318; x_wconf 86' lang='lat' dir='ltr'><strong>nuncupentur:</strong></span> 
     </span>
    </p>
   </div>
   <div class='ocr_carea' id='block_1_53' title="bbox 2077 2329 3730 2405">
    <p class='ocr_par' dir='ltr' id='par_1_53' title="bbox 2077 2329 3730 2405">
     <span class='ocr_line' id='line_1_54' title="bbox 2077 2329 3730 2405; baseline 0.002 -19"><span class='ocrx_word' id='word_1_365' title='bbox 2077 2330 2264 2386; x_wconf 87' lang='lat' dir='ltr'><strong>multo</strong></span> <span class='ocrx_word' id='word_1_366' title='bbox 2298 2329 2486 2402; x_wconf 88' lang='lat' dir='ltr'><strong>magis</strong></span> <span class='ocrx_word' id='word_1_367' title='bbox 2521 2330 2723 2401; x_wconf 90' lang='lat' dir='ltr'><strong>utique</strong></span> <span class='ocrx_word' id='word_1_368' title='bbox 2754 2331 2848 2386; x_wconf 90' lang='lat' dir='ltr'><strong>hic</strong></span> <span class='ocrx_word' id='word_1_369' title='bbox 2896 2336 3044 2386; x_wconf 89' lang='lat' dir='ltr'><strong>Deus</strong></span> <span class='ocrx_word' id='word_1_370' title='bbox 3103 2332 3410 2388; x_wconf 84' lang='lat' dir='ltr'><strong>habebitur</strong></span> <span class='ocrx_word' id='word_1_371' title='bbox 3455 2335 3552 2405; x_wconf 90' lang='lat' dir='ltr'><strong>qui</strong></span> <span class='ocrx_word' id='word_1_372' title='bbox 3616 2351 3730 2390; x_wconf 91' lang='lat' dir='ltr'><strong>non</strong></span> 
     </span>
    </p>
   </div>
   <div class='ocr_carea' id='block_1_54' title="bbox 2074 2419 3712 2492">
    <p class='ocr_par' dir='ltr' id='par_1_54' title="bbox 2074 2419 3712 2492">
     <span class='ocr_line' id='line_1_55' title="bbox 2074 2419 3712 2492; baseline 0.001 -15"><span class='ocrx_word' id='word_1_373' title='bbox 2074 2424 2306 2477; x_wconf 88' lang='lat' dir='ltr'><strong>tantum</strong></span> <span class='ocrx_word' id='word_1_374' title='bbox 2339 2423 2490 2474; x_wconf 91' lang='lat' dir='ltr'><strong>Deus</strong></span> <span class='ocrx_word' id='word_1_375' title='bbox 2527 2419 2586 2474; x_wconf 91' lang='lat' dir='ltr'><strong>in</strong></span> <span class='ocrx_word' id='word_1_376' title='bbox 2619 2435 2915 2492; x_wconf 77' lang='lat' dir='ltr'><strong>synagoga</strong></span> <span class='ocrx_word' id='word_1_377' title='bbox 2941 2421 3053 2491; x_wconf 83' lang='lat'>(63)</span> <span class='ocrx_word' id='word_1_378' title='bbox 3078 2422 3318 2476; x_wconf 88' lang='lat' dir='ltr'><strong>deorum</strong></span> <span class='ocrx_word' id='word_1_379' title='bbox 3337 2423 3572 2477; x_wconf 80' lang='lat' dir='ltr'><strong>stetisse</strong></span> <span class='ocrx_word' id='word_1_380' title='bbox 3600 2423 3712 2478; x_wconf 91' lang='lat' dir='ltr'><strong>dici</strong></span> 
     </span>
    </p>
   </div>
   <div class='ocr_carea' id='block_1_55' title="bbox 2077 2508 3731 2583">
    <p class='ocr_par' dir='ltr' id='par_1_55' title="bbox 2077 2508 3731 2583">
     <span class='ocr_line' id='line_1_56' title="bbox 2077 2508 3731 2583; baseline 0.001 -17"><span class='ocrx_word' id='word_1_381' title='bbox 2077 2519 2188 2578; x_wconf 86' lang='lat' dir='ltr'><strong>tur,</strong></span> <span class='ocrx_word' id='word_1_382' title='bbox 2223 2509 2324 2564; x_wconf 88' lang='lat' dir='ltr'><strong>sed</strong></span> <span class='ocrx_word' id='word_1_383' title='bbox 2355 2508 2531 2564; x_wconf 89' lang='lat' dir='ltr'><strong>etiam</strong></span> <span class='ocrx_word' id='word_1_384' title='bbox 2567 2509 2707 2563; x_wconf 91' lang='lat' dir='ltr'><strong>deos</strong></span> <span class='ocrx_word' id='word_1_385' title='bbox 2752 2508 3090 2566; x_wconf 85' lang='lat' dir='ltr'><strong>discernens</strong></span> <span class='ocrx_word' id='word_1_386' title='bbox 3141 2517 3197 2565; x_wconf 88' lang='lat' dir='ltr'><strong>et</strong></span> <span class='ocrx_word' id='word_1_387' title='bbox 3253 2513 3604 2583; x_wconf 85' lang='lat' dir='ltr'><strong>dijudicans,</strong></span> <span class='ocrx_word' id='word_1_388' title='bbox 3664 2530 3731 2568; x_wconf 82' lang='lat' dir='ltr'><strong>ex</strong></span> 
     </span>
    </p>
   </div>
   <div class='ocr_carea' id='block_1_56' title="bbox 2075 2596 3724 2673">
    <p class='ocr_par' dir='ltr' id='par_1_56' title="bbox 2075 2596 3724 2673">
     <span class='ocr_line' id='line_1_57' title="bbox 2075 2596 3724 2673; baseline 0.001 -19"><span class='ocrx_word' id='word_1_389' title='bbox 2075 2599 2280 2655; x_wconf 87' lang='lat' dir='ltr'><strong>eadem</strong></span> <span class='ocrx_word' id='word_1_390' title='bbox 2309 2596 2575 2652; x_wconf 90' lang='lat' dir='ltr'><strong>lectionis</strong></span> <span class='ocrx_word' id='word_1_391' title='bbox 2607 2597 2949 2654; x_wconf 86' lang='lat' dir='ltr'><strong>auctoritate</strong></span> <span class='ocrx_word' id='word_1_392' title='bbox 2981 2600 3261 2670; x_wconf 86' lang='lat' dir='ltr'><strong>aperitur.</strong></span> <span class='ocrx_word' id='word_1_393' title='bbox 3299 2603 3369 2655; x_wconf 91' lang='lat' dir='ltr'><strong>At</strong></span> <span class='ocrx_word' id='word_1_394' title='bbox 3401 2601 3448 2655; x_wconf 91' lang='lat' dir='ltr'><strong>si</strong></span> <span class='ocrx_word' id='word_1_395' title='bbox 3483 2601 3586 2672; x_wconf 86' lang='lat' dir='ltr'><strong>illi,</strong></span> <span class='ocrx_word' id='word_1_396' title='bbox 3623 2602 3724 2673; x_wconf 90' lang='lat' dir='ltr'><strong>qui</strong></span> 
     </span>
    </p>
   </div>
   <div class='ocr_carea' id='block_1_57' title="bbox 2075 2685 3721 2761">
    <p class='ocr_par' dir='ltr' id='par_1_57' title="bbox 2075 2685 3721 2761">
     <span class='ocr_line' id='line_1_58' title="bbox 2075 2685 3721 2761; baseline 0 -19"><span class='ocrx_word' id='word_1_397' title='bbox 2075 2692 2339 2759; x_wconf 84' lang='lat' dir='ltr'><strong>tanquam</strong></span> <span class='ocrx_word' id='word_1_398' title='bbox 2370 2703 2510 2741; x_wconf 85' lang='lat' dir='ltr'><strong>unus</strong></span> <span class='ocrx_word' id='word_1_399' title='bbox 2538 2685 2604 2742; x_wconf 86' lang='lat' dir='ltr'><strong>de</strong></span> <span class='ocrx_word' id='word_1_400' title='bbox 2619 2689 2969 2759; x_wconf 78' lang='lat' dir='ltr'><strong>principibus</strong></span> <span class='ocrx_word' id='word_1_401' title='bbox 3007 2690 3225 2743; x_wconf 89' lang='lat' dir='ltr'><strong>cadunt</strong></span> <span class='ocrx_word' id='word_1_402' title='bbox 3280 2690 3431 2754; x_wconf 92' lang='lat' dir='ltr'><strong>(Ibid.</strong></span> <span class='ocrx_word' id='word_1_403' title='bbox 3469 2707 3608 2745; x_wconf 86' lang='lat' dir='ltr'><strong>vers.</strong></span> <span class='ocrx_word' id='word_1_404' title='bbox 3641 2691 3721 2761; x_wconf 90' lang='lat'><strong>7),</strong></span> 
     </span>
    </p>
   </div>
   <div class='ocr_carea' id='block_1_58' title="bbox 2075 2776 3722 2848">
    <p class='ocr_par' dir='ltr' id='par_1_58' title="bbox 2075 2776 3722 2848">
     <span class='ocr_line' id='line_1_59' title="bbox 2075 2776 3722 2848; baseline 0.001 -16"><span class='ocrx_word' id='word_1_405' title='bbox 2075 2776 2155 2832; x_wconf 90' lang='lat' dir='ltr'><strong>dii</strong></span> <span class='ocrx_word' id='word_1_406' title='bbox 2177 2779 2374 2831; x_wconf 87' lang='lat' dir='ltr'><strong>tamen</strong></span> <span class='ocrx_word' id='word_1_407' title='bbox 2407 2780 2842 2848; x_wconf 87' lang='lat' dir='ltr'><strong>nuncupantur,</strong></span> <span class='ocrx_word' id='word_1_408' title='bbox 2896 2777 3082 2831; x_wconf 90' lang='lat' dir='ltr'><strong>multo</strong></span> <span class='ocrx_word' id='word_1_409' title='bbox 3145 2779 3332 2848; x_wconf 89' lang='lat' dir='ltr'><strong>magis</strong></span> <span class='ocrx_word' id='word_1_410' title='bbox 3391 2779 3544 2832; x_wconf 89' lang='lat' dir='ltr'><strong>Deus</strong></span> <span class='ocrx_word' id='word_1_411' title='bbox 3593 2795 3722 2834; x_wconf 85' lang='lat' dir='ltr'><strong>esse</strong></span> 
     </span>
    </p>
   </div>
   <div class='ocr_carea' id='block_1_59' title="bbox 2072 2864 3722 2938">
    <p class='ocr_par' dir='ltr' id='par_1_59' title="bbox 2072 2864 3722 2938">
     <span class='ocr_line' id='line_1_60' title="bbox 2072 2864 3722 2938; baseline 0.001 -18"><span class='ocrx_word' id='word_1_412' title='bbox 2072 2865 2320 2935; x_wconf 89' lang='lat' dir='ltr'><strong>dicetur,</strong></span> <span class='ocrx_word' id='word_1_413' title='bbox 2352 2864 2450 2936; x_wconf 89' lang='lat' dir='ltr'><strong>qui</strong></span> <span class='ocrx_word' id='word_1_414' title='bbox 2485 2881 2597 2919; x_wconf 92' lang='lat' dir='ltr'><strong>non</strong></span> <span class='ocrx_word' id='word_1_415' title='bbox 2630 2868 2859 2920; x_wconf 88' lang='lat' dir='ltr'><strong>tantum</strong></span> <span class='ocrx_word' id='word_1_416' title='bbox 2889 2869 3169 2936; x_wconf 87' lang='lat' dir='ltr'><strong>tanquam</strong></span> <span class='ocrx_word' id='word_1_417' title='bbox 3207 2883 3359 2921; x_wconf 91' lang='lat' dir='ltr'><strong>unus</strong></span> <span class='ocrx_word' id='word_1_418' title='bbox 3391 2883 3458 2920; x_wconf 82' lang='lat' dir='ltr'><strong>ex</strong></span> <span class='ocrx_word' id='word_1_419' title='bbox 3497 2867 3722 2938; x_wconf 90' lang='lat' dir='ltr'><strong>princi-</strong></span> 
     </span>
    </p>
   </div>
   <div class='ocr_carea' id='block_1_60' title="bbox 2071 2954 3722 3027">
    <p class='ocr_par' dir='ltr' id='par_1_60' title="bbox 2071 2954 3722 3027">
     <span class='ocr_line' id='line_1_61' title="bbox 2071 2954 3722 3027; baseline 0.002 -19"><span class='ocrx_word' id='word_1_420' title='bbox 2071 2955 2248 3026; x_wconf 91' lang='lat' dir='ltr'><strong>pibus</strong></span> <span class='ocrx_word' id='word_1_421' title='bbox 2288 2970 2403 3009; x_wconf 91' lang='lat' dir='ltr'><strong>non</strong></span> <span class='ocrx_word' id='word_1_422' title='bbox 2453 2954 2631 3022; x_wconf 90' lang='lat' dir='ltr'><strong>cadit,</strong></span> <span class='ocrx_word' id='word_1_423' title='bbox 2680 2954 2781 3010; x_wconf 86' lang='lat' dir='ltr'><strong>sed</strong></span> <span class='ocrx_word' id='word_1_424' title='bbox 2841 2955 3033 3027; x_wconf 90' lang='lat' dir='ltr'><strong>ipsum</strong></span> <span class='ocrx_word' id='word_1_425' title='bbox 3086 2972 3317 3026; x_wconf 89' lang='lat' dir='ltr'><strong>quoque</strong></span> <span class='ocrx_word' id='word_1_426' title='bbox 3369 2955 3604 3011; x_wconf 65' lang='lat' dir='ltr'><strong>malitias</strong></span> <span class='ocrx_word' id='word_1_427' title='bbox 3664 2961 3722 3012; x_wconf 90' lang='lat' dir='ltr'><strong>et</strong></span> 
     </span>
    </p>
   </div>
   <div class='ocr_carea' id='block_1_61' title="bbox 2072 3043 3720 3116">
    <p class='ocr_par' dir='ltr' id='par_1_61' title="bbox 2072 3043 3720 3116">
     <span class='ocr_line' id='line_1_62' title="bbox 2072 3043 3720 3116; baseline 0 -16"><span class='ocrx_word' id='word_1_428' title='bbox 2072 3048 2369 3100; x_wconf 89' lang='lat' dir='ltr'><strong>auctorem</strong></span> <span class='ocrx_word' id='word_1_429' title='bbox 2400 3047 2457 3100; x_wconf 92' lang='lat' dir='ltr'><strong>et</strong></span> <span class='ocrx_word' id='word_1_430' title='bbox 2487 3043 2808 3116; x_wconf 89' lang='lat' dir='ltr'><strong>principem</strong></span> <span class='ocrx_word' id='word_1_431' title='bbox 2839 3044 3037 3099; x_wconf 91' lang='lat' dir='ltr'><strong>vincit.</strong></span> <span class='ocrx_word' id='word_1_432' title='bbox 3064 3047 3196 3110; x_wconf 83' lang='lat' dir='ltr'><strong>Quae</strong></span> <span class='ocrx_word' id='word_1_433' title='bbox 3231 3049 3448 3110; x_wconf 87' lang='lat' dir='ltr'><strong>autem,</strong></span> <span class='ocrx_word' id='word_1_434' title='bbox 3474 3044 3720 3113; x_wconf 89' lang='lat' dir='ltr'><strong>malum,</strong></span> 
     </span>
    </p>
   </div>
   <div class='ocr_carea' id='block_1_62' title="bbox 299 3130 3721 3208">
    <p class='ocr_par' dir='ltr' id='par_1_62' title="bbox 299 3130 3721 3208">
     <span class='ocr_line' id='line_1_63' title="bbox 299 3130 3721 3208; baseline -0.001 -15"><span class='ocrx_word' id='word_1_435' title='bbox 299 3135 584 3208; x_wconf 87' lang='lat' dir='ltr'><strong>exemplis</strong></span> <span class='ocrx_word' id='word_1_436' title='bbox 606 3135 762 3191; x_wconf 73' lang='lat'><strong>926</strong></span> <span class='ocrx_word' id='word_1_437' title='bbox 794 3133 1027 3206; x_wconf 91' lang='lat' dir='ltr'><strong>proprie</strong></span> <span class='ocrx_word' id='word_1_438' title='bbox 1058 3133 1345 3204; x_wconf 86' lang='lat' dir='ltr'><strong>Angelum</strong></span> <span class='ocrx_word' id='word_1_439' title='bbox 1375 3135 1476 3187; x_wconf 87' lang='lat' dir='ltr'><strong>aut</strong></span> <span class='ocrx_word' id='word_1_440' title='bbox 1495 3130 1836 3205; x_wconf 88' lang='lat' dir='ltr'><strong>intelligere,</strong></span> <span class='ocrx_word' id='word_1_441' title='bbox 1862 3137 1963 3188; x_wconf 90' lang='lat' dir='ltr'><strong>aut</strong></span> <span class='ocrx_word' id='word_1_442' title='bbox 2003 3201 2034 3208; x_wconf 73' lang='lat'>_</span> <span class='ocrx_word' id='word_1_443' title='bbox 2071 3134 2221 3189; x_wconf 90' lang='lat' dir='ltr'><strong>ratio</strong></span> <span class='ocrx_word' id='word_1_444' title='bbox 2243 3136 2352 3203; x_wconf 87' lang='lat' dir='ltr'><strong>est,</strong></span> <span class='ocrx_word' id='word_1_445' title='bbox 2388 3137 2452 3188; x_wconf 91' lang='lat' dir='ltr'><strong>ut</strong></span> <span class='ocrx_word' id='word_1_446' title='bbox 2473 3149 2606 3188; x_wconf 90' lang='lat' dir='ltr'><strong>cum</strong></span> <span class='ocrx_word' id='word_1_447' title='bbox 2657 3132 2852 3204; x_wconf 89' lang='lat' dir='ltr'><strong>legant</strong></span> <span class='ocrx_word' id='word_1_448' title='bbox 2882 3133 2992 3188; x_wconf 92' lang='lat' dir='ltr'><strong>hoc</strong></span> <span class='ocrx_word' id='word_1_449' title='bbox 3051 3134 3225 3188; x_wconf 87' lang='lat' dir='ltr'><strong>etiam</strong></span> <span class='ocrx_word' id='word_1_450' title='bbox 3286 3134 3464 3206; x_wconf 87' lang='lat' dir='ltr'><strong>Moysi</strong></span> <span class='ocrx_word' id='word_1_451' title='bbox 3507 3151 3721 3192; x_wconf 88' lang='lat' dir='ltr'><strong>nomen</strong></span> 
     </span>
    </p>
   </div>
   <div class='ocr_carea' id='block_1_63' title="bbox 298 3201 3720 3296">
    <p class='ocr_par' dir='ltr' id='par_1_63' title="bbox 298 3201 3720 3296">
     <span class='ocr_line' id='line_1_64' title="bbox 298 3201 3720 3296; baseline 0 -16"><span class='ocrx_word' id='word_1_452' title='bbox 298 3201 748 3296; x_wconf 79' lang='lat' dir='ltr'><strong>intelligendum</strong></span> <span class='ocrx_word' id='word_1_453' title='bbox 794 3201 936 3278; x_wconf 72' lang='lat' dir='ltr'><strong>esse</strong></span> <span class='ocrx_word' id='word_1_454' title='bbox 1006 3201 1395 3292; x_wconf 74' lang='lat' dir='ltr'><strong>contenderit,</strong></span> <span class='ocrx_word' id='word_1_455' title='bbox 1457 3221 1514 3275; x_wconf 89' lang='lat' dir='ltr'><strong>in</strong></span> <span class='ocrx_word' id='word_1_456' title='bbox 1565 3201 1964 3293; x_wconf 45' lang='lat' dir='ltr'><strong>hoc&#39;quoque</strong></span> <span class='ocrx_word' id='word_1_457' title='bbox 1993 3201 2036 3268; x_wconf 60' lang='grc' dir='ltr'><strong>(ἶ</strong></span> <span class='ocrx_word' id='word_1_458' title='bbox 2077 3224 2304 3290; x_wconf 88' lang='lat' dir='ltr'><strong>datum,</strong></span> <span class='ocrx_word' id='word_1_459' title='bbox 2339 3201 2478 3277; x_wconf 87' lang='lat' dir='ltr'><strong>dum</strong></span> <span class='ocrx_word' id='word_1_460' title='bbox 2513 3201 2748 3289; x_wconf 46' lang='lat' dir='ltr'><strong>dicitur,</strong></span> <span class='ocrx_word' id='word_1_461' title='bbox 2771 3223 2937 3278; x_wconf 89' lang='lat' dir='ltr'><strong>Deum</strong></span> <span class='ocrx_word' id='word_1_462' title='bbox 2961 3227 3011 3277; x_wconf 82' lang='lat' dir='ltr'><strong>te</strong></span> <span class='ocrx_word' id='word_1_463' title='bbox 3037 3225 3197 3294; x_wconf 84' lang='lat' dir='ltr'><strong>posui</strong></span> <span class='ocrx_word' id='word_1_464' title='bbox 3218 3201 3720 3290; x_wconf 69' lang='lat' dir='ltr'><strong>Phardoni(E.cod.</strong></span> 
     </span>
    </p>
   </div>
   <div class='ocr_carea' id='block_1_64' title="bbox 298 3311 1961 3384">
    <p class='ocr_par' dir='ltr' id='par_1_64' title="bbox 298 3311 1961 3384">
     <span class='ocr_line' id='line_1_65' title="bbox 298 3311 1961 3384; baseline -0.001 -16"><span class='ocrx_word' id='word_1_465' title='bbox 298 3313 527 3369; x_wconf 84' lang='lat' dir='ltr'><strong>viribus</strong></span> <span class='ocrx_word' id='word_1_466' title='bbox 571 3312 836 3368; x_wconf 85' lang='lat' dir='ltr'><strong>veritatis</strong></span> <span class='ocrx_word' id='word_1_467' title='bbox 893 3311 1202 3384; x_wconf 83' lang='lat' dir='ltr'><strong>frangatur</strong></span> <span class='ocrx_word' id='word_1_468' title='bbox 1256 3327 1491 3366; x_wconf 89' lang='lat' dir='ltr'><strong>necesse</strong></span> <span class='ocrx_word' id='word_1_469' title='bbox 1539 3314 1646 3366; x_wconf 92' lang='lat' dir='ltr'><strong>est.</strong></span> <span class='ocrx_word' id='word_1_470' title='bbox 1708 3311 1852 3366; x_wconf 88' lang='lat' dir='ltr'><strong>Nam</strong></span> <span class='ocrx_word' id='word_1_471' title='bbox 1911 3312 1961 3367; x_wconf 90' lang='lat' dir='ltr'><strong>si</strong></span> 
     </span>
    </p>
   </div>
   <div class='ocr_carea' id='block_1_65' title="bbox 297 3399 1962 3473">
    <p class='ocr_par' dir='ltr' id='par_1_65' title="bbox 297 3399 1962 3473">
     <span class='ocr_line' id='line_1_66' title="bbox 297 3399 1962 3473; baseline -0.001 -14"><span class='ocrx_word' id='word_1_472' title='bbox 297 3402 703 3473; x_wconf 81' lang='lat' dir='ltr'><strong>omnibus(58)</strong></span> <span class='ocrx_word' id='word_1_473' title='bbox 735 3401 1090 3468; x_wconf 63' lang='lat' dir='ltr'><strong>coelestibus,</strong></span> <span class='ocrx_word' id='word_1_474' title='bbox 1109 3401 1354 3458; x_wconf 88' lang='lat' dir='ltr'><strong>terrenis</strong></span> <span class='ocrx_word' id='word_1_475' title='bbox 1377 3404 1430 3456; x_wconf 87' lang='lat' dir='ltr'><strong>et</strong></span> <span class='ocrx_word' id='word_1_476' title='bbox 1461 3399 1706 3456; x_wconf 86' lang='lat' dir='ltr'><strong>infernis</strong></span> <span class='ocrx_word' id='word_1_477' title='bbox 1735 3401 1962 3458; x_wconf 91' lang='lat' dir='ltr'><strong>Christo</strong></span> 
     </span>
    </p>
   </div>
   <div class='ocr_carea' id='block_1_66' title="bbox 297 3489 1965 3562">
    <p class='ocr_par' dir='ltr' id='par_1_66' title="bbox 297 3489 1965 3562">
     <span class='ocr_line' id='line_1_67' title="bbox 297 3489 1965 3562; baseline -0.001 -14"><span class='ocrx_word' id='word_1_478' title='bbox 297 3491 583 3556; x_wconf 86' lang='lat' dir='ltr'><strong>subditis,</strong></span> <span class='ocrx_word' id='word_1_479' title='bbox 618 3491 794 3547; x_wconf 88' lang='lat' dir='ltr'><strong>etiam</strong></span> <span class='ocrx_word' id='word_1_480' title='bbox 829 3491 940 3562; x_wconf 89' lang='lat' dir='ltr'><strong>ipsi</strong></span> <span class='ocrx_word' id='word_1_481' title='bbox 993 3490 1194 3562; x_wconf 88' lang='lat' dir='ltr'><strong>Angeli</strong></span> <span class='ocrx_word' id='word_1_482' title='bbox 1229 3506 1362 3544; x_wconf 90' lang='lat' dir='ltr'><strong>cum</strong></span> <span class='ocrx_word' id='word_1_483' title='bbox 1412 3490 1690 3545; x_wconf 87' lang='lat' dir='ltr'><strong>omnibus</strong></span> <span class='ocrx_word' id='word_1_484' title='bbox 1743 3489 1965 3546; x_wconf 65' lang='lat' dir='ltr'><strong>caeteris</strong></span> 
     </span>
    </p>
   </div>
   <div class='ocr_carea' id='block_1_67' title="bbox 304 3578 1962 3653">
    <p class='ocr_par' dir='ltr' id='par_1_67' title="bbox 304 3578 1962 3653">
     <span class='ocr_line' id='line_1_68' title="bbox 304 3578 1962 3653; baseline -0.002 -18"><span class='ocrx_word' id='word_1_485' title='bbox 304 3595 671 3653; x_wconf 76' lang='lat' dir='ltr'><strong>quaecunque</strong></span> <span class='ocrx_word' id='word_1_486' title='bbox 723 3579 987 3650; x_wconf 88' lang='lat' dir='ltr'><strong>subjecta</strong></span> <span class='ocrx_word' id='word_1_487' title='bbox 1045 3583 1183 3632; x_wconf 89' lang='lat' dir='ltr'><strong>sunt</strong></span> <span class='ocrx_word' id='word_1_488' title='bbox 1238 3578 1466 3634; x_wconf 91' lang='lat' dir='ltr'><strong>Christo</strong></span> <span class='ocrx_word' id='word_1_489' title='bbox 1520 3578 1797 3633; x_wconf 90' lang='lat' dir='ltr'><strong>dicuntur</strong></span> <span class='ocrx_word' id='word_1_490' title='bbox 1860 3578 1962 3645; x_wconf 92' lang='lat' dir='ltr'><strong>dii,</strong></span> 
     </span>
    </p>
   </div>
   <div class='ocr_carea' id='block_1_68' title="bbox 295 3666 1964 3742">
    <p class='ocr_par' dir='ltr' id='par_1_68' title="bbox 295 3666 1964 3742">
     <span class='ocr_line' id='line_1_69' title="bbox 295 3666 1964 3742; baseline -0.001 -18"><span class='ocrx_word' id='word_1_491' title='bbox 295 3670 438 3742; x_wconf 90' lang='lat' dir='ltr'><strong>jure</strong></span> <span class='ocrx_word' id='word_1_492' title='bbox 458 3673 516 3723; x_wconf 90' lang='lat' dir='ltr'><strong>et</strong></span> <span class='ocrx_word' id='word_1_493' title='bbox 547 3668 700 3723; x_wconf 89' lang='lat' dir='ltr'><strong>Deus</strong></span> <span class='ocrx_word' id='word_1_494' title='bbox 729 3666 1013 3722; x_wconf 90' lang='lat' dir='ltr'><strong>Christus.</strong></span> <span class='ocrx_word' id='word_1_495' title='bbox 1066 3668 1132 3722; x_wconf 88' lang='lat' dir='ltr'><strong>Et</strong></span> <span class='ocrx_word' id='word_1_496' title='bbox 1159 3667 1206 3722; x_wconf 91' lang='lat' dir='ltr'><strong>si</strong></span> <span class='ocrx_word' id='word_1_497' title='bbox 1239 3666 1430 3738; x_wconf 86' lang='lat' dir='ltr'><strong>quivis</strong></span> <span class='ocrx_word' id='word_1_498' title='bbox 1460 3667 1712 3739; x_wconf 86' lang='lat' dir='ltr'><strong>Angelus</strong></span> <span class='ocrx_word' id='word_1_499' title='bbox 1764 3667 1964 3722; x_wconf 89' lang='lat' dir='ltr'><strong>subdi-</strong></span> 
     </span>
    </p>
   </div>
   <div class='ocr_carea' id='block_1_69' title="bbox 304 3755 1969 3828">
    <p class='ocr_par' dir='ltr' id='par_1_69' title="bbox 304 3755 1969 3828">
     <span class='ocr_line' id='line_1_70' title="bbox 304 3755 1969 3828; baseline -0.001 -14"><span class='ocrx_word' id='word_1_500' title='bbox 304 3763 406 3814; x_wconf 84' lang='lat' dir='ltr'><strong>tus</strong></span> <span class='ocrx_word' id='word_1_501' title='bbox 450 3757 681 3813; x_wconf 90' lang='lat' dir='ltr'><strong>Christo</strong></span> <span class='ocrx_word' id='word_1_502' title='bbox 713 3757 856 3812; x_wconf 90' lang='lat' dir='ltr'><strong>deus</strong></span> <span class='ocrx_word' id='word_1_503' title='bbox 918 3760 1110 3828; x_wconf 91' lang='lat' dir='ltr'><strong>potest</strong></span> <span class='ocrx_word' id='word_1_504' title='bbox 1157 3755 1268 3811; x_wconf 91' lang='lat' dir='ltr'><strong>dici</strong></span> <span class='ocrx_word' id='word_1_505' title='bbox 1300 3781 1315 3825; x_wconf 85' lang='lat'><strong>;</strong></span> <span class='ocrx_word' id='word_1_506' title='bbox 1357 3760 1414 3812; x_wconf 90' lang='lat' dir='ltr'><strong>et</strong></span> <span class='ocrx_word' id='word_1_507' title='bbox 1452 3756 1560 3812; x_wconf 90' lang='lat' dir='ltr'><strong>hoc</strong></span> <span class='ocrx_word' id='word_1_508' title='bbox 1591 3757 1639 3812; x_wconf 91' lang='lat' dir='ltr'><strong>si</strong></span> <span class='ocrx_word' id='word_1_509' title='bbox 1673 3756 1884 3812; x_wconf 88' lang='lat' dir='ltr'><strong>dicitur</strong></span> <span class='ocrx_word' id='word_1_510' title='bbox 1911 3760 1969 3812; x_wconf 91' lang='lat' dir='ltr'><strong>et</strong></span> 
     </span>
    </p>
   </div>
   <div class='ocr_carea' id='block_1_70' title="bbox 2071 3311 3721 3384">
    <p class='ocr_par' dir='ltr' id='par_1_70' title="bbox 2071 3311 3721 3384">
     <span class='ocr_line' id='line_1_71' title="bbox 2071 3311 3721 3384; baseline 0.002 -18"><span class='ocrx_word' id='word_1_511' title='bbox 2071 3329 2170 3380; x_wconf 87' lang='lat' dir='ltr'><strong>vu,</strong></span> <span class='ocrx_word' id='word_1_512' title='bbox 2211 3312 2283 3383; x_wconf 86' lang='grc'>1),</span> <span class='ocrx_word' id='word_1_513' title='bbox 2317 3311 2547 3366; x_wconf 89' lang='lat' dir='ltr'><strong>Christo</strong></span> <span class='ocrx_word' id='word_1_514' title='bbox 2580 3316 2842 3383; x_wconf 89' lang='lat' dir='ltr'><strong>negetur,</strong></span> <span class='ocrx_word' id='word_1_515' title='bbox 2895 3313 2992 3384; x_wconf 92' lang='lat' dir='ltr'><strong>qui</strong></span> <span class='ocrx_word' id='word_1_516' title='bbox 3050 3330 3163 3367; x_wconf 90' lang='lat' dir='ltr'><strong>non</strong></span> <span class='ocrx_word' id='word_1_517' title='bbox 3224 3313 3508 3368; x_wconf 83' lang='lat' dir='ltr'><strong>Pharaoni</strong></span> <span class='ocrx_word' id='word_1_518' title='bbox 3543 3315 3721 3382; x_wconf 84' lang='lat' dir='ltr'><strong>Deus,</strong></span> 
     </span>
    </p>
   </div>
   <div class='ocr_carea' id='block_1_71' title="bbox 2073 3402 3721 3459">
    <p class='ocr_par' dir='ltr' id='par_1_71' title="bbox 2073 3402 3721 3459">
     <span class='ocr_line' id='line_1_72' title="bbox 2073 3402 3721 3459; baseline 0.001 -2"><span class='ocrx_word' id='word_1_519' title='bbox 2073 3402 2173 3457; x_wconf 90' lang='lat' dir='ltr'><strong>sed</strong></span> <span class='ocrx_word' id='word_1_520' title='bbox 2199 3402 2485 3456; x_wconf 65' lang='lat' dir='ltr'><strong>universe</strong></span> <span class='ocrx_word' id='word_1_521' title='bbox 2506 3405 2786 3456; x_wconf 73' lang='lat' dir='ltr'><strong>creatura:</strong></span> <span class='ocrx_word' id='word_1_522' title='bbox 2839 3405 2896 3456; x_wconf 89' lang='lat' dir='ltr'><strong>et</strong></span> <span class='ocrx_word' id='word_1_523' title='bbox 2944 3402 3224 3456; x_wconf 88' lang='lat' dir='ltr'><strong>Dominus</strong></span> <span class='ocrx_word' id='word_1_524' title='bbox 3283 3407 3336 3457; x_wconf 89' lang='lat' dir='ltr'><strong>et</strong></span> <span class='ocrx_word' id='word_1_525' title='bbox 3382 3404 3533 3459; x_wconf 76' lang='lat'><strong>927</strong></span> <span class='ocrx_word' id='word_1_526' title='bbox 3571 3408 3721 3459; x_wconf 89' lang='lat' dir='ltr'><strong>Deus</strong></span> 
     </span>
    </p>
   </div>
   <div class='ocr_carea' id='block_1_72' title="bbox 2073 3490 3721 3563">
    <p class='ocr_par' dir='ltr' id='par_1_72' title="bbox 2073 3490 3721 3563">
     <span class='ocr_line' id='line_1_73' title="bbox 2073 3490 3721 3563; baseline 0.002 -17"><span class='ocrx_word' id='word_1_527' title='bbox 2073 3490 2433 3546; x_wconf 90' lang='lat' dir='ltr'><strong>constitutus</strong></span> <span class='ocrx_word' id='word_1_528' title='bbox 2463 3506 2592 3546; x_wconf 84' lang='lat' dir='ltr'><strong>esse</strong></span> <span class='ocrx_word' id='word_1_529' title='bbox 2625 3490 2913 3561; x_wconf 87' lang='lat' dir='ltr'><strong>reperitur</strong></span> <span class='ocrx_word' id='word_1_530' title='bbox 2941 3491 2968 3545; x_wconf 87' lang='lat'><strong>?</strong></span> <span class='ocrx_word' id='word_1_531' title='bbox 2997 3491 3064 3544; x_wconf 91' lang='lat' dir='ltr'><strong>Et</strong></span> <span class='ocrx_word' id='word_1_532' title='bbox 3106 3492 3160 3544; x_wconf 93' lang='lat' dir='ltr'><strong>in</strong></span> <span class='ocrx_word' id='word_1_533' title='bbox 3196 3492 3292 3547; x_wconf 91' lang='lat' dir='ltr'><strong>illo</strong></span> <span class='ocrx_word' id='word_1_534' title='bbox 3344 3492 3578 3563; x_wconf 88' lang='lat' dir='ltr'><strong>quidem</strong></span> <span class='ocrx_word' id='word_1_535' title='bbox 3612 3493 3721 3549; x_wconf 89' lang='lat' dir='ltr'><strong>hoc</strong></span> 
     </span>
    </p>
   </div>
   <div class='ocr_carea' id='block_1_73' title="bbox 2074 3579 3722 3651">
    <p class='ocr_par' dir='ltr' id='par_1_73' title="bbox 2074 3579 3722 3651">
     <span class='ocr_line' id='line_1_74' title="bbox 2074 3579 3722 3651; baseline 0.001 -17"><span class='ocrx_word' id='word_1_536' title='bbox 2074 3593 2284 3634; x_wconf 89' lang='lat' dir='ltr'><strong>nomen</strong></span> <span class='ocrx_word' id='word_1_537' title='bbox 2313 3583 2635 3651; x_wconf 85' lang='lat' dir='ltr'><strong>temperate</strong></span> <span class='ocrx_word' id='word_1_538' title='bbox 2666 3579 2892 3647; x_wconf 88' lang='lat' dir='ltr'><strong>datum,</strong></span> <span class='ocrx_word' id='word_1_539' title='bbox 2956 3580 3014 3633; x_wconf 92' lang='lat' dir='ltr'><strong>in</strong></span> <span class='ocrx_word' id='word_1_540' title='bbox 3066 3579 3173 3634; x_wconf 91' lang='lat' dir='ltr'><strong>hoc</strong></span> <span class='ocrx_word' id='word_1_541' title='bbox 3221 3581 3453 3650; x_wconf 82' lang='lat' dir='ltr'><strong>profuse</strong></span> <span class='ocrx_word' id='word_1_542' title='bbox 3488 3599 3500 3636; x_wconf 90' lang='lat'><strong>:</strong></span> <span class='ocrx_word' id='word_1_543' title='bbox 3535 3583 3592 3636; x_wconf 92' lang='lat' dir='ltr'><strong>in</strong></span> <span class='ocrx_word' id='word_1_544' title='bbox 3626 3581 3722 3638; x_wconf 93' lang='lat' dir='ltr'><strong>illo</strong></span> 
     </span>
    </p>
   </div>
   <div class='ocr_carea' id='block_1_74' title="bbox 2076 3667 3723 3740">
    <p class='ocr_par' dir='ltr' id='par_1_74' title="bbox 2076 3667 3723 3740">
     <span class='ocr_line' id='line_1_75' title="bbox 2076 3667 3723 3740; baseline 0.001 -16"><span class='ocrx_word' id='word_1_545' title='bbox 2076 3667 2146 3725; x_wconf 88' lang='lat' dir='ltr'><strong>ad</strong></span> <span class='ocrx_word' id='word_1_546' title='bbox 2181 3683 2540 3739; x_wconf 88' lang='lat' dir='ltr'><strong>mensuram,</strong></span> <span class='ocrx_word' id='word_1_547' title='bbox 2565 3668 2624 3724; x_wconf 90' lang='lat' dir='ltr'><strong>in</strong></span> <span class='ocrx_word' id='word_1_548' title='bbox 2654 3669 2764 3724; x_wconf 93' lang='lat' dir='ltr'><strong>hoe</strong></span> <span class='ocrx_word' id='word_1_549' title='bbox 2812 3685 2991 3740; x_wconf 86' lang='lat' dir='ltr'><strong>supra</strong></span> <span class='ocrx_word' id='word_1_550' title='bbox 3025 3686 3257 3724; x_wconf 89' lang='lat' dir='ltr'><strong>omnem</strong></span> <span class='ocrx_word' id='word_1_551' title='bbox 3290 3670 3528 3725; x_wconf 90' lang='lat' dir='ltr'><strong>omnino</strong></span> <span class='ocrx_word' id='word_1_552' title='bbox 3561 3687 3723 3726; x_wconf 86' lang='lat' dir='ltr'><strong>men—</strong></span> 
     </span>
    </p>
   </div>
   <div class='ocr_carea' id='block_1_75' title="bbox 2077 3757 3726 3831">
    <p class='ocr_par' dir='ltr' id='par_1_75' title="bbox 2077 3757 3726 3831">
     <span class='ocr_line' id='line_1_76' title="bbox 2077 3757 3726 3831; baseline 0.001 -17"><span class='ocrx_word' id='word_1_553' title='bbox 2077 3773 2300 3814; x_wconf 82' lang='lat' dir='ltr'><strong>suram.</strong></span> <span class='ocrx_word' id='word_1_554' title='bbox 2333 3757 2451 3813; x_wconf 87' lang='lat' dir='ltr'><strong>Non</strong></span> <span class='ocrx_word' id='word_1_555' title='bbox 2479 3759 2632 3814; x_wconf 83' lang='lat' dir='ltr'><strong>enim</strong></span> <span class='ocrx_word' id='word_1_556' title='bbox 2688 3757 2759 3812; x_wconf 88' lang='lat' dir='ltr'><strong>ad</strong></span> <span class='ocrx_word' id='word_1_557' title='bbox 2787 3775 3134 3826; x_wconf 83' lang='lat' dir='ltr'><strong>mensuram,</strong></span> <span class='ocrx_word' id='word_1_558' title='bbox 3190 3759 3404 3831; x_wconf 86' lang='lat' dir='ltr'><strong>inquit,</strong></span> <span class='ocrx_word' id='word_1_559' title='bbox 3461 3760 3551 3816; x_wconf 84' lang='lat' dir='ltr'><strong>dat</strong></span> <span class='ocrx_word' id='word_1_560' title='bbox 3579 3761 3726 3816; x_wconf 80' lang='lat' dir='ltr'><strong>Filio</strong></span> 
     </span>
    </p>
   </div>
   <div class='ocr_carea' id='block_1_76' title="bbox 1594 3873 2443 3936">
    <p class='ocr_par' dir='ltr' id='par_1_76' title="bbox 1594 3873 2443 3936">
     <span class='ocr_line' id='line_1_77' title="bbox 1594 3873 2443 3936; baseline -0.002 0"><span class='ocrx_word' id='word_1_561' title='bbox 1594 3873 1902 3936; x_wconf 88' lang='lat' dir='ltr'><strong>Gallaudii</strong></span> <span class='ocrx_word' id='word_1_562' title='bbox 1932 3875 2443 3936; x_wconf 88' lang='lat' dir='ltr'><strong>commentarius.</strong></span> 
     </span>
    </p>
   </div>
   <div class='ocr_carea' id='block_1_77' title="bbox 383 3978 1968 4052">
    <p class='ocr_par' dir='ltr' id='par_1_77' title="bbox 383 3978 1968 4052">
     <span class='ocr_line' id='line_1_78' title="bbox 383 3978 1968 4052; baseline 0 -18"><span class='ocrx_word' id='word_1_563' title='bbox 383 3979 496 4050; x_wconf 90' lang='lat'>(53)</span> <span class='ocrx_word' id='word_1_564' title='bbox 523 3979 1144 4052; x_wconf 19' lang='lat' dir='ltr'><strong>AlterumADeumaHas</strong></span> <span class='ocrx_word' id='word_1_565' title='bbox 1171 3994 1339 4034; x_wconf 89' lang='lat' dir='ltr'><strong>voces</strong></span> <span class='ocrx_word' id='word_1_566' title='bbox 1358 3996 1398 4052; x_wconf 9' lang='lat' dir='ltr'><strong>ar</strong></span> <span class='ocrx_word' id='word_1_567' title='bbox 1425 3978 1683 4052; x_wconf 88' lang='lat' dir='ltr'><strong>librariis</strong></span> <span class='ocrx_word' id='word_1_568' title='bbox 1732 3983 1968 4052; x_wconf 90' lang='lat' dir='ltr'><strong>propter</strong></span> 
     </span>
    </p>
   </div>
   <div class='ocr_carea' id='block_1_78' title="bbox 306 4047 1962 4123">
    <p class='ocr_par' dir='ltr' id='par_1_78' title="bbox 306 4047 1962 4123">
     <span class='ocr_line' id='line_1_79' title="bbox 306 4047 1962 4123; baseline 0 -16"><span class='ocrx_word' id='word_1_569' title='bbox 306 4047 649 4107; x_wconf 83' lang='lat' dir='ltr'><strong>consuetam</strong></span> <span class='ocrx_word' id='word_1_570' title='bbox 678 4051 737 4123; x_wconf 90' lang='lat' dir='ltr'><strong>in</strong></span> <span class='ocrx_word' id='word_1_571' title='bbox 769 4047 1656 4123; x_wconf 54' lang='lat' dir='ltr'><strong>operaeshéretqnegligentiam</strong></span> <span class='ocrx_word' id='word_1_572' title='bbox 1688 4047 1962 4119; x_wconf 66' lang='lat' dir='ltr'><strong>omissas,</strong></span> 
     </span>
    </p>
   </div>
   <div class='ocr_carea' id='block_1_79' title="bbox 307 4121 2023 4179">
    <p class='ocr_par' dir='ltr' id='par_1_79' title="bbox 307 4121 2023 4179">
     <span class='ocr_line' id='line_1_80' title="bbox 307 4121 2023 4179; baseline -0.001 0"><span class='ocrx_word' id='word_1_573' title='bbox 307 4131 468 4179; x_wconf 89' lang='lat' dir='ltr'><strong>recte</strong></span> <span class='ocrx_word' id='word_1_574' title='bbox 489 4121 1098 4178; x_wconf 89' lang='lat' dir='ltr'><strong>restituissevidentur</strong></span> <span class='ocrx_word' id='word_1_575' title='bbox 1113 4121 1964 4178; x_wconf 79' lang='lat' dir='ltr'><strong>WelcbmanusetJacksonus.</strong></span> <span class='ocrx_word' id='word_1_576' title='bbox 2019 4163 2023 4166; x_wconf 70' lang='lat'><strong>.</strong></span> 
     </span>
    </p>
   </div>
   <div class='ocr_carea' id='block_1_80' title="bbox 386 4195 1962 4266">
    <p class='ocr_par' dir='ltr' id='par_1_80' title="bbox 386 4195 1962 4266">
     <span class='ocr_line' id='line_1_81' title="bbox 386 4195 1962 4266; baseline 0.002 -18"><span class='ocrx_word' id='word_1_577' title='bbox 386 4195 499 4266; x_wconf 72' lang='grc'>(54)</span> <span class='ocrx_word' id='word_1_578' title='bbox 526 4196 614 4250; x_wconf 75' lang='lat' dir='ltr'><strong>Ea:</strong></span> <span class='ocrx_word' id='word_1_579' title='bbox 642 4209 744 4266; x_wconf 90' lang='lat' dir='ltr'><strong>quo</strong></span> <span class='ocrx_word' id='word_1_580' title='bbox 775 4211 975 4249; x_wconf 81' lang='lat' dir='ltr'><strong>manus</strong></span> <span class='ocrx_word' id='word_1_581' title='bbox 1011 4209 1236 4266; x_wconf 86' lang='lat' dir='ltr'><strong>ponere,</strong></span> <span class='ocrx_word' id='word_1_582' title='bbox 1273 4195 1509 4250; x_wconf 87' lang='lat' dir='ltr'><strong>Poneret</strong></span> <span class='ocrx_word' id='word_1_583' title='bbox 1539 4196 1810 4251; x_wconf 87' lang='lat' dir='ltr'><strong>rescribit</strong></span> <span class='ocrx_word' id='word_1_584' title='bbox 1861 4201 1962 4251; x_wconf 87' lang='lat' dir='ltr'><strong>Co-</strong></span> 
     </span>
    </p>
   </div>
   <div class='ocr_carea' id='block_1_81' title="bbox 308 4265 1962 4338">
    <p class='ocr_par' dir='ltr' id='par_1_81' title="bbox 308 4265 1962 4338">
     <span class='ocr_line' id='line_1_82' title="bbox 308 4265 1962 4338; baseline -0.001 -16"><span class='ocrx_word' id='word_1_585' title='bbox 308 4265 551 4322; x_wconf 85' lang='lat' dir='ltr'><strong>telerius</strong></span> <span class='ocrx_word' id='word_1_586' title='bbox 607 4265 842 4338; x_wconf 80' lang='lat' dir='ltr'><strong>Monum.</strong></span> <span class='ocrx_word' id='word_1_587' title='bbox 902 4265 1209 4338; x_wconf 13' lang='lat' dir='ltr'><strong>Eccl._,Gr.r</strong></span> <span class='ocrx_word' id='word_1_588' title='bbox 1244 4271 1386 4321; x_wconf 92' lang='lat' dir='ltr'><strong>tom.</strong></span> <span class='ocrx_word' id='word_1_589' title='bbox 1437 4267 1535 4334; x_wconf 89' lang='lat' dir='ltr'><strong>III,</strong></span> <span class='ocrx_word' id='word_1_590' title='bbox 1588 4284 1643 4338; x_wconf 92' lang='lat' dir='ltr'><strong>p.</strong></span> <span class='ocrx_word' id='word_1_591' title='bbox 1692 4268 1820 4336; x_wconf 84' lang='grc'>634,</span> <span class='ocrx_word' id='word_1_592' title='bbox 1871 4267 1962 4321; x_wconf 92' lang='lat' dir='ltr'><strong>cni</strong></span> 
     </span>
    </p>
   </div>
   <div class='ocr_carea' id='block_1_82' title="bbox 307 4336 1964 4419">
    <p class='ocr_par' dir='ltr' id='par_1_82' title="bbox 307 4336 1964 4419">
     <span class='ocr_line' id='line_1_83' title="bbox 307 4336 1964 4419; baseline -0.001 -26"><span class='ocrx_word' id='word_1_593' title='bbox 307 4338 605 4419; x_wconf 66' lang='lat' dir='ltr'><strong>adhaerent</strong></span> <span class='ocrx_word' id='word_1_594' title='bbox 626 4337 877 4419; x_wconf 78' lang='lat' dir='ltr'><strong>editores</strong></span> <span class='ocrx_word' id='word_1_595' title='bbox 909 4336 1464 4419; x_wconf 38' lang='lat' dir='ltr'><strong>Anglicani..Czncus</strong></span> <span class='ocrx_word' id='word_1_596' title='bbox 1498 4336 1668 4419; x_wconf 78' lang='lat' dir='ltr'><strong>porre</strong></span> <span class='ocrx_word' id='word_1_597' title='bbox 1714 4345 1821 4405; x_wconf 87' lang='lat' dir='ltr'><strong>est,</strong></span> <span class='ocrx_word' id='word_1_598' title='bbox 1855 4339 1964 4419; x_wconf 41' lang='lat' dir='ltr'><strong>.in-</strong></span> 
     </span>
    </p>
   </div>
   <div class='ocr_carea' id='block_1_83' title="bbox 2073 3980 3725 4052">
    <p class='ocr_par' dir='ltr' id='par_1_83' title="bbox 2073 3980 3725 4052">
     <span class='ocr_line' id='line_1_84' title="bbox 2073 3980 3725 4052; baseline 0 -17"><span class='ocrx_word' id='word_1_599' title='bbox 2073 3980 2324 4036; x_wconf 89' lang='lat' dir='ltr'><strong>videtur.</strong></span> <span class='ocrx_word' id='word_1_600' title='bbox 2357 3981 2583 4052; x_wconf 88' lang='lat' dir='ltr'><strong>Monuit</strong></span> <span class='ocrx_word' id='word_1_601' title='bbox 2610 3981 2700 4034; x_wconf 90' lang='lat' dir='ltr'><strong>vir</strong></span> <span class='ocrx_word' id='word_1_602' title='bbox 2729 3983 2960 4046; x_wconf 89' lang='lat' dir='ltr'><strong>doctus,</strong></span> <span class='ocrx_word' id='word_1_603' title='bbox 2993 3999 3160 4036; x_wconf 84' lang='lat' dir='ltr'><strong>voces</strong></span> <span class='ocrx_word' id='word_1_604' title='bbox 3191 3982 3290 4050; x_wconf 86' lang='lat' dir='ltr'><strong>dii,</strong></span> <span class='ocrx_word' id='word_1_605' title='bbox 3330 3983 3460 4052; x_wconf 83' lang='lat' dir='ltr'><strong>jure</strong></span> <span class='ocrx_word' id='word_1_606' title='bbox 3496 3987 3548 4037; x_wconf 85' lang='lat' dir='ltr'><strong>et</strong></span> <span class='ocrx_word' id='word_1_607' title='bbox 3578 3986 3725 4036; x_wconf 88' lang='lat' dir='ltr'><strong>Deus</strong></span> 
     </span>
    </p>
   </div>
   <div class='ocr_carea' id='block_1_84' title="bbox 2077 4051 3726 4124">
    <p class='ocr_par' dir='ltr' id='par_1_84' title="bbox 2077 4051 3726 4124">
     <span class='ocr_line' id='line_1_85' title="bbox 2077 4051 3726 4124; baseline -0.001 -15"><span class='ocrx_word' id='word_1_608' title='bbox 2077 4053 2333 4124; x_wconf 80' lang='lat' dir='ltr'><strong>Christus</strong></span> <span class='ocrx_word' id='word_1_609' title='bbox 2362 4051 2516 4108; x_wconf 88' lang='lat' dir='ltr'><strong>visas</strong></span> <span class='ocrx_word' id='word_1_610' title='bbox 2556 4068 2684 4108; x_wconf 89' lang='lat' dir='ltr'><strong>esse</strong></span> <span class='ocrx_word' id='word_1_611' title='bbox 2725 4053 2958 4124; x_wconf 67' lang='lat' dir='ltr'><strong>Gagnaai</strong></span> <span class='ocrx_word' id='word_1_612' title='bbox 2991 4051 3365 4117; x_wconf 84' lang='lat' dir='ltr'><strong>additionem,</strong></span> <span class='ocrx_word' id='word_1_613' title='bbox 3392 4059 3445 4108; x_wconf 91' lang='lat' dir='ltr'><strong>et</strong></span> <span class='ocrx_word' id='word_1_614' title='bbox 3476 4053 3726 4108; x_wconf 88' lang='lat' dir='ltr'><strong>omissas</strong></span> 
     </span>
    </p>
   </div>
   <div class='ocr_carea' id='block_1_85' title="bbox 2076 4122 3722 4195">
    <p class='ocr_par' dir='ltr' id='par_1_85' title="bbox 2076 4122 3722 4195">
     <span class='ocr_line' id='line_1_86' title="bbox 2076 4122 3722 4195; baseline 0 -15"><span class='ocrx_word' id='word_1_615' title='bbox 2076 4141 2109 4180; x_wconf 89' lang='lat' dir='ltr'><strong>a</strong></span> <span class='ocrx_word' id='word_1_616' title='bbox 2139 4122 2396 4188; x_wconf 92' lang='lat' dir='ltr'><strong>Gelenio,</strong></span> <span class='ocrx_word' id='word_1_617' title='bbox 2448 4124 2676 4195; x_wconf 89' lang='lat' dir='ltr'><strong>vindice</strong></span> <span class='ocrx_word' id='word_1_618' title='bbox 2716 4122 2837 4179; x_wconf 57' lang='lat' dir='ltr'><strong>ms:</strong></span> <span class='ocrx_word' id='word_1_619' title='bbox 2892 4126 3222 4180; x_wconf 75' lang='lat' dir='ltr'><strong>Britannico</strong></span> <span class='ocrx_word' id='word_1_620' title='bbox 3259 4143 3270 4190; x_wconf 92' lang='lat'>;</span> <span class='ocrx_word' id='word_1_621' title='bbox 3305 4128 3474 4195; x_wconf 89' lang='lat' dir='ltr'><strong>cujus</strong></span> <span class='ocrx_word' id='word_1_622' title='bbox 3534 4124 3722 4193; x_wconf 90' lang='lat' dir='ltr'><strong>lectio,</strong></span> 
     </span>
    </p>
   </div>
   <div class='ocr_carea' id='block_1_86' title="bbox 2075 4194 3720 4268">
    <p class='ocr_par' dir='ltr' id='par_1_86' title="bbox 2075 4194 3720 4268">
     <span class='ocr_line' id='line_1_87' title="bbox 2075 4194 3720 4268; baseline 0.001 -17"><span class='ocrx_word' id='word_1_623' title='bbox 2075 4213 2192 4251; x_wconf 90' lang='lat' dir='ltr'><strong>uno</strong></span> <span class='ocrx_word' id='word_1_624' title='bbox 2224 4194 2502 4268; x_wconf 84' lang='lat' dir='ltr'><strong>vocabulo</strong></span> <span class='ocrx_word' id='word_1_625' title='bbox 2527 4197 2854 4268; x_wconf 78' lang='lat' dir='ltr'><strong>subjectivel</strong></span> <span class='ocrx_word' id='word_1_626' title='bbox 2869 4198 3076 4251; x_wconf 84' lang='lat' dir='ltr'><strong>subditi</strong></span> <span class='ocrx_word' id='word_1_627' title='bbox 3105 4198 3300 4251; x_wconf 88' lang='lat' dir='ltr'><strong>addito</strong></span> <span class='ocrx_word' id='word_1_628' title='bbox 3321 4194 3450 4266; x_wconf 87' lang='lat' dir='ltr'><strong>post</strong></span> <span class='ocrx_word' id='word_1_629' title='bbox 3481 4198 3720 4253; x_wconf 87' lang='lat' dir='ltr'><strong>verbum</strong></span> 
     </span>
    </p>
   </div>
   <div class='ocr_carea' id='block_1_87' title="bbox 2073 4266 3720 4333">
    <p class='ocr_par' dir='ltr' id='par_1_87' title="bbox 2073 4266 3720 4333">
     <span class='ocr_line' id='line_1_88' title="bbox 2073 4266 3720 4333; baseline 0.001 -11"><span class='ocrx_word' id='word_1_630' title='bbox 2073 4268 2360 4333; x_wconf 82' lang='lat' dir='ltr'><strong>dicuntur,</strong></span> <span class='ocrx_word' id='word_1_631' title='bbox 2397 4266 2554 4321; x_wconf 88' lang='lat' dir='ltr'><strong>hunc</strong></span> <span class='ocrx_word' id='word_1_632' title='bbox 2587 4266 2796 4322; x_wconf 84' lang='lat' dir='ltr'><strong>sanum</strong></span> <span class='ocrx_word' id='word_1_633' title='bbox 2829 4268 2948 4323; x_wconf 87' lang='lat' dir='ltr'><strong>edit</strong></span> <span class='ocrx_word' id='word_1_634' title='bbox 2979 4284 3217 4322; x_wconf 85' lang='lat' dir='ltr'><strong>sensum</strong></span> <span class='ocrx_word' id='word_1_635' title='bbox 3255 4274 3433 4324; x_wconf 84' lang='lat' dir='ltr'><strong>:Nam</strong></span> <span class='ocrx_word' id='word_1_636' title='bbox 3461 4270 3513 4322; x_wconf 81' lang='lat' dir='ltr'><strong>si</strong></span> <span class='ocrx_word' id='word_1_637' title='bbox 3542 4271 3720 4323; x_wconf 84' lang='lat' dir='ltr'><strong>omni-</strong></span> 
     </span>
    </p>
   </div>
   <div class='ocr_carea' id='block_1_88' title="bbox 2076 4338 3719 4407">
    <p class='ocr_par' dir='ltr' id='par_1_88' title="bbox 2076 4338 3719 4407">
     <span class='ocr_line' id='line_1_89' title="bbox 2076 4338 3719 4407; baseline -0.001 -13"><span class='ocrx_word' id='word_1_638' title='bbox 2076 4338 2171 4394; x_wconf 87' lang='lat' dir='ltr'><strong>bus</strong></span> <span class='ocrx_word' id='word_1_639' title='bbox 2199 4339 2531 4404; x_wconf 63' lang='lat' dir='ltr'><strong>cwlestibus,</strong></span> <span class='ocrx_word' id='word_1_640' title='bbox 2566 4341 2796 4394; x_wconf 83' lang='lat' dir='ltr'><strong>terrenis</strong></span> <span class='ocrx_word' id='word_1_641' title='bbox 2827 4347 2876 4394; x_wconf 81' lang='lat' dir='ltr'><strong>et</strong></span> <span class='ocrx_word' id='word_1_642' title='bbox 2932 4341 3175 4407; x_wconf 79' lang='lat' dir='ltr'><strong>infernis</strong></span> <span class='ocrx_word' id='word_1_643' title='bbox 3211 4339 3423 4395; x_wconf 81' lang='lat' dir='ltr'><strong>Christo</strong></span> <span class='ocrx_word' id='word_1_644' title='bbox 3462 4341 3719 4407; x_wconf 83' lang='lat' dir='ltr'><strong>subditis,</strong></span> 
     </span>
    </p>
   </div>
   <div class='ocr_carea' id='block_1_89' title="bbox 309 4407 3716 4486">
    <p class='ocr_par' dir='ltr' id='par_1_89' title="bbox 309 4407 3716 4486">
     <span class='ocr_line' id='line_1_90' title="bbox 309 4407 3716 4486; baseline 0.001 -21"><span class='ocrx_word' id='word_1_645' title='bbox 309 4410 442 4480; x_wconf 90' lang='lat' dir='ltr'><strong>quit</strong></span> <span class='ocrx_word' id='word_1_646' title='bbox 472 4407 912 4486; x_wconf 67' lang='lat' dir='ltr'><strong>Welcbmanus,</strong></span> <span class='ocrx_word' id='word_1_647' title='bbox 933 4407 1031 4480; x_wconf 83' lang='lat' dir='ltr'><strong>qui</strong></span> <span class='ocrx_word' id='word_1_648' title='bbox 1058 4426 1167 4464; x_wconf 93' lang='lat' dir='ltr'><strong>non</strong></span> <span class='ocrx_word' id='word_1_649' title='bbox 1204 4409 1418 4486; x_wconf 76' lang='lat' dir='ltr'><strong>videat,</strong></span> <span class='ocrx_word' id='word_1_650' title='bbox 1451 4407 1570 4486; x_wconf 67' lang='lat' dir='ltr'><strong>haec</strong></span> <span class='ocrx_word' id='word_1_651' title='bbox 1601 4410 1967 4486; x_wconf 88' lang='lat' dir='ltr'><strong>ad_prox_ime</strong></span> <span class='ocrx_word' id='word_1_652' title='bbox 1996 4422 2041 4486; x_wconf 83' lang='lat' dir='ltr'><strong>D</strong></span> <span class='ocrx_word' id='word_1_653' title='bbox 2072 4414 2238 4486; x_wconf 82' lang='lat' dir='ltr'><strong>etiam</strong></span> <span class='ocrx_word' id='word_1_654' title='bbox 2266 4411 2380 4486; x_wconf 83' lang='lat' dir='ltr'><strong>ipsi</strong></span> <span class='ocrx_word' id='word_1_655' title='bbox 2412 4411 2606 4486; x_wconf 70' lang='lat' dir='ltr'><strong>Angeti</strong></span> <span class='ocrx_word' id='word_1_656' title='bbox 2644 4410 3059 4486; x_wconf 28' lang='lat' dir='ltr'><strong>,cumemnibus</strong></span> <span class='ocrx_word' id='word_1_657' title='bbox 3109 4414 3332 4486; x_wconf 10' lang='lat' dir='ltr'><strong>cgeﬁterz&#39;s</strong></span> <span class='ocrx_word' id='word_1_658' title='bbox 3363 4428 3716 4486; x_wconf 63' lang='lat' dir='ltr'><strong>quwcumque</strong></span> 
     </span>
    </p>
   </div>
   <div class='ocr_carea' id='block_1_90' title="bbox 311 4480 1962 4553">
    <p class='ocr_par' dir='ltr' id='par_1_90' title="bbox 311 4480 1962 4553">
     <span class='ocr_line' id='line_1_91' title="bbox 311 4480 1962 4553; baseline 0 -17"><span class='ocrx_word' id='word_1_659' title='bbox 311 4481 715 4553; x_wconf 85' lang='lat' dir='ltr'><strong>antecedentia</strong></span> <span class='ocrx_word' id='word_1_660' title='bbox 745 4480 1052 4552; x_wconf 86' lang='lat' dir='ltr'><strong>pertinere,</strong></span> <span class='ocrx_word' id='word_1_661' title='bbox 1086 4487 1142 4535; x_wconf 89' lang='lat' dir='ltr'><strong>et</strong></span> <span class='ocrx_word' id='word_1_662' title='bbox 1173 4481 1415 4553; x_wconf 90' lang='lat' dir='ltr'><strong>proinde</strong></span> <span class='ocrx_word' id='word_1_663' title='bbox 1458 4483 1514 4536; x_wconf 88' lang='lat' dir='ltr'><strong>in</strong></span> <span class='ocrx_word' id='word_1_664' title='bbox 1547 4498 1652 4536; x_wconf 90' lang='lat' dir='ltr'><strong>suo</strong></span> <span class='ocrx_word' id='word_1_665' title='bbox 1684 4480 1807 4537; x_wconf 87' lang='lat' dir='ltr'><strong>loco</strong></span> <span class='ocrx_word' id='word_1_666' title='bbox 1841 4482 1962 4550; x_wconf 87' lang='lat' dir='ltr'><strong>jam</strong></span> 
     </span>
    </p>
   </div>
   <div class='ocr_carea' id='block_1_91' title="bbox 311 4552 1965 4624">
    <p class='ocr_par' dir='ltr' id='par_1_91' title="bbox 311 4552 1965 4624">
     <span class='ocr_line' id='line_1_92' title="bbox 311 4552 1965 4624; baseline -0.001 -17"><span class='ocrx_word' id='word_1_667' title='bbox 311 4552 554 4624; x_wconf 88' lang='lat' dir='ltr'><strong>reponi:</strong></span> <span class='ocrx_word' id='word_1_668' title='bbox 617 4569 777 4624; x_wconf 22' lang='lat' dir='ltr'><strong>eum,</strong></span> <span class='ocrx_word' id='word_1_669' title='bbox 817 4556 1010 4607; x_wconf 83' lang='lat' dir='ltr'><strong>tamen</strong></span> <span class='ocrx_word' id='word_1_670' title='bbox 1074 4553 1130 4606; x_wconf 94' lang='lat' dir='ltr'><strong>in</strong></span> <span class='ocrx_word' id='word_1_671' title='bbox 1177 4552 1405 4608; x_wconf 67' lang='lat' dir='ltr'><strong>caeteris</strong></span> <span class='ocrx_word' id='word_1_672' title='bbox 1461 4553 1735 4624; x_wconf 88' lang='lat' dir='ltr'><strong>omnibus</strong></span> <span class='ocrx_word' id='word_1_673' title='bbox 1793 4554 1965 4608; x_wconf 88' lang='lat' dir='ltr'><strong>editis</strong></span> 
     </span>
    </p>
   </div>
   <div class='ocr_carea' id='block_1_92' title="bbox 309 4623 1967 4706">
    <p class='ocr_par' dir='ltr' id='par_1_92' title="bbox 309 4623 1967 4706">
     <span class='ocr_line' id='line_1_93' title="bbox 309 4623 1967 4706; baseline -0.002 -26"><span class='ocrx_word' id='word_1_674' title='bbox 309 4623 482 4706; x_wconf 80' lang='lat' dir='ltr'><strong>longe</strong></span> <span class='ocrx_word' id='word_1_675' title='bbox 514 4640 546 4678; x_wconf 90' lang='lat' dir='ltr'><strong>a</strong></span> <span class='ocrx_word' id='word_1_676' title='bbox 575 4623 910 4706; x_wconf 31' lang='lat' dir='ltr'><strong>seoinyice‘m</strong></span> <span class='ocrx_word' id='word_1_677' title='bbox 943 4629 1310 4706; x_wconf 47' lang='lat' dir='ltr'><strong>separemur,</strong></span> <span class='ocrx_word' id='word_1_678' title='bbox 1336 4624 1432 4706; x_wconf 76' lang='lat' dir='ltr'><strong>his</strong></span> <span class='ocrx_word' id='word_1_679' title='bbox 1464 4623 1522 4678; x_wconf 93' lang='lat' dir='ltr'><strong>in</strong></span> <span class='ocrx_word' id='word_1_680' title='bbox 1554 4623 1718 4705; x_wconf 76' lang='lat' dir='ltr'><strong>initio</strong></span> <span class='ocrx_word' id='word_1_681' title='bbox 1740 4641 1864 4706; x_wconf 68' lang='lat' dir='ltr'><strong>cap.</strong></span> <span class='ocrx_word' id='word_1_682' title='bbox 1903 4625 1967 4678; x_wconf 88' lang='lat'>15</span> 
     </span>
    </p>
   </div>
   <div class='ocr_carea' id='block_1_93' title="bbox 311 4694 1962 4822">
    <p class='ocr_par' dir='ltr' id='par_1_93' title="bbox 311 4694 1962 4822">
     <span class='ocr_line' id='line_1_94' title="bbox 311 4694 1962 4769; baseline 0 -17"><span class='ocrx_word' id='word_1_683' title='bbox 311 4694 538 4769; x_wconf 90' lang='lat' dir='ltr'><strong>positis.</strong></span> <span class='ocrx_word' id='word_1_684' title='bbox 572 4694 704 4750; x_wconf 90' lang='lat' dir='ltr'><strong>istis</strong></span> <span class='ocrx_word' id='word_1_685' title='bbox 729 4695 787 4748; x_wconf 94' lang='lat' dir='ltr'><strong>in</strong></span> <span class='ocrx_word' id='word_1_686' title='bbox 824 4696 937 4750; x_wconf 80' lang='lat' dir='ltr'><strong>fine</strong></span> <span class='ocrx_word' id='word_1_687' title='bbox 967 4694 1092 4768; x_wconf 80' lang='lat' dir='ltr'><strong>cap.</strong></span> <span class='ocrx_word' id='word_1_688' title='bbox 1126 4697 1213 4750; x_wconf 88' lang='lat'><strong>27.</strong></span> <span class='ocrx_word' id='word_1_689' title='bbox 1245 4695 1389 4750; x_wconf 89' lang='lat' dir='ltr'><strong>Vide</strong></span> <span class='ocrx_word' id='word_1_690' title='bbox 1457 4696 1728 4768; x_wconf 82' lang='lat' dir='ltr'><strong>superius</strong></span> <span class='ocrx_word' id='word_1_691' title='bbox 1784 4695 1962 4752; x_wconf 88' lang='lat' dir='ltr'><strong>adno-</strong></span> 
     </span>
     <span class='ocr_line' id='line_1_95' title="bbox 315 4767 811 4822; baseline -0.002 0"><span class='ocrx_word' id='word_1_692' title='bbox 315 4772 436 4822; x_wconf 86' lang='lat' dir='ltr'><strong>tata</strong></span> <span class='ocrx_word' id='word_1_693' title='bbox 459 4767 530 4822; x_wconf 90' lang='lat' dir='ltr'><strong>ad</strong></span> <span class='ocrx_word' id='word_1_694' title='bbox 563 4783 690 4822; x_wconf 90' lang='lat' dir='ltr'><strong>ean.</strong></span> <span class='ocrx_word' id='word_1_695' title='bbox 726 4768 811 4822; x_wconf 90' lang='grc'><strong>15.</strong></span> 
     </span>
    </p>
   </div>
   <div class='ocr_carea' id='block_1_94' title="bbox 341 4783 811 4824">
    <p class='ocr_par' dir='ltr' id='par_1_94' title="bbox 341 4783 811 4824">
     <span class='ocr_line' id='line_1_96' title="bbox 341 4783 811 4824; baseline -0.006 0"><span class='ocrx_word' id='word_1_696' title='bbox 341 4783 436 4824; x_wconf 86' lang='lat' dir='ltr'><strong>ata</strong></span> <span class='ocrx_word' id='word_1_697' title='bbox 459 4783 530 4822; x_wconf 71' lang='grc' dir='ltr'>αα</span> <span class='ocrx_word' id='word_1_698' title='bbox 563 4783 690 4824; x_wconf 68' lang='lat' dir='ltr'><strong>CBD.</strong></span> <span class='ocrx_word' id='word_1_699' title='bbox 726 4783 811 4822; x_wconf 73' lang='grc'><strong>10.</strong></span> 
     </span>
    </p>
   </div>
   <div class='ocr_carea' id='block_1_95' title="bbox 385 4785 1961 4910">
    <p class='ocr_par' dir='ltr' id='par_1_95' title="bbox 385 4785 1961 4910">
     <span class='ocr_line' id='line_1_97' title="bbox 385 4785 811 4839; baseline -0.002 -17"><span class='ocrx_word' id='word_1_700' title='bbox 385 4785 436 4822; x_wconf 82' lang='lat' dir='ltr'><strong>La</strong></span> <span class='ocrx_word' id='word_1_701' title='bbox 459 4785 530 4822; x_wconf 86' lang='lat' dir='ltr'><strong>aa</strong></span> <span class='ocrx_word' id='word_1_702' title='bbox 563 4785 690 4839; x_wconf 90' lang='lat' dir='ltr'><strong>cap.</strong></span> <span class='ocrx_word' id='word_1_703' title='bbox 726 4785 811 4822; x_wconf 75' lang='grc' dir='ltr'><strong>ιο.</strong></span> 
     </span>
     <span class='ocr_line' id='line_1_98' title="bbox 385 4836 1961 4910; baseline 0.001 -18"><span class='ocrx_word' id='word_1_704' title='bbox 385 4840 496 4910; x_wconf 85' lang='lat'>(55)</span> <span class='ocrx_word' id='word_1_705' title='bbox 527 4839 810 4893; x_wconf 79' lang='lat' dir='ltr'><strong>Fuluram.</strong></span> <span class='ocrx_word' id='word_1_706' title='bbox 851 4836 1046 4894; x_wconf 84' lang='lat' dir='ltr'><strong>Mallet</strong></span> <span class='ocrx_word' id='word_1_707' title='bbox 1095 4840 1299 4910; x_wconf 77' lang='lat' dir='ltr'><strong>futurae</strong></span> <span class='ocrx_word' id='word_1_708' title='bbox 1355 4837 1809 4896; x_wconf 85' lang='lat' dir='ltr'><strong>Welcbmanus:</strong></span> <span class='ocrx_word' id='word_1_709' title='bbox 1863 4839 1961 4894; x_wconf 89' lang='lat' dir='ltr'><strong>sed</strong></span> 
     </span>
    </p>
   </div>
   <div class='ocr_carea' id='block_1_96' title="bbox 309 4909 1444 4967">
    <p class='ocr_par' dir='ltr' id='par_1_96' title="bbox 309 4909 1444 4967">
     <span class='ocr_line' id='line_1_99' title="bbox 309 4909 1444 4967; baseline 0 -3"><span class='ocrx_word' id='word_1_710' title='bbox 309 4909 456 4965; x_wconf 88' lang='lat' dir='ltr'><strong>nihil</strong></span> <span class='ocrx_word' id='word_1_711' title='bbox 490 4910 838 4964; x_wconf 89' lang='lat' dir='ltr'><strong>mutandum</strong></span> <span class='ocrx_word' id='word_1_712' title='bbox 874 4913 1070 4964; x_wconf 90' lang='lat' dir='ltr'><strong>censet</strong></span> <span class='ocrx_word' id='word_1_713' title='bbox 1099 4911 1444 4967; x_wconf 88' lang='lat' dir='ltr'><strong>Jacksonus.</strong></span> 
     </span>
    </p>
   </div>
   <div class='ocr_carea' id='block_1_97' title="bbox 381 4981 1962 5051">
    <p class='ocr_par' dir='ltr' id='par_1_97' title="bbox 381 4981 1962 5051">
     <span class='ocr_line' id='line_1_100' title="bbox 381 4981 1962 5051; baseline 0.001 -16"><span class='ocrx_word' id='word_1_714' title='bbox 381 4982 492 5051; x_wconf 90' lang='lat'>(56)</span> <span class='ocrx_word' id='word_1_715' title='bbox 543 4983 607 5036; x_wconf 86' lang='lat' dir='ltr'><strong>Et</strong></span> <span class='ocrx_word' id='word_1_716' title='bbox 664 4981 1107 5036; x_wconf 83' lang='lat' dir='ltr'><strong>benedictionem.</strong></span> <span class='ocrx_word' id='word_1_717' title='bbox 1173 4981 1491 5037; x_wconf 84' lang='lat' dir='ltr'><strong>Editionem</strong></span> <span class='ocrx_word' id='word_1_718' title='bbox 1570 4981 1962 5038; x_wconf 83' lang='lat' dir='ltr'><strong>Pamelianam</strong></span> 
     </span>
    </p>
   </div>
   <div class='ocr_carea' id='block_1_98' title="bbox 307 5052 1961 5124">
    <p class='ocr_par' dir='ltr' id='par_1_98' title="bbox 307 5052 1961 5124">
     <span class='ocr_line' id='line_1_101' title="bbox 307 5052 1961 5124; baseline 0.001 -16"><span class='ocrx_word' id='word_1_719' title='bbox 307 5052 635 5124; x_wconf 88' lang='lat' dir='ltr'><strong>sequimur,</strong></span> <span class='ocrx_word' id='word_1_720' title='bbox 665 5069 841 5124; x_wconf 87' lang='lat' dir='ltr'><strong>quam</strong></span> <span class='ocrx_word' id='word_1_721' title='bbox 867 5053 1292 5108; x_wconf 89' lang='lat' dir='ltr'><strong>emendandam</strong></span> <span class='ocrx_word' id='word_1_722' title='bbox 1320 5052 1674 5124; x_wconf 82' lang='lat' dir='ltr'><strong>existimavit</strong></span> <span class='ocrx_word' id='word_1_723' title='bbox 1720 5054 1961 5109; x_wconf 86' lang='lat' dir='ltr'><strong>Jackso-</strong></span> 
     </span>
    </p>
   </div>
   <div class='ocr_carea' id='block_1_99' title="bbox 308 5123 1964 5190">
    <p class='ocr_par' dir='ltr' id='par_1_99' title="bbox 308 5123 1964 5190">
     <span class='ocr_line' id='line_1_102' title="bbox 308 5123 1964 5190; baseline 0.001 -11"><span class='ocrx_word' id='word_1_724' title='bbox 308 5123 445 5190; x_wconf 89' lang='lat' dir='ltr'><strong>nus,</strong></span> <span class='ocrx_word' id='word_1_725' title='bbox 504 5123 830 5179; x_wconf 90' lang='lat' dir='ltr'><strong>rescribens</strong></span> <span class='ocrx_word' id='word_1_726' title='bbox 903 5139 1038 5180; x_wconf 74' lang='lat' dir='ltr'><strong>ex...</strong></span> <span class='ocrx_word' id='word_1_727' title='bbox 1097 5124 1482 5180; x_wconf 72' lang='lat' dir='ltr'><strong>benedictione.</strong></span> <span class='ocrx_word' id='word_1_728' title='bbox 1542 5123 1964 5180; x_wconf 89' lang='lat' dir='ltr'><strong>Welcbmanus</strong></span> 
     </span>
    </p>
   </div>
   <div class='ocr_carea' id='block_1_100' title="bbox 308 5195 1542 5268">
    <p class='ocr_par' dir='ltr' id='par_1_100' title="bbox 308 5195 1542 5268">
     <span class='ocr_line' id='line_1_103' title="bbox 308 5195 1542 5268; baseline -0.002 -16"><span class='ocrx_word' id='word_1_729' title='bbox 308 5200 503 5252; x_wconf 88' lang='lat' dir='ltr'><strong>autem</strong></span> <span class='ocrx_word' id='word_1_730' title='bbox 538 5212 641 5265; x_wconf 92' lang='lat' dir='ltr'><strong>pro</strong></span> <span class='ocrx_word' id='word_1_731' title='bbox 672 5195 1066 5268; x_wconf 10' lang='lat' dir='ltr'><strong>etilegendum</strong></span> <span class='ocrx_word' id='word_1_732' title='bbox 1092 5196 1542 5268; x_wconf 88' lang='lat' dir='ltr'><strong>inconjiciebat.</strong></span> 
     </span>
    </p>
   </div>
   <div class='ocr_carea' id='block_1_101' title="bbox 381 5267 1961 5338">
    <p class='ocr_par' dir='ltr' id='par_1_101' title="bbox 381 5267 1961 5338">
     <span class='ocr_line' id='line_1_104' title="bbox 381 5267 1961 5338; baseline 0.001 -18"><span class='ocrx_word' id='word_1_733' title='bbox 381 5268 493 5338; x_wconf 84' lang='lat'>(57)</span> <span class='ocrx_word' id='word_1_734' title='bbox 525 5269 588 5321; x_wconf 82' lang='lat' dir='ltr'><strong>At</strong></span> <span class='ocrx_word' id='word_1_735' title='bbox 618 5269 690 5321; x_wconf 89' lang='lat' dir='ltr'><strong>si.</strong></span> <span class='ocrx_word' id='word_1_736' title='bbox 729 5267 1056 5323; x_wconf 32' lang='lat' dir='ltr'><strong>Ita’veterer</strong></span> <span class='ocrx_word' id='word_1_737' title='bbox 1083 5267 1246 5322; x_wconf 90' lang='lat' dir='ltr'><strong>editi.</strong></span> <span class='ocrx_word' id='word_1_738' title='bbox 1280 5268 1478 5338; x_wconf 89' lang='lat' dir='ltr'><strong>Neque</strong></span> <span class='ocrx_word' id='word_1_739' title='bbox 1517 5267 1688 5322; x_wconf 89' lang='lat' dir='ltr'><strong>aliter</strong></span> <span class='ocrx_word' id='word_1_740' title='bbox 1735 5267 1961 5323; x_wconf 89' lang='lat' dir='ltr'><strong>Welcb-</strong></span> 
     </span>
    </p>
   </div>
   <div class='ocr_carea' id='block_1_102' title="bbox 310 5338 1959 5410">
    <p class='ocr_par' dir='ltr' id='par_1_102' title="bbox 310 5338 1959 5410">
     <span class='ocr_line' id='line_1_105' title="bbox 310 5338 1959 5410; baseline 0.002 -19"><span class='ocrx_word' id='word_1_741' title='bbox 310 5353 524 5392; x_wconf 88' lang='lat' dir='ltr'><strong>manus</strong></span> <span class='ocrx_word' id='word_1_742' title='bbox 555 5342 608 5392; x_wconf 86' lang='lat' dir='ltr'><strong>et</strong></span> <span class='ocrx_word' id='word_1_743' title='bbox 636 5338 985 5410; x_wconf 87' lang='lat' dir='ltr'><strong>Jacksonus.</strong></span> <span class='ocrx_word' id='word_1_744' title='bbox 1016 5338 1306 5393; x_wconf 77' lang='lat' dir='ltr'><strong>Pamclius</strong></span> <span class='ocrx_word' id='word_1_745' title='bbox 1331 5356 1464 5394; x_wconf 79' lang='lat' dir='ltr'><strong>vero</strong></span> <span class='ocrx_word' id='word_1_746' title='bbox 1495 5355 1563 5392; x_wconf 78' lang='lat' dir='ltr'><strong>ex</strong></span> <span class='ocrx_word' id='word_1_747' title='bbox 1595 5355 1706 5392; x_wconf 87' lang='lat' dir='ltr'><strong>ms.</strong></span> <span class='ocrx_word' id='word_1_748' title='bbox 1737 5339 1959 5410; x_wconf 88' lang='lat' dir='ltr'><strong>Anglic.</strong></span> 
     </span>
    </p>
   </div>
   <div class='ocr_carea' id='block_1_103' title="bbox 308 5409 1961 5480">
    <p class='ocr_par' dir='ltr' id='par_1_103' title="bbox 308 5409 1961 5480">
     <span class='ocr_line' id='line_1_106' title="bbox 308 5409 1961 5480; baseline 0.001 -16"><span class='ocrx_word' id='word_1_749' title='bbox 308 5411 376 5464; x_wconf 80' lang='lat' dir='ltr'><strong>At</strong></span> <span class='ocrx_word' id='word_1_750' title='bbox 404 5412 496 5465; x_wconf 64' lang='grc' dir='ltr'><strong>δέ..</strong></span> <span class='ocrx_word' id='word_1_751' title='bbox 541 5410 670 5465; x_wconf 84' lang='lat' dir='ltr'><strong>Mox</strong></span> <span class='ocrx_word' id='word_1_752' title='bbox 713 5409 1000 5466; x_wconf 83' lang='lat' dir='ltr'><strong>Jacksono</strong></span> <span class='ocrx_word' id='word_1_753' title='bbox 1048 5411 1279 5467; x_wconf 88' lang='lat' dir='ltr'><strong>Voweri</strong></span> <span class='ocrx_word' id='word_1_754' title='bbox 1321 5427 1429 5465; x_wconf 91' lang='lat' dir='ltr'><strong>ms.</strong></span> <span class='ocrx_word' id='word_1_755' title='bbox 1477 5414 1696 5480; x_wconf 93' lang='lat' dir='ltr'><strong>secuto,</strong></span> <span class='ocrx_word' id='word_1_756' title='bbox 1741 5419 1961 5466; x_wconf 73' lang='lat' dir='ltr'><strong>conten-</strong></span> 
     </span>
    </p>
   </div>
   <div class='ocr_carea' id='block_1_104' title="bbox 305 5481 1036 5552">
    <p class='ocr_par' dir='ltr' id='par_1_104' title="bbox 305 5481 1036 5552">
     <span class='ocr_line' id='line_1_107' title="bbox 305 5481 1036 5552; baseline 0.001 -15"><span class='ocrx_word' id='word_1_757' title='bbox 305 5481 451 5537; x_wconf 88' lang='lat' dir='ltr'><strong>derit</strong></span> <span class='ocrx_word' id='word_1_758' title='bbox 483 5497 762 5552; x_wconf 81' lang='lat' dir='ltr'><strong>reponere</strong></span> <span class='ocrx_word' id='word_1_759' title='bbox 798 5482 1036 5552; x_wconf 88' lang='lat' dir='ltr'><strong>placuit.</strong></span> 
     </span>
    </p>
   </div>
   <div class='ocr_carea' id='block_1_105' title="bbox 378 5551 1960 5624">
    <p class='ocr_par' dir='ltr' id='par_1_105' title="bbox 378 5551 1960 5624">
     <span class='ocr_line' id='line_1_108' title="bbox 378 5551 1960 5624; baseline -0.001 -17"><span class='ocrx_word' id='word_1_760' title='bbox 378 5553 493 5622; x_wconf 81' lang='lat'>(58)</span> <span class='ocrx_word' id='word_1_761' title='bbox 522 5556 669 5624; x_wconf 83' lang='lat' dir='ltr'><strong>Nam</strong></span> <span class='ocrx_word' id='word_1_762' title='bbox 697 5556 749 5608; x_wconf 89' lang='lat' dir='ltr'><strong>si</strong></span> <span class='ocrx_word' id='word_1_763' title='bbox 787 5551 1103 5609; x_wconf 84' lang='lat' dir='ltr'><strong>omnibus...</strong></span> <span class='ocrx_word' id='word_1_764' title='bbox 1146 5555 1209 5607; x_wconf 85' lang='lat' dir='ltr'><strong>Et</strong></span> <span class='ocrx_word' id='word_1_765' title='bbox 1233 5554 1284 5607; x_wconf 89' lang='lat' dir='ltr'><strong>si</strong></span> <span class='ocrx_word' id='word_1_766' title='bbox 1301 5553 1514 5624; x_wconf 23' lang='lat' dir='ltr'><strong>Hquivis</strong></span> <span class='ocrx_word' id='word_1_767' title='bbox 1548 5552 1806 5624; x_wconf 79' lang='lat' dir='ltr'><strong>Angelus.</strong></span> <span class='ocrx_word' id='word_1_768' title='bbox 1865 5551 1960 5608; x_wconf 91' lang='lat' dir='ltr'><strong>Sic</strong></span> 
     </span>
    </p>
   </div>
   <div class='ocr_carea' id='block_1_106' title="bbox 307 5623 1960 5707">
    <p class='ocr_par' dir='ltr' id='par_1_106' title="bbox 307 5623 1960 5707">
     <span class='ocr_line' id='line_1_109' title="bbox 307 5623 1960 5707; baseline 0 -29"><span class='ocrx_word' id='word_1_769' title='bbox 307 5641 552 5707; x_wconf 73' lang='lat' dir='ltr'><strong>prorsus</strong></span> <span class='ocrx_word' id='word_1_770' title='bbox 584 5623 731 5707; x_wconf 72' lang='lat' dir='ltr'><strong>legit</strong></span> <span class='ocrx_word' id='word_1_771' title='bbox 752 5629 810 5680; x_wconf 89' lang='lat' dir='ltr'><strong>et</strong></span> <span class='ocrx_word' id='word_1_772' title='bbox 834 5627 1068 5707; x_wconf 71' lang='lat' dir='ltr'><strong>supplet</strong></span> <span class='ocrx_word' id='word_1_773' title='bbox 1123 5623 1435 5707; x_wconf 84' lang='lat' dir='ltr'><strong>Pamelius,</strong></span> <span class='ocrx_word' id='word_1_774' title='bbox 1468 5623 1678 5707; x_wconf 52' lang='lat' dir='ltr'><strong>partim</strong></span> <span class='ocrx_word' id='word_1_775' title='bbox 1711 5640 1809 5707; x_wconf 87' lang='lat' dir='ltr'><strong>ex_</strong></span> <span class='ocrx_word' id='word_1_776' title='bbox 1837 5624 1960 5680; x_wconf 92' lang='lat' dir='ltr'><strong>edi-</strong></span> 
     </span>
    </p>
   </div>
   <div class='ocr_carea' id='block_1_107' title="bbox 307 5694 1960 5774">
    <p class='ocr_par' dir='ltr' id='par_1_107' title="bbox 307 5694 1960 5774">
     <span class='ocr_line' id='line_1_110' title="bbox 307 5694 1960 5774; baseline 0.002 -22"><span class='ocrx_word' id='word_1_777' title='bbox 307 5694 467 5756; x_wconf 85' lang='lat' dir='ltr'><strong>tione</strong></span> <span class='ocrx_word' id='word_1_778' title='bbox 499 5694 734 5770; x_wconf 79' lang='lat' dir='ltr'><strong>Gagriaai</strong></span> <span class='ocrx_word' id='word_1_779' title='bbox 762 5694 975 5772; x_wconf 60' lang='lat' dir='ltr'><strong>priore}</strong></span> <span class='ocrx_word' id='word_1_780' title='bbox 1008 5699 1194 5759; x_wconf 84' lang='lat' dir='ltr'><strong>Locus</strong></span> <span class='ocrx_word' id='word_1_781' title='bbox 1223 5700 1420 5760; x_wconf 79' lang='lat' dir='ltr'><strong>tamen</strong></span> <span class='ocrx_word' id='word_1_782' title='bbox 1451 5694 1644 5756; x_wconf 75' lang='lat' dir='ltr'><strong>adhuc</strong></span> <span class='ocrx_word' id='word_1_783' title='bbox 1663 5697 1960 5774; x_wconf 79' lang='lat' dir='ltr'><strong>implexus</strong></span> 
     </span>
    </p>
   </div>
   <div class='ocr_carea' id='block_1_108' title="bbox 2073 4482 3718 4553">
    <p class='ocr_par' dir='ltr' id='par_1_108' title="bbox 2073 4482 3718 4553">
     <span class='ocr_line' id='line_1_111' title="bbox 2073 4482 3718 4553; baseline 0.004 -17"><span class='ocrx_word' id='word_1_784' title='bbox 2073 4483 2312 4553; x_wconf 85' lang='lat' dir='ltr'><strong>subjecta</strong></span> <span class='ocrx_word' id='word_1_785' title='bbox 2339 4486 2486 4550; x_wconf 87' lang='lat' dir='ltr'><strong>sunt,</strong></span> <span class='ocrx_word' id='word_1_786' title='bbox 2521 4482 2730 4537; x_wconf 86' lang='lat' dir='ltr'><strong>Christo</strong></span> <span class='ocrx_word' id='word_1_787' title='bbox 2759 4482 3023 4537; x_wconf 81' lang='lat' dir='ltr'><strong>dicuntur</strong></span> <span class='ocrx_word' id='word_1_788' title='bbox 3045 4484 3315 4553; x_wconf 75' lang='lat' dir='ltr'><strong>(subjecti</strong></span> <span class='ocrx_word' id='word_1_789' title='bbox 3342 4486 3422 4539; x_wconf 81' lang='lat' dir='ltr'><strong>vel</strong></span> <span class='ocrx_word' id='word_1_790' title='bbox 3453 4485 3718 4552; x_wconf 75' lang='lat' dir='ltr'><strong>subditi):</strong></span> 
     </span>
    </p>
   </div>
   <div class='ocr_carea' id='block_1_109' title="bbox 2073 4555 3716 4628">
    <p class='ocr_par' dir='ltr' id='par_1_109' title="bbox 2073 4555 3716 4628">
     <span class='ocr_line' id='line_1_112' title="bbox 2073 4555 3716 4628; baseline 0.002 -20"><span class='ocrx_word' id='word_1_791' title='bbox 2073 4561 2346 4628; x_wconf 13' lang='lat' dir='ltr'><strong>attamen,</strong></span> <span class='ocrx_word' id='word_1_792' title='bbox 2392 4555 2569 4623; x_wconf 85' lang='lat' dir='ltr'><strong>quivis</strong></span> <span class='ocrx_word' id='word_1_793' title='bbox 2625 4555 3049 4628; x_wconf 34' lang='lat' dir='ltr'><strong>Angelustetc.</strong></span> <span class='ocrx_word' id='word_1_794' title='bbox 3115 4556 3263 4622; x_wconf 71' lang='lat' dir='ltr'><strong>llaec,</strong></span> <span class='ocrx_word' id='word_1_795' title='bbox 3326 4560 3388 4610; x_wconf 91' lang='lat' dir='ltr'><strong>ut</strong></span> <span class='ocrx_word' id='word_1_796' title='bbox 3444 4556 3716 4628; x_wconf 83' lang='lat' dir='ltr'><strong>equidem</strong></span> 
     </span>
    </p>
   </div>
   <div class='ocr_carea' id='block_1_110' title="bbox 2075 4625 3164 4697">
    <p class='ocr_par' dir='ltr' id='par_1_110' title="bbox 2075 4625 3164 4697">
     <span class='ocr_line' id='line_1_113' title="bbox 2075 4625 3164 4697; baseline 0 -18"><span class='ocrx_word' id='word_1_797' title='bbox 2075 4629 2238 4697; x_wconf 81' lang='lat' dir='ltr'><strong>puto,</strong></span> <span class='ocrx_word' id='word_1_798' title='bbox 2268 4627 2356 4678; x_wconf 90' lang='lat' dir='ltr'><strong>est</strong></span> <span class='ocrx_word' id='word_1_799' title='bbox 2385 4639 2664 4693; x_wconf 89' lang='lat' dir='ltr'><strong>germana</strong></span> <span class='ocrx_word' id='word_1_800' title='bbox 2696 4625 2865 4681; x_wconf 89' lang='lat' dir='ltr'><strong>lectio</strong></span> <span class='ocrx_word' id='word_1_801' title='bbox 2895 4627 3164 4681; x_wconf 63' lang='lat' dir='ltr'><strong>Jaexsou.</strong></span> 
     </span>
    </p>
   </div>
   <div class='ocr_carea' id='block_1_111' title="bbox 2141 4695 3718 4770">
    <p class='ocr_par' dir='ltr' id='par_1_111' title="bbox 2141 4695 3718 4770">
     <span class='ocr_line' id='line_1_114' title="bbox 2141 4695 3718 4770; baseline 0.003 -23"><span class='ocrx_word' id='word_1_802' title='bbox 2141 4695 2263 4770; x_wconf 26' lang='lat' dir='ltr'>(A59)</span> <span class='ocrx_word' id='word_1_803' title='bbox 2289 4698 2596 4770; x_wconf 69' lang='lat' dir='ltr'><strong>Profertur.</strong></span> <span class='ocrx_word' id='word_1_804' title='bbox 2639 4697 2854 4752; x_wconf 89' lang='lat' dir='ltr'><strong>Omnes</strong></span> <span class='ocrx_word' id='word_1_805' title='bbox 2913 4697 3050 4752; x_wconf 89' lang='lat' dir='ltr'><strong>edit.</strong></span> <span class='ocrx_word' id='word_1_806' title='bbox 3113 4696 3328 4752; x_wconf 85' lang='lat' dir='ltr'><strong>Pamel.</strong></span> <span class='ocrx_word' id='word_1_807' title='bbox 3383 4698 3718 4770; x_wconf 78' lang='lat' dir='ltr'><strong>pro/eretur.</strong></span> 
     </span>
    </p>
   </div>
   <div class='ocr_carea' id='block_1_112' title="bbox 2073 4767 3720 4892">
    <p class='ocr_par' dir='ltr' id='par_1_112' title="bbox 2073 4767 3720 4892">
     <span class='ocr_line' id='line_1_115' title="bbox 2073 4767 3720 4892; baseline 0.003 -71"><span class='ocrx_word' id='word_1_808' title='bbox 2073 4767 2182 4892; x_wconf 51' lang='grc' dir='ltr'><strong>ξεᾶ</strong></span> <span class='ocrx_word' id='word_1_809' title='bbox 2233 4771 2454 4823; x_wconf 90' lang='lat' dir='ltr'><strong>veteres</strong></span> <span class='ocrx_word' id='word_1_810' title='bbox 2510 4767 2674 4823; x_wconf 84' lang='lat' dir='ltr'><strong>editt.</strong></span> <span class='ocrx_word' id='word_1_811' title='bbox 2731 4771 3039 4840; x_wconf 76' lang='lat' dir='ltr'><strong>profertur.</strong></span> <span class='ocrx_word' id='word_1_812' title='bbox 3113 4770 3304 4825; x_wconf 79' lang='lat' dir='ltr'><strong>Recte.</strong></span> <span class='ocrx_word' id='word_1_813' title='bbox 3361 4767 3612 4827; x_wconf 64' lang='lat' dir='ltr'><strong>JAcnsos</strong></span> <span class='ocrx_word' id='word_1_814' title='bbox 3664 4775 3720 4826; x_wconf 91' lang='lat' dir='ltr'><strong>et</strong></span> 
     </span>
     <span class='ocr_line' id='line_1_116' title="bbox 2153 4855 2362 4892; baseline 0 0"><span class='ocrx_word' id='word_1_815' title='bbox 2153 4855 2362 4892; x_wconf 83' lang='lat' dir='ltr'><strong>ELCHM.</strong></span> 
     </span>
    </p>
   </div>
   <div class='ocr_carea' id='block_1_113' title="bbox 2153 4855 2362 4894">
    <p class='ocr_par' dir='ltr' id='par_1_113' title="bbox 2153 4855 2362 4894">
     <span class='ocr_line' id='line_1_117' title="bbox 2153 4855 2362 4894; baseline -0.005 -1"><span class='ocrx_word' id='word_1_816' title='bbox 2153 4855 2362 4894; x_wconf 81' lang='lat' dir='ltr'><strong>ELCHM.</strong></span> 
     </span>
    </p>
   </div>
   <div class='ocr_carea' id='block_1_114' title="bbox 2147 4911 3716 4982">
    <p class='ocr_par' dir='ltr' id='par_1_114' title="bbox 2147 4911 3716 4982">
     <span class='ocr_line' id='line_1_118' title="bbox 2147 4911 3716 4982; baseline 0.001 -18"><span class='ocrx_word' id='word_1_817' title='bbox 2147 4911 2256 4981; x_wconf 89' lang='lat'>(60)</span> <span class='ocrx_word' id='word_1_818' title='bbox 2289 4911 2392 4980; x_wconf 86' lang='lat' dir='ltr'><strong>Qui</strong></span> <span class='ocrx_word' id='word_1_819' title='bbox 2414 4911 2704 4980; x_wconf 76' lang='lat' dir='ltr'><strong>subiectus.</strong></span> <span class='ocrx_word' id='word_1_820' title='bbox 2730 4911 2829 4966; x_wconf 89' lang='lat' dir='ltr'><strong>Vel</strong></span> <span class='ocrx_word' id='word_1_821' title='bbox 2862 4911 3167 4982; x_wconf 87' lang='lat' dir='ltr'><strong>legendum</strong></span> <span class='ocrx_word' id='word_1_822' title='bbox 3218 4914 3395 4982; x_wconf 81' lang='lat' dir='ltr'><strong>quivis</strong></span> <span class='ocrx_word' id='word_1_823' title='bbox 3427 4913 3716 4982; x_wconf 82' lang='lat' dir='ltr'><strong>subjectus,</strong></span> 
     </span>
    </p>
   </div>
   <div class='ocr_carea' id='block_1_115' title="bbox 2075 4983 3715 5056">
    <p class='ocr_par' dir='ltr' id='par_1_115' title="bbox 2075 4983 3715 5056">
     <span class='ocr_line' id='line_1_119' title="bbox 2075 4983 3715 5056; baseline 0.001 -19"><span class='ocrx_word' id='word_1_824' title='bbox 2075 4986 2139 5037; x_wconf 90' lang='lat' dir='ltr'><strong>ut</strong></span> <span class='ocrx_word' id='word_1_825' title='bbox 2170 4983 2343 5056; x_wconf 78' lang='lat' dir='ltr'><strong>paulo</strong></span> <span class='ocrx_word' id='word_1_826' title='bbox 2366 4987 2500 5038; x_wconf 90' lang='lat' dir='ltr'><strong>ante</strong></span> <span class='ocrx_word' id='word_1_827' title='bbox 2535 5001 2548 5051; x_wconf 87' lang='lat'><strong>;</strong></span> <span class='ocrx_word' id='word_1_828' title='bbox 2579 4983 2662 5039; x_wconf 91' lang='lat' dir='ltr'><strong>vel</strong></span> <span class='ocrx_word' id='word_1_829' title='bbox 2716 4985 2812 5054; x_wconf 89' lang='lat' dir='ltr'><strong>qui</strong></span> <span class='ocrx_word' id='word_1_830' title='bbox 2857 4983 3127 5056; x_wconf 75' lang='lat' dir='ltr'><strong>subjectus</strong></span> <span class='ocrx_word' id='word_1_831' title='bbox 3172 4988 3290 5056; x_wconf 29' lang='lat' dir='ltr'><strong>est:</strong></span> <span class='ocrx_word' id='word_1_832' title='bbox 3336 4986 3420 5056; x_wconf 74' lang='lat' dir='ltr'><strong>tta</strong></span> <span class='ocrx_word' id='word_1_833' title='bbox 3478 4983 3715 5038; x_wconf 86' lang='lat' dir='ltr'><strong>Jackso-</strong></span> 
     </span>
    </p>
   </div>
   <div class='ocr_carea' id='block_1_116' title="bbox 2075 5053 3608 5127">
    <p class='ocr_par' dir='ltr' id='par_1_116' title="bbox 2075 5053 3608 5127">
     <span class='ocr_line' id='line_1_120' title="bbox 2075 5053 3608 5127; baseline -0.001 -19"><span class='ocrx_word' id='word_1_834' title='bbox 2075 5053 2220 5127; x_wconf 78' lang='lat' dir='ltr'><strong>nus.</strong></span> <span class='ocrx_word' id='word_1_835' title='bbox 2240 5055 2607 5127; x_wconf 87' lang='lat' dir='ltr'><strong>Postremum</strong></span> <span class='ocrx_word' id='word_1_836' title='bbox 2641 5053 2887 5125; x_wconf 77' lang='lat' dir='ltr'><strong>coniecit</strong></span> <span class='ocrx_word' id='word_1_837' title='bbox 2904 5053 3136 5127; x_wconf 84' lang='lat' dir='ltr'><strong>quoque</strong></span> <span class='ocrx_word' id='word_1_838' title='bbox 3167 5053 3608 5127; x_wconf 68' lang='lat' dir='ltr'><strong>Welcbmanus.</strong></span> 
     </span>
    </p>
   </div>
   <div class='ocr_carea' id='block_1_117' title="bbox 2146 5125 3715 5198">
    <p class='ocr_par' dir='ltr' id='par_1_117' title="bbox 2146 5125 3715 5198">
     <span class='ocr_line' id='line_1_121' title="bbox 2146 5125 3715 5198; baseline 0.002 -19"><span class='ocrx_word' id='word_1_839' title='bbox 2146 5125 2254 5198; x_wconf 88' lang='lat' dir='ltr'>(6t)</span> <span class='ocrx_word' id='word_1_840' title='bbox 2288 5127 2516 5198; x_wconf 82' lang='lat' dir='ltr'><strong>Dicitur,</strong></span> <span class='ocrx_word' id='word_1_841' title='bbox 2555 5127 2715 5182; x_wconf 81' lang='lat' dir='ltr'><strong>l-‘orte</strong></span> <span class='ocrx_word' id='word_1_842' title='bbox 2745 5125 2960 5183; x_wconf 79' lang='lat' dir='ltr'><strong>dicetur</strong></span> <span class='ocrx_word' id='word_1_843' title='bbox 2991 5125 3056 5181; x_wconf 82' lang='lat' dir='ltr'><strong>ut</strong></span> <span class='ocrx_word' id='word_1_844' title='bbox 3078 5126 3248 5198; x_wconf 84' lang='lat' dir='ltr'><strong>paulo</strong></span> <span class='ocrx_word' id='word_1_845' title='bbox 3271 5129 3423 5198; x_wconf 84' lang='lat' dir='ltr'><strong>ante.</strong></span> <span class='ocrx_word' id='word_1_846' title='bbox 3447 5126 3715 5182; x_wconf 78' lang='lat' dir='ltr'><strong>JACKSON.</strong></span> 
     </span>
    </p>
   </div>
   <div class='ocr_carea' id='block_1_118' title="bbox 2145 5171 3719 5269">
    <p class='ocr_par' dir='ltr' id='par_1_118' title="bbox 2145 5171 3719 5269">
     <span class='ocr_line' id='line_1_122' title="bbox 2145 5171 3719 5269; baseline 0.002 -20"><span class='ocrx_word' id='word_1_847' title='bbox 2145 5171 2257 5269; x_wconf 69' lang='lat'>(62)</span> <span class='ocrx_word' id='word_1_848' title='bbox 2295 5199 2432 5252; x_wconf 82' lang='lat' dir='ltr'><strong>Deus</strong></span> <span class='ocrx_word' id='word_1_849' title='bbox 2479 5171 2625 5252; x_wconf 75' lang='lat' dir='ltr'><strong>deos.</strong></span> <span class='ocrx_word' id='word_1_850' title='bbox 2694 5198 2896 5252; x_wconf 86' lang='lat' dir='ltr'><strong>Vocem</strong></span> <span class='ocrx_word' id='word_1_851' title='bbox 2961 5171 3110 5252; x_wconf 52' lang='lat' dir='ltr'><strong>Dan;</strong></span> <span class='ocrx_word' id='word_1_852' title='bbox 3140 5196 3419 5269; x_wconf 87' lang='lat' dir='ltr'><strong>expunxit</strong></span> <span class='ocrx_word' id='word_1_853' title='bbox 3474 5198 3719 5269; x_wconf 85' lang='lat' dir='ltr'><strong>Jackso-</strong></span> 
     </span>
    </p>
   </div>
   <div class='ocr_carea' id='block_1_119' title="bbox 2073 5267 3720 5341">
    <p class='ocr_par' dir='ltr' id='par_1_119' title="bbox 2073 5267 3720 5341">
     <span class='ocr_line' id='line_1_123' title="bbox 2073 5267 3720 5341; baseline 0.001 -19"><span class='ocrx_word' id='word_1_854' title='bbox 2073 5267 2185 5324; x_wconf 89' lang='lat' dir='ltr'><strong>nus</strong></span> <span class='ocrx_word' id='word_1_855' title='bbox 2216 5267 2504 5324; x_wconf 83' lang='lat' dir='ltr'><strong>inhaerens</strong></span> <span class='ocrx_word' id='word_1_856' title='bbox 2538 5269 2705 5337; x_wconf 81' lang='lat' dir='ltr'><strong>Heb.,</strong></span> <span class='ocrx_word' id='word_1_857' title='bbox 2731 5287 2856 5338; x_wconf 84' lang='lat' dir='ltr'><strong>Lxx,</strong></span> <span class='ocrx_word' id='word_1_858' title='bbox 2877 5273 2933 5325; x_wconf 90' lang='lat' dir='ltr'><strong>et</strong></span> <span class='ocrx_word' id='word_1_859' title='bbox 2956 5270 3123 5341; x_wconf 85' lang='lat' dir='ltr'><strong>Vulg.</strong></span> <span class='ocrx_word' id='word_1_860' title='bbox 3153 5267 3543 5341; x_wconf 83' lang='lat' dir='ltr'><strong>quamtamen</strong></span> <span class='ocrx_word' id='word_1_861' title='bbox 3566 5267 3720 5324; x_wconf 86' lang='lat' dir='ltr'><strong>exhi-</strong></span> 
     </span>
    </p>
   </div>
   <div class='ocr_carea' id='block_1_120' title="bbox 2072 5341 2632 5396">
    <p class='ocr_par' dir='ltr' id='par_1_120' title="bbox 2072 5341 2632 5396">
     <span class='ocr_line' id='line_1_124' title="bbox 2072 5341 2632 5396; baseline 0 -1"><span class='ocrx_word' id='word_1_862' title='bbox 2072 5341 2210 5396; x_wconf 88' lang='lat' dir='ltr'><strong>bent</strong></span> <span class='ocrx_word' id='word_1_863' title='bbox 2240 5358 2442 5396; x_wconf 88' lang='lat' dir='ltr'><strong>omnes</strong></span> <span class='ocrx_word' id='word_1_864' title='bbox 2473 5341 2632 5395; x_wconf 90' lang='lat' dir='ltr'><strong>editi.</strong></span> 
     </span>
    </p>
   </div>
   <div class='ocr_carea' id='block_1_121' title="bbox 2143 5412 3717 5482">
    <p class='ocr_par' dir='ltr' id='par_1_121' title="bbox 2143 5412 3717 5482">
     <span class='ocr_line' id='line_1_125' title="bbox 2143 5412 3717 5482; baseline 0.002 -17"><span class='ocrx_word' id='word_1_865' title='bbox 2143 5414 2254 5482; x_wconf 87' lang='lat'>(63)</span> <span class='ocrx_word' id='word_1_866' title='bbox 2315 5415 2376 5468; x_wconf 87' lang='lat' dir='ltr'><strong>In</strong></span> <span class='ocrx_word' id='word_1_867' title='bbox 2431 5428 2738 5482; x_wconf 81' lang='lat' dir='ltr'><strong>synagoga.</strong></span> <span class='ocrx_word' id='word_1_868' title='bbox 2827 5413 2956 5467; x_wconf 66' lang='lat' dir='ltr'><strong>Haec</strong></span> <span class='ocrx_word' id='word_1_869' title='bbox 3013 5412 3184 5465; x_wconf 77' lang='lat' dir='ltr'><strong>verba</strong></span> <span class='ocrx_word' id='word_1_870' title='bbox 3249 5416 3399 5466; x_wconf 85' lang='lat' dir='ltr'><strong>recte</strong></span> <span class='ocrx_word' id='word_1_871' title='bbox 3460 5412 3717 5468; x_wconf 86' lang='lat' dir='ltr'><strong>restituit</strong></span> 
     </span>
    </p>
   </div>
   <div class='ocr_carea' id='block_1_122' title="bbox 2074 5483 3716 5554">
    <p class='ocr_par' dir='ltr' id='par_1_122' title="bbox 2074 5483 3716 5554">
     <span class='ocr_line' id='line_1_126' title="bbox 2074 5483 3716 5554; baseline 0.009 -21"><span class='ocrx_word' id='word_1_872' title='bbox 2074 5483 2512 5552; x_wconf 82' lang='lat' dir='ltr'><strong>Welcbmanus,</strong></span> <span class='ocrx_word' id='word_1_873' title='bbox 2541 5500 2717 5538; x_wconf 84' lang='lat' dir='ltr'><strong>sensu</strong></span> <span class='ocrx_word' id='word_1_874' title='bbox 2750 5484 3005 5541; x_wconf 86' lang='lat' dir='ltr'><strong>auctoris</strong></span> <span class='ocrx_word' id='word_1_875' title='bbox 3029 5483 3253 5538; x_wconf 87' lang='lat' dir='ltr'><strong>vindice</strong></span> <span class='ocrx_word' id='word_1_876' title='bbox 3289 5509 3302 5549; x_wconf 90' lang='lat'><strong>;</strong></span> <span class='ocrx_word' id='word_1_877' title='bbox 3336 5483 3510 5554; x_wconf 89' lang='lat' dir='ltr'><strong>quiet</strong></span> <span class='ocrx_word' id='word_1_878' title='bbox 3543 5485 3716 5554; x_wconf 63' lang='lat' dir='ltr'><strong>pRU’O</strong></span> 
     </span>
    </p>
   </div>
   <div class='ocr_carea' id='block_1_123' title="bbox 2071 5554 3717 5628">
    <p class='ocr_par' dir='ltr' id='par_1_123' title="bbox 2071 5554 3717 5628">
     <span class='ocr_line' id='line_1_127' title="bbox 2071 5554 3717 5628; baseline 0.001 -18"><span class='ocrx_word' id='word_1_879' title='bbox 2071 5559 2203 5628; x_wconf 88' lang='lat' dir='ltr'><strong>post</strong></span> <span class='ocrx_word' id='word_1_880' title='bbox 2232 5557 2335 5610; x_wconf 92' lang='lat' dir='ltr'><strong>dro</strong></span> <span class='ocrx_word' id='word_1_881' title='bbox 2366 5557 2633 5628; x_wconf 79' lang='lat' dir='ltr'><strong>aperitur</strong></span> <span class='ocrx_word' id='word_1_882' title='bbox 2662 5554 2975 5628; x_wconf 90' lang='lat' dir='ltr'><strong>legendum</strong></span> <span class='ocrx_word' id='word_1_883' title='bbox 3008 5571 3134 5611; x_wconf 79' lang='lat' dir='ltr'><strong>esse</strong></span> <span class='ocrx_word' id='word_1_884' title='bbox 3189 5558 3472 5628; x_wconf 73' lang='lat' dir='ltr'><strong>reperitur</strong></span> <span class='ocrx_word' id='word_1_885' title='bbox 3525 5556 3717 5612; x_wconf 85' lang='lat' dir='ltr'><strong>existi-</strong></span> 
     </span>
    </p>
   </div>
   <div class='ocr_carea' id='block_1_124' title="bbox 2069 5627 3552 5702">
    <p class='ocr_par' dir='ltr' id='par_1_124' title="bbox 2069 5627 3552 5702">
     <span class='ocr_line' id='line_1_128' title="bbox 2069 5627 3552 5702; baseline -0.001 -20"><span class='ocrx_word' id='word_1_886' title='bbox 2069 5627 2211 5695; x_wconf 85' lang='lat' dir='ltr'><strong>mat,</strong></span> <span class='ocrx_word' id='word_1_887' title='bbox 2245 5633 2302 5682; x_wconf 85' lang='lat' dir='ltr'><strong>ut</strong></span> <span class='ocrx_word' id='word_1_888' title='bbox 2338 5643 2468 5684; x_wconf 88' lang='lat' dir='ltr'><strong>mox</strong></span> <span class='ocrx_word' id='word_1_889' title='bbox 2501 5627 3005 5702; x_wconf 78' lang='lat' dir='ltr'><strong>quidemipsemet</strong></span> <span class='ocrx_word' id='word_1_890' title='bbox 3026 5631 3248 5685; x_wconf 88' lang='lat' dir='ltr'><strong>auctor.</strong></span> <span class='ocrx_word' id='word_1_891' title='bbox 3280 5627 3552 5684; x_wconf 62' lang='lat' dir='ltr'><strong>chxsou.</strong></span> 
     </span>
    </p>
   </div>
  </div>
