4102 6180
397 375 404 384 .
453 309 574 371 9511

1487 311 1920 373 NOVATIANI
1967 312 2459 374 PRESBYTER!
2508 311 2812 373 ROMANI
3685 317 3779 377 956

447 446 652 500 Pater:
683 445 846 499 Pater
899 445 1069 513 enim,
1128 443 1347 516 inquit,
1410 445 1604 516 diligit
1663 447 1870 502 Filium
1911 448 2097 520 (Joan.
2132 449 2184 517 Α
2216 446 2407 504 omnis
2439 450 2714 503 creaturae
2748 448 3076 502 monstrare
3121 447 3427 516 cogentur;
3455 445 3593 515 quod
3634 447 3782 506 facere

450 549 536 600 ιιι,
569 532 658 604 34,
691 533 801 604 35).
836 537 900 587 In
935 532 1033 588 illo
1057 533 1126 589 ad
1163 537 1417 605 tempus,
1443 552 1500 589 in
1529 535 1636 591 hoc
1661 535 1785 591 sine
1816 540 2099 609 tempore,

453 621 632 677 divini
679 621 832 677 enim
852 621 1109 678 nominis
1140 627 1485 695 potestatem
1501 631 1748 697 etsuper
1766 625 2102 682 omniaetin

2220 554 2336 593 non
2367 541 2658 608 poterunt.
2691 538 2807 592 Aut
2839 535 3020 608 igitur
3064 538 3198 589 ante
3228 549 3448 588 omnem
3493 539 3573 589 est
3599 542 3786 593 creatu-

2213 643 2335 683 ram
2361 631 2425 681 ut
2454 625 2884 697 primogenitus
2920 624 2998 680 sit
3029 622 3222 679 omnis
3277 626 3548 688 creaturae,
3600 629 3650 678 et
3695 642 3784 682 non

456 728 629 767 omne
659 717 894 784 tempus
925 712 1165 783 accepit.
1191 713 1352 778 Quod
1398 713 1448 768 si
1506 714 1603 786 qui
1639 715 1814 770 unius
1847 715 2103 770 hominis
2213 717 2388 771 homo
2413 720 2502 771 est
2533 719 2782 780 tantum,
2833 714 2972 784 quia
3002 713 3173 768 homo
3207 715 3333 782 post
3361 727 3572 766 omnem
3602 720 3789 770 creatu-

450 800 675 872 nccepit
706 805 1078 872 potestatem,
1113 801 1172 856 in
1223 802 1328 858 hac
1381 802 1698 875 exiguitate
1746 803 1926 874 hujus
1957 805 2106 859 datae

451 889 758 962 potestatis
807 907 1018 947 nomen
1080 895 1276 947 tamen
1326 892 1482 948 istud
1542 893 1642 948 Dei
1701 893 2108 948 incunctanter

453 979 876 1050 consequitur;
914 985 1134 1051 quanto
1168 982 1356 1053 magis
1391 983 1487 1054 qui
1529 983 1587 1036 in
1623 983 1818 1054 ipsum
1875 998 2110 1054 quoque

457 1068 695 1142 Moysen
729 1068 904 1124 habet
935 1074 1301 1141 potestatem,
1331 1071 1770 1128 nominisistius
1801 1072 2113 1128 auctorita-

457 1161 579 1214 tem
610 1163 959 1215 oonsecutus
984 1176 1112 1216 esse
1152 1161 1419 1216 credetur
1445 1162 1472 1216 ‘t

960 1301 1191 1360 CAPUT
1204 1303 1346 1374 xxx,
1371 1305 1446 1359 at.
1467 1304 1608 1358 XVI.

453 1409 714 1466 Eamdem
743 1407 990 1464 divinam
1018 1412 1357 1479 majestalcm
1401 1413 1461 1465 in
1493 1412 1705 1467 Christo
1745 1413 1880 1468 aliis
1914 1414 2116 1467 iterum

947 1480 1258 1552 Scripturis
1294 1485 1638 1553 confirmari.

540 1603 607 1658 Et
637 1608 898 1675 poteram
935 1606 1171 1676 quidem
1215 1607 1480 1663 omnium
1541 1609 1972 1680 Scripturarurn
2007 1625 2118 1663 cce-

467 1691 704 1749 lestium
761 1693 1074 1749 eventilare
1124 1699 1432 1763 tractatus,
1503 1702 1559 1752 et
1616 1699 1910 1770 ingentem
1968 1699 2122 1752 circa

477 1781 652 1839 istam
683 1783 934 1854 speciem
968 1783 1178 1839 Christi
1209 1785 1554 1852 divinitatis,
1601 1792 1668 1842 ut
1727 1787 1809 1842 ita
1853 1786 2119 1851 dixerim,

478 1869 684 1927 silvam
715 1887 1077 1930 commovere
1110 1891 1122 1929 :
1171 1875 1281 1930 nisi
1314 1877 1592 1946 quoniam
1651 1895 1766 1933 non
1826 1881 1945 1932 tam
1977 1877 2123 1932 mihi

477 1965 680 2016 contra
700 1960 851 2016 hanc
879 1961 1145 2018 haeresim
1187 1965 1550 2036 propositum
1582 1971 1670 2021 est
1699 1967 1910 2033 dicere,
1944 1983 2120 2037 quam

476 2049 746 2117 breviter,
779 2051 930 2105 circa
963 2068 1271 2122 personam
1302 2053 1516 2108 Christi
1566 2055 1822 2124 regulam
1863 2055 2123 2110 veritatis

479 2138 722 2210 aperire.
757 2140 1032 2204 Quamvis
1090 2146 1285 2196 tamen
1343 2146 1412 2197 ad
1473 2143 1587 2198 alia
1635 2144 1928 2212 festinem,
1979 2145 2121 2198 illud

477 2244 594 2284 non
627 2228 878 2284 arbitror
902 2231 1485 2300 praetermittendum,
1521 2234 1673 2303 quod
1723 2232 1781 2287 in
1812 2232 2123 2305 Evangelio

481 2315 768 2373 Dominus
792 2319 860 2373 ad
897 2318 1352 2389 significantium
1384 2338 1502 2376 suae
1535 2322 1862 2392 majestatis
1891 2339 2122 2393 expres-

480 2404 560 2459 sit
587 2404 833 2461 dicendo
867 2424 879 2462 :
915 2407 1394 2480 Solvitctemplum
1423 2410 1538 2480 hoc,
1597 2414 1650 2466 et
1699 2426 1799 2479 ego
1846 2411 1904 2466 in
1937 2410 2126 2466 triduo

479 2495 752 2551 suscitabo
782 2496 922 2551 illud
947 2497 1126 2566 (Joan.
1157 2513 1217 2562 ιι,
1277 2498 1383 2570 19).
1444 2503 1558 2554 Aut
1613 2500 1846 2570 quando
1902 2499 1959 2554 in
2011 2499 2124 2554 alio

479 2583 628 2652 loco,
677 2588 734 2640 et
791 2585 904 2640 alia
954 2591 1115 2658 parte
1166 2589 1548 2658 pronuntiat:
1597 2593 1920 2644 Potestatcm
1957 2589 2124 2645 habeo

482 2674 732 2728 animam
761 2690 937 2730 meam
965 2675 1205 2744 ponendi
1235 2684 1285 2731 et
1323 2693 1512 2732 rut-sui
1556 2680 1794 2749 recipere
1823 2679 1936 2750 (64)
1965 2693 2121 2732 eam:

481 2761 588 2818 hoc
610 2765 756 2818 enim
800 2765 1122 2820 mandatum
1164 2767 1349 2837 accepi
1389 2783 1423 2820 a
1471 2771 1632 2822 Patre
1689 2768 1859 2837 (Joan.
1907 2785 1961 2834 x,
2015 2769 2122 2837 18).

2216 821 2341 860 ram
2374 808 2462 860 est
2495 821 2508 870 ;
2542 807 2645 858 aut
2679 803 2850 857 homo
2881 806 3110 855 tantum
3126 804 3236 865 est,
3263 804 3317 854 et
3344 803 3426 854 est
3457 804 3577 870 post
3603 817 3790 859 omnem

2216 897 2565 950 creaturam.
2596 893 2663 946 Et
2700 891 2992 962 quomodo
3045 888 3458 962 primogenitus
3512 893 3593 944 est
3637 892 3794 946 omnis

2217 988 2514 1050 creaturae,
2544 981 2656 1036 nisi
2690 981 2966 1052 quoniam
3013 979 3164 1034 dum‘
3201 977 3450 1033 Verbum
3504 977 3631 1032 illud
3672 981 3796 1050 quod

2217 1077 2307 1128 est
2329 1076 2462 1127 ante
2490 1087 2724 1127 omnem
2754 1073 3102 1139 creaturam,
3152 1073 3208 1122 et
3265 1067 3390 1122 ideo
3431 1069 3800 1140 primogenitae

2221 1161 2413 1218 omnis
2444 1164 2742 1230 creaturae,
2775 1175 2910 1215 caro
2942 1158 3008 1214 ﬁt
3039 1162 3094 1213 et
3133 1155 3361 1212 habitat
3408 1155 3465 1210 in
3520 1157 3686 1226 nobis,
3718 1157 3801 1214 hoc

2221 1256 2332 1319 est,
2365 1249 2616 1306 assumit
2647 1249 2805 1304 hunc
2835 1247 3136 1302 hominem
3187 1245 3288 1318 qui
3337 1248 3422 1301 est
3467 1249 3590 1316 post
3614 1262 3802 1302 omnem

2223 1344 2575 1404 creaturam,
2611 1342 2668 1394 et
2697 1337 2782 1393 sic
2814 1352 2950 1392 cum
2982 1335 3081 1391 illo
3111 1339 3169 1391 et
3197 1335 3258 1389 in
3293 1333 3386 1390 illo
3417 1334 3626 1390 habitat
3650 1335 3701 1389 in
3727 1351 3806 1390 no-

2224 1428 2337 1495 bis,
2371 1432 2435 1483 ut
2466 1443 2655 1498 neque
2700 1426 2874 1482 homo
2933 1425 3162 1481 Christo
3223 1424 3605 1491 subtrahatur,
3658 1439 3809 1495 neque

2225 1516 2498 1573 divinitas
2529 1519 2772 1588 negetur
2800 1515 2827 1570 ?
2861 1515 3004 1572 Nam
3037 1515 3086 1570 si
3138 1513 3540 1569 tantummodo
3582 1518 3699 1568 ante
3724 1514 3810 1583 (65)

2229 1623 2463 1663 omnem
2490 1611 2816 1662 creaturam
2851 1609 2958 1671 est,
2994 1604 3167 1660 homo
3199 1602 3378 1658 inillo
3402 1602 3710 1658 subtractus
3726 1606 3809 1656 est:

2231 1697 2291 1752 Si
2351 1701 2545 1751 autem
2613 1695 3024 1750 tantummodo
3068 1693 3245 1748 homo
3305 1696 3413 1758 est,
3443 1690 3690 1746 divinitas
3715 1706 3814 1762 qua:

2233 1791 2367 1842 ante
2399 1801 2631 1841 omnem
2661 1789 2988 1841 creaturam
3003 1790 3111 1854 est,
3143 1784 3464 1855 intercepta
3492 1786 3588 1838 est.
3631 1782 3814 1838 Utrum-

2233 1891 2346 1949 que
2363 1891 2498 1946 ergo
2528 1875 2587 1930 in
2621 1873 2846 1930 Christo
2879 1874 3341 1929 confoederatum
3386 1875 3488 1942 est,
3543 1876 3596 1926 et
3636 1874 3817 1924 utrum-

2233 1980 2346 2035 que
2376 1964 2757 2034 conjunctum
2789 1966 2896 2029 est,
2930 1966 2987 2018 et
3033 1967 3352 2032 utrumque
3398 1975 3695 2015 connexum
3734 1961 3814 2014 est.

2232 2054 2304 2108 Et
2332 2052 2538 2108 merito
2569 2053 2708 2106 dum
2748 2055 2837 2106 est
2883 2051 2944 2106 in
3002 2050 3100 2105 illo
3160 2048 3382 2122 aliquid
3430 2049 3577 2120 quod
3629 2050 3818 2119 superat

2234 2145 2583 2208 creaturam,
2619 2139 2913 2211 pignerata
2943 2139 3004 2194 in
3037 2138 3134 2194 illo
3165 2138 3488 2194 divinitatis
3523 2140 3575 2192 et
3595 2134 3817 2191 humani-

2233 2230 2370 2286 tatis
2404 2231 2516 2302 (66)
2559 2229 2790 2286 videtur
2827 2245 2957 2285 esse
3013 2227 3344 2284 concordia.
3403 2231 3632 2298 Propter
3679 2240 3815 2296 quam

2235 2335 2496 2390 causam,
2556 2319 2657 2390 qui
2705 2318 2972 2374 mediator
3021 2319 3117 2374 Dei
3201 2322 3253 2373 et
3302 2318 3577 2372 hominum
3628 2315 3820 2370 effectus

2233 2408 2584 2482 exprimitur
2611 2409 2659 2479 (I
2680 2409 2811 2462 Tim.
2848 2425 2911 2473 ιι,
2940 2409 3022 2477 5],
3056 2407 3114 2461 in
3147 2423 3208 2463 se
3250 2411 3430 2462 Deum
3486 2409 3541 2461 et
3575 2402 3820 2459 hominem

2235 2499 2490 2554 sociasse
2523 2498 2827 2570 reperitur.
2862 2502 2944 2552 Ac
2965 2497 3013 2551 si
3027 2497 3181 2552 idem
3215 2493 3519 2567 Apostolus
3548 2494 3612 2548 de
3637 2491 3820 2546 Christo

2235 2587 2425 2654 refert,
2478 2592 2543 2642 ut
2597 2596 2798 2642 exutus
2859 2601 3085 2642 carnem
3137 2589 3428 2657 potestates
3495 2582 3820 2642 dehonestavit,

2231 2677 2420 2749 palam
2440 2677 2802 2748 triumphalis
2823 2676 2938 2730 illis
2977 2676 3037 2730 in
3081 2675 3376 2746 semetipso
3407 2673 3617 2740 (Coloss.
3638 2687 3692 2734 ιι,
3722 2669 3820 2738 t5]:

2236 2783 2352 2822 non
2384 2766 2587 2838 utique
2618 2766 2801 2820 otiose
2860 2769 3102 2820 exutum
3161 2780 3339 2818 carne
3397 2759 3698 2833 pr0posuit,
3740 2755 3823 2812 nisi

479 2850 618 2917 Quis
643 2851 902 2907 estenim
933 2853 1459 2924 quidicitanimam
1474 2871 1641 2910 suam
1657 2872 1717 2911 se
1731 2871 1901 2927 posse
1913 2872 2127 2928 ponere
2237 2855 2514 2927 quoniam
2547 2859 2606 2910 et
2635 2855 2693 2910 in
2727 2851 3149 2910 resurrectione
3181 2853 3295 2923 [67)
3328 2866 3554 2907 rursum
3601 2847 3823 2903 indutum

476 2944 577 2994 aut
613 2940 869 2996 animam
903 2957 1073 2997 suam
1089 2958 1259 3012 posse
1281 2959 1342 2999 se
1357 2960 1592 2999 rursum
1613 2944 2128 3016 recuperare,quia
2234 2945 2419 3001 voluit
2449 2943 2717 3015 intelligi.
2755 2943 2897 3009 Quis
2926 2947 3016 2997 est
3044 2957 3180 3013 ergo
3201 2941 3316 2996 iste
3341 2949 3543 2995 exutus
3587 2941 3637 2992 et
3664 2951 3824 2990 rursus

478 3027 588 3084 hoc
619 3029 962 3085 mandatum
994 3031 1282 3102 acceperit
1311 3049 1342 3087 a
1361 3032 1525 3088 Patre
1555 3032 2128 3104 ?Autquisdicit,de-
2235 3035 2480 3089 indutus
2507 3033 2534 3087 ?
2565 3032 2867 3103 requirant
2896 3030 3175 3098 haeretici,
3207 3029 3326 3086 Nos
3362 3027 3515 3085 enim
3543 3031 3826 3082 Sermonem

477 3119 766 3173 structum
782 3120 1804 3192 corporissuitemplumresuscitare
1822 3139 2055 3178 rursum
2073 3131 2129 3178 et
2237 3123 2336 3179 Dei
2357 3122 2580 3178 scimus
2613 3121 2886 3176 indutum
2921 3119 3114 3176 carnis
3136 3117 3553 3183 substantiam,
3582 3113 3825 3170 eumdem-

479 3207 831 3264 resediﬁcare
861 3225 922 3265 se
954 3210 1269 3282 posseznisi
1289 3210 1566 3282 quoniam
1587 3211 1788 3268 Sermo
1813 3211 2036 3284 ille,qui
2058 3229 2126 3269 ea:
2156 3200 2198 3268 C
2237 3229 2351 3284 que
2382 3227 2618 3267 rursum
2651 3215 2889 3267 exutum
2912 3209 3114 3265 eadem
3137 3208 3401 3280 corporis
3434 3204 3827 3274 materia,quam

479 3300 670 3363 Patre,
696 3298 794 3369 qui
807 3299 964 3370 apud
985 3302 1224 3369 Patrem,
1240 3317 1342 3371 per
1361 3317 1514 3372 quem
1537 3303 2053 3372 factasuntomnia,
2077 3311 2128 3358 et
2237 3319 2444 3358 rursus
2475 3301 2533 3356 in
2565 3299 2990 3356 resurrectione
3011 3297 3274 3369 suscepit
3293 3301 3350 3352 et
3380 3295 3544 3370 quasi
3572 3293 3829 3348 indumen-

479 3387 602 3442 sine
629 3403 734 3460 quo
758 3391 962 3459 factum
985 3398 1063 3445 est
1076 3391 1220 3446 nihil
1234 3392 1410 3461 (Joan.
1438 3409 1477 3458 ι,
1499 3393 1575 3459 3),
1592 3392 1851 3448 imitator
1868 3396 2131 3463 paterno-

482 3492 613 3532 rum
647 3493 888 3548 Operum
923 3483 1092 3549 atque
1120 3479 1416 3544 virtutem,
1478 3481 1655 3551 imago
1703 3481 2005 3536 invisibilis
2035 3482 2132 3537 Dei

487 3565 704 3632 [Coloss.
739 3583 780 3632 ι,
808 3567 913 3638 15),
949 3567 1047 3638 qui
1087 3567 1373 3623 descendit"
1407 3569 1472 3624 de
1527 3571 1660 3626 caelo
1695 3571 1870 3641 [Joan.
1905 3588 1990 3636 ιιι,
2037 3572 2129 3640 31,

482 3653 595 3724 32),
645 3655 741 3725 qui
793 3670 916 3726 qua
951 3656 1086 3711 vidit
1125 3662 1176 3712 et
1219 3657 1434 3712 audivit
1488 3660 1809 3729 testiﬁcatus
1863 3667 1962 3726 est,
2031 3660 2134 3731 qui

485 3757 597 3797 non
649 3745 790 3799 venit
841 3748 899 3798 ut
951 3747 1158 3816 faceret
1203 3762 1363 3801 suam
1419 3748 1753 3804 voluntatem
1815 3750 1992 3818 (Joan.
2055 3765 2131 3816 v1,

487 3831 601 3902 38),
633 3831 724 3886 sed
753 3832 949 3902 potius
979 3837 1038 3889 ut
1083 3835 1253 3906 faciat
1304 3837 1490 3891 Patris
1535 3837 1885 3903 voluntatem,
1929 3855 1962 3892 a
2018 3854 2134 3909 quo

488 3921 710 3977 missus
741 3922 813 3976 ad
846 3922 951 3978 hoc
982 3922 1178 3995 ipsum
1219 3924 1404 3980 fuerat
1435 3929 1498 3979 ut
1541 3929 1734 3998 magni
1778 3928 2001 3983 consilii
2024 3929 2134 3983 An-

487 4011 643 4080 gelus
673 4011 1006 4083 factus(lsa.
1045 4029 1120 4082 ιχ,
1155 4015 1211 4083 6]
1246 4030 1592 4070 arcanorum
1653 4015 1977 4072 caelestium
2033 4033 2135 4072 no-

489 4099 582 4156 bis
609 4100 743 4170 jura
767 4105 1071 4170 reserarat,
1096 4103 1358 4174 quinque
1396 4103 1622 4158 Verbum
1651 4121 1784 4161 caro
1811 4109 1992 4177 factus
2037 4106 2134 4161 ha-

492 4188 689 4245 bitavit
710 4191 775 4244 in
803 4190 960 4246 nobis
989 4192 1165 4262 [Joan.
1217 4207 1256 4259 1,
1316 4192 1429 4263 14),
1477 4209 1544 4248 ex
1592 4193 1762 4250 nobis
1820 4193 1915 4248 hic
1973 4195 2140 4250 Chri-

494 4283 622 4334 stus
655 4296 770 4335 non
805 4279 979 4335 homo
1010 4284 1261 4351 tantum,
1293 4282 1428 4352 quia
1468 4281 1723 4338 hominis
1781 4283 1982 4353 Filius,
2039 4283 2139 4339 sed

495 4367 672 4424 etiam
707 4371 878 4437 Deus,
914 4369 1050 4440 quia
1083 4369 1183 4426 Dei
1205 4369 1407 4438 Filius,
1458 4372 1871 4443 comprobatur
1893 4372 1921 4427 ?
1977 4373 2140 4439 Quod

493 4455 544 4512 si
599 4461 657 4512 et
713 4459 1114 4529 primogenitus
1169 4462 1345 4514 omnis
1404 4470 1683 4517 creaturae
1740 4462 1810 4516 ab
1867 4461 2142 4534 Apostolo

2237 3397 2364 3447 tum
2396 3390 2735 3461 resumpsit.
2754 3389 2863 3445 Sed
2890 3388 3045 3444 enim
3061 3401 3251 3458 neque
3282 3390 3494 3442 exutus
3514 3378 3832 3454 nequeindu-

2239 3489 2332 3536 tus
2374 3479 2671 3535 hominem
2723 3478 2991 3533 Christus
3043 3476 3273 3543 fuisset,
3336 3475 3386 3530 si
3432 3474 3601 3529 homo
3653 3473 3834 3524 tantum

2241 3570 2468 3625 fuisset.
2493 3569 2671 3623 Nemo
2703 3568 2858 3622 enim
2895 3581 3179 3637 umquam
3210 3580 3275 3620 se
3318 3565 3447 3636 ipso
3479 3566 3577 3617 aut
3607 3555 3838 3632 spoliatur

2243 3664 2343 3715 aut
2372 3658 2656 3713 induitur.
2688 3656 2774 3710 Sit
2803 3657 2960 3711 enim
2992 3670 3228 3709 necesse
3261 3658 3354 3708 est
3397 3651 3561 3717 iliud,
3601 3641 3834 3720 quidquid

2243 3747 2480 3804 aliunde
2512 3752 2614 3802 aut
2643 3745 2932 3818 spoliatur
2959 3748 3060 3799 aut
3087 3742 3380 3797 induitur.
3429 3741 3507 3796 Ex
3544 3754 3649 3810 quo
3680 3731 3837 3790 merito

2244 3840 2444 3895 Sermo
2476 3837 2574 3892 Dei
2605 3836 2735 3903 fuit,
2768 3835 2869 3907 qui
2901 3839 3111 3891 exutus
3136 3839 3226 3889 est
3257 3848 3494 3889 carnem
3528 3835 3583 3885 et
3611 3830 3662 3883 in
3693 3839 3837 3881 resur-

2244 3928 2498 3984 rectione
2528 3942 2735 3981 rursus
2765 3923 3046 3991 indutus;
3098 3926 3312 3978 exutus
3356 3924 3571 3987 autem,
3612 3912 3837 3989 quoniam

2245 4021 2303 4072 et
2331 4016 2391 4070 in
2425 4013 2724 4070 nativitate
2756 4013 2946 4069 fuerat
2989 4013 3253 4067 indutus.
3302 4010 3506 4081 Itaque
3553 4007 3610 4062 in
3659 4001 3838 4059 Christo

2248 4111 2400 4161 Deus
2434 4109 2523 4160 est
2553 4103 2651 4174 qui
2682 4102 2974 4170 induitur,
2997 4100 3370 4172 atqueetiam
3391 4101 3597 4155 exutus
3625 4093 3693 4150 sit
3713 4103 3837 4162 opor-

2247 4198 2330 4251 tet
2361 4211 2373 4249 :
2438 4196 2745 4265 propterea
2775 4191 2825 4247 is
2855 4191 2955 4262 qui
2986 4190 3282 4256 induitur,
3324 4187 3542 4261 pariter
3570 4189 3624 4240 at
3650 4182 3842 4270 exuatur

2251 4298 2487 4338 necesse
2518 4285 2623 4336 est.
2649 4280 2922 4336 Induitur
2943 4283 3136 4335 autem
3166 4282 3226 4334 et
3248 4277 3486 4332 exuitur
3514 4275 3840 4339 homo,qualsl

2252 4371 2506 4444 quadam
2564 4370 2816 4425 contexti
2877 4367 3136 4440 corporis
3187 4368 3413 4423 tunica.
3447 4366 3546 4428 _Ac
3600 4361 3844 4446 propteer

2254 4463 2678 4532 consequenter
2707 4459 2909 4515 Sermo
2959 4459 3088 4524 fuit,
3151 4461 3216 4511 ut
3263 4455 3542 4519 diximus,
3605 4448 3732 4513 Dei;
3772 4457 3841 4512 qu“

495 4545 686 4600 dictus
709 4546 787 4601 sit
825 4547 1092 4604 Christus
1123 4548 1352 4621 [Coloss.
1388 4566 1426 4616 1,
1463 4551 1572 4621 15],
1621 4532 2144 4622 quomodo—omnis
2176 4573 2220 4638 Β
2257 4549 2424 4605 modo
2458 4548 2719 4638 indutus,
2770 4547 3208 4638 modoexutus
3266 4561 3399 4600 8886
3453 4538 3735 4638 ῐξθρθΐίωξς
3763 4532 3844 4638 Eo?

495 4638 774 4690 creaturis
807 4635 1230 4709 primogenitus
1261 4655 1388 4694 esse
1416 4639 1623 4710 potuit,
1659 4640 1771 4694 nisi
1811 4641 1966 4697 928
2000 4658 2140 4713 quo-

495 4723 653 4779 niam
685 4726 1005 4780 secundum
1028 4727 1387 4782 divinitatem
1408 4733 1540 4783 ante
1561 4745 1789 4785 omnem
1814 4734 2142 4787 creaturam

495 4830 566 4869 ex
593 4817 764 4868 Patre
796 4813 910 4869 Deo
939 4819 1137 4871 Sermo
1171 4816 1453 4887 processit
1485 4819 1689 4881 PQuod
1722 4818 1836 4874 nisi
1868 4819 1948 4874 ita
1965 4821 2143 4877 haere-

495 4903 596 4959 tici
631 4904 979 4977 acceperint,
1011 4904 1307 4960 Christum
1339 4905 1637 4962 hominem
1688 4908 2143 4982 primogenitum

2253 4639 2408 4695 enim
2452 4637 2627 4693 etiam
2692 4637 2747 4690 in
2798 4633 3306 4692 benedictionibus
3385 4635 3518 4686 ante
3574 4620 3842 4700 praedixit:

2252 4729 2479 4786 Lavabit
2521 4728 2721 4782 stolam
2754 4743 2911 4781 suam
2942 4728 2999 4780 in
3045 4727 3190 4786 vino,
3240 4727 3294 4778 et
3350 4724 3410 4776 in.
3457 4717 3707 4790 sanguine
3763 4721 3844 4764 ut!

2252 4816 3051 4888 amictumsuum(Gen.xL1x,
3099 4814 3210 4882 H).
3243 4812 3306 4868 Si
3363 4809 3516 4868 stola
3559 4808 3616 4862 in
3669 4800 3842 4858 Christo

2254 4925 2387 4964 caro
2417 4907 2570 4963 929
2598 4911 2708 4975 est,
2733 4912 2790 4962 et
2815 4904 3093 4960 amictum
3133 4903 3333 4975 ipsum
3395 4901 3503 4972 (68)
3553 4907 3741 4968 corpus
3765 4891 3843 4950 est,

1786 5008 2096 5070 Gallandii
2125 5006 2639 5070 commentarius.

571 5102 684 5175 (64)
718 5103 992 5174 Recipere,
1025 5101 1288 5175 Editores
1318 5101 1618 5174 Anglicani
1648 5103 1958 5175 legendum
1993 5123 2148 5162 com-

495 5173 713 5247 jiciunt
742 5173 1063 5247 recipiendi.
1088 5173 1262 5247 Vulg.
1330 5173 1470 5230 sane
1523 5173 1800 5232 sumendi.
1847 5178 1955 5234 Sed
1987 5178 2148 5234 Grae-

504 5238 640 5302 cum
660 5238 866 5318 ,λοϐεἷῦ
893 5247 1182 5318 expressit
1206 5238 1431 5302 auctor.

577 5315 690 5389 (65)
743 5315 1127 5374 Tantummodo
1195 5323 1340 5383 ante,
1409 5324 1519 5373 etc.
1592 5320 1929 5389 Legendum
1992 5325 2153 5389 putat

503 5387 834 5464 .iacksonus
863 5393 1248 5464 tantummodo
1284 5392 1421 5464 Deus
1450 5387 1772 5464 anteLcth
1812 5397 1872 5447 ut
1917 5387 2153 5464 respon-

507 5459 934 5535 deateequenti
958 5463 1332 5518 tantummodo
1364 5464 1539 5516 homo.
1586 5463 1824 5530 Verum,
1885 5459 2153 5535 quamvis

508 5547 623 5605 non
653 5529 884 5605 legatur
911 5534 1072 5604 Deus,
1107 5551 1314 5590 sensus
1338 5535 1564 5605 integer
1594 5541 1810 5590 manet.

579 5602 1144 5679 (66(7'Humanitalis.
1206 5606 1377 5679 Editi,
1444 5602 1801 5676 humilitatis,
1862 5611 2152 5679 corrupte,

507 5674 660 5752 Lego
681 5674 1050 5752 immanitatis
1081 5695 1212 5734 cum
1228 5678 1522 5752 FrLJunio
1555 5697 1570 5748 ;
1604 5674 1794 5752 quam
1813 5697 2012 5740 vocem
2033 5674 2154 5740 edi;

509 5747 806 5813 dit’etiam
836 5750 1276 5813 Welchmanus.
1308 5747 1583 5814 JAcasoN.

2331 5106 2409 5176 (7)
2437 5104 2505 5158 Et
2535 5103 2596 5158 in
2627 5102 3046 5176 resurrectione.
3097 5098 3270 5176 Editi,
3325 5106 3379 5153 et
3432 5098 3844 5176 resurrectionftf‘n

2261 5167 2424 5232 nullo
2455 5191 2654 5231 sensu.
2689 5173 2980 5245 Rescripsi
3012 5175 3062 5227 et
3092 5174 3150 5227 in
3180 5170 3579 5245 resurrectione
3607 5177 3720 5245 cum
3754 5167 3846 5245 ipf“:

2259 5221 2810 5305 iiBEtiKnb'Eiaem
2845 5221 3321 5316 inrsequentibus
3355 5257 3469 5296 non
3499 5233 3668 5295 semel
3701 5221 3846 5301 ξφ]οά

2261 5326 2319 5376 et
2343 5318 2697 5393 ,conjectavit
2731 5317 3010 5393 Latinius.
3050 5318 3132 5393 lo_.
3205 5385 3217 5393 _
3328 5383 3339 5393 .

2331 5375 2765 5461 (68)"Amictum
2833 5391 3031 5461 ipsum.
3094 5383 3418 5461 Frobenjps
3459 5394 3599 5461 pum
3653 5375 3843 5461 Guggng

2264 5435 2552 5542 Αὖῖίεῗιιῆε
2575 5435 2722 5542 “ips?
2834 5435 2900 5515 ’ξι
2953 5460 3046 5542 sic.
3079 5457 3233 5513 edidi
3294 5435 3840 5542 Welceuentf;.fﬁd

2265 5551 2449 5610 quum
2480 5533 2594 5588 alia
2623 5523 2906 5610 inusitata
2919 5531 3109 5610 verba
3128 5527 3495 5610 usurpaverit
3527 5523 3836 5610 Novatiglqg‘ﬂ:

2264 5583 2778 5662 ida—solensverhum
2809 5605 3076 5660 amictum
3099 5583 3368 5658 neutrihs
3399 5594 3614 5670 generis
3643 5591 3696 5670 in
3716 5583 3834 5670 illius

2264 5654 3256 5750 essetsatis."signaria
3309 5654 3510 5729 θ.υᾶοτ
3536 5661 3689 5741 paulo
3736 5654 3833 5730 post

2265 5750 2531 5810 amictum
2560 5752 2612 5810 et
2639 5748 2847 5808 amicti.
2881 5748 2964 5810 ID.
