4102 6180
303 375 425 435 957

1574 360 1804 422 LIBER
1848 357 1951 417 DE
1993 348 2445 416 TRINITATE.

3607 340 3727 400 958
3776 428 3779 437 Α

300 506 640 579 requiratur
669 503 938 576 quisquis
968 502 1081 571 (69)
1113 504 1201 556 est
1234 498 1333 554 ille
1367 497 1538 569 cujus
1568 510 1777 567 corpus
1810 489 1956 547 ami-
1986 490 2043 557 Α
2072 486 2217 542 turae
2247 482 2506 579 divipam
2566 477 2837 579 obtinens
2893 477 3261 579 potestatem,
3288 474 3387 579 vet.
3428 475 3581 528 Deus
3636 474 3729 573 est

503 599 611 663 est,
643 560 705 651 et:
730 560 882 649 stola
940 560 1094 648 caro.
1144 589 1324 644 Nobis
1369 560 1525 642 enim
1578 560 1954 640 manifestum
2065 573 2328 644 exemplo
2354 570 2574 663 Patris:
2609 567 2721 663 hoc
2752 567 3194 663 ipsum“tamen
3228 560 3723 663 aPatre‘proprio

304 693 399 743 est
429 700 663 741 carnem
696 683 905 739 stolam
929 686 984 737 et
1014 696 1225 752 corpus
1257 677 1535 733 amictum
1569 672 1741 729 Verbi
1776 670 1957 725 fuisse

307 776 533 849 quique
563 773 849 846 sanguine
869 771 1067 843 (70),id
1098 774 1184 824 est
1214 767 1367 833 vino,
1401 765 1542 821 lavit
1562 760 1955 819 substantiam

306 863 591 936 corporis,
624 866 680 918 et
713 861 1014 917 materiam
1048 857 1240 913 carnis
1271 854 1537 936 abluens,
1570 855 1830 936 exparte
1856 864 1955 904 su-

305 929 492 1016 scepti
534 941 793 997 hominis
846 939 1138 1012 passione.
1175 938 1255 992 Ex
1313 952 1426 1008 quo
1475 932 1765 1004 siquidem
1797 929 1959 984 lava-

306 1039 426 1098 tur,
462 1032 637 1087 homo
671 1036 795 1086 est:
830 1029 967 1101 quia
1026 1026 1305 1083 amictum
1365 1023 1515 1095 quod
1546 1022 1792 1090 lavatur,
1824 1033 1958 1073 caro

307 1127 417 1178 est:
454 1120 552 1192 qui
574 1124 769 1176 autem
800 1118 972 1188 lavat,
998 1116 1257 1171 Verbum
1287 1112 1387 1169 Dci
1417 1114 1543 1177 est;
1578 1109 1676 1182 qui
1707 1112 1773 1163 ut
1801 1106 1959 1161 lava-

309 1216 403 1267 ret
432 1209 737 1277 amictum,
768 1207 967 1264 amicti
999 1209 1307 1277 susceptor
1347 1202 1585 1258 etl'ectus
1614 1203 1721 1254 est.
1758 1194 1959 1253 Merito

205 1282 227 1291 ’
307 1316 379 1356 ex
406 1316 475 1355 ea
500 1297 853 1367 substantia,
875 1313 1003 1367 quae
1027 1297 1258 1366 recepta
1289 1296 1378 1348 est
1409 1295 1473 1346 ut
1512 1290 1824 1353 lavaretur,
1855 1285 1959 1339 ho-

307 1406 405 1444 mo
436 1386 820 1459 exprimitur:
853 1385 1007 1441 sicut
1036 1384 1148 1456 (71)
1179 1399 1248 1439 ex
1274 1380 1446 1437 Verbi
1480 1377 1827 1436 auctoritate
1860 1373 1961 1446 qui

306 1477 471 1550 lavit,
503 1476 659 1533 Deus
682 1490 810 1532 esse
840 1477 1222 1530 monstratur.

754 1617 991 1675 CAPUT
1021 1614 1197 1682 XXII,
1230 1614 1308 1672 al.
1343 1613 1515 1669 XVII.

308 1728 566 1784 Eumdem
596 1726 849 1783 divinam
875 1728 1234 1796 majestatem
1264 1723 1325 1796 in
1356 1720 1566 1775 Christo
1598 1716 1735 1773 aliis
1765 1718 1963 1773 iterum

819 1795 1117 1868 Scripturis
1147 1795 1455 1864 conﬁrmat.

384 1926 498 1978 Cur
525 1927 743 1992 autem,
767 1921 904 1977 licet
934 1920 1003 1978 ad
1041 1918 1214 1975 aliam
1248 1921 1473 1991 partem
1508 1914 1846 1988 disputandi
1880 1913 1965 1969 fe-

314 2011 538 2067 stinare
567 2009 888 2075 videamur,
922 2007 1090 2064 illum
1148 2011 1562 2079 praetereamus
1621 2004 1770 2075 apud
1814 2004 1965 2074 Apo-

313 2099 535 2156 stolum
568 2097 758 2154 locum
782 2097 808 2151 ?
838 2098 944 2166 Qui
974 2114 1096 2152 cum
1125 2097 1185 2151 in
1212 2098 1394 2167 forma
1429 2096 1528 2150 Dei
1546 2101 1700 2159 esset,
1731 2108 1841 2148 non
1867 2107 1965 2167 _ra-

299 2174 506 2243 pinam
539 2162 873 2226 arbitratus'
904 2174 987 2226 est
1016 2162 1291 2241 aequalem
1321 2184 1382 2224 se
1440 2171 1553 2222 Deo
1583 2182 1733 2233 esse;
1783 2162 1877 2219 sed
1908 2176 1966 2217 se

307 2261 609 2332 metipsum
637 2260 970 2327 exinanivit,
1016 2260 1257 2330 formam
1283 2257 1433 2312 servi
1476 2256 1769 2326 accipiens,
1801 2254 1863 2307 in
1888 2253 1966 2307 si-

305 2349 632 2405 militudine
660 2349 772 2420 (72)
813 2348 1101 2403 hominum
1144 2350 1351 2419 factus,
1384 2353 1436 2401 et
1491 2345 1684 2400 habitu
1711 2345 1966 2398 inventus

306 2443 369 2494 ut
401 2438 597 2494 homo:
657 2437 974 2493 humiliavit
1029 2454 1108 2507 se,
1152 2436 1403 2492 obediens
1451 2436 1633 2504 factus
1678 2449 1847 2505 usque
1894 2432 1965 2487 ad

306 2533 563 2595 mortem,
596 2535 821 2583 mortem
881 2531 1072 2582 autem
1118 2527 1335 2581 crucis:
1383 2526 1680 2596 propterea
1716 2530 1769 2576 et
1826 2523 1964 2577 Deus

305 2618 475 2673 illum
529 2616 985 2688 superezcaltavit,
1016 2622 1069 2671 et
1109 2614 1258 2670 dedit
1301 2615 1391 2669 illi
1435 2627 1637 2668 nomen
1694 2608 1835 2682 quod
1884 2614 1964 2665 est

304 2723 475 2777 super
505 2722 661 2761 omne
714 2721 950 2771 nomen;
981 2706 1135 2759 utin
1189 2706 1411 2760 nomine
1462 2704 1588 2759 Iesu
1634 2715 1795 2757 omne
1820 2714 1963 2771 genu

304 2797 591 2867 ﬂectatur,
624 2794 945 2861 caelestium,
999 2794 1345 2849 terrestrium
1401 2800 1453 2847 et
1510 2793 1881 2862 infernorum,
1911 2791 1963 2843 et

306 2885 490 2941 omnis
520 2885 714 2953 lingua
747 2884 1089 2953 conﬁteatur,
1123 2882 1381 2953 quoniam
1403 2881 1673 2936 Dominus
1700 2881 1855 2935 Iesus
1900 2894 1959 2932 in

304 2974 494 3043 gloria
522 2978 601 3029 est
629 2973 727 3029 Dei
755 2974 942 3027 Patris
995 2971 1230 3042 (Philip.
1264 2987 1326 3039 II,
1367 2969 1547 3039 6-11).
1581 2968 1692 3036 Qui
1747 2982 1874 3022 eum
1900 2969 1961 3022 in

303 3063 498 3132 forma
556 3062 651 3118 Dei
705 3069 864 3128 esset,
927 3060 1140 3132 inquit.
1207 3058 1268 3114 Si
1326 3057 1500 3112 homo
1550 3055 1961 3112 tantummodo

302 3150 591 3222 Christus,
624 3152 684 3206 in
725 3151 971 3220 imagine
1018 3148 1141 3216 Dei,
1175 3146 1375 3203 nonin
1403 3148 1586 3218 forma
1612 3145 1711 3202 Dei
1739 3145 1960 3202 relatus

1994 1868 2043 1934 B

2067 663 2440 726 consecutus,
2467 662 2534 714 ut
2563 656 2832 712 omnium
2864 658 2920 709 et
2949 656 3107 711 Deus
3140 656 3315 719 esset,
3348 655 3405 707 et
3437 649 3723 707 Dominus

2066 754 2302 821 esset,et
2335 754 2485 804 Deus
2515 747 2587 803 ad
2613 746 2862 820 formam
2892 744 2994 800 Dei
3026 743 3213 799 Patris
3239 759 3308 799 ex
3337 742 3463 815 ipso
3489 739 3725 813 genitus

2068 845 2243 911 atque
2264 838 2549 911 prolatus.
2598 835 2702 890 Hic
2756 850 2891 905 ergo
2924 832 3196 905 quamvis
3245 834 3401 887 esset
3430 830 3489 885 in
3544 832 3729 901 forma

2071 930 2198 999 Dei,
2225 944 2333 984 non
2382 930 2464 983 est
2521 927 2781 997 rapinam
2840 923 3145 979 arbitratus
3203 921 3467 992 aequalem
3523 936 3578 975 se
3628 920 3732 976 Deo

2072 1034 2204 1075 esse.
2239 1014 2514 1082 Quamvis
2559 1013 2716 1069 enim
2748 1029 2817 1068 ex
2865 1016 2979 1066 Deo
3022 1013 3194 1066 Patre
3227 1014 3408 1065 Deum
3454 1024 3582 1064 esse
3613 1024 3735 1063 meo

2073 1105 2364 1172 minisset,
2414 1118 2718 1175 nunquam
2752 1117 2815 1157 se
2845 1104 2958 1156 Deo
3009 1099 3167 1155 Patri
3223 1102 3326 1154 aut
3377 1096 3736 1169 comparavit

2073 1199 2175 1253 aut
2205 1193 2473 1261 contulit,
2508 1208 2735 1249 memor
2781 1207 2844 1247 se
2874 1205 3003 1246 esse
3050 1206 3119 1246 ex
3147 1204 3253 1244 suo
3299 1188 3488 1254 Patre,
3518 1190 3575 1242 et
3621 1186 3733 1243 hoc

2070 1287 2268 1358 ipsum
2310 1283 2465 1355 quod
2498 1286 2588 1338 est
2645 1281 2861 1337 habere
2919 1295 3004 1350 se,
3036 1278 3174 1351 quia
3231 1277 3404 1333 Pater
3449 1276 3726 1332 dedisset.

2071 1375 2213 1431 Inde
2242 1372 2494 1445 denique
2524 1374 2583 1428 et
2612 1375 2748 1427 ante
2779 1369 2972 1426 carnis
3022 1366 3508 1440 assumptionem,
3539 1366 3640 1423 sed
3672 1368 3730 1422 et

2070 1467 2205 1537 post
2236 1461 2702 1532 assumptionem
2758 1457 3041 1531 corporis,
3072 1460 3205 1530 post
3232 1456 3423 1529 ipsam
3454 1460 3731 1528 presteres

2071 1550 2581 1621 resurrectionem,
2618 1565 2854 1605 omnem
2902 1546 3062 1603 Patri
3110 1546 3171 1601 in
3221 1545 3497 1601 omnibus
3552 1545 3728 1601 rebus

2072 1640 2465 1698 obedientiam
2513 1638 2788 1712 praestitit
2835 1637 3054 1710 pariter
3100 1650 3167 1692 ac
3197 1637 3455 1708 praestat.
3496 1634 3579 1689 Ex
3611 1650 3726 1704 quo

2072 1731 2349 1805 probatur
2380 1745 2685 1800 nunquam
2715 1726 3064 1783 arbitratum
3098 1724 3266 1780 illum
3308 1740 3436 1781 esse
3460 1723 3727 1796 rapinam

2073 1821 2393 1894 quamdam
2452 1817 2842 1888 divinitatem,
2887 1820 2953 1871 ut
2980 1818 3237 1887 aequaret
3281 1830 3342 1870 se
3384 1813 3538 1870 Patri
3569 1814 3724 1870 Deo:

2076 1910 2219 1983 quin
2251 1909 2372 1964 imo
2429 1910 2654 1974 contra,
2687 1906 2850 1962 omni
2908 1904 3100 1978 ipsius
3158 1903 3403 1975 imperio
3434 1908 3490 1961 et
3517 1901 3757 1993 volun“

2074 2000 2182 2056 tati
2214 1997 2493 2056 obediens
2515 2001 2692 2068 atque
2710 1996 3033 2065 subjectus,
3059 1993 3236 2050 etiam
3258 1992 3371 2064 (74)
3394 1996 3458 2047 ut
3475 1992 3725 2047 formam

2078 2088 2229 2146 servi
2270 2087 2594 2159 susciperet
2621 2088 2932 2141 contentus
2966 2083 3074 2139 fuit
3111 2082 3242 2155 (hoc
3286 2085 3393 2150 est,
3427 2081 3727 2137 hominem

2076 2176 2245 2232 illum
2300 2175 2458 2247 fieri)
2520 2177 2579 2230 et
2632 2173 3028 2230 substantiam
3084 2170 3275 2227 carnis
3332 2174 3389 2225 et
3444 2169 3726 2241 corporis,

2076 2282 2254 2340 quam
2284 2282 2352 2321 ex
2382 2267 2758 2337 paternorum
2790 2267 2848 2319 et
2897 2262 3011 2334 (75)
3043 2260 3366 2318 secundum
3423 2257 3727 2315 hominem

2074 2355 2421 2413 delictorum
2453 2355 2730 2411 servitute
2760 2353 3088 2411 venientem
3119 2352 3411 2408 nascendo
3442 2351 3723 2423 suscepit:

2074 2462 2191 2518 quo
2214 2450 2477 2517 tempore
2525 2460 2587 2500 se
2618 2444 2794 2500 etiam
2844 2441 3181 2512 exinanivit,
3214 2442 3355 2497 dum
3402 2441 3727 2496 humanam
3772 2454 3777 2461 ’

2073 2534 2426 2593 conditionis
2482 2532 2857 2605 fragilitatem
2912 2533 3026 2604 (76)
3058 2532 3357 2604 suscipere
3411 2546 3527 2585 non
3559 2545 3727 2585 recu-

2074 2615 2242 2671 savit.
2269 2613 2554 2680 Quoniam
2574 2613 2623 2668 si
2659 2613 2830 2668 homo
2860 2612 3276 2669 tantummodo
3301 2614 3473 2665 natus
3491 2609 3724 2678 fuisset,

2072 2719 2176 2776 per
2205 2702 2315 2757 hoc
2343 2700 2679 2758 exinanitus
2701 2717 2818 2756 non
2850 2703 3041 2756 esset:
3078 2702 3251 2755 homo
3281 2699 3439 2755 enim
3474 2716 3724 2755 nascens

2072 2795 2337 2864 augetur,
2388 2806 2505 2846 non
2564 2789 2929 2846 exinanitur:
2991 2805 3125 2843 nam
3159 2789 3303 2843 dum
3346 2787 3554 2860 incipit
3594 2804 3723 2844 esse

2070 2882 2225 2953 quod
2254 2896 2390 2936 cum
2423 2896 2537 2935 non
2569 2883 2726 2935 esset
2745 2878 2961 2934 habere
2981 2894 3095 2933 non
3119 2877 3329 2949 potuit,
3353 2879 3419 2931 ut
3439 2876 3719 2943 diximus,

2070 2986 2186 3026 non
2218 2968 2573 3035 exinanitur,
2598 2968 2699 3023 sed
2732 2966 2926 3040 potius
2943 2969 3191 3038 augetur
3211 2968 3385 3037 atque
3405 2964 3728 3021 ditatur.At

2070 3059 2121 3116 si
2151 3059 2264 3132 (77)
2322 3058 2589 3114 Christus
2643 3056 2977 3113 exinanitur
3032 3054 3094 3110 in
3151 3071 3218 3111 eo
3249 3054 3404 3126 quod
3436 3054 3718 3123 nascitur,

2068 3149 2317 3204 formam
2350 3146 2500 3205 servi
2531 3146 2887 3218 accipiendo,
2921 3145 3213 3218 quomodo
3245 3143 3421 3200 homo
3451 3147 3715 3200 tantum-

302 3241 536 3297 fuisset.
554 3240 860 3297 Hominem
884 3239 1038 3296 enim
1075 3238 1299 3294 scimus
1318 3237 1389 3291 ad
1418 3238 1728 3310 imaginem
1750 3235 1950 3308 (GenJ,
1984 3238 2027 3307 Ο
2066 3238 2240 3295 modo
2271 3238 2401 3295 est?
2432 3239 2502 3293 de
2534 3254 2649 3309 quo
2669 3235 2864 3292 verius
2895 3235 3119 3291 dictum
3147 3233 3373 3303 fuisset,
3405 3232 3721 3306 locupleta-

298 3330 415 3402 27),
448 3347 565 3386 non
594 3330 665 3385 ad
691 3332 935 3401 formam
968 3328 1064 3384 Dei
1096 3316 1335 3384 factum.
1369 3325 1507 3393 Quis
1537 3342 1674 3398 ergo
1705 3330 1794 3382 est
1825 3327 1954 3393 iste,

300 3420 401 3492 qui
423 3420 484 3475 in
512 3422 697 3490 forma
743 3421 861 3486 Dei,
914 3422 983 3474 ut
1008 3417 1287 3483 diximus,
1324 3416 1511 3472 factus
1540 3419 1629 3471 est
1659 3414 1958 3488 Angelus?

295 3509 407 3565 Sed
439 3525 544 3565 nec
571 3508 631 3563 in
661 3508 901 3581 Angelis
933 3509 1181 3564 formam
1212 3505 1313 3561 Dei
1353 3503 1625 3577 legimus,
1658 3505 1771 3561 nisi
1810 3522 1955 3577 quo-

298 3598 459 3653 niam
493 3597 588 3652 hic
622 3597 946 3670 praecipuus
971 3600 1145 3667 atque
1173 3610 1495 3667 generosus
1519 3610 1633 3665 pra:
1658 3595 1954 3664 omnibus,

295 3686 398 3742 Dei
429 3685 631 3753 Filius,
657 3684 912 3742 Verbum
942 3685 1057 3755 Dei,
1089 3683 1353 3738 imitator
1379 3682 1645 3737 omnium
1678 3687 1955 3754 paterno-

294 3791 433 3830 rum
465 3790 731 3847 operum,
763 3774 906 3829 dum
947 3776 1004 3829 et
1032 3773 1158 3845 ipse
1202 3775 1477 3844 operatur
1522 3771 1676 3827 sicut
1704 3776 1761 3827 et
1791 3772 1958 3827 Pater

294 3863 429 3934 ejus
458 3863 650 3934 (Joan.
681 3878 738 3929 v,
773 3863 883 3935 19),
920 3862 978 3918 in
1026 3864 1207 3933 forma
1256 3860 1367 3932 (75)
1398 3860 1487 3931 (ut
1536 3859 1956 3931 expressimus)

290 3957 387 4009 est
406 3951 508 4008 Dei
540 3950 751 4008 Patris;
774 3952 845 4008 Et
876 3951 1083 4008 merito
1111 3952 1171 4006 in
1199 3958 1383 4022 forma
1413 3949 1828 4023 pronuntiatus
1867 3952 1958 4006 est

288 4040 416 4106 Dei,
450 4040 589 4096 dum
620 4045 678 4096 et
708 4040 834 4113 ipse
865 4057 1042 4113 super
1072 4040 1292 4109 omnia,
1323 4044 1381 4095 et
1414 4038 1607 4094 omnis
1634 4039 1956 4095 Sﬁocrea-

2063 3332 2192 3384 tum
2232 3327 2398 3383 illum
2425 3343 2554 3383 esse
2584 3331 2723 3381 tunc
2755 3342 2889 3380 cum
2921 3328 3281 3390 nasceretur,
3313 3339 3430 3379 non
3460 3322 3717 3379 exinani-

2063 3421 2215 3485 tum;
2238 3416 2350 3472 nisi
2380 3416 2656 3489 quoniam
2679 3415 2993 3472 auctoritas
3016 3411 3196 3469 divini
3215 3412 3410 3483 Verbi,
3433 3412 3505 3468 ad
3529 3411 3717 3468 susci-

2067 3507 2348 3578 piendum
2374 3505 2674 3561 hominem
2720 3503 2953 3559 interim
3004 3502 3448 3574 conquiescens,
3500 3517 3604 3556 nec
3656 3518 3719 3557 se

2068 3595 2193 3652 suis
2222 3595 2447 3650 viribus
2492 3609 2765 3650 exercens
2823 3594 2957 3665 (78),
2992 3592 3192 3663 dejicit
3236 3607 3298 3647 se
3356 3591 3429 3647 ad
3484 3594 3715 3663 tempus

2070 3690 2244 3758 atque
2271 3683 2527 3757 deponit,
2562 3684 2702 3738 dum
2745 3682 3047 3738 hominem
3096 3681 3207 3737 fert
3230 3697 3405 3754 quem
3437 3681 3715 3753 suscepit.

2068 3773 2341 3830 Exinanit
2368 3773 2481 3845 (79)
2532 3788 2615 3844 se,
2648 3772 2789 3827 dum
2821 3772 2893 3827 ad
2938 3770 3187 3844 injurias
3218 3770 3720 3842 contumeliasque

2068 3862 2389 3930 descendit,
2423 3862 2565 3917 dum
2597 3862 2762 3917 audit
2809 3860 3071 3933 infanda,
3102 3860 3397 3933 experitur
3433 3857 3712 3931 indigna:

2067 3954 2238 4026 cujus
2266 3958 2463 4009 tamen
2494 3951 2847 4008 humilitatis
2877 3953 3044 4009 adest
3071 3951 3269 4007 statim
3301 3950 3570 4024 egregius
3593 3950 3716 4004 fru-

2073 4047 2221 4098 ctus.
2254 4040 2491 4114 Accepit
2544 4042 2700 4098 enim
2752 4058 2977 4113 nomen,
3031 4042 3178 4097 89]
3247 4040 3386 4112 quod
3432 4042 3510 4095 est
3554 4055 3723 4110 super

1578 4165 1892 4227 Gallandii
1914 4168 2422 4230 commentarius.

362 4282 476 4354 (69)
510 4281 786 4353 Quisquis.
847 4280 1267 4354 Welchmanus
1325 4279 1526 4354 mallet
1575 4282 1740 4354 quis;
1768 4285 1948 4354 atque

286 4352 443 4411 hanc
462 4369 590 4410 esse
618 4352 812 4409 veram
847 4352 1152 4410 lectionem
1196 4353 1289 4409 vix
1319 4352 1552 4408 dubitat
1590 4352 1942 4411 Jacksonus.

362 4426 475 4495 (70)
507 4427 716 4497 Quique
758 4427 1058 4497 sanguine,
1092 4430 1201 4480 etc.
1249 4424 1443 4497 Locus,
1476 4424 1588 4497 hic
1633 4426 1942 4497 obscurius,

286 4498 414 4552 sive
444 4496 633 4552 etiam
663 4496 909 4552 mutilus
940 4502 999 4553 et
1053 4502 1363 4568 corruptus
1394 4496 1626 4568 videtur
1666 4496 1942 4553 Pamelio.

285 4568 574 4624 Medelam
605 4568 838 4624 exhibet
868 4567 1289 4624 Welchmanus
1319 4568 1399 4623 ita
1425 4567 1654 4640 legens:
1689 4569 1793 4636 Qui
1822 4584 1946 4626 uvae

285 4641 577 4712 sanguine,
603 4641 661 4695 id
689 4649 767 4696 est
796 4643 941 4709 vino,
977 4642 1112 4696 lavit
1130 4642 1495 4696 substantiam
1528 4642 1791 4710 corporis,
1824 4658 1943 4695 ma-

286 4713 491 4784 teriam
556 4728 740 4768 carms
795 4712 1021 4767 abluens
1078 4712 1241 4784 (sive,
1300 4715 1352 4766 et
1404 4713 1697 4784 materiam
1755 4713 1943 4784 carnis

311 4728 491 4767 emam
556 4728 740 4768 carnis
795 4727 1021 4767 aotuens
1078 4727 1241 4768 (sive.
1300 4727 1352 4766 ει
1404 4727 1697 4767 materiam
1755 4727 1943 4768 carnis

284 4783 595 4855 abluit)7ex
622 4786 777 4855 parte
806 4785 1039 4855 suscepti
1058 4755 1302 4840 hominis
1325 4785 1601 4854 passione.
1637 4782 1811 4837 Paulo
1843 4783 1945 4839 ali-

284 4800 496 4855 actuit)
526 4800 595 4838 ex
660 4800 777 4839 arte
806 4800 1036 4855 suscepti
1058 4800 1302 4840 nominis
1325 4800 1601 4854 passione.
1637 4800 1811 4837 rauio
1843 4800 1937 4839 au-

283 4853 551 4938 tenlegit
600 4800 1031 4938 distingui-tque
1062 4872 1195 4938 cum
1228 4856 1321 4938 Ifr.
1346 4855 1539 4938 unio
1563 4854 1937 4938 acltsonus:

284 4927 396 4997 Qui
426 4928 486 4981 in
514 4930 802 4998 sanguine,
836 4928 892 4983 id
937 4934 1013 4982 est
1060 4930 1207 4993 vino,
1243 4927 1378 4981 lavit
1422 4927 1794 4981 substantiam
1821 4943 1943 4982 cor-

278 4998 440 5072 poris
467 5004 519 5053 et
566 5001 862 5055 materiam
897 5000 1103 5066 carnis,
1136 5000 1363 5054 abluens
1390 5014 1449 5053 ετ
1494 5006 1656 5070 parte
1702 5001 1943 5072 suscepti

280 5069 526 5127 hominis
552 5072 832 5141 passione.

356 5141 471 5211 (71)
501 5142 745 5197 Sicut....
778 5145 1139 5198 monstratur.
1173 5142 1261 5197 Al.
1293 5142 1375 5197 sic
1402 5149 1553 5195 ut....
1577 5145 1936 5197 monstretur.

279 5213 482 5268 Minus
514 5218 667 5269 recte
700 5219 763 5269 ut
791 5214 1039 5269 videtur.

349 5284 468 5356 (72)
498 5286 559 5339 In
587 5286 965 5341 similitudine
993 5282 1205 5339 Graecis
1245 5281 1298 5356 ἐν
1347 5283 1661 5356 ὁμοιώματι
1695 5284 1935 5341 inhaeret

277 5354 505 5430 auctor.
539 5356 634 5412 Sic
662 5361 720 5412 et
755 5374 890 5413 mox
918 5356 1206 5428 expressit
1236 5354 1555 5430 ὑπερύψωσε
1609 5358 1933 5429 superexal-

276 5429 436 5483 tavit.

353 5498 466 5572 (75)
491 5499 555 5552 In
578 5500 779 5569 forma.
814 5499 964 5555 Editi
999 5498 1280 5572 omittunt
1308 5500 1369 5553 in
1412 5515 1587 5571 quam
1621 5503 1772 5556 recte
1803 5504 1937 5572 post

280 5569 736 5626 Welchmanum
768 5571 1022 5628 restituit
1048 5570 1396 5626 Jacksonus.

354 5642 699 5717 (uit-Iliam.
727 5646 887 5700 Hanc
917 5659 1114 5701 vocem
1157 5643 1376 5700 omittit
1405 5640 1717 5713 Pamelius,
1754 5660 1931 5717 quam

277 5711 385 5772 alii
413 5711 687 5774 retinent.

2130 4284 2245 4355 (75)
2277 4286 2365 4356 Et,
2399 4282 2884 4356 Conjunctionem
2906 4280 3211 4356 ejusmodi
3241 4280 3401 4337 velut
3433 4280 3718 4353 importu-

2062 4353 2197 4411 nam
2229 4353 2541 4411 delendam
2564 4360 2760 4411 censet
2790 4353 3263 4409 Welchmanus.-

2125 4427 2610 4552 (76{Nﬂumanam
2655 4425 2996 4483 conditionis
3047 4425 3428 4505 fragilitatem.
3473 4422 3717 4481 Frustra

2132 4503 2197 4552 nt
2302 4498 2648 4552 elchmanus
2678 4503 2733 4552 et
2788 4497 3142 4552 Jacksonus.
3173 4512 3272 4552 οιιι
3304 4494 3457 4551 hanc
3502 4511 3714 4552 uresce-

2054 4494 2197 4553 sunt
2223 4494 2648 4554 Welchmanus
2678 4503 2733 4553 et
2788 4494 3457 4567 Jackson‘us,quihanc
3502 4511 3714 4567 praece-

2054 4513 2197 4553 sunt
2231 4513 2648 4554 Welchmanus
2678 4513 2733 4553 et
2788 4513 3142 4563 Jacxsonus,
3216 4513 3272 4550 ιιι
3305 4513 3457 4551 nunc
3502 4513 3714 4567 prisce-

2053 4569 2318 4625 dentium
2351 4569 2676 4625 editionum
2727 4568 3039 4625 lectionem
3100 4513 3418 4623 sollicitare
3462 4570 3715 4638 tentant,

1975 4611 2020 4675 D
2055 4640 2442 4696 rescribentes
2492 4641 2752 4697 humana:
2807 4641 3138 4696 conditionis
3184 4640 3575 4710 fragilitatem.
3603 4614 3715 4695 Mi:

2052 4713 2267 4784 nucius
2301 4713 2361 4767 in
2395 4713 2575 4769 Octav.
2633 4728 2758 4784 cap.
2791 4729 2986 4778 xxxvr,
3046 4712 3253 4767 eadem
3305 4710 3585 4783 loquendi
3617 4730 3715 4768 ra-

2050 4783 2208 4840 tioue
2241 4800 2390 4857 usus
2421 4783 2796 4857 comperitur,
2849 4784 3101 4857 Corporis
3147 4784 3400 4857 humana
3430 4784 3711 4857 vitia‘pro

2048 4857 2293 4925 corporis
2322 4854 2575 4911 humani"
2600 4856 2758 4919 vitia.
2786 4856 2876 4927 Ad
2935 4854 3111 4927 quem
3175 4855 3368 4911 locum
3403 4854 3712 4927 complura

2049 4928 2270 5000 profert
2296 4928 2588 4998 ejusmodi
2617 4926 2975 5000 locutionum
3004 4928 3273 5000 exempla
3301 4926 3570 5000 eruditus
3600 4926 3712 5000 Da-

2047 4998 2233 5055 visius
2264 5000 2418 5072 inter
2451 4999 2785 5072 quteiiistud
2833 5015 3067 5072 quoque
3110 4998 3716 5072 Novatianjgpccurrit

2048 5087 2165 5143 quo
2196 5072 2266 5126 de
2296 5068 2548 5145 agimus.
2583 5071 2815 5127 Videsis
2849 5068 3014 5127 'tom.
3048 5087 3090 5125 II
3139 5077 3356 5127 nostra:
3387 5068 3537 5127 Bibl.
3572 5070 3704 5137 PP.,

2048 5159 2181 5199 nea.
2217 5144 2340 5199 402.
2375 5149 2496 5199 not.
2531 5146 2619 5199 12.

2090 5159 2181 5200 aa.
2217 5148 2340 5200 402.
2375 5149 2496 5200 not.
2531 5148 2619 5199 12.

2047 5161 2118 5216 pa
2170 5184 2181 5197 .
2217 5161 2340 5211 auz,
2375 5161 2496 5200 non.
2531 5161 2619 5199 12..

2049 5285 2059 5287 4
2117 5161 2229 5287 (ΞΠ)
2258 5217 2415 5271 Atsi.
2439 5218 2525 5287 Ita
2554 5215 2805 5271 editores
2830 5213 3135 5287 Anglicani
3166 5230 3235 5269 ex
3264 5212 3536 5286 Gaguaao,
3569 5212 3706 5270 Fro-

2048 5285 2239 5355 benio,
2272 5291 2380 5343 etc.
2416 5286 2493 5342 Al.
2530 5290 2603 5343 Ac
2630 5289 2698 5341 si.

2118 5359 2231 5429 (78)
2264 5361 2563 5415 Exercens.
2597 5361 2866 5415 Exserens
2896 5355 3185 5429 Latinius.

2116 5425 2228 5511 (79)
2263 5428 2837 5511 Ιξπίηαζι-ἱικὲἱοηιρεο
2868 5445 3001 5511 cum
3035 5427 3315 5511 Gagnaeo,
3337 5425 3608 5511 Barrensi
3648 5430 3708 5484 et

2045 5500 2182 5557 edit.
2210 5500 2406 5572 prima
2452 5500 2739 5558 Frobenii.
2778 5500 3107 5557 Lectiouem
3128 5500 3143 5501 ί
3168 5501 3523 5556 conﬁrmant
3554 5515 3703 5571 prce-

2043 5571 2309 5646 cedentia
2336 5572 2543 5646 dejicit,
2566 5573 2805 5646 deponit,
2836 5579 2962 5645 /ert,
2979 5577 3037 5646 et
3067 5572 3373 5645 sequentia
3399 5571 3709 5646 descendit,

2040 5644 2214 5773 studit,
2248 5616 2557 5716 experitur".
2613 5616 2904 5705 Pamelius
2947 5616 3168 5702 ,minusl
3187 5649 3339 5702 recte
3373 5616 3721 5701 exinanitis:

2075 5732 2314 5773 season.

2075 5732 2293 5775 ΛωίδοΝ
2301 5756 2314 5771 .

3712 5890 4095 6023 μ.-
