4102 6180
491 352 608 412 959

1532 350 1967 412 NOVATIANI
2011 349 2506 412 PRESBYTERI
2550 351 2854 412 ROMANI

3725 365 3823 428 960

496 497 658 538 omne
683 496 906 544 nomen,
940 481 1094 551 quod
1147 481 1351 553 utique
1397 499 1513 537 non
1546 481 1704 537 aliud
1756 481 2142 555 intelligimus
2169 485 2217 550 Α
2254 486 2525 557 putarent
2545 483 2712 539 illum
2736 489 2802 540 ut
2821 485 3075 543 diximus
3109 487 3374 560 superius
3397 490 3510 560 jam
3540 493 3638 564 (87)
3665 495 3818 567 ipsum

497 586 627 625 esse
659 586 833 641 quam
897 586 1111 625 nomen
1164 571 1280 626 Dei.
1316 571 1458 626 Nam
1512 588 1644 626 cum
1679 571 1772 626 Dei
1833 572 1909 627 sit
1965 571 2148 628 solius

498 675 626 715 esse
657 675 831 730 super
860 659 1013 715 omn'.
1042 681 1077 728 ς..
1113 680 1258 713 mra
1299 676 1476 731 luens
1523 664 1632 728 est,
1664 665 1728 716 ut
1760 677 1970 716 nomen
2003 661 2145 716 illud

495 748 571 804 sit
601 765 776 820 super
833 764 1004 803 omne
1072 749 1225 819 quod
1285 752 1374 804 est
1431 750 1559 819 ejus
1619 749 1751 821 (80),
1812 751 1910 821 qui
1972 766 2150 822 super

499 838 804 893 omniaest
833 837 966 907 (81),
1017 837 1133 892 Dei.
1169 838 1266 892 Est
1323 854 1458 910 ergo
1519 855 1726 893 nomen
1788 838 1930 893 illud
1991 839 2143 909 quod

499 943 676 998 super
720 942 891 981 omne
945 942 1154 981 nomen
1215 930 1335 981 est:
1394 928 1549 998 quod
1612 945 1820 983 nomen
1873 932 1961 982 est
2019 929 2147 999 ejus

499 1015 702 1086 utique
733 1019 1175 1086 consequenter,
1201 1015 1300 1088 qui
1334 1033 1466 1071 cum
1498 1016 1556 1070 in
1586 1017 1770 1072 forma
1801 1017 1898 1072 Dei
1924 1016 2147 1086 fuisset,

502 1122 618 1161 non
651 1104 914 1177 rapinam
950 1105 1269 1160 arbitratus
1325 1109 1414 1161 est
1444 1107 1725 1176 aequalem
1759 1123 1820 1160 se
1852 1106 1966 1160 Deo
1999 1122 2146 1160 esse.

501 1194 700 1264 Neque
733 1194 887 1249 enim
921 1194 1115 1254 sinon
1168 1199 1319 1250 Deus
1370 1199 1523 1250 esset
1568 1183 1854 1262 Christus,
1887 1212 2058 1250 omne
2089 1212 2152 1251 se

496 1283 556 1337 in
591 1282 825 1338 nomine
858 1283 983 1352 ejus
1030 1299 1180 1356 genu
1230 1283 1503 1353 ﬂecteret,
1536 1284 1858 1340 ccelestium
1888 1289 1939 1339 et
1971 1289 2150 1340 terre-

497 1371 709 1427 strium
741 1376 799 1426 et
827 1371 1188 1427 infernorum
1215 1391 1226 1427 :
1264 1389 1368 1427 nec
1397 1373 1653 1429 visibilia
1683 1378 1785 1428 aut
1813 1373 2149 1440 invisibilia,

496 1465 599 1516 aut
628 1477 822 1515 rerum
872 1461 1136 1516 omnium
1195 1461 1387 1516 omnis
1420 1468 1689 1518 creatura
1736 1462 1955 1517 homini
1997 1467 2151 1519 esset

495 1550 759 1617 subiecta
789 1549 907 1604 sive
939 1551 1259 1617 substrata,
1291 1567 1418 1621 quae
1441 1568 1503 1605 se
1526 1557 1659 1606 ante
1689 1550 1988 1606 hominem
2020 1567 2149 1608 esse

493 1637 881 1694 meminisset.
918 1639 998 1692 Ex
1029 1655 1142 1709 quo
1191 1639 1330 1693 dum
1366 1639 1423 1693 in
1474 1641 1653 1709 ferma
1685 1640 1786 1695 Dei
1819 1655 1945 1696 esse
1985 1641 2148 1696 Chri-

491 1730 624 1782 stus
655 1727 890 1796 dicitur,
923 1732 980 1782 et
1010 1728 1150 1782 dum
1184 1727 1239 1781 in
1275 1727 1637 1784 nativitatem
1671 1730 1782 1800 (82)
1823 1731 2146 1785 secundum

2258 573 2486 628 Patrem
2540 575 2694 630 932
2753 574 2978 644 Deum;
3038 578 3370 634 effrenatius
3425 584 3477 634 et
3529 582 3738 639 effusius
3781 587 3824 642 in

2258 662 2487 717 Christo
2518 663 2877 719 divinitatem
2903 667 3263 733 conﬁteri,ad
3296 667 3400 722 hoc
3423 667 3544 724 illos
3575 674 3825 730 manifesta

2261 751 2474 806 Christi
2509 753 2816 808 divinitate
2847 759 3183 826 cogente,ut
3203 772 3369 826 quem
3395 755 3586 813 Filium
3606 759 3826 832 legerent,

2263 841 2400 909 quia
2457 841 2637 896 Deum
2701 843 3251 913 animadverterent,
3327 847 3535 901 Patrem
3591 853 3826 919 putarent.

2261 929 2371 984 Alii
2404 946 2636 1002 quoque
2684 931 2938 986 haeretici
2971 949 3162 1005 usque
3217 935 3356 990 adeo
3386 934 3581 991 Christi
3611 938 3827 995 manifes-

2262 1022 2378 1073 tam
2413 1019 2723 1091 amplexati
2757 1025 2898 1075 sunt
2945 1021 3330 1090 divinitatem,
3363 1028 3424 1078 ut
3451 1024 3679 1080 dixerint
3705 1027 3830 1083 illum

2263 1107 2442 1163 fuisse
2471 1108 2596 1164 sine
2627 1125 2817 1179 carne,
2851 1114 2907 1165 et
2938 1115 3125 1166 totum
3161 1111 3244 1165 illi
3285 1117 3602 1185 susceptum
3631 1115 3833 1171 detraxe-

2262 1197 2376 1252 rint
2402 1197 2720 1266 hominem,
2741 1215 2812 1254 ne
2844 1199 3233 1271 decoquerent
3253 1200 3310 1255 in
3331 1201 3425 1256 illo
3447 1202 3614 1257 divini
3636 1206 3838 1259 nominis

2260 1288 2627 1357 potestatem,
2663 1286 2710 1342 si
2743 1287 3066 1344 humanam
3099 1288 3182 1344 illi
3204 1290 3611 1356 sociassent,ut
3639 1293 3834 1348 arbitra~

2259 1374 2490 1446 bantur,
2525 1376 2922 1432 nativitatem:
2957 1378 3110 1449 quod
3161 1382 3357 1433 tamen
3392 1396 3494 1434 nos
3523 1396 3624 1434 non
3671 1381 3835 1452 proba-

2259 1481 2392 1518 mus
2417 1482 2429 1532 ;
2453 1465 2553 1519 sed
2591 1470 3003 1537 argumentum
3039 1467 3341 1523 atl‘erimus
3363 1484 3540 1540 usque
3569 1469 3693 1524 adeo
3711 1469 3836 1524 Chri-

2257 1556 2414 1607 stum
2446 1569 2575 1608 esse
2609 1559 2808 1619 Deum,
2843 1559 2909 1610 ut
2959 1555 3198 1626 quidam
3235 1556 3426 1624 illum,
3476 1557 3738 1612 subtracto
3759 1557 3836 1612 ho-

2259 1642 2434 1712 mine,
2466 1642 2873 1699 tantummodo
2904 1645 3164 1716 putarint
3205 1645 3410 1712 Deum,
3439 1644 3656 1716 quidam
3687 1649 3836 1700 autem

2257 1731 2454 1803 ipsum
2507 1731 2859 1787 crediderint
2900 1733 3123 1789 Patrem
3187 1739 3404 1789 Deum:
3459 1750 3585 1788 cum
3637 1734 3758 1790 ratio
3800 1741 3840 1790 et

491 1831 726 1872 carnem
765 1833 826 1871 se
855 1816 1183 1872 exinanisse
1226 1821 1606 1885 monstratur,
1640 1823 1697 1873 et
1730 1821 1871 1874 dum
1896 1819 1953 1874 id
1987 1836 2145 1874 acce-
2177 1854 2222 1918 B
2253 1825 2781 1892 temperamentum
2843 1822 3278 1895 Scripturarum
3359 1822 3662 1878 caelestium
3707 1823 3839 1878 Chri-

490 1905 650 1976 pisse
681 1921 892 1960 nomen
923 1923 956 1960 a
986 1910 1159 1962 Patre
1191 1908 1347 1977 quod
1395 1911 1471 1961 sit
1503 1925 1681 1979 super
1724 1925 1897 1963 omne
1931 1926 2141 1965 nomen

491 1994 860 2066 exprimitur,
894 2000 949 2050 et
979 1995 1120 2050 dum
1151 1996 1208 2050 in
1241 1996 1472 2052 nomine
1500 1999 1628 2068 ejus
1660 2014 1830 2053 omne
1866 2014 2017 2070 genu
2041 2015 2144 2054 coe-

489 2083 750 2151 lestium,
795 2088 1161 2139 terrenorum
1192 2089 1249 2140 et
1293 2085 1654 2141 infernorum
1705 2105 1768 2141 se
1815 2089 2041 2143 ﬂectere
2087 2091 2144 2143 et

491 2187 731 2226 curvare
764 2177 1140 2237 monstratur,
1174 2176 1229 2228 et
1272 2172 1380 2228 hoc
1413 2174 1607 2245 ipsum
1658 2175 1716 2229 in
1765 2175 2010 2247 gloriam
2046 2177 2140 2231 Dei

489 2259 697 2328 Patris,
721 2275 1058 2315 succurrere
1092 2261 1374 2316 asseritur
1395 2262 1504 2333 (83)
1531 2279 1544 2317 :
1583 2268 2008 2335 consequenter
2026 2282 2140 2320 non

489 2363 559 2403 ex
589 2347 688 2402 illo
715 2351 943 2403 tantum
964 2348 1139 2404 hvmo
1172 2354 1279 2421 est,
1305 2351 1443 2421 quia
1472 2352 1744 2406 obediens
1777 2353 1932 2407 Patri
1956 2354 2142 2409 factus

492 2440 582 2491 est
612 2452 802 2507 usque
835 2437 903 2491 ad
939 2455 991 2490 ni
1021 2443 1208 2506 .rtem,
1261 2443 1507 2495 mortem
1557 2445 1751 2496 autem
1784 2443 2006 2510 crucis;
2041 2443 2139 2497 sed

496 2540 564 2579 ex
594 2524 686 2579 his
707 2523 881 2580 etiam
909 2543 946 2577 ru
972 2527 1079 2581 bus
1111 2527 1511 2598 superioribus
1542 2528 1906 2584 divinitatem
1933 2531 2141 2588 Christi

499 2614 866 2684 sonantibus,
904 2616 1182 2670 Dominus
1207 2616 1473 2672 Christus
1501 2618 1674 2674 Jesus
1705 2623 1760 2674 ct
1789 2619 1962 2691 Deus,
1988 2621 2138 2692 quod

500 2702 754 2758 haeretici
779 2702 1006 2774 nolunt,
1029 2721 1158 2759 esse
1191 2710 1572 2760 monstratur.

922 2809 1152 2866 CAPUT
1181 2811 1374 2884 XXIII,
1406 2814 1482 2868 al.
1516 2814 1716 2871 XVIII.

501 2898 649 2975 Ωιιρά
678 2898 810 2953 adeo
839 2902 1188 2975 manifestum
1233 2907 1332 2972 est,
1364 2911 1424 2958 ut
1482 2904 1707 2975 quidam
1744 2905 1994 2962 hwrctici
2021 2924 2146 2962 eum

567 2971 738 3112 (ηψπ
755 2973 973 3026 Patrem
989 2974 1261 3043 putarint,
1284 2971 1388 3028 alii
1417 2971 1584 3030 Deum
1599 2980 1818 3031 tantum
1843 2979 1964 3033 sine
1982 2995 2146 3035 carne

599 3058 770 3099 uisse.

573 3149 691 3205 Hoc
710 3149 767 3205 in
800 3149 926 3206 loco
949 3150 1146 3207 licebit
1176 3151 1315 3207 mihi
1337 3159 1680 3222 argumenta
1709 3156 1882 3211 etiam
1915 3173 1983 3212 ex
2005 3156 2144 3212 alio-

2252 1913 2410 1963 stum
2442 1910 2754 1965 ostendant
2803 1915 3003 1975 Deum,
3037 1913 3137 1967 sed
3170 1929 3290 1984 qua
3317 1910 3521 1967 Filium
3567 1911 3674 1980 Dei,
3701 1914 3748 1967 et
3767 1929 3832 1966 as-

2251 2002 2489 2069 sumpto
2523 2015 2555 2052 a
2588 2003 2697 2054 Deo
2725 1998 2900 2054 etiam
2950 1999 3094 2055 Filio
3126 1999 3406 2069 hominis,
3457 1999 3770 2054 credendum
3793 2003 3840 2054 et

2253 2085 2571 2141 hominem.
2635 2089 2919 2152 Quoniam
2971 2087 3020 2143 si
3049 2089 3119 2143 ad
3180 2088 3477 2143 hominem
3532 2089 3840 2143 veniebatut

2252 2176 2536 2231 mediator
2569 2176 2660 2230 Dei
2711 2181 2767 2232 et
2810 2177 3114 2232 hominum
3166 2193 3298 2233 esse
3349 2178 3592 2247 deberet,
3637 2177 3838 2248 oportuit

2251 2264 2422 2320 illum
2456 2281 2588 2320 cum
2621 2282 2687 2320 eo
2729 2282 2880 2338 esse,
2910 2271 2967 2321 et
2995 2267 3254 2322 Verbum
3307 2282 3532 2321 carnem
3566 2265 3694 2332 ﬁeri,
3720 2264 3834 2319 utin

2253 2359 2425 2410 semet
2483 2354 2609 2426 ipso
2659 2355 3029 2411 concordiam
3087 2355 3471 2411 confibularet
3527 2360 3830 2410 terrenarum

2251 2444 2468 2515 pariter
2498 2448 2670 2515 atque
2699 2443 3045 2510 cmlestium,
3077 2446 3219 2501 dum
3269 2445 3570 2514 utriusque
3614 2442 3767 2515 partis
3789 2442 3830 2495 in

2251 2550 2314 2588 se
2343 2538 2692 2588 connectens
2723 2533 2986 2606 pignora,
3019 2539 3077 2590 et
3124 2539 3309 2590 Deum
3341 2532 3577 2600 homini,
3604 2537 3653 2588 et
3693 2531 3834 2586 homi-

2253 2639 2386 2678 nem
2419 2623 2534 2678 Deo
2581 2621 2914 2693 copularet;
2977 2628 3042 2679 ut
3073 2624 3282 2680 merito
3319 2624 3497 2680 Filius
3547 2622 3635 2678 Dei
3662 2638 3746 2694 per
3766 2636 3832 2673 as-

2253 2711 2646 2784 sumptionem
2667 2712 2859 2768 carnis
2881 2712 3061 2769 Filius
3079 2713 3424 2784 hominis,et
3446 2713 3615 2769 Filius
3633 2706 3836 2766 hominis

2254 2819 2357 2875 per
2380 2802 2765 2874 receptionem
2804 2801 2897 2857 Dei
2933 2802 3102 2858 Verbi
3148 2802 3335 2858 Filius
3373 2803 3471 2858 Dei
3511 2800 3647 2858 efﬁci
3675 2796 3834 2871 possit.

2254 2896 2372 2948 Hoc
2394 2890 2750 2947 altissimum
2773 2895 2943 2963 atque
2973 2892 3344 2947 reconditum
3378 2893 3768 2948 sacramentum
3787 2883 3836 2939 ad

2255 2982 2505 3038 salutem
2528 2981 2756 3052 generis
2814 2980 3058 3036 humani
3114 2985 3251 3037 ante
3280 2980 3494 3037 saecula
3547 2978 3836 3034 destinatum

2255 3071 2314 3126 in
2343 3070 2584 3125 Domino
2612 3070 2749 3125 Jesu
2796 3069 3026 3125 Christo
3075 3071 3190 3126 Deo
3219 3075 3283 3126 et
3331 3070 3562 3127 homine
3608 3064 3840 3122 invenitur

2255 3159 2508 3232 impleri,
2541 3175 2656 3230 quo
2687 3159 2943 3214 conditio
2991 3159 3221 3231 generis
3274 3158 3514 3215 humani
3545 3157 3606 3213 ad
3639 3155 3838 3210 fructum

506 3255 639 3295 rum
681 3239 1086 3296 haereticorum
1138 3247 1300 3314 parte
1345 3243 1706 3316 conquirere.
1753 3245 2010 3301 Firmum
2059 3250 2149 3302 est
2178 3225 2220 3292 (ἶ
2259 3225 2724 3306 εειέῐτιιεθίεέίυὶὶε
2746 3252 2944 3320 posset
2969 3225 3203 3304 adduci.

508 3345 695 3402 genus
726 3329 1106 3401 probationis,
1141 3333 1290 3402 quod
1351 3333 1525 3388 etiam
1574 3334 1647 3390 ab
1688 3334 2017 3391 adversario
2049 3353 2147 3392 su-

507 3419 711 3486 mitur,
739 3423 803 3474 ut
834 3420 1046 3477 veritas
1089 3421 1263 3476 etiam
1297 3422 1368 3477 ab
1400 3422 1545 3494 ipsis
1595 3422 1852 3480 inimicis
1891 3424 2150 3480 veritatis

506 3510 804 3581 probetur.
839 3513 982 3564 Nam
1036 3527 1223 3581 usque
1263 3512 1404 3566 adeo
1435 3511 1592 3567 hunc
1638 3514 2013 3568 manifestum
2064 3517 2152 3568 est

503 3599 563 3654 in
597 3600 912 3671 Scripturis
942 3616 1069 3656 esse
1091 3601 1201 3672 (84)
1235 3600 1416 3656 Deum
1450 3602 1622 3669 tradi,
1657 3608 1721 3657 ut
1752 3602 2009 3675 plerique
2032 3603 2150 3658 haz-

505 3688 1181 3755 reticorum,divinitatis
1201 3690 1386 3762 ipsius
1407 3692 1812 3763 magnitudine
1834 3696 1890 3746 et
1912 3693 2152 3749 veritate

509 3779 810 3847 commoti,
845 3778 998 3834 ultra
1023 3780 1261 3834 modum
1307 3783 1684 3837 extendentes
1718 3781 1968 3837 honores
1999 3783 2148 3853 ejus,

509 3865 639 3922 ausi
657 3867 778 3923 sint
809 3885 920 3924 non
956 3866 1164 3924 Filium
1189 3870 1320 3941 (85),
1353 3871 1453 3926 sed
1487 3870 1684 3942 ipsum
1719 3875 1898 3926 Deum
1924 3871 2146 3927 Patrem

509 3972 778 4029 promere
827 3956 913 4012 vel
973 3963 1194 4029 putare.
1254 3959 1437 4026 Quod,
1473 3958 1580 4014 etsi
1638 3963 1840 4038 contra
1892 3959 2149 4032 Scriptu-

510 4062 708 4101 rarum
767 4045 1065 4101 veritatem
1127 4051 1235 4112 est,
1295 4051 1491 4103 tamen
1562 4048 1882 4104 divinitatis
1939 4048 2152 4104 Christi

507 4139 921 4206 argumentum
981 4135 1200 4208 grande
1259 4145 1432 4208 alque
1491 4139 1844 4209 praecipuum
1879 4142 1999 4207 est;
2051 4138 2152 4210 qui

507 4241 690 4295 usque
723 4226 863 4279 adeo
896 4225 1050 4280 Deus
1083 4225 1216 4297 (86),
1249 4226 1354 4280 sed
1388 4243 1503 4297 qua
1533 4226 1714 4281 Filius
1748 4227 1847 4281 Dei
1880 4233 2054 4282 natus
2086 4245 2154 4283 ex

504 4313 642 4384 Deo,
675 4318 740 4369 ut
796 4313 1056 4386 plerique
1114 4313 1280 4370 illum
1339 4315 1425 4385 (ut
1479 4315 1757 4388 diximus)
1789 4316 2042 4372 haeretici
2071 4317 2154 4372 ita

503 4403 688 4459 Deum
719 4404 1066 4475 acceperint,
1103 4411 1167 4458 ut
1201 4421 1313 4460 non
1349 4404 1580 4474 Filium,
1622 4406 1721 4460 sed
1758 4410 1988 4461 Patrem
2022 4424 2151 4478 pro-

506 4492 902 4547 nuntiandum
961 4492 1239 4565 putarint.
1302 4493 1613 4548 [Estiment
1671 4510 1806 4566 ergo
1852 4512 1924 4549 an
1957 4494 2049 4550 hic
2081 4495 2156 4551 sit

507 4581 686 4648 Deus,
709 4583 880 4652 cujus
912 4583 1227 4638 auctoritas
1276 4587 1508 4639 tantum
1559 4584 1717 4638 novit
1747 4585 2054 4656 quosdam,
2089 4589 2154 4640 ut

2711 3409 2939 3464 CAPUT
2973 3409 3162 3476 XXIV,
3195 3412 3284 3464 al.
3318 3409 3454 3464 XIX.

2259 3518 2385 3574 Illos
2414 3524 2596 3590 autem
2621 3519 2910 3590 prapterea
2938 3531 3168 3590 errasse,
3189 3516 3346 3590 Aquod
3392 3515 3536 3590 nihil
3563 3514 3841 3590 arnitraren-

2333 3594 2425 3644 tur
2453 3584 2886 3644 interesse—inter
2915 3589 3126 3644 Filium
3153 3584 3281 3643 ’ΠΘὶ
3308 3591 3358 3642 et
3417 3586 3610 3641 Filium
3636 3584 3839 3644 hominis,

2331 3661 2394 3716 ob
2425 3661 2774 3730 Scripturum
2803 3660 2946 3714 male
2978 3660 3344 3715 intellectam.

2329 3785 2436 3840 Sed
2460 3784 2676 3840 erroris
2689 3783 2863 3840 istius
2881 3783 3286 3840 haereticorum
3304 3784 3527 3854 inde,ut
3542 3776 3843 3851 opinor,nata

2261 3873 2508 3930 materia
2527 3876 2636 3942 est,
2665 3873 2806 3944 quia
2825 3873 2974 3928 inter
2998 3873 3205 3928 Filium
3231 3873 3336 3929 Dei
3355 3877 3410 3928 et
3428 3871 3625 3926 Filium
3645 3861 3842 3922 hominis

2261 3962 2406 4019 nihil
2441 3962 3126 4029 arbitranturinteresse;
3149 3977 3222 4018 ne
3255 3962 3408 4018 facta
3437 3951 3841 4019 distinctione,“

2261 4051 2444 4107 Homo
2477 4054 2534 4105 et
2566 4051 2721 4106 Deus
2750 4051 2923 4106 Jesus
2955 4050 3226 4106 Christus
3269 4049 3436 4106 facile
3479 4046 3839 4119 comprobatur.

2261 4141 2544 4197 Eumdem
2572 4140 2728 4195 enim
2752 4143 2920 4210 atque
2951 4139 3170 4212 ipsum,
3190 4139 3246 4194 id
3282 4143 3372 4196 est
3402 4138 3682 4194 hominem
3703 4129 3841 4187 ﬁlium

2261 4228 2541 4299 hominis,
2573 4228 2749 4283 etiam
2784 4227 2993 4284 Filium
3023 4227 3121 4283 Dei
3157 4227 3359 4283 volunt
3386 4224 3598 4291 videri;
3631 4227 3687 4278 ut
3714 4221 3840 4274 homo

2263 4322 2320 4373 et
2359 4333 2511 4385 caro,
2537 4320 2594 4372 et
2625 4315 2850 4389 fragilis
2875 4316 2973 4372 illa
2997 4316 3333 4372 substantia
3364 4315 3560 4372 eadem
3591 4307 3842 4382 atqueipse

2264 4405 2445 4462 Filius
2504 4405 2599 4461 Dei
2632 4421 2761 4461 esse
2816 4393 3063 4462 dicatur.
3105 4406 3187 4461 Ex
3246 4422 3384 4478 quo,
3419 4405 3552 4460 dum
3607 4393 3841 4457 distinctio

2265 4495 2368 4550 ﬁlii
2400 4495 2658 4550 hominis
2690 4499 2746 4550 et
2778 4495 2907 4550 Filii
2939 4496 3037 4551 Dei
3084 4495 3249 4551 nulla
3282 4495 3615 4559 secernitur,
3646 4489 3731 4545 sed
3755 4487 3840 4556 ipse

2265 4585 2422 4642 filius
2450 4583 2707 4642 hominis
2737 4585 2837 4641 Dei
2874 4584 3051 4641 Filins
3074 4583 3430 4641 vindicatur:
3451 4584 3616 4640 homo
3645 4579 3840 4635 tantum-

1783 4711 2094 4772 Gallandii
2123 4712 2633 4773 commentarius.

580 4812 691 4888 (8Q)
722 4812 895 4888 super
922 4829 1097 4888 omne,
1133 4817 1214 4868 [ta
1240 4815 1424 4888 edidit
1457 4815 1783 4888 Pamelius:
1846 4821 2021 4888 atque
2052 4817 2156 4872 ist-
2187 4824 2234 4888 Ι)

505 4883 822 4959 haaclectio
855 4886 1124 4959 congruit
1145 4887 1486 4955 praecedenti
1515 4905 1680 4959 super
1706 4905 1869 4944 omne
1897 4883 1967 4944 ex
1995 4893 2158 4944 textu

506 4956 746 5040 Paulino
795 4957 1159 5040 (Pliillpp._ll,
1279 4965 1334 5012 et
1356 4956 1761 5040 osubsequenti
1806 4977 1968 5033 super
1996 4977 2153 5016 omne

505 5027 832 5085 Novatiani.
865 5027 1018 5084 Editi
1065 5027 1369 5100 Anglicani
1399 5046 1564 5100 super
1578 5027 1794 5086 omnia.

575 5101 687 5172 (81)
722 5103 828 5170 Qui
856 5116 1021 5170 super
1064 5101 1253 5155 omnia
1282 5104 1379 5168 est,
1432 5102 1546 5156 Dei.
1580 5102 1887 5157 Existimat
1915 5103 2154 5159 Jackso-

506 5189 617 5227 nus
650 5174 731 5227 ita
762 5173 1077 5241 legendum
1108 5188 1237 5244 esse
1264 5189 1278 5228 :
1310 5174 1416 5241 Qui
1443 5190 1606 5244 super
1653 5176 1838 5229 omnia
1878 5180 1977 5230 est.
2014 5177 2157 5230 Deus

507 5249 584 5299 est
607 5261 738 5310 ergo
759 5260 953 5298 nomen
987 5243 1149 5308 illud,
1183 5250 1291 5298 etc.

581 5317 692 5384 (8'3)
723 5315 1093 5369 Nativitnfem.
1127 5315 1550 5370 Welchmanus
1594 5316 1792 5372 mallet
1840 5319 2154 5373 nativitate.

509 5387 707 5454 Neque
740 5386 1302 5459 abnuitJacksonus.
1335 5388 1458 5442 Mox
1483 5393 1725 5459 uterque
1753 5405 1866 5444 sese
1904 5391 2156 5452 carinam,

512 5473 648 5512 cum
678 5458 969 5513 veteribus
1018 5460 1210 5513 editis.
1245 5465 1313 5514 At
1368 5476 1424 5514 se
1455 5458 1710 5530 praebent
1741 5461 1903 5516 editt.
1941 5461 2155 5515 l’amel.

511 5545 656 5599 quas
687 5530 824 5584 item
849 5534 1262 5602 expressimus,
1289 5533 1673 5588 rescribentes
1704 5532 1874 5602 paulo
1907 5538 2039 5586 ante
2069 5535 2162 5586 Ex

511 5617 616 5729 quo
675 5601 825 5673 dum,
884 5601 982 5659 ubi
1041 5603 1206 5660 editt.
1260 5602 1486 5674 Anglic.
1548 5601 1783 5660 habent.
1841 5607 1926 5661 Ea:
1980 5620 2083 5675 quo
2113 5611 2165 5659 et

553 5689 666 5729 um.

553 5689 666 5732 um.

2336 4817 2447 4889 (83)
2487 4817 2838 4874 Succurrere.
2874 4817 2975 4874 Sui
3000 4833 3223 4874 currere
3251 4817 3532 4873 Latinius.

2359 4889 2448 4954 84)
2482 4890 2628 4944 Esse.
2661 4889 2892 4944 Mallem
2919 4899 2994 4954 et,
3027 4907 3162 4945 cum
3195 4889 3450 4945 Gelenio.

2359 4895 2426 4943 84
2482 4895 2628 4944 Esse.
2661 4895 2892 4944 Mallem
2919 4899 2994 4954 et,
3027 4907 3162 4945 cum
3195 4895 3450 4945 Gelenio.

2327 4895 2465 5086 ἑξῇ
2478 4961 2595 5017 Non
2648 4962 2873 5016 Filium.
2937 4962 3100 5034 Legit
3154 4960 3586 5026 Welchmanus,
3615 4969 3722 5012 eum
3761 4961 3836 5001 non

2262 5033 2486 5088 Filium.

2334 5104 2448 5174 (86)
2485 5108 2655 5176 Deus.
2683 5103 3017 5176 Legendum
3057 5107 3223 5176 putat
3262 5103 3418 5159 idem
3450 5097 3710 5155 Welchm.
3740 5091 3840 5146 Deus

2263 5179 2359 5231 est.
2391 5174 2688 5230 Consentit
2715 5174 3065 5232 Jacksonus.

2336 5249 2448 5318 (87)
2467 5251 2615 5304 1am.
2654 5247 2774 5303 Non
2800 5247 3029 5301 dubitat
3047 5248 3397 5312 Jacksonus,
3427 5242 3564 5318 quin
3590 5232 3835 5318 legendum

2266 5311 2561 5394 siﬁetiam.
2594 5318 2707 5394 Qui
2763 5323 3038 5394 praeterea
3087 5311 3391 5394 integrum
3438 5311 3839 5394 Iocumluxattltn

2266 5378 2629 5455 existimans,
2663 5378 2779 5443 sic.
2806 5390 3153 5445 rescriberet
3175 5406 3187 5443 :
3209 5378 3391 5459 Cujus
3435 5378 3837 5459 auctoritatfqtf:

2268 5470 2381 5517 tum
2410 5463 2580 5514 movit
2619 5447 2879 5531 quosdam
2927 5463 3242 5533 effrenatius
3273 5447 3326 5516 et
3360 5460 3572 5531 effusius
3603 5447 3838 5533 milhi???

2268 5526 2641 5587 divinitatem'
2668 5526 3062 5602 conﬁterifut
3108 5526 3561 5604 putarent,"etc.;
3625 5526 3718 5578 nisi
3743 5526 3839 5588 qu“

2268 5605 2587 5676 conﬁtentes
2615 5620 2718 5678 pro
2739 5606 2990 5676 conﬁteri
3019 5604 3206 5678 legere
3243 5607 3492 5659 censeat.
