4102 6180
272 270 390 333 961

1544 258 1779 327 LIBER
1822 266 1924 328 DE
1966 264 2422 329 TRINITATE.

3556 281 3679 343 962

268 406 444 462 modo
473 404 740 461 Christus
769 398 925 459 idem
958 406 1132 475 atque
1163 398 1340 458 Filius
1366 401 1459 457 Dei
1483 401 1915 458 asseratur.Per
1943 407 1996 472 Α
2024 402 2370 469 transdncit,
2400 404 2754 460 connexione
2784 420 2887 461 sus
2926 410 2982 461 ct
3027 409 3406 480 permistione
3453 416 3677 472 sociata

266 496 428 568 quod
452 495 726 549 nituntur
753 492 1060 549 excludere
1085 509 1097 546 :
1131 492 1367 549 Verbum
1385 508 1510 547 caro
1537 492 1692 547 933
1713 494 1922 563 factum

263 595 349 641 est
378 588 431 641 et
461 584 731 639 habitavit
763 583 823 638 in
850 582 1004 639 nobis
1037 583 1215 655 (Joan.
1249 598 1290 651 1,
1338 581 1423 653 14)
1471 606 1486 650 ;
1545 583 1609 636 Et
1661 580 1925 637 vocabitis

265 690 471 730 nomen
515 674 633 746 ejus
680 671 1027 739 Emmanuel,
1062 669 1200 743 quod
1228 676 1310 726 est
1337 671 1759 741 interpretatum
1808 673 1917 726 No-

271 764 482 819 biscum
512 763 654 819 Deus
684 761 890 833 (Matth.
927 778 965 831 ι,
1001 760 1115 830 23).
1163 758 1498 829 PrOponunt
1543 758 1699 813 enim
1750 763 1925 830 atque

270 850 381 907 illa
428 850 817 923 praetendunt,
871 865 995 920 quas
1060 847 1114 903 in
1166 846 1475 918 Evangelia
1524 847 1687 903 Lucis
1746 847 1927 903 relata

271 945 437 1010 sunt,
471 956 540 996 ex
570 938 788 1012 quibus
819 954 1079 995 asserere
1127 941 1436 1005 conantur,
1482 953 1597 992 non
1630 937 1782 1009 quod
1816 938 1923 1004 est,

272 1030 379 1087 sed
409 1034 644 1086 tantum
677 1028 823 1083 illud
875 1027 1029 1100 quod
1078 1026 1279 1082 volunt
1308 1042 1437 1083 esse
1472 1044 1485 1082 :
1522 1025 1763 1098 Spiritus
1790 1041 1924 1081 san-

273 1123 393 1176 ctus
421 1119 600 1175 veniet
629 1120 685 1173 in
709 1121 779 1184 te,
809 1122 859 1173 et
894 1118 1067 1172 virtus
1095 1115 1377 1172 Attissimi
1405 1116 1749 1172 obumbrabit
1782 1115 1885 1170 tibi
1904 1131 1926 1178 ;

272 1216 577 1281 propterea
605 1212 658 1263 et
684 1206 824 1279 quod
852 1222 922 1263 ea:
970 1209 1022 1261 te
1050 1214 1309 1262 nascetur
1333 1210 1604 1277 sanctum,
1646 1206 1929 1261 vocabitur

274 1300 461 1356 Filius
493 1298 595 1354 Dei
622 1296 773 1368 (Luc.
816 1313 856 1362 ι,
901 1296 1013 1367 35).
1065 1294 1122 1351 Si
1154 1311 1313 1368 ergo,
1345 1294 1640 1367 inquiunt,
1674 1294 1928 1367 Angelus

276 1388 381 1446 Dei
412 1387 555 1443 dicit
585 1386 655 1441 ad
689 1384 956 1452 Mariam,
986 1385 1135 1457 quod
1172 1400 1241 1440 ea:
1270 1393 1318 1441 te
1357 1388 1617 1440 nascetur
1655 1392 1924 1455 sanctum,

276 1496 347 1535 ex
376 1476 559 1533 Maria
588 1479 677 1532 est
733 1474 1067 1531 substantia
1114 1475 1304 1531 carnis
1352 1478 1410 1531 et
1448 1473 1744 1547 corporis;
1777 1473 1928 1529 hanc

278 1571 479 1625 autem
511 1563 930 1634 substantiam,
963 1563 1019 1619 id
1068 1568 1159 1620 est
1204 1566 1475 1619 sanctum
1526 1562 1635 1619 hoc
1676 1562 1829 1635 quod
1860 1580 1929 1619 ex

280 1655 381 1713 illa
411 1654 673 1729 genitum
702 1651 1055 1725 est,-*Filium
1085 1652 1180 1708 Dei
1204 1668 1331 1709 esse
1364 1652 1703 1724 proposuit:
1728 1651 1925 1720 homo,

278 1745 578 1819 inquiunt,
613 1743 764 1816 ipse,
803 1747 861 1798 et
908 1741 1009 1798 illa
1055 1757 1188 1798 caro
1245 1740 1525 1813 corporis,
1575 1739 1717 1797 illud
1769 1740 1926 1811 quod

279 1839 550 1893 sanctum
583 1838 671 1890 est
700 1832 947 1899 dictum,
995 1831 1192 1904 ipsum
1240 1836 1327 1887 est
1375 1830 1556 1885 Filius
1609 1830 1733 1885 Dei.
1780 1831 1846 1886 Ut
1874 1832 1932 1886 et

278 1941 416 1982 cum
447 1923 589 1979 dicit
625 1923 925 1994 Scriptura
967 1928 1235 1976 sanctum.
1269 1918 1569 1976 Christum
1600 1918 1788 1974 filium
1826 1918 1929 1974 bo-

279 2013 460 2072 minis
489 2011 788 2068 hominem
836 2008 1274 2083 intelligamus;
1310 2011 1367 2064 et
1414 2023 1546 2063 cum
1586 2009 1787 2063 Filium
1832 2008 1932 2063 Dei

277 2100 576 2177 proponit,
608 2118 720 2157 non
752 2098 1077 2169 hominem,
1123 2098 1224 2154 sed
1274 2097 1459 2153 Deum
1492 2096 1603 2169 (88)
1635 2096 1931 2169 percipere

276 2192 619 2249 debeamus.
642 2190 749 2245 Sed
784 2188 941 2244 enim
964 2187 1268 2259 Scriptura
1295 2186 1491 2242 divina
1522 2186 1927 2242 haereticorum

275 2286 335 2339 et
362 2279 600 2337 fraudes
646 2282 704 2335 et
740 2277 896 2333 furta
940 2274 1104 2332 facile
1150 2274 1442 2332 convincit
1491 2278 1548 2331 et
1595 2275 1833 2349 detegit.
1866 2274 1929 2331 Si

276 2371 438 2428 enim
470 2367 555 2425 sic
585 2370 740 2424 esset
768 2363 1199 2432 tantummodo,
1249 2364 1487 2437 Spiritus
1521 2365 1701 2421 veniet
1744 2367 1805 2419 in
1854 2368 1925 2434 te,

276 2471 329 2519 et
359 2462 539 2516 virtus
590 2456 864 2514 Altissimi
913 2454 1261 2511 abumbrabit
1313 2454 1437 2527 tibi,
1468 2462 1753 2527 propterea
1788 2454 1932 2527 quod

275 2558 537 2608 nascetur
582 2564 652 2604 ea:
695 2549 747 2603 te
792 2547 1060 2614 sanctum,
1093 2544 1375 2601 vocabitur
1419 2545 1598 2601 Filius
1639 2544 1776 2614 Dei,-
1807 2545 1930 2602 for-

276 2642 438 2695 tasse
466 2637 582 2694 alio
612 2640 767 2693 esset
796 2635 967 2692 nobis
1011 2650 1224 2707 genere
1267 2634 1549 2690 adversus
1578 2633 1708 2691 illos
1738 2632 1928 2691 reluc-

279 2727 553 2795 tandum,
584 2730 639 2781 et
669 2723 785 2782 alia
809 2724 980 2781 nobis
1011 2727 1209 2780 essent
1240 2726 1589 2796 argumenta
1616 2724 1930 2794 quaerenda

279 2820 340 2873 et
369 2833 534 2873 arma
579 2813 889 2881 sumenda,
944 2811 1159 2888 quibus
1197 2811 1431 2867 illorum
1480 2817 1538 2868 et
1585 2811 1830 2868 insidias
1873 2816 1931 2868 et

277 2903 606 2979 praestigias
637 2902 1044 2959 vinceremus:
1078 2916 1212 2956 cum
1242 2902 1437 2956 autem
1468 2900 1597 2973 ipsa
1627 2900 1932 2972 Scriptura

276 2994 499 3054 ccelesti
568 2992 878 3048 abundans
932 2988 1296 3062 plenitudine
1346 3005 1473 3046 sese
1522 2989 1927 3046 haereticorum

277 3085 525 3141 istorum
545 3078 855 3138 calumniis
884 3081 1076 3147 exuat,
1107 3076 1275 3133 facile
1302 3076 1430 3150 ipso
1461 3078 1615 3149 quod
1640 3078 1926 3151 scriptum

1960 1788 2008 1853 Β

2033 495 2292 563 praestat,
2323 498 2381 547 et
2413 492 2614 548 Filium
2648 493 2813 549 illum
2863 495 2963 551 Dei
3001 498 3157 565 facit,
3191 502 3345 571 quod
3376 501 3475 559 ille
3507 509 3679 560 natu-

2034 580 2234 636 raliter
2261 581 2411 637 937
2449 599 2562 638 non
2599 583 2742 650 fuit;
2776 587 2840 639 ut
2870 578 3275 660 principalitas
3309 592 3565 649 nominis
3596 594 3681 650 is-

2033 669 2152 725 tius
2182 671 2356 726 Fitius
2385 672 2481 727 Dei
2508 671 2566 726 in
2608 672 2826 745 Spiritu
2857 674 2933 730 sit
2963 678 3212 747 Domini,
3248 681 3346 751 qui
3382 682 3684 739 descendit

2035 763 2092 814 et
2132 759 2322 827 venit;
2357 760 2419 816 ut
2469 760 2701 832 sequela
2744 763 3003 820 nominis
3052 766 3108 820 in
3165 768 3305 824 Filio
3364 771 3460 826 Dei
3494 777 3549 827 et
3577 773 3683 828 ho-

2035 847 2216 904 minis
2246 849 2358 921 (89)
2396 849 2491 921 sit,
2524 854 2581 906 et
2628 852 2834 909 merito
2883 862 3310 928 consequenter
3358 860 3451 915 hic
3500 861 3683 919 Filius

2034 937 2135 994 Dei
2171 938 2356 994 factus
2386 939 2481 1011 sit,
2520 940 2660 996 dum
2718 959 2831 998 non
2880 943 3284 1017 principaliter
3343 950 3523 1007 Filius
3584 951 3681 1008 Dei

2035 1032 2141 1083 est.
2176 1031 2364 1100 Atque
2385 1028 2514 1085 ideo
2536 1029 2984 1103 dispositionem
3009 1033 3180 1090 istam
3202 1038 3456 1109 Angelus
3479 1042 3682 1097 videns

2035 1119 2093 1171 et
2120 1116 2387 1172 ordinem
2419 1118 2598 1173 istum
2630 1123 2976 1178 sacramenti
3037 1126 3371 1197 expediens,
3424 1146 3539 1184 non
3599 1130 3682 1185 sic

2035 1211 2248 1262 cuncta
2277 1208 2639 1265 confundens
2672 1213 2734 1265 ut
2768 1210 2997 1268 nullum
3020 1214 3333 1285 vestigium
3359 1217 3683 1275 distinctio-

2037 1295 2128 1350 nis
2202 1294 2515 1365 collocarit,
2574 1298 3006 1356 distinctionem
3068 1306 3280 1374 posuit,
3352 1307 3596 1363 dicendo
3666 1323 3682 1365 :

2038 1388 2326 1456 Prspterea
2356 1389 2407 1441 et
2434 1387 2579 1459 quod
2606 1399 2865 1444 nascetur
2893 1408 2962 1445 ex
2991 1401 3040 1447 te
3080 1400 3350 1465 sanctum,
3406 1398 3685 1452 vocabitur

2034 1473 2220 1531 Filius
2250 1475 2344 1531 Dei
2376 1491 2388 1529 :
2424 1491 2495 1531 ne
2532 1477 2578 1532 si
2616 1477 3097 1536 distributionem
3136 1482 3309 1538 istam
3341 1501 3473 1541 cum
3506 1487 3685 1542 libra-

2036 1562 2253 1619 mentis
2299 1564 2423 1620 suis
2454 1582 2569 1621 non
2600 1566 3022 1641 dispensasset,
3055 1573 3154 1626 sed
3191 1572 3245 1626 in
3283 1574 3522 1630 confuso
3553 1594 3682 1647 per-

2037 1652 2273 1708 mistam
2304 1653 2654 1724 reliquisset,
2686 1672 2816 1712 vere
2847 1659 3211 1715 occasionem
3246 1662 3534 1720 haereticis
3552 1682 3686 1720 con-

2036 1740 2291 1812 tulisset,
2321 1746 2389 1797 ut
2436 1742 2693 1799 hominis
2744 1745 2976 1815 Filium,
3012 1765 3127 1820 qua
3160 1749 3332 1807 homo
3376 1758 3484 1819 est,
3515 1770 3688 1809 eum-

2039 1830 2170 1885 dem
2203 1835 2261 1886 et
2291 1830 2388 1885 Dei
2419 1834 2477 1886 et
2499 1831 2760 1888 hominis
2791 1833 2999 1890 Filium
3032 1836 3144 1909 (90)
3174 1841 3554 1909 pronuntiare
3583 1842 3690 1898 de-

2038 1919 2261 1975 berent.
2311 1919 2478 1975 Nunc
2526 1926 2722 1976 autem
2773 1924 3165 1994 particulatim
3223 1945 3516 1999 exponens
3563 1936 3684 1989 tam

2040 2008 2239 2081 magni
2288 2010 2638 2066 sacramenti
2687 2011 2950 2068 ordinem
2982 2018 3156 2086 atque
3215 2018 3522 2085 rationem,
3571 2020 3686 2076 evi-

2037 2096 2242 2152 denter
2269 2098 2576 2170 expressit,
2613 2103 2677 2154 ut
2706 2099 2941 2171 diceret,
2972 2111 3023 2158 et
3058 2105 3200 2175 quod
3229 2123 3299 2160 ea:
3344 2111 3395 2162 te
3424 2114 3687 2164 nascetur

2037 2190 2307 2258 sanctum,
2351 2187 2631 2243 vocabitur
2670 2190 2845 2244 Filius
2887 2191 2985 2246 Dei
3018 2209 3041 2253 ;
3094 2195 3349 2264 probans
3402 2199 3684 2268 quoniam

2038 2273 2220 2331 Filius
2250 2275 2352 2331 Dei
2384 2277 2686 2333 descendit
2716 2296 2728 2334 :
2764 2279 2864 2351 qui
2897 2280 3037 2336 dum
3090 2283 3294 2339 Filium
3337 2286 3595 2343 hominis
3624 2288 3683 2345 in

2037 2380 2100 2421 se
2130 2365 2406 2437 suscepit,
2447 2372 2883 2439 consequentur
2915 2368 3080 2426 illum
3116 2372 3324 2428 Filium
3362 2375 3461 2430 Dei
3499 2376 3634 2432 fecit
3667 2396 3682 2446 ;

2037 2453 2315 2526 quoniam
2336 2452 2503 2510 illum
2526 2455 2709 2511 Filius
2738 2456 2849 2513 sibi
2874 2457 2972 2514 Dei
2995 2460 3107 2531 (91)
3132 2462 3372 2517 sociavit
3395 2465 3683 2535 etjunxit.

2037 2542 2110 2598 Ut
2140 2545 2278 2598 dum
2312 2543 2490 2600 Filius
2519 2544 2780 2601 hominis
2805 2548 3058 2604 adhaeret
3094 2550 3147 2603 in
3187 2552 3547 2610 nativitatem
3572 2554 3687 2627 (92)

2038 2632 2180 2688 Filio
2213 2633 2333 2702 Dei,
2362 2632 2493 2705 ipsa
2531 2635 2921 2706 permissione
2965 2638 3292 2696 feneratum
3344 2648 3399 2697 et
3452 2653 3687 2700 mutua-

2036 2726 2164 2777 tum
2196 2726 2438 2794 teneret,
2472 2724 2629 2794 quod
2650 2741 2718 2780 ex
2741 2729 2949 2782 natura
2981 2730 3217 2801 prepria
3251 2733 3546 2802 possidere
3570 2752 3685 2791 non

2037 2816 2254 2883 posset.
2286 2812 2364 2867 Ac
2396 2811 2480 2868 sic
2529 2813 2679 2869 facta
2715 2822 2805 2871 est
2854 2817 3059 2889 Angeli
3100 2835 3253 2886 voce,
3288 2822 3439 2890 quod
3476 2823 3685 2879 nolunt

2036 2900 2314 2968 haeretici,
2362 2900 2515 2958 inter
2561 2902 2772 2959 Filium
2824 2904 2924 2961 Dei
2972 2906 3363 2978 hominisque,
3407 2926 3540 2965 cum
3573 2929 3683 2968 sua

2035 2993 2235 3045 tamen
2287 2990 2624 3060 sociatione,
2673 2992 2975 3049 distinctio
3019 3012 3032 3063 ;
3092 2999 3354 3068 urgendo
3406 2998 3538 3057 illos
3597 3001 3683 3056 uti

2035 3077 2357 3148 Christum,
2395 3078 2647 3136 hominis
2698 3080 2908 3138 Filium
2960 3084 3094 3156 (93),
3128 3085 3425 3142 hominem
3460 3089 3681 3145 intelli-

275 3178 368 3231 est
399 3172 664 3239 nitimur,
696 3173 754 3226 et
781 3184 1005 3225 errores
1036 3166 1181 3223 istos
1230 3166 1358 3222 sine
1403 3166 1521 3223 ulla
1559 3168 1924 3226 dubitatione
1954 3161 1995 3227 C
2032 3173 2171 3240 gaut
2202 3185 2433 3241 quoque
2469 3169 2564 3225 Dei
2604 3170 2838 3242 Filium,
2866 3176 2924 3228 et
2953 3173 3249 3230 hominem
3292 3177 3403 3245 Dei,
3442 3178 3677 3247 Filium,

274 3277 646 3335 superamus.
678 3259 802 3315 Non
834 3256 992 3313 enim
1032 3255 1198 3323 dixit,
1249 3260 1312 3312 ut
1335 3258 1461 3328 jam
1505 3257 1923 3329 expressimus,

269 3358 573 3424 propterea
603 3347 744 3420 quod
772 3363 843 3403 ex
872 3350 923 3402 te
952 3352 1206 3401 nascetur
1252 3355 1518 3414 sanctum,
1570 3347 1672 3402 sed
1714 3346 1930 3418 adjecit

275 3436 750 3511 conjunctionem
799 3452 812 3491 :
846 3434 928 3491 ait
974 3434 1130 3490 enim
1173 3442 1462 3507 propterea
1489 3443 1540 3491 et
1580 3436 1728 3508 quod
1773 3453 1842 3493 ea:
1875 3445 1927 3493 le

276 3531 537 3585 nascetur
564 3535 855 3588 sanctum;
888 3531 948 3580 ut
980 3522 1128 3579 illud
1160 3525 1510 3593 ostenderet,
1562 3542 1675 3581 non
1709 3524 1924 3597 princi-

278 3617 490 3691 paliter
519 3615 626 3672 hoc
653 3620 920 3672 sanctum
954 3612 1108 3685 quod
1153 3628 1223 3669 ex
1270 3613 1370 3669 illa
1413 3612 1697 3681 nascitur,
1730 3615 1787 3670 id
1838 3619 1927 3671 est

279 3708 455 3763 istam
488 3706 682 3761 carnis
713 3702 1091 3776 corporisque
1134 3701 1546 3774 substantiam,
1580 3702 1791 3758 Filium
1829 3703 1921 3759 Dei

275 3812 431 3865 esse,
466 3794 569 3852 sed
600 3796 1028 3865 consequenter
1056 3795 1112 3848 et
1144 3791 1203 3846 in
1236 3793 1495 3848 secundo
1523 3792 1649 3850 loco
1703 3809 1716 3847 :
1764 3793 1925 3865 prin-

277 3884 546 3959 cipaliter
574 3890 769 3940 autem
789 3881 1002 3938 Filium
1031 3881 1131 3937 Dei
1165 3898 1294 3938 esse
1323 3882 1573 3938 Verbum
1604 3881 1704 3938 Dei
1735 3882 1925 3939 incar-

276 3979 484 4031 natum
518 3990 618 4046 per
649 3972 814 4028 illum
840 3968 1146 4043 Spiritum,
1169 3971 1240 4027 de
1271 3986 1386 4043 quo
1420 3971 1681 4043 Angelus
1714 3972 1918 4030 refert:

270 4065 521 4137 Spiritus
547 4064 724 4119 veniet
753 4062 817 4117 in
848 4068 917 4128 te,
956 4062 1009 4115 et
1048 4060 1229 4114 virtus
1279 4059 1550 4116 Atiissimi
1577 4060 1926 4119 obumbrabit

268 4154 397 4210 tibi.
432 4152 534 4209 Hic
564 4157 653 4209 est
695 4150 853 4207 enim
880 4147 1181 4222 legitimus
1212 4147 1314 4204 Dei
1347 4148 1527 4205 Filius
1558 4150 1658 4221 qui
1699 4168 1768 4207 ex
1794 4151 1922 4223 ipso

195 4199 225 4263 (
694 4199 1323 4295 istud
1370 4199 1645 4306 assumit,
1704 4243 1760 4295 et
1810 4199 1922 4296 sibi

270 4329 485 4387 Filium
517 4329 773 4386 hominis
798 4328 1049 4395 adnecit,
1079 4329 1137 4381 et
1165 4324 1333 4381 illum
1366 4328 1436 4383 ad
1479 4345 1541 4385 se
1563 4328 1717 4401 rapit
1746 4335 1923 4402 atque

2035 3258 2094 3313 id
2124 3265 2214 3313 est
2246 3258 2345 3314 Dei
2378 3259 2626 3316 Verbum
2659 3260 2836 3332 (sicut
2873 3263 3159 3336 scriptum
3209 3271 3317 3332 est)
3368 3268 3552 3324 Deum
3586 3287 3681 3325 ac-

2034 3346 2253 3419 cipiant
2285 3365 2298 3403 :
2333 3350 2508 3420 atque
2538 3348 2666 3405 ideo
2696 3349 2992 3407 Christum
3019 3352 3223 3408 Jesum
3262 3356 3590 3425 Dominum,
3611 3375 3680 3414 ex

2037 3441 2283 3509 utroque
2314 3453 2639 3493 connexum
2663 3439 2773 3511 (94)
2807 3441 2895 3511 (ut
2925 3442 3006 3498 ita
3026 3441 3317 3515 dixerim),
3340 3461 3408 3500 ex
3431 3450 3682 3519 utroque

2035 3530 2369 3582 contextum
2402 3530 2578 3598 atque
2618 3532 2975 3601 concretum,
3012 3536 3069 3587 et
3101 3532 3155 3587 in
3212 3534 3413 3588 eadem
3459 3536 3682 3592 utrius-

2036 3631 2148 3687 que
2179 3616 2520 3671 substantiaa
2552 3617 2863 3673 concordia
2894 3621 3083 3675 mutui
3117 3622 3185 3676 ad
3228 3624 3471 3679 invicem
3507 3626 3680 3682 fcede-

2036 3705 2117 3760 ris
2173 3705 2623 3762 contibulationc
2676 3707 2984 3776 sociatum,
3019 3709 3313 3768 hominem
3364 3718 3419 3768 et
3470 3714 3678 3785 Deum,

2036 3793 2349 3866 Scriptura:
2398 3794 2509 3850 hoc
2557 3795 2752 3867 ipsum
2802 3797 3048 3855 dicentis
3096 3802 3360 3871 veritate,
3417 3821 3676 3876 cognos-

2033 3886 2186 3939 cant.

2496 3972 2722 4030 CAPUT
2764 3973 2925 4046 xxv,
2969 3978 3046 4033 al.
3099 3978 3210 4032 xx.

2035 4083 2220 4150 Neque
2249 4079 2377 4134 inde
2403 4081 2563 4151 sequi
2591 4083 2723 4151 quia
2753 4082 2998 4137 Christus
3026 4091 3279 4139 mortuus
3309 4088 3478 4141 etiam
3498 4089 3672 4144 Deum

2103 4156 2381 4231 mortuum
2408 4153 2773 4231 accipisnon
2796 4157 2953 4231 enim
2975 4157 3353 4213 tantummodo
3384 4160 3675 4231 Deum,sed

2101 4226 2151 4278 et
2179 4222 2452 4278 hominem
2480 4224 2755 4279 Christum
2786 4227 3070 4296 Scriptura
3102 4232 3378 4300 proponit.

2101 4329 2572 4402 Ergo,inquiunt,
2606 4331 2653 4385 si
2685 4332 2951 4389 Christus
2981 4349 3097 4390 non
3129 4335 3302 4390 homo
3336 4341 3423 4391 est
3444 4340 3674 4393 tantum

1552 4454 1863 4515 Gallandii
1891 4454 2402 4516 commentarius.

348 4561 458 4635 (88)
489 4561 620 4635 Non
635 4560 909 4616 hominem
950 4556 1046 4613 sed
1072 4558 1264 4615 Deum.
1321 4556 1409 4613 Ita
1462 4556 1756 4635 Pamelius
1782 4557 1922 4635 _alii-
1952 4560 1998 4625 D

272 4630 410 4705 que.
448 4632 864 4705 welchmauus
899 4634 1097 4705 tamen
1126 4644 1379 4700 eumque
1410 4634 1647 4705 secutus
1675 4630 1923 4705 Jacksof

271 4701 390 4761 rius
419 4704 621 4761 ordine
650 4703 879 4759 inverso
910 4701 1239 4770 ediderunt,
1269 4716 1377 4755 non
1410 4701 1599 4770 Deum,
1626 4703 1725 4757 sed
1753 4702 1923 4757 homi-

269 4792 402 4849 nem
430 4794 451 4832 :
472 4774 801 4849 argumenti
836 4772 1116 4828 nimirum
1140 4771 1584 4849 ratione,inquit
1612 4775 1919 4845 posterior,

270 4844 968 4929 διξειιῖυῑιερμξείείορθῐιῑ
996 4844 1346 4929 metuente-
1439 4914 1475 4929 ..
1622 4844 1627 4845 ί

347 4920 456 4990 (87)
484 4921 547 4975 In
578 4920 715 4974 Filio
746 4920 845 4974 Dei
869 4924 921 4972 et
949 4915 1237 4990 hominis.__
1261 4914 1655 4970 Pameliauam
1708 4915 1918 4990 editio-

268 4985 410 5046 nem
436 4985 853 5062 expressimus,
879 4985 1336 5062 praecedentibus
1357 4988 1920 5062 congruen‘tem.Ha_s

268 5067 471 5118 autem
503 5057 671 5117 voc-es
701 5062 800 5117 Dei
827 5057 1103 5115 etlomisit
1122 5057 1545 5131 Welchmanus
1571 5075 1583 5112 :
1609 5058 1776 5128 eique
1802 5059 1917 5131 pri-

268 5149 440 5188 mum
461 5137 785 5189 accesserat
811 5131 1161 5201 Jacksonus,
1184 5129 1283 5201 sed
1307 5135 1507 5201 postea
1538 5134 1765 5185 mutata
1785 5129 1917 5187 sen-

265 5204 475 5272 tentia,
508 5204 948 5261 rescribendum
978 5199 1372 5271 existimabat,
1398 5202 1571 5256 Filius
1602 5202 1703 5258 Dei
1730 5204 1787 5258 in
1815 5208 1917 5259 Iw-

262 5277 421 5333 mine
448 5276 539 5332 sit.

343 5346 456 5419 (90)
485 5348 584 5404 Dei
607 5344 1179 5419 etrhominisFilium.
1213 5340 1318 5397 Hic
1348 5342 1917 5419 pariterPamelium

264 5414 801 5513 aeqtp‘itul."l)elevit
822 5416 1337 5513 yelghmanuiet
1366 5414 1628 5513 Ιιοτηέηἰῇἶ

343 5485 454 5574 (91)
483 5490 795 5574 Filius_sibi
813 5486 1110 5574 Dei._grdo
1140 5485 1919 5574 verboru‘m't‘acili'nr.erit‘si

259 5556 605 5632 legerimus,
636 5563 800 5618 illum
827 5562 941 5620 sibi
966 5561 1139 5618 Filius
1159 5559 1281 5631 Dei,
1309 5556 1399 5618 vel
1428 5558 1596 5619 illum
1623 5560 1799 5621 Filius
1818 5561 1919 5621 Dei

261 5578 322 5618 ne
363 5578 605 5632 erimus,
636 5578 800 5618 tuum
827 5578 852 5618 s

261 5578 402 5713 sigi,
432 5639 548 5700 etc.
582 5637 857 5696 Jacsson.

2105 4558 2216 4629 (92)
2248 4560 2308 4638 In
2339 4559 2702 4638 nativitatem.
2734 4561 2796 4617 In
2852 4562 3164 4638 nativitate
3206 4565 3443 4621 omnino
3486 4565 3680 4638 legen-

2032 4630 2376 4709 dumputat
2415 4628 2738 4688 Jacksonus
2799 4649 2812 4687 :
2873 4650 3057 4704 neque
3113 4634 3281 4692 aliter
3328 4628 3677 4709 (δουλίοἰέὺαί

2032 4699 2469 4755 Welchmanus.

2102 4772 2214 4852 (93)
2246 4772 2307 4827 Et
2329 4773 2646 4852 flaminem
2686 4774 2779 4852 D_e_i
2814 4775 3022 4852 Filium
3049 4808 3117 4818 —-
3147 4781 3316 4834 Deum
3368 4783 3668 4852 accipiant,

2027 4842 2119 4898 Sic
2153 4842 2463 4899 Pamelius.
2503 4843 2685 4900 Editio
2716 4846 3077 4903 Frobeniana
3109 4866 3121 4905 :
3157 4854 3229 4904 Et
3273 4842 3546 4907 hominem
3575 4842 3675 4908 Dei

2029 4914 2258 4991 Filium,
2294 4914 2352 4991 id
2374 4925 2455 4970 est
2491 4917 2737 4991 Verbum,
2769 4920 2913 4991 sicut
2948 4922 3218 4991 scriptum
3249 4927 3343 4989 est,
3380 4929 3551 4977 Deum
3579 4940 3670 4977 ac-

2026 4987 2257 5058 cipiant.
2293 4988 2476 5051 Quam
2509 4987 2745 5059 quidem
2779 4987 3085 5047 lectionem
3122 4987 3359 5047 secutus
3391 5000 3479 5049 est
3510 4993 3669 5050 Wel-

2028 5059 2339 5136 chmauus.
2380 5064 2629 5136 [:uxatus
2677 5060 2840 5136 locus
2869 5063 3100 5118 videtur
3129 5065 3438 5131 Jacksono,
3475 5066 3670 5136 legen-

2028 5130 2288 5201 dumque
2322 5146 2335 5185 :
2370 5132 2433 5185 Et
2465 5131 2693 5202 Filium,
2744 5133 2800 5188 id
2855 5138 2933 5189 est
2995 5137 3093 5190 Dei
3150 5138 3381 5190 Verbum
3410 5130 3476 5176 4—
3502 5130 3670 5193 Deum

2025 5206 2326 5287 accipiunt.
2354 5203 2413 5287 In
2426 5204 3085 5287 [eamdemmsententiam
3116 5207 3515 5279 Vesselingius
3534 5210 3669 5265 Pro-

2028 5273 2195 5347 babit.
2228 5290 2356 5346 cap.
2393 5275 2477 5344 16,
2509 5290 2641 5347 pag.
2672 5276 2798 5331 322.

2096 5346 2211 5422 (94),
2241 5347 2543 5422 [intraque
2570 5346 2905 5422 contemtum.
2940 5349 3054 5405 Has
3086 5366 3253 5405 voces
3284 5366 3431 5422 quas
3464 5366 3577 5422 prae
3608 5365 3671 5422 se

2025 5416 2222 5499 ferunt
2268 5416 3106 5505 edi‘ti,’omisitJacksonusi
3142 5416 3357 5505 quippe
3417 5416 3669 5505 quisni-

2026 5489 2243 5566 mirum
2294 5492 2430 5545 orta
2476 5488 2786 5545 videantur
2841 5508 2909 5547 ex
2957 5488 3671 5566 negligenti'repetitione

2068 5561 2287 5642 riqrum
2317 5576 2387 5617 ea:
2418 5569 3003 5642 utroquecgnnezum.
3033 5561 3271 5642 Easque
3324 5561 3544 5642 pariter
3571 5566 3672 5627 de-

2068 5578 2287 5618 morum
2317 5578 2387 5617 ea:
2418 5578 2648 5633 utroque
2672 5578 2982 5620 cmmezum

2024 5578 2229 5694 Fendas
2252 5632 2515 5709 jusserat
2538 5631 2982 5698 Welcbmanus.
