4102 6180
486 264 604 326 963

1525 262 1963 325 NOVATIANI
2012 257 2503 325 PRESBYTER]
2549 261 2856 325 ROMANI

3673 36 3824 88 Ἄπη.
3765 63 3804 89 φ
3824 36 3884 60 ’⁵
3948 35 3973 86 ἱ

3696 283 3782 341 96ἱ

483 395 583 450 sed
618 397 675 449 et
704 391 1187 461 Deus,Christum
1218 396 1410 450 autem
1447 394 1620 449 refert
1648 393 1947 465 Scriptura
1978 409 2128 448 mor—
2156 396 2211 460 Α
2241 395 2337 450 Dei
2370 395 2624 451 Verbum
2658 395 3129 451 interﬁciendum
3181 396 3411 454 deiicere
3437 401 3650 462 debebit.
3675 410 3786 469 Nam

484 489 652 539 tuum
673 500 775 556 pro
794 483 962 539 nobis
980 488 1037 538 et
1054 483 1616 555 resuscitatum;jam
1641 485 1805 539 docet
1825 501 1928 538 nos
1944 483 2134 554 Scrip-

482 578 617 630 tura
649 573 882 630 credere
910 579 1082 628 I)eum
1114 579 1412 628 mortuum
1440 590 1451 628 :
1479 577 1579 627 aut
1610 574 1655 629 si
1682 573 1834 628 Deus
1867 590 1979 628 non
2005 589 2129 628 mo-

481 665 632 720 ritur
659 664 812 719 935
847 663 1114 718 Christus
1145 668 1340 718 autem
1393 668 1663 720 mortuus
1712 663 1979 729 refertur,
2013 680 2125 717 non

481 754 610 824 erit,
634 753 900 811 Christus
924 759 1094 821 Deus,
1123 753 1400 825 quoniam
1427 753 1578 807 Deus
1603 769 1713 808 non
1736 756 1921 823 potest
1942 751 2126 823 accipi

433 829 443 846 ’
479 848 768 899 mortuus.
819 842 876 897 Si
927 859 1188 914 unquam
1231 841 1632 914 intelligerint,
1667 848 1769 896 aut
1806 840 2122 896 intellexis-

477 937 610 990 sent
641 932 795 1004 quod
825 931 1357 1002 legunt,nunquam
1390 934 1506 986 tam
1533 930 1852 1002 periculose
1883 931 2121 986 omnino

475 1020 871 1092 loquerentur.
924 1022 1035 1077 Sed
1085 1021 1298 1076 erroris
1347 1036 1579 1092 semper
1629 1025 1716 1075 est
1743 1021 1993 1091 abrupta
2023 1021 2122 1075 de-

476 1113 740 1173 mentia;
771 1115 828 1166 et
858 1127 974 1166 non
1018 1115 1106 1166 est
1135 1127 1348 1167 novum
1380 1110 1428 1166 si
1477 1127 1661 1182 usque
1692 1110 1762 1165 ad
1790 1109 2122 1181 periculosa

477 1200 860 1268 descendunt,
903 1200 1001 1272 qui
1050 1200 1221 1255 {idem
1273 1199 1596 1271 legitimam
1643 1199 2021 1268 reliquerunt.
2059 1199 2118 1254 Si

475 1289 632 1345 enim
665 1289 966 1360 Scriptura
996 1294 1344 1360 proponeret
1373 1289 1668 1343 Christum
1711 1290 2117 1344 tantummodo

473 1378 681 1448 Deum,
711 1383 769 1434 et
800 1378 962 1432 nulla
992 1378 1049 1432 in
1084 1377 1181 1432 illo
1213 1377 1543 1449 fragilitatis
1576 1377 1845 1431 humanae
1874 1375 2117 1432 'sociatio

472 1472 628 1523 esset
656 1467 1167 1538 permista,merito
1200 1467 1434 1521 illorum
1466 1466 1560 1521 hic
1587 1466 1807 1537 aliquid
1841 1466 2116 1523 valuisset

476 1573 668 1612 sermo
698 1561 1020 1611 contortus.
1052 1555 1104 1610 Si
1130 1554 1394 1610 Christus
1426 1555 1601 1621 Deus,
1627 1554 1896 1610 Christus
1917 1563 2112 1612 autem

472 1650 907 1716 mortuus,ergo
942 1648 1208 1699 mortuus
1231 1647 1319 1698 est
1345 1646 1514 1699 Deus.
1538 1643 1647 1698 Sed
1680 1661 1809 1698 cum
1847 1662 1958 1700 non
1985 1650 2110 1700 tan-

466 1732 1548 1802 tummodoillum,utostendimusjam
1565 1734 2111 1803 t‘requenter,Deum

465 1823 568 1880 sed
601 1828 658 1878 et
689 1822 987 1877 hominem
1038 1820 1336 1892 Scriptura
1380 1821 1716 1890 constituat,
1750 1838 2111 1893 ci'nsequens

464 1916 572 1979 est,
598 1913 751 1983 quod
778 1911 890 1982 (95)
913 1910 1245 1965 immortale
1263 1909 1781 1981 est,incorruptum
1821 1912 2111 1968 mansisse

462 2005 752 2057 teneatur.
785 2000 925 2062 Quis
957 1999 1113 2054 enim
1149 2015 1264 2053 non
1295 1997 1603 2069 intelligat,
1639 2000 1791 2069 quod
1835 2000 2109 2071 impossi-

463 2089 600 2146 bilis
631 2090 708 2145 sit
737 2088 1031 2153 divinitas,
1064 2087 1361 2158 passibilis
1409 2104 1540 2142 vero
1572 2087 1648 2141 sit
1697 2088 1958 2143 humana
1987 2089 2107 2144 fra-

461 2179 697 2252 gilitas?
722 2179 856 2234 Cum
884 2193 1016 2248 ergo
1047 2183 1164 2231 tam
1199 2193 1265 2231 ex
1296 2193 1361 2232 eo
1393 2177 1545 2247 quod
1579 2177 1732 2231 Deus
1781 2182 1888 2247 est,
1931 2196 2103 2248 quam

463 2269 640 2324 etiam
673 2284 740 2324 ex
771 2267 870 2321 illo
901 2267 1054 2337 quod
1088 2266 1260 2320 homo
1293 2265 1711 2335 est,Christum
1743 2265 2107 2338 intelligatur

460 2373 590 2412 esse
620 2356 937 2428 permistus
969 2359 1027 2410 et
1055 2371 1183 2410 esse
1205 2353 1460 2410 sociatus
1487 2371 1499 2408 :
1531 2355 1760 2410 Verbum
1790 2356 1945 2410 enim
1979 2374 2104 2414 caro

461 2448 666 2518 factum
695 2453 794 2514 est,
824 2448 874 2500 et
904 2444 1170 2499 habita-vit
1200 2445 1261 2498 in
1306 2446 1467 2500 nobis
1512 2446 1692 2514 (Joan.
1744 2447 1794 2515 1,
1831 2446 1937 2516 14),
1973 2447 2104 2518 quis

460 2552 577 2591 non
609 2534 735 2591 sine
767 2533 880 2589 ullr
909 2534 1190 2605 magistro
1221 2538 1394 2604 atque
1427 2533 1738 2605 interprete
1767 2551 1835 2589 ex
1864 2552 1990 2591 sese
2021 2539 2104 2592 ta-

464 2625 572 2680 cile
601 2628 932 2695 cognoscat,
969 2640 1083 2678 non
1115 2622 1260 2678 illud
1304 2623 1363 2677 in
1394 2623 1620 2678 Christo
1655 2628 1952 2679 mortuum
1975 2643 2103 2683 esse

462 2714 614 2785 quod
647 2718 798 2789 Deus
823 2716 932 2778 est,
955 2713 1055 2768 sed
1079 2711 1222 2766 illud
1251 2712 1313 2768 in
1345 2711 1444 2766 illo
1469 2717 1768 2767 mortuum
1793 2731 1920 2769 esse
1942 2717 2098 2786 quod

460 2803 634 2858 homo
666 2802 800 2858 est?
828 2802 975 2866 Quid
1016 2802 1172 2856 enim
1202 2801 1250 2856 si
1281 2801 1602 2856 divinitatis
1633 2803 1690 2857 in
1724 2802 1952 2859 Christo
1984 2822 2099 2861 non

459 2890 724 2959 moritur,
752 2892 853 2946 sed
884 2891 1076 2946 carnis
1109 2890 1290 2946 solius
1322 2891 1651 2946 substantia
1683 2893 2096 2966 exstinguitur,

457 2981 692 3054 quando
715 2984 773 3035 et
794 2981 1016 3036 caeteris
1037 2979 1504 3051 hominibus,qui
1528 2997 1639 3035 non
1665 2986 1802 3036 sunt
1822 2999 1954 3039 caro
1977 2988 2100 3040 tan-

455 3071 780 3139 tummodo,
810 3070 911 3125 sed
944 3085 1075 3124 caro
1107 3074 1164 3124 et
1195 3070 1409 3137 anima,
1431 3086 1563 3124 caro
1587 3070 1822 3141 quidem
1855 3071 1980 3128 sola
2002 3075 2090 3129 in-

2242 499 2373 538 cum
2408 485 2537 556 ipsa
2567 485 2784 553 anima,
2841 502 2970 558 quae
3015 501 3116 558 per
3164 485 3257 541 Dei
3299 488 3514 545 verbum
3561 493 3684 551 facta
3705 509 3786 569 est,

2239 574 2311 627 ab
2345 573 2682 630 hominibus
2727 592 2844 630 non
2878 575 3164 630 occiditur
3192 594 3204 642 ;
3237 576 3411 632 multo
3446 583 3609 652 magis
3634 586 3790 657 utique

2236 662 2493 718 Verbum
2526 665 2623 718 Dei
2657 665 2866 735 perimi
2899 681 3012 719 non
3044 679 3213 734 posse
3246 666 3510 722 credetur.
3541 669 3596 723 Et
3624 672 3663 726 si
3691 674 3788 744 plus

2236 768 2351 806 non
2383 756 2573 822 potest
2594 752 2901 808 hominum
2925 754 3080 807 936
3105 758 3336 807 cruenta
3360 755 3552 812 saevitia
3570 759 3790 817 adversus

2234 838 2712 912 homines,quam
2729 843 3212 896 uttantummodo
3226 857 3425 912 corpus
3441 844 3794 917 occidat,quau-

2236 933 2294 983 to
2328 930 2518 1001 magis
2551 930 2753 1001 utique
2800 929 2858 984 in
2900 931 3127 986 Christo
3178 946 3291 984 non
3337 929 3551 999 valebit,
3580 950 3726 1004 quam
3749 944 3796 992 ut

2229 1017 2384 1072 idem
2409 1019 2520 1091 (97)
2551 1019 2961 1074 tantummodo
2993 1036 3206 1091 corpus
3237 1018 3447 1074 occidat
3471 1037 3481 1073 :
3506 1022 3702 1089 ut,dum
3723 1043 3798 1097 per

2229 1107 2352 1163 haec
2383 1108 2681 1180 colligitur
2711 1126 2827 1164 non
2849 1108 2963 1164 nisi
2986 1108 3283 1164 hominem
3306 1109 3360 1163 in
3381 1108 3586 1165 Christo
3605 1109 3796 1170 interfe-

2229 1201 2411 1267 ctum,
2443 1203 2722 1270 appareat
2756 1199 2827 1254 ad
2877 1197 3297 1254 mortalitatem
3325 1199 3634 1254 Sermonem
3661 1203 3708 1256 in
3733 1202 3797 1258 lo-

2227 1303 2292 1342 co
2306 1287 2415 1357 (98)
2431 1304 2546 1343 non
2565 1304 2693 1344 esse
2713 1288 3209 1344 deductum.Nam
3227 1287 3275 1343 si
3296 1288 3639 1354 Abraham,et
3654 1291 3797 1357 Isaac,

2226 1379 2282 1430 et
2311 1377 2487 1431 Jacob
2519 1393 2666 1447 quos
2691 1377 2960 1433 homines
2982 1378 3388 1432 tantummodo
3409 1383 3618 1433 constat
3639 1379 3798 1452 fuisse,

2227 1466 2600 1520 manifestum
2636 1472 2723 1522 est
2754 1467 2944 1522 vivere
2966 1468 3194 1537 (omnes
3233 1466 3408 1533 enim,
3430 1466 3626 1538 inquit,
3647 1467 3712 1522 illi
3745 1469 3802 1524 vi-

2223 1559 2367 1610 vunt
2390 1560 2502 1610 Deo
2526 1556 2754 1624 (Luc.xx
2783 1557 3006 1627 38),nec
3030 1573 3189 1612 mors
3211 1557 3272 1612 in
3293 1556 3405 1611 illis
3431 1557 3663 1612 animam
3680 1558 3802 1628 peri-

2224 1645 2331 1698 mit
2358 1661 2484 1715 quae
2509 1661 2750 1716 corpora
2775 1646 2900 1716 ipsa
2940 1645 3146 1715 solvit;
3172 1647 3276 1717 jus
3297 1645 3450 1700 enim
3490 1662 3646 1700 suum
3676 1662 3799 1701 exer-

2221 1749 2349 1788 cere
2379 1733 2568 1805 potuit
2599 1735 2657 1788 in
2690 1752 2954 1806 corpora,
2976 1734 3035 1789 in
3067 1735 3298 1790 animas
3329 1750 3580 1790 exercere
3606 1752 3705 1790 non
3731 1753 3802 1790 va-

2222 1821 2333 1876 luit
2359 1840 2370 1877 :
2393 1822 2549 1877 aliud
2584 1823 2740 1877 enim
2771 1824 2830 1878 in
2861 1823 2980 1877 illis
3011 1822 3280 1892 mortale,
3309 1828 3364 1878 et
3382 1823 3504 1878 ideo
3534 1828 3801 1892 mortuum,

2221 1910 2378 1966 aliud
2414 1911 2474 1965 in
2533 1911 2649 1967 illis
2698 1910 3047 1980 immortale,
3082 1917 3137 1967 et
3184 1912 3314 1967 ideo
3363 1910 3682 1984 intelligitur
3717 1928 3802 1967 non

2219 2001 2593 2071 exstinctum,
2627 2002 2699 2056 ob
2731 2019 2905 2072 quam
2938 2018 3174 2056 causam
3210 2002 3399 2056 vivere
3448 2002 3549 2056 Deo
3594 2017 3805 2072 pronun-

2217 2089 2344 2144 tiati
2380 2096 2436 2144 et
2465 2091 2602 2145 dicti
2636 2094 2794 2159 sunt)
2833 2108 2843 2144 :
2882 2091 3066 2146 multo
3117 2091 3309 2162 magis
3355 2090 3548 2161 utique
3578 2106 3713 2145 mors
3759 2089 3802 2143 in

2216 2178 2444 2234 Christo
2473 2181 2781 2234 adversum
2815 2179 2997 2235 solam
3032 2180 3342 2234 materiam
3383 2179 3628 2251 corporis
3658 2178 3806 2249 potuit

2214 2267 2424 2335 valere,
2476 2268 2753 2324 adversus
2786 2269 3151 2324 divinitatem
3192 2267 3491 2323 Sermonis
3523 2285 3626 2323 non
3658 2267 3805 2338 potuit

2214 2373 2276 2412 se
2305 2373 2568 2412 exercere
2597 2357 2731 2428 (99).
2766 2357 3080 2429 Frangitur
3109 2357 3266 2413 enim
3322 2361 3572 2428 potestas
3623 2354 3804 2418 mortis,

2214 2445 2312 2500 ubi
2344 2446 2650 2501 intercedit
2680 2445 2995 2501 auctoritas
3029 2446 3509 2501 immortalitatis.

2673 2579 2905 2635 CAPUT
2953 2580 3098 2647 XVI,
3138 2581 3217 2635 at.
3253 2579 3401 2634 XXI.

2212 2687 2480 2742 Adversus
2529 2691 2710 2742 autem
2732 2685 3097 2755 Sabeltianos,
3135 2686 3441 2756 Scripturis
3469 2686 3646 2756 probat
3676 2685 3810 2738 alium

2603 2775 2717 2814 csse
2747 2760 2968 2826 Filium,
3011 2759 3196 2814 atium
3227 2761 3475 2813 Patrem.

2279 2894 2389 2948 Sed
2421 2909 2487 2948 ex
2517 2892 2624 2947 hac
2673 2893 2974 2948 occasione
3022 2891 3157 2964 quia
3201 2891 3478 2947 Christus
3523 2907 3630 2945 non
3671 2888 3811 2943 homo

2209 2987 2460 3052 tantum,
2492 2973 2590 3036 sed
2623 2985 2680 3036 et
2714 2986 2882 3046 Deus,
2922 2980 3257 3036 divinarum
3296 2981 3635 3035 Litterarum
3667 2973 3810 3032 sacris

2208 3071 2652 3126 auctoritatibus
2683 3071 3058 3142 approbatur,
3083 3069 3181 3124 alii
3206 3068 3473 3125 hzeretici
3491 3068 3812 3137 erumpentes

449 3176 684 3215 cursum
726 3157 998 3214 interitus
1047 3159 1369 3231 mortisque
1419 3159 1688 3230 patiatur,
1723 3165 1883 3216 extra
1931 3161 2087 3234 leges
2120 3142 2161 3209 Ο
2201 3166 2419 3216 statum
2441 3161 2498 3215 in
2522 3160 2746 3216 Christo
2769 3160 3063 3231 religionis
3085 3165 3405 3215 concutere
3429 3156 3809 3216 machinantur,

450 3253 644 3305 autem
677 3249 942 3305 interitus
973 3253 1025 3303 et
1061 3249 1266 3304 mortis
1296 3249 1493 3305 anima
1524 3248 1862 3319 incorrupta
1887 3268 2087 3309 cerna-

449 3338 584 3394 tur?
607 3339 723 3394 Hoc
747 3338 902 3393 enim
927 3342 982 3393 et
1003 3337 1126 3409 ipse
1139 3337 1702 3406 Dominus,hortans
1725 3355 1830 3394 nos
1845 3340 1915 3394 ad
1940 3358 2088 3396 mar-

439 3429 658 3501 tyrium
677 3434 734 3484 et
751 3427 821 3482 ad
843 3432 1240 3498 contemptum
1262 3427 1454 3482 omnis
1467 3426 1737 3483 humana:
1760 3431 2082 3502 potestatis,

438 3518 632 3574 aiebat
680 3535 692 3575 :
723 3519 800 3572 Ne
847 3518 1146 3571 timueritis
1176 3533 1264 3572 eos
1305 3519 1402 3588 qui
1428 3533 1623 3587 corpus
1653 3517 1925 3589 occidunt,
1958 3536 2082 3575 am-

438 3624 585 3662 mam
640 3611 825 3662 autem
880 3605 1120 3661 occidere
1177 3622 1288 3660 non
1338 3609 1563 3675 possunt
1629 3607 1832 3674 (Matth.
1882 3627 1934 3676 ι,
1967 3611 2078 3678 28).

443 3697 605 3762 Quod
638 3695 688 3751 si
719 3695 916 3752 anima
950 3695 1300 3750 immortalis
1332 3695 1514 3751 occidi
1551 3699 1652 3750 aut
1685 3696 1929 3751 interﬁci
1963 3714 2080 3754 non

435 3788 626 3858 potest
657 3785 715 3840 in
749 3784 953 3855 quovis
997 3783 1130 3854 alio,
1164 3784 1298 3840 licet
1329 3785 1437 3855 (96)
1469 3800 1678 3855 corpus
1709 3788 1765 3839 et
1795 3801 1924 3840 caro
1957 3786 2081 3842 sola

432 3874 620 3946 possit
649 3873 920 3940 interﬁci,
953 3878 1172 3944 quanto
1211 3874 1400 3945 magis
1453 3873 1659 3944 utique
1689 3871 1944 3929 Verbum
1975 3875 2076 3932 Dei

433 3965 585 4020 Deus
614 3963 673 4018 in
709 3963 936 4019 Christo
968 3963 1216 4017 interfici
1247 3962 1484 4018 omnino
1529 3979 1643 4017 non
1698 3963 1908 4034 potuit,
1941 3981 2075 4019 cum

429 4069 562 4109 caro
592 4051 717 4109 sola
746 4057 802 4108 et
831 4069 1043 4124 corpus
1075 4051 1331 4108 occisum
1363 4051 1437 4107 sit
1456 4052 1484 4106 ‘2
1513 4052 1571 4107 Si
1602 4051 1758 4107 enim
1790 4053 1940 4108 hanc
1971 4053 2076 4110 ha-

428 4141 527 4197 bet
557 4140 1006 4213 generositatem
1035 4139 1498 4196 immortalitatis
1543 4141 1738 4195 anima
1783 4140 1841 4194 in
1871 4141 2075 4213 quovis

429 4230 686 4299 homine,
719 4233 785 4286 ut
814 4247 927 4285 non
962 4231 1147 4302 possit
1177 4229 1450 4300 interﬁci,
1491 4228 1675 4283 multo
1709 4230 1895 4301 magis
1925 4230 2074 4285 hanc

424 4319 603 4376 habet
634 4323 978 4391 potestatem
1003 4318 1367 4391 generositas
1393 4318 1559 4373 Verbi
1583 4317 1778 4383 Dei,ut
1800 4335 1912 4373 non
1939 4335 2072 4390 pos-

425 4410 502 4466 sit
532 4407 888 4465 occidi.Nam
914 4410 963 4464 si
992 4413 1249 4481 potestas
1271 4408 1578 4463 hominum
1612 4407 1682 4461 ad
1715 4406 2071 4464 interﬁcien-

2198 3251 2307 3306 hoc
2329 3251 2455 3322 ipso
2479 3251 2703 3305 Patrem
2731 3249 2913 3304 Deum
2945 3241 3204 3304 volentes
3230 3249 3538 3304 ostendere
3560 3244 3812 3301 Christum

2196 3341 2503 3410 esse,dum
2539 3356 2653 3392 non
2691 3338 2864 3392 homo
2897 3341 3127 3392 tantum
3161 3339 3480 3407 asseritur,
3498 3336 3595 3391 sed
3625 3339 3675 3387 et
3694 3333 3812 3386 Deus

2195 3429 2498 3499 promitur.
2553 3428 2646 3482 Sic
2695 3427 2848 3482 enim
2899 3426 3175 3498 inquiunt
3212 3445 3225 3483 :
3270 3428 3330 3482 Si
3367 3443 3522 3481 unus
3553 3439 3671 3480 esse
3697 3420 3814 3476 Deus

2194 3518 2500 3588 promitur,
2536 3516 2802 3572 Christus
2834 3521 3028 3571 autem
3061 3516 3252 3584 Deus;
3297 3533 3462 3588 ergo,
3490 3513 3760 3585 inquiunt,
3779 3506 3815 3560 si

2191 3611 2360 3662 Pater
2390 3612 2447 3661 ct
2476 3605 2745 3661 Christus
2787 3611 2876 3660 est
2925 3621 3076 3659 unus
3131 3605 3315 3668 Deus,
3367 3603 3655 3667 Christus,
3681 3601 3815 3652 Pater

2190 3697 2434 3751 dicetur.
2483 3695 2546 3750 In
2598 3711 2709 3766 quo
2755 3710 2948 3749 errare
3012 3693 3349 3764 probantur
3399 3693 3682 3748 Christum
3729 3701 3814 3740 non

2190 3790 2495 3841 noscentes
2527 3785 2625 3840 sed
2660 3799 2869 3840 sonum
2898 3783 3154 3838 nominis
3187 3784 3623 3854 adprobantes:
3648 3775 3814 3833 nolunt

2189 3875 2344 3930 enim
2379 3874 2549 3928 illum
2577 3873 2899 3929 secundam
2931 3888 3058 3928 esse
3090 3889 3420 3944 personam
3446 3874 3576 3943 post
3599 3872 3828 3932 Patrem,

2187 3965 2287 4020 sed
2319 3964 2514 4035 ipsum
2537 3967 2786 4017 Patrem.
2815 3962 3037 4027 Quibus
3063 3962 3204 4033 quia
3238 3961 3416 4017 facile
3449 3956 3808 4030 respondetur,

2186 4069 2371 4125 pauca
2399 4050 2832 4115 dicentur.Quis
2863 4049 3018 4104 enim
3050 4067 3164 4104 non
3205 4051 3542 4106 secundam
3575 4046 3691 4102 Filii
3714 4042 3815 4114 post

2187 4143 2412 4198 Patrem
2436 4146 2712 4212 agnoscat
2729 4155 2857 4195 esse
2881 4155 3216 4210 personam,
3233 4156 3376 4194 cum
3400 4139 3557 4209 legat
3579 4135 3770 4190 dictum
3789 4144 3812 4181 ι

2186 4232 2352 4286 Patre
2385 4233 2811 4301 consequenter
2843 4229 2913 4282 ad
2953 4227 3171 4282 Filium
3203 4247 3223 4282 :
3256 4231 3536 4284 Facienus
3581 4222 3816 4280 hominem

2183 4320 2251 4375 ad
2281 4322 2586 4392 imaginem
2614 4323 2666 4374 et
2694 4318 3118 4373 similitudinem
3165 4323 3429 4373 nostram
3478 4318 3628 4387 (Gen.
3678 4330 3709 4377 ι,
3745 4307 3813 4370 26.

2215 4413 2270 4478 ’7)
2296 4431 2309 4476 ς
2343 4415 2400 4465 et
2437 4414 2567 4479 post
2598 4409 2718 4463 hac
2749 4406 3091 4472 relatum,Et
3118 4407 3260 4480 fecit
3301 4409 3440 4463 Deus
3472 4392 3816 4486 hominem!“

423 4498 560 4554 dam
582 4513 807 4553 sacram
829 4497 927 4553 Dei
957 4501 1386 4570 potestatem,et
1405 4497 1453 4552 si
1476 4495 1788 4552 crudelitas
1814 4497 2076 4553 humana
2107 4516 2150 4580 D
2185 4501 2484 4569 imaginem
2519 4499 2615 4553 Dei
2637 4499 2764 4567 fecit
2790 4497 2952 4550 illum
2974 4499 2999 4548 ?
3033 4500 3145 4550 Aut
3174 4513 3319 4551 cum
3350 4497 3508 4551 inter
3541 4505 3734 4580 manus
3752 4491 3813 4540 te-

425 4587 497 4643 ad
530 4587 990 4644 interﬁciendum
1027 4588 1285 4644 animam
1313 4586 1540 4642 deﬁcit:
1570 4585 1754 4641 multo
1785 4587 1973 4659 magis
2003 4587 2075 4644 ad

2187 4593 2321 4644 neat
2351 4606 2363 4643 :
2397 4589 2550 4643 Ptuit
2580 4587 2852 4643 Dominus
2884 4601 3046 4657 super
3076 4584 3382 4642 Sodomam
3409 4591 3462 4642 et
3501 4578 3815 4642 Gomorrham

1706 4755 2018 4818 Gallandii
2045 4759 2552 4820 commentarius.

489 4908 602 4980 (95)
628 4909 794 4977 Quod.
831 4906 987 4962 Nihil
1021 4923 1126 4962 nos
1157 4906 1311 4979 cogit
1343 4911 1407 4962 ut
1437 4923 1568 4964 cum
1601 4907 1926 4964 editoribus
1948 4910 2072 4965 An-

422 4980 967 5054 glicanislegamus
997 4987 1058 5033 ut
1090 4980 1250 5050 quod.

491 5052 601 5124 (96)
624 5049 966 5124 Licet—.I‘Ianc
997 5049 1194 5106 vocem
1227 5055 1559 5121 corruptam
1594 5049 1888 5124 existimat
1909 5049 2069 5106 Wel-

418 5121 727 5190 chmanus,
749 5122 1004 5194 legitque
1027 5140 1148 5176 cum
1167 5121 1701 5194 scilicet.Consentit
1720 5121 2066 5194 Jaclisonus,

422 5196 693 5266 quamvis
723 5193 950 5248 de’loci
1001 5195 1367 5249 restitutione
1413 5193 1780 5266 subdubitet.
1819 5193 2070 5265 Uterque

421 5263 618 5322 tamen
653 5267 873 5336 absque
907 5266 1131 5322 sontica
1160 5271 1426 5334 causa,ut
1452 5263 1902 5336 videtur.Minus
1929 5263 2068 5321 item

423 5338 569 5394 mihi
595 5335 878 5409 probatur
903 5339 1168 5408 ejusdem
1187 5338 1463 5394 Jacksoni
1488 5337 1796 5405 sententia,
1823 5335 2069 5408 legentis

416 5409 592 5480 paulo
624 5414 776 5481 post,
810 5411 1140 5466 immortalis
1169 5413 1376 5467 anima.
1400 5410 1521 5465 Vox
1552 5410 1708 5464 anim
1735 5410 2069 5464 immortali-

417 5484 552 5537 tatis
571 5482 654 5556 ad
685 5483 1103 5552 generositatem
1150 5488 1411 5556 spectare
1464 5498 1635 5556 nemo
1687 5497 1802 5535 non
1852 5481 2009 5536 videt
2052 5497 2064 5536 :

421 5553 1052 5628 omnisqueevanescit
1082 5553 1457 5628 ambiguitas,
1491 5553 1544 5628 si
1575 5569 1691 5628 qua
1720 5556 1915 5608 tamen
1957 5556 2066 5628 est,

417 5625 520 5686 ubi
547 5625 852 5687 Novatiani
883 5628 1065 5688 oratio
1096 5629 1204 5688 hac
1237 5625 1339 5689 aut
1369 5625 1551 5686 simili
1579 5625 1807 5685 ratione
1843 5626 2070 5684 confor-

2185 4913 2376 4965 metur
2404 4926 2416 4964 :
2450 4910 2514 4963 Si
2544 4909 2691 4963 enim
2722 4908 2910 4962 anima
2942 4908 3000 4962 in
3033 4909 3230 4979 quovis
3262 4908 3495 4963 homine
3523 4910 3656 4961 hanc
3682 4899 3813 4955 habet

2181 4981 2616 5038 immortalitatis
2672 4982 3108 5050 generositatem,
3160 4985 3226 5034 ut
3282 4998 3404 5036 non
3449 4981 3624 5052 possit
3665 4979 3812 5031 inter-

2179 5058 2569 5194 ﬁc(l§7€)t(iitein.
2629 5121 2836 5194 Eadem
2890 5121 3071 5194 edidit
3100 5121 3562 5194 Welchmanus,
3611 5118 3811 5175 secutus

2183 5192 2521 5267 Gagnaaum.
2555 5193 2918 5267 Caetericum
2948 5192 3206 5267 Pamelio
3243 5197 3417 5250 idem.
3737 5258 3763 5267 η

2251 5262 2361 5336 (98)
2393 5271 2460 5324 In
2492 5267 2624 5320 loco.
2660 5264 2922 5319 Latinius
2944 5265 3064 5319 vult
3097 5265 3212 5336 legi
3250 5270 3311 5320 in
3347 5267 3490 5320 illo:
3521 5262 3809 5336 apters‘atisz

2182 5326 2428 5403 Quid'si
2477 5336 2778 5408 scripserit
2825 5336 2949 5407 ipse
2998 5326 3204 5392 auctour
3258 5339 3438 5394 intzco
3492 5326 3595 5410 pro
3646 5326 3814 5388 illico?

2179 5413 2694 5556 Jl‘zgthkzvercere._
2722 5478 2864 5532 Cum
2899 5478 3120 5556 Latinio
3154 5479 3330 5556 forte
3343 5479 3660 5556 legendum
3683 5483 3809 5556 εηῐηςς·

2179 5540 2322 5626 rere,
2348 5540 2528 5626 ’quam
2559 5550 2796 5626 quidem
2833 5551 3245 5626 conjecturam
3283 5540 3703 5609 \Velizhmanus
3729 5540 3812 5600 ad-

2179 5621 2389 5702 mittit,
2410 5641 2524 5684 non
2555 5621 2695 5682 item
2727 5621 3074 5680 Jacksonus.
