4102 6180
268 240 390 304 965

1466 272 1467 275 η
1543 234 1778 302 LIBER
1819 240 1923 301 DE
1966 232 2423 302 TRINITATE.

3564 196 3686 305 θέε

272 358 453 449 ’θηεηι
484 384 535 432 et
553 373 851 446 sulphura
882 374 1117 430 Domino
1163 372 1228 428 de
1275 374 1404 429 aceto
1451 372 1606 444 (Gen.
1650 390 1766 438 xxx,
1806 371 1918 443 24).
1951 375 2006 441 Α
2037 371 2203 427 Marc.
2252 390 2368 436 xw,
2417 372 2489 441 9;
2543 373 2706 428 Hebr.
2762 390 2800 428 ι.
2852 372 2906 447 3)
2956 376 3011 428 et
3068 390 3102 429 a
3152 372 3454 446 prophetis
3500 377 3557 430 et
3611 376 3683 430 ab
3784 404 3789 415 -

267 472 388 521 Aut
415 481 550 522 cum
582 465 653 520 ad
685 463 982 521 Christum
1016 464 1094 535 (1)
1151 480 1163 517 :
1215 464 1388 518 Filius
1434 479 1590 517 meus
1633 479 1689 517 es
1721 466 1799 530 tu,
1833 477 1926 532 ego

266 555 426 611 hodie
452 556 622 626 genui
652 563 706 610 te
731 574 747 623 ς
776 553 994 626 postula
1023 568 1109 608 me
1136 556 1187 607 et
1225 551 1361 608 dabo
1391 552 1493 608 tibi
1539 559 1724 620 gentes
1751 551 1925 608 turre-

266 645 500 700 ditatem
527 651 703 711 tuam,
727 648 780 699 et
805 644 1197 715 possessionem
1231 645 1382 696 tuam
1411 643 1709 698 terminoos
1737 643 1929 697 terrm?

270 734 444 805 (Psat.
478 751 540 802 ιι,
560 734 618 801 7,
643 733 722 805 8.)
757 735 868 787 Aut
889 748 1022 788 cum
1052 730 1228 787 etiam
1259 729 1358 786 ille
1388 730 1759 787 desideratus
1785 728 1928 786 scri-

268 823 347 879 ba
377 822 459 878 ait
492 841 505 878 :
551 823 707 878 Ducit
752 823 1028 877 Dominus
1061 821 1211 875 931
1247 820 1478 876 Domino
1519 835 1633 876 meo
1673 837 1692 874 :
1734 819 1869 876 Sede
1895 834 1931 874 a

266 912 479 968 dextris
513 927 670 977 meis,
701 910 870 967 donec
914 926 1117 983 ponam
1162 909 1423 965 inimicos
1469 916 1585 965 tuos
1625 910 1931 965 scabettum

265 1001 470 1072 pedum
495 1003 716 1056 tuorum
739 1002 767 1054 ?
794 1000 969 1073 (Psal.
1003 1016 1115 1070 elx,
1149 997 1223 1067 1.)
1261 1000 1378 1052 Aut
1426 1014 1559 1053 cum
1604 997 1761 1054 Isaias
1796 1014 1925 1070 pro-

268 1091 502 1163 phetiae
531 1088 848 1162 explicans,
882 1088 1106 1144 invenit
1152 1088 1411 1159 positum
1443 1087 1528 1142 sic
1576 1104 1589 1145 :
1622 1092 1760 1145 Haec
1796 1088 1932 1144 dicit

263 1181 529 1236 Dominus
570 1178 782 1234 Christo
831 1194 949 1234 meo
993 1177 1222 1233 Domino
1244 1180 1270 1230 ?
1299 1176 1373 1249 (2)
1404 1180 1514 1232 Isa.
1548 1193 1673 1243 ην,
1706 1178 1782 1249 1.)
1815 1182 1932 1234 Aut

267 1285 401 1325 cum
450 1268 592 1340 legit
624 1283 637 1323 :
688 1268 805 1323 Non
851 1265 1106 1321 descendi
1152 1265 1218 1322 de
1253 1266 1382 1321 creto
1408 1268 1468 1320 ut
1497 1267 1706 1336 faciam
1733 1268 1930 1323 volun-

264 1359 434 1412 tatem
494 1371 696 1423 meam,
742 1353 834 1410 sed
890 1355 1228 1409 voluntatem
1273 1354 1392 1425 ejus
1440 1354 1537 1425 qui
1591 1355 1749 1409 misit
1794 1371 1880 1411 me
1907 1357 1933 1408 .9

268 1447 455 1519 (Joan.
484 1461 565 1512 v1,
595 1443 712 1515 38.)
743 1446 859 1499 Aut
895 1442 1036 1499 dum
1067 1441 1291 1498 invenit
1320 1441 1577 1514 positum
1612 1461 1625 1499 :
1661 1444 1932 1513 Quoniam

268 1536 370 1608 qui
408 1550 492 1590 me
520 1534 692 1599 misit,
723 1534 910 1604 major
936 1550 1025 1588 me
1069 1535 1192 1588 est?
1238 1532 1431 1604 (Joan°
1475 1549 1591 1600 xw,
1650 1534 1763 1606 28.)
1819 1536 1933 1590 Aut

269 1641 408 1681 cum
452 1623 785 1679 considerat
828 1621 1113 1695 scriptum
1146 1638 1160 1677 :
1200 1623 1281 1677 Eo
1313 1621 1383 1677 ad
1417 1627 1640 1678 Patrem
1668 1640 1849 1680 meum
1876 1633 1931 1680 et

270 1716 503 1770 Patrem
548 1714 817 1777 vestrum,
875 1713 1050 1767 Deum
1092 1728 1280 1767 meum
1321 1719 1371 1767 et
1420 1717 1593 1767 Deum
1638 1716 1878 1769 vestrum
1905 1712 1934 1768 ‘l
1962 1749 2010 1814 Β

274 1805 455 1872 (Joan.
488 1819 580 1871 xx,
618 1801 731 1874 17.)
760 1802 874 1856 Aut
913 1801 1146 1873 quando
1188 1800 1367 1856 habet
1396 1815 1527 1856 cum
1562 1802 1785 1858 ceteris
1815 1801 1932 1857 col-

268 1892 527 1949 locatum
558 1890 636 1964 (3)
671 1908 684 1947 :
735 1889 837 1945 Sed
874 1890 937 1945 in
984 1891 1103 1958 lege
1138 1897 1322 1946 vestra
1365 1891 1627 1961 scriptum
1655 1894 1755 1961 est,
1803 1893 1936 1962 quia

269 1982 511 2038 duorum
539 1980 915 2036 testimonium
943 1995 1135 2045 verum
1165 1987 1280 2048 est;
1313 1994 1414 2048 ego
1445 1978 1508 2034 de
1539 1996 1625 2036 me
1652 1982 1934 2055 testiﬁcor,

272 2076 326 2128 et
365 2071 690 2140 testiﬁcatus
719 2073 801 2125 est
822 2068 886 2125 de
912 2085 1002 2123 me
1044 2070 1145 2141 qui
1188 2084 1274 2123 me
1328 2069 1485 2124 misit
1517 2069 1722 2125 Pater?
1756 2070 1934 2141 (Joan.

270 2176 398 2219 vni.
432 2160 520 2227 17,
564 2158 677 2231 18.)
724 2161 838 2214 Aut
888 2158 1124 2230 quando
1169 2173 1279 2212 vox
1319 2157 1390 2213 de
1437 2157 1580 2214 ccelo
1621 2159 1930 2215 redditur:

270 2252 339 2306 Et
387 2248 768 2320 honoriﬁcavi,
839 2251 890 2303 et
937 2245 1309 2318 honoriﬁcabo
1342 2249 1368 2300 .9
1415 2247 1592 2318 (Joan.
1659 2264 1763 2315 xu,
1819 2247 1935 2320 28.)

271 2341 394 2396 Aut
424 2337 657 2410 quando
691 2354 727 2392 a
775 2336 940 2392 Petro
970 2336 1361 2408 respondetur
1388 2340 1445 2392 et
1488 2335 1702 2392 dicitur
1731 2355 1744 2393 :
1779 2338 1851 2392 Tu
1879 2353 1937 2392 es

277 2427 462 2483 Filius
492 2428 589 2483 Dei
610 2426 759 2482 vivi?
786 2425 1004 2498 (Matth.
1027 2441 1141 2493 xvr,
1170 2425 1279 2496 16.)
1302 2425 1417 2479 Aut
1448 2425 1682 2496 quando
1703 2425 1775 2481 ab
1805 2425 1933 2498 ipso

282 2517 532 2572 Domino
562 2518 997 2571 sacramentum
1026 2513 1205 2585 hujus
1248 2513 1617 2570 revelationis
1646 2515 1933 2586 approba-

274 2609 399 2673 tur,
427 2608 486 2660 et
532 2603 747 2659 dicitur
798 2620 811 2659 :
865 2605 1062 2658 Beatus
1103 2618 1181 2669 es,
1228 2600 1417 2657 Simon
1458 2603 1747 2672 Bariona:
1792 2620 1932 2675 quo-

274 2695 434 2749 niam
462 2692 558 2749 hoc
584 2693 691 2749 tibi
716 2708 826 2749 non
855 2692 1118 2747 revelavit
1144 2707 1271 2746 caro
1317 2695 1370 2747 et
1415 2694 1664 2761 sanguis,
1706 2692 1797 2747 sed
1820 2694 1928 2747 Pa-

271 2790 361 2838 ter
388 2799 540 2838 meus
570 2781 666 2853 qui
693 2783 754 2836 in
781 2781 928 2837 caelis
958 2784 1083 2836 est?
1109 2779 1269 2849 (Ibid.
1301 2798 1333 2835 v
1364 2780 1479 2852 17.)
1521 2784 1640 2836 Aut
1691 2782 1927 2853 quando

272 2871 350 2927 ab
382 2871 510 2944 ipso
553 2870 780 2926 Christo
830 2868 1176 2941 exprimitur
1206 2885 1220 2926 :
1254 2871 1438 2939 Pater,
1468 2870 1717 2941 ctariﬁca
1746 2885 1836 2925 me
1863 2887 1927 2928 eo

270 2961 483 3016 honore
512 2976 617 3033 quo
665 2960 757 3031 fui
795 2958 941 3031 apud
988 2968 1058 3027 te,
1114 2962 1409 3029 antequam
1442 2959 1678 3014 mundus
1724 2960 1927 3030 ﬁeret?

269 3050 452 3121 (Joan.
498 3066 637 3121 xvn,
666 3048 745 3121 5.)
773 3050 889 3105 Aut
935 3063 1063 3103 cum
1096 3047 1166 3102 ab
1216 3047 1419 3104 eodem
1451 3046 1664 3103 dicitur
1695 3065 1707 3102 :
1741 3050 1923 3111 Pater,

2038 461 2318 533 apostolis
2368 462 2771 534 approbatur?
2814 463 2883 518 Et
2932 462 3075 519 satis
3117 462 3357 536 longum
3415 463 3586 533 facio,
3638 463 3690 520 si

2036 549 2236 607 enisus
2268 550 2399 606 fure
2429 568 2631 607 omnes
2674 552 2914 607 omnino
2946 553 3018 607 ad
3065 550 3217 608 hanc
3266 557 3490 625 partem
3521 569 3691 609 voces

2037 640 2921 711 congregare;quandoquidem
2954 657 3069 697 non
3098 645 3220 697 tam
3251 641 3478 697 Veteris
3511 658 3690 713 quam

2037 728 2213 784 etiam
2261 728 2403 784 Novi
2454 729 2813 786 Testamenti
2861 729 3161 803 Scriptura
3220 732 3414 788 divina
3472 732 3690 805 ubique

2039 820 2311 876 ostendat
2330 819 2495 877 illum
2527 838 2596 878 ex
2616 824 2786 877 Patre
2809 826 3035 894 natum,
3052 837 3155 895 per
3183 839 3358 895 quem
3380 824 3533 879 facta
3553 828 3696 880 sunt

2038 910 2260 977 omnia,
2292 913 2349 966 et
2379 910 2504 967 sine
2535 928 2650 984 quo
2682 912 2901 968 factum
2941 915 3032 967 est
3074 912 3243 984 nihil,
3279 913 3374 984 qui
3410 913 3695 970 obedierit

2041 999 2196 1054 938
2218 1015 2450 1071 semper
2478 999 2634 1055 Patri
2658 1003 2714 1055 et
2742 999 2991 1068 obediat,
3015 1016 3247 1073 semper
3274 1002 3586 1058 habentem
3610 1020 3699 1060 re-

2040 1103 2172 1142 rum
2205 1087 2470 1144 omnium
2502 1092 2874 1160 potestatem,
2925 1088 3028 1145 sed
3076 1106 3194 1160 qua
3240 1092 3540 1160 traditam,
3592 1093 3694 1148 sed

2040 1193 2156 1249 qua
2204 1193 2565 1245 concessam,
2601 1178 2701 1234 sed
2751 1194 2869 1249 qua
2914 1195 2949 1234 a
2976 1182 3148 1234 Patre
3179 1182 3411 1251 proprio
3457 1181 3569 1236 sibi
3600 1180 3690 1236 in-

2039 1264 2285 1322 dultam.
2319 1266 2467 1330 Quid
2501 1267 2656 1322 enim
2686 1271 2804 1323 tam
2833 1267 3067 1323 evidens
3115 1273 3304 1341 potest
3333 1286 3480 1337 esse,
3541 1270 3697 1327 hunc

2040 1371 2154 1410 non
2189 1354 2416 1411 Patrem
2439 1372 2587 1426 esse,
2614 1357 2715 1412 sed
2740 1355 3160 1429 Filium,quam
3188 1359 3342 1430 quod
3378 1359 3697 1417 obendiens

2040 1444 2193 1500 Patri
2226 1449 2339 1501 Deo
2390 1447 2754 1518 proponitur,
2790 1463 2863 1502 ne
2915 1446 2965 1502 si
3018 1447 3185 1502 Pater
3224 1464 3352 1503 esse
3403 1449 3693 1521 credatur,

2041 1533 2207 1590 alteri
2247 1535 2376 1606 jam
2414 1539 2527 1591 Deo
2557 1536 2709 1591 Patri
2759 1536 3029 1593 Christus
3088 1537 3391 1607 subiectus
3448 1554 3578 1594 esse
3608 1537 3698 1592 di-

2044 1628 2211 1679 catur
2232 1627 2255 1680 Ρ

2470 1714 2705 1771 CAPUT
2733 1713 2954 1785 XXVII,
2987 1715 3062 1770 at.
3098 1713 3264 1770 XXII.

2043 1804 2252 1860 Pulche
2288 1804 2575 1876 respondet
2601 1803 2675 1858 ad
2722 1802 2864 1876 illud
2891 1820 2911 1856 :
2944 1807 3059 1874 Ego
3090 1807 3146 1858 et
3177 1808 3342 1875 pater
3384 1821 3569 1860 unum
3599 1821 3698 1861 su-

2330 1874 2484 1943 mus,
2517 1876 2662 1946 quod
2701 1874 2790 1929 illi
2815 1889 2914 1946 pro
2943 1889 3001 1929 se
3035 1876 3409 1930 intendebant.

2114 1980 2225 2036 Sed
2258 1980 2397 2053 quia
2424 1980 3087 2053 frequenterintendunt
3114 1979 3281 2036 illum
3312 1982 3478 2038 nobis
3496 1982 3692 2038 locum

2045 2086 2161 2141 quo
2191 2070 2414 2125 dictum
2449 2070 2561 2125 sit:
2595 2071 2703 2141 Ego
2731 2077 2785 2125 et
2814 2071 2978 2125 Pater
3006 2087 3179 2125 unum
3207 2086 3393 2126 sumus
3424 2073 3601 2143 (Joan.
3634 2089 3691 2139 x,

2043 2159 2133 2231 30)
2160 2177 2172 2227 ;
2206 2162 2263 2215 et
2291 2159 2350 2213 in
2383 2158 2491 2214 hac
2523 2157 2656 2214 illos
2685 2175 2850 2230 aeque
2883 2158 3048 2214 facile
3093 2160 3414 2216 vincemus.
3448 2162 3508 2216 Si
3539 2162 3697 2216 enim

2044 2252 2188 2315 erat,
2223 2251 2287 2302 ut
2334 2246 2591 2303 haeretici
2643 2252 2875 2318 putant,
2916 2249 3082 2304 Pater
3110 2248 3398 2315 Christus,
3447 2249 3703 2322 oportuit

2044 2336 2235 2393 dicere
2266 2353 2279 2392 :
2308 2338 2418 2406 Ego
2446 2346 2501 2393 et
2557 2338 2723 2393 Pater
2778 2336 2853 2409 (4)
2908 2352 3050 2392 unus
3092 2354 3212 2393 sum
3253 2340 3426 2409 (Joan.
3476 2357 3531 2407 x,
3580 2340 3694 2411 30).

2042 2431 2118 2483 At
2146 2443 2281 2482 cum
2314 2428 2390 2499 (5)
2420 2429 2526 2498 Ego
2566 2426 2706 2482 dicit
2736 2425 2947 2482 deinde
2968 2426 3198 2482 Patrem
3244 2427 3692 2495 infert,dicendo

2044 2521 2153 2587 Ego
2183 2525 2235 2573 et
2257 2516 2856 2588 Pater,pr0prietatem
2878 2531 3139 2588 personae
3171 2533 3308 2583 suae,
3342 2516 3399 2570 id
3431 2521 3520 2571 est
3542 2516 3688 2585 Filii,

2039 2624 2074 2663 a
2103 2610 2344 2679 paterna
2372 2605 2717 2661 auctoritate
2737 2605 3020 2660 discernit
3035 2607 3211 2676 atque
3231 2605 3683 2677 distinguit,non

2035 2694 2443 2750 tantummodo
2473 2694 2545 2749 de
2576 2710 2719 2750 sono
2750 2693 3025 2762 nominis,
3046 2694 3148 2749 sed
3169 2694 3342 2749 etiam
3378 2696 3448 2748 de
3480 2696 3686 2751 ordine

2036 2782 2330 2856 disposita
2365 2783 2704 2855 potestatis;
2737 2782 2839 2854 qui
2870 2783 3160 2854 potuisset
3188 2782 3412 2848 dicere;
3436 2785 3543 2855 Ego
3570 2785 3681 2839 Pa-

2034 2883 2143 2941 ter,
2176 2875 2223 2929 si
2254 2876 2483 2928 Patrem
2516 2889 2578 2928 se
2621 2887 2749 2927 esse
2798 2871 3185 2927 meminisset.
3236 2873 3301 2925 Et
3351 2873 3492 2942 quia
3540 2871 3691 2935 dixit

2034 2979 2227 3032 unum,
2279 2960 2615 3032 intelligant
2671 2959 2928 3016 haeretici
2974 2959 3113 3027 quia
3158 2975 3276 3015 non
3324 2960 3469 3015 dixit
3516 2978 3684 3031 unus,

2037 3053 2212 3109 Urum
2242 3050 2398 3106 enim
2447 3048 2791 3106 neutraliter
2821 3049 3076 3121 positum
3120 3048 3414 3105 societatis
3444 3067 3683 3107 concor-

267 3140 514 3195 sciebam
557 3140 689 3211 quia
731 3153 942 3209 semper
976 3153 1063 3193 me
1104 3136 1303 3199 audis;
1334 3153 1522 3192 verum
1551 3145 1774 3209 propter
1812 3139 1921 3193 cir-
1954 3117 1997 3185 (ἶ
2036 3139 2192 3196 diam
2249 3156 2365 3195 non
2416 3138 2701 3194 unitatem
2756 3154 3019 3209 persona
3065 3142 3250 3192 sonat.
3299 3139 3472 3193 Unum
3527 3141 3683 3195 enim

269 3230 603 3283 cumstantes
634 3227 780 3294 dixi,
810 3234 870 3282 ut
898 3226 1122 3282 credant
1149 3228 1281 3299 quia
1309 3232 1369 3281 tu
1400 3242 1485 3281 me
1515 3226 1715 3282 misisti
1744 3228 1921 3299 (Joan.

270 3334 353 3385 χι,
389 3317 500 3390 42.)
532 3319 643 3373 Aut
675 3334 809 3372 cum
840 3316 1100 3372 definitio
1131 3315 1343 3387 regula:
1393 3316 1466 3370 ab
1521 3316 1648 3388 ipso
1696 3315 1924 3372 Christo

274 3406 616 3473 collocatur,
644 3411 701 3461 et
743 3406 956 3461 dicitur
987 3423 1000 3460 :
1037 3410 1169 3462 "me
1215 3410 1294 3461 est
1328 3408 1513 3461 autem
1555 3406 1667 3460 vita
1697 3409 1923 3475 aeterna,

268 3506 333 3552 ut
370 3497 548 3552 sciant
577 3504 629 3551 te
656 3511 830 3551 unum
873 3503 928 3551 et
969 3510 1159 3551 verum
1194 3496 1387 3565 Deum,
1420 3497 1470 3550 et
1516 3511 1677 3567 quem
1723 3497 1928 3551 misisti

267 3587 453 3643 Iesum
488 3584 782 3642 Christum.
833 3586 943 3655 Ego
990 3592 1037 3640 te
1085 3584 1444 3654 honoriﬁcavi
1490 3600 1656 3655 super
1698 3588 1923 3656 terram,

266 3691 406 3747 opus
442 3676 650 3747 perfeci
685 3674 829 3747 quod
870 3672 1074 3729 dedisti
1118 3675 1305 3729 mihi?
1343 3673 1521 3744 (Joan.
1562 3689 1698 3744 χιιι,
1739 3674 1794 3743 3,
1846 3674 1929 3760 4,)

264 3767 386 3820 Aut
411 3780 548 3819 cum
578 3763 719 3819 item
752 3763 824 3817 ab
862 3763 1065 3819 eodem
1105 3762 1391 3819 asseritur
1426 3765 1485 3818 et
1512 3762 1727 3818 dicitur
1758 3778 1771 3819 :
1808 3764 1929 3819 0m-

261 3853 366 3908 nia
411 3854 555 3908 mihi
602 3852 814 3907 tradita
854 3855 983 3906 sunt
1028 3868 1062 3907 a
1108 3853 1278 3908 Patre
1316 3855 1483 3908 meo?
1512 3852 1665 3923 (Luc.
1715 3870 1769 3921 x,
1811 3852 1927 3925 22.)

264 3946 380 3998 Aut
408 3958 542 3997 cum
572 3941 774 3998 sedere
803 3941 875 3997 ad
915 3941 1211 3998 dexteram
1265 3941 1454 3998 Patris
1484 3940 1661 4014 (Psat.
1692 3957 1807 4012 cxx,
1847 3943 1867 3997 l
1912 3961 1929 4014 ς

2037 3246 2148 3285 non
2179 3244 2321 3284 unus
2359 3244 2488 3283 esse
2517 3226 2751 3297 dicitur,
2785 3225 3062 3299 quoniam
3096 3243 3201 3282 nec
3254 3227 3324 3282 ad
3370 3245 3684 3284 numerum

2033 3319 2301 3387 refertur,
2319 3317 2420 3372 sed
2451 3317 2523 3372 ad
2557 3315 2893 3373 societatem
2921 3314 3163 3372 alterius
3194 3317 3557 3387 expromitur
3586 3318 3683 3389 (6).

2037 3406 2294 3479 Denique
2331 3405 2534 3477 adjicit
2564 3405 2785 3476 dicens,
2818 3422 3027 3476 sumus,
3062 3422 3177 3461 non
3208 3414 3354 3475 sunt,
3390 3410 3455 3461 ut
3484 3411 3686 3462 osten-

2034 3498 2196 3552 deret
2220 3512 2323 3568 per
2352 3494 2462 3551 hoc
2494 3496 2645 3567 quod
2679 3495 2845 3567 dixit,
2876 3511 3065 3551 sumus
3116 3498 3166 3551 et
3212 3496 3377 3550 Pater
3403 3497 3503 3567 (7),
3538 3496 3685 3551 duas

2037 3601 2168 3641 esse
2198 3600 2521 3656 personas-
2556 3584 2730 3640 Unum
2778 3588 2973 3639 autem
3008 3584 3161 3655 quod
3197 3583 3294 3651 ait,
3344 3585 3414 3638 ad
3449 3600 3687 3640 concor-

2038 3673 2194 3730 diam
2223 3677 2279 3728 et
2306 3672 2572 3729 eamdem
2605 3672 2951 3728 sententiam
2982 3680 3041 3727 et
3067 3672 3137 3727 ad
3169 3671 3359 3744 ipsam
3386 3672 3706 3733 charitatis.

2036 3762 2372 3819 societatem
2399 3761 2651 3833 pertinet
2671 3761 2780 3833 (8);
2814 3767 2879 3816 ut
2902 3761 3111 3816 merito
3136 3777 3315 3815 unum
3342 3761 3418 3816 sit
3449 3762 3613 3817 Pater
3633 3766 3690 3818 et
3714 3759 3725 3828 ι

2039 3850 2243 3917 Filius,
2258 3866 2361 3922 per
2389 3848 2783 3917 concordiam,
2807 3854 2864 3904 et
2894 3866 2999 3922 per
3026 3865 3303 3916 amorem,
3332 3854 3388 3904 et
3420 3866 3521 3920 per
3544 3850 3687 3906 dile-

2040 3940 2314 3999 ctionem.
2350 3940 2418 3996 Et
2448 3939 2724 4010 quoniam
2771 3956 2840 3995 ex
2886 3939 3051 3995 Patre
3081 3941 3192 4006 est,
3226 3937 3511 4009 quidquid
3542 3937 3689 3995 illud

1549 4094 1860 4157 Gallandii
1890 4093 2408 4158 commentarius.

345 4247 414 4316 (1)
446 4245 525 4302 Ad
554 4246 849 4302 Christum.
884 4245 944 4302 Si
985 4246 1343 4303 Jaeksonum
1392 4245 1619 4314 audias,
1653 4246 1925 4302 addenda

261 4317 367 4374 hic
415 4318 561 4374 forte
601 4335 709 4375 vox
753 4318 987 4373 dicatur.
1033 4319 1141 4373 Sed
1194 4316 1340 4373 nihil
1390 4333 1628 4373 necesse
1680 4336 1693 4373 :

259 4390 426 4446 enim
448 4390 719 4461 superius
741 4389 886 4444 dixit
910 4407 924 4446 :
949 4390 1083 4445 Cum
1102 4388 1255 4461 legat
1276 4388 1662 4461 dictum—ad
1686 4388 1918 4446 Filium:

258 4477 399 4589 (qua
427 4460 657 4533 quidem
687 4461 814 4517 duas
842 4477 1013 4517 voces
1064 4461 1170 4516 hoc
1216 4460 1358 4516 item
1401 4460 1513 4516 loci
1559 4461 1915 4517 subaudien-

304 4549 370 4588 aa.

304 4549 370 4588 ea.

340 4602 416 4673 (2)
446 4602 658 4659 Christo
706 4618 824 4658 meo
868 4603 1113 4659 Domino.
1167 4604 1311 4659 Cum
1361 4602 1503 4658 LXX
1552 4601 1930 4673 scripsissent

258 4680 449 4750 Κρρῳ,
507 4674 820 4747 antiquarii
891 4676 1291 4750 existimantes
1336 4673 1551 4750 Isaiam
1627 4673 1790 4746 loqui
1868 4674 1938 4731 de

259 4746 492 4820 Christo
520 4746 681 4815 Jesu,
714 4763 831 4820 nec
852 4748 934 4820 ad,
956 4746 1598 4820 Cyrumiattendentes,
1629 4752 1937 4820 assumpta

258 4818 459 4876 vicina
509 4836 645 4874 voce
700 4816 881 4891 Κυρίῳ
922 4816 1114 4874 locum
1141 4819 1460 4891 Shripturaa
1483 4818 1606 4891 jam
1640 4816 1933 4891 olimrc’or-

280 4897 590 4962 ruperunt.
616 4892 982 4962 Quapmpter
1005 4890 1402 4945 'l‘ertullianus
1425 4890 1683 4945 adversus
1698 4890 1933 4959 Judoeos,

270 4961 406 5043 cap.
435 4961 491 5027 7,
523 4965 591 5043 et
629 4961 1209 5043 adversusfraxeam
1240 4977 1403 5043 nc‘ap.‘
1411 4963 1516 5043 _1l,
1568 4969 1620 5015 et
1665 4963 1735 5015 28
1757 4979 1795 5043 ;_
1827 4963 1932 5043 Cy-

266 5031 519 5105 prianus
551 5034 837 5105 Testimon.
873 5033 973 5105 lib.
1009 5049 1047 5098 1,
1082 5050 1210 5103 cap.
1239 5033 1304 5087 21
1336 5031 1750 5105 iiNovAfrIANUS
1784 5031 1931 5105 huic,

269 5103 413 5159 eum
448 5103 715 5175 plurimis
746 5109 865 5159 tam
898 5104 1111 5160 Graecis
1144 5120 1321 5175 quam
1356 5104 1580 5159 Latinis
1611 5106 1766 5175 apud
1798 5103 1931 5158 Hie-

278 5192 589 5248 ronymum
623 5176 691 5248 ad
724 5175 880 5248 hunc
907 5180 1130 5232 textum
1154 5175 1413 5248 lsa._xi.v,
1440 5192 1458 5230 ι
1472 5192 1498 5248 5
1530 5178 1587 5230 et
1616 5177 1687 5248 ad
1717 5177 1928 5248 Habac.

260 5264 358 5313 ιιι,
394 5243 458 5301 Ῑ3
489 5261 502 5302 :
560 5243 733 5319 κυρίῳ
761 5246 981 5319 legunt,
1016 5264 1081 5302 ac
1112 5248 1182 5303 de
1211 5243 1436 5302 Christo
1468 5247 1717 5319 Domino
1747 5247 1927 5301 inter-

266 5265 358 5313 ιιι,
402 5265 458 5301 ι.)
489 5265 502 5302 :
560 5266 624 5299 κυ
670 5265 733 5318 ιῳ
762 5265 981 5319 legunt,
1016 5265 1081 5302 ac
1112 5265 1182 5303 ae
1211 5265 1436 5302 unrisw
1468 5265 1715 5301 uomino
1747 5265 1927 5301 inier-

266 5322 599 5392 pretantur.
629 5265 713 5392 fta
743 5319 1096 5392 Co'rELEnIus
1125 5319 1197 5392 ad
1230 5335 1357 5392 cap.
1392 5320 1458 5392 12
1484 5318 1665 5392 Epist.
1698 5318 1755 5374 S.
1791 5319 1929 5373 Bar-

266 5336 599 5392 pretantur.
629 5336 713 5374 ita
743 5336 1096 5374 UOTELERIUS
1127 5336 1197 5374 aa
1230 5336 1357 5445 cap.
1392 5336 1458 5373 1's
1485 5336 1665 5389 upist.
1698 5336 1755 5374 δ.
1791 5336 1929 5373 nar-

262 5391 454 5457 nahaa,
478 5389 711 5446 Videsis
743 5392 1022 5446 adnotata
1043 5390 1101 5445 in
1124 5390 1284 5447 hunc
1340 5390 1474 5445 saiee
1506 5389 1722 5461 locum,
1745 5394 1930 5446 tom.1

265 5467 486 5534 nostrae
517 5461 694 5532 hujus
725 5461 1001 5534 Biblioth.
1027 5462 1143 5534 PP.
1176 5478 1309 5534 pag.
1348 5462 1467 5534 132.

345 5533 417 5605 (3)
451 5530 804 5590 Cottoeatum.
854 5530 1283 5591 Welchmanus
1334 5532 1419 5590 sic
1466 5532 1797 5605 emendavit
1840 5530 1928 5588 vi-

262 5602 488 5668 tiosam
529 5605 985 5682 praecedentium
1044 5606 1371 5667 editionum
1416 5602 1768 5682 scripturam
1824 5604 1930 5669 cot-

2033 4247 2270 4300 tocutum
2312 4262 2331 4298 :
2378 4244 2545 4314 eique
2593 4243 2839 4298 adhaesit
2888 4242 3235 4297 Jacksonus.
3288 4242 3690 4314 Congruenter

1749 4318 1921 4389 paulo
2031 4333 2173 4373 sane
2223 4312 2517 4389 prioribus
2563 4316 2798 4389 positum
2845 4316 3138 4385 scriptum,
3170 4318 3277 4369 etc.
3332 4312 3511 4370 Paulo
3556 4317 3690 4387 post

2033 4385 2310 4462 praeterea
2342 4385 2938 4462 collocaturlegimus.

2102 4461 2179 4530 (4)
2210 4462 2320 4527 Ego
2347 4462 2400 4513 et
2429 4461 2614 4513 Pater.
2643 4454 2751 4530 _Sic
2795 4457 2957 4530 editi.
3008 4454 3275 4530 Frobenii
3319 4458 3376 4530 et
3423 4455 3685 4512 Pamelii.

2031 4527 2317 4602 Ga'gnzeus
2363 4545 2494 4602 vero
2538 4527 2943 4602 etABarrensis
2973 4544 3004 4602 _:
3056 4528 3163 4597 Ego
3205 4536 3259 4582 et
3304 4529 3469 4584 Pater
3514 4544 3693 4585 unum

2046 4598 2192 4657 sum.
2216 4605 2290 4655 At
2322 4600 2572 4655 editores
2598 4598 2907 4665 Anglicani
2929 4615 2940 4653 :
2961 4599 3072 4665 Ego
3101 4603 3151 4655 et
3182 4604 3348 4655 Pater
3378 4616 3518 4655 unus
3547 4617 3690 4656 sum.

2048 4618 2192 4657 sum.
2216 4615 2290 4655 At
2322 4615 2572 4655 editores
2598 4615 2685 4653 an
2734 4615 2907 4655 ucani
2929 4615 2940 4653 :
2961 4615 3072 4665 ego
3101 4615 3151 4655 et
3182 4615 3348 4655 pater
3378 4616 3518 4655 unus
3547 4617 3690 4656 sum.

2048 4676 2183 4753 Quae
2239 4688 2377 4753 vera
2430 4670 2658 4753 videtur
2690 4615 2898 4737 ﬁectio,
2960 4670 3031 4727 ab
3082 4671 3334 4744 ipsomet
3372 4671 3691 4729 Novatiano

2047 4744 2220 4818 paulo
2251 4748 2384 4816 post
2411 4760 2471 4799 re
2477 4744 2676 4818 petita.

2115 4762 2220 4800 .IJIO
2251 4762 2384 4816 post
2411 4762 2676 4869 repetita.

2115 4818 2190 4888 (5)
2215 4818 2277 4888 At
2307 4832 2449 4873 cum.
2508 4814 2948 4888 Velchmannus
2979 4830 3047 4869 ex
3077 4815 3522 4887 Gagnaao,Atqui
3548 4831 3690 4888 cum.

2044 4885 2152 4944 Sed
2174 4885 2454 4943 Gelenius
2476 4903 2545 4942 ex
2567 4903 2683 4943 ms.
2703 4886 2924 4942 Britan.
2955 4890 3014 4942 et
3044 4885 3370 4959 post—illum
3403 4885 3693 4942 Pamelius

2044 4960 2373 5026 substituit,
2408 4960 2470 5015 At
2500 4976 2643 5015 cum.
2674 4961 2915 5013 JAKSON.

2113 5031 2188 5103 (6)
2234 5033 2635 5103 Expromittur.
2688 5031 3057 5103 Exprimitur
3087 5034 3176 5103 est
3219 5030 3424 5103 aptior;
3452 5026 3622 5083 lectio
3674 5043 3689 5084 :

2042 5099 2193 5173 quod
2228 5099 2539 5171 legendum
2572 5099 2908 5173 suspicatur
2937 5099 3377 5173 Welchmanus.
3404 5099 3484 5153 In.

2112 5174 2188 5245 (7)
2222 5174 2424 5230 Sumur
2452 5179 2502 5229 et
2534 5170 2717 5229 Pater.
2751 5174 2843 5229 Sic
2874 5172 3035 5228 editi.
3068 5170 3491 5245 Welchmanus
3522 5173 3692 5241 putat
3762 5180 3765 5181 '
3844 5184 3847 5187 λ

2039 5242 2374 5317 legendum,
2427 5244 2624 5301 Sumus
2649 5261 2743 5316 ego
2786 5248 2836 5317 et
2863 5245 3043 5317 Pater.
3085 5245 3273 5315 Atque
3320 5243 3403 5299 ita
3429 5242 3488 5297 in
3528 5245 3690 5298 textu

2039 5315 2340 5400 rescripsit
2382 5315 2734 5383 Jaeksonus,
2783 5315 3012 5373 vindice
3050 5316 3306 5372 auctoris
3365 5331 3564 5383 sensu,
3624 5318 3692 5370 ut

2036 5394 2473 5531 1pata)alitertinet.
2507 5464 2592 5514 Ita
2637 5457 2928 5513 Pamelius
2977 5475 3045 5514 ex
3093 5459 3344 5525 Latinio,
3388 5475 3490 5531 pro
3520 5456 3690 5530 perti-

2036 5530 2171 5588 nere
2197 5537 2333 5609 vett.
2367 5531 2529 5609 editt.
2575 5531 3261 5609 Quam_emindationem
3310 5530 3498 5591 secuti
3545 5545 3692 5609 quo-

2038 5619 2154 5681 que
2183 5607 2324 5663 sunt
2354 5603 2606 5663 editores
2635 5599 2970 5677 Anglicani.

3800 5828 4021 5896 ν..

3656 5990 3665 6001 Δ.

3622 6032 3627 6037 .
3670 6014 3689 6039 ἐι

4076 236 4079 245 γ

4076 484 4079 493 ι

4078 576 4085 583 α

4076 740 4083 753 I

4076 1170 4077 1177 ι

4076 1374 4083 1389 ι.

4078 1696 4085 1709 1
