4102 6180
487 234 598 296 967

483 469 596 508 non
629 451 706 507 sit
731 456 900 506 Pater
929 451 1023 506 ille
1055 451 1153 523 qui
1190 447 1370 506 Filius
1405 467 1416 516 ;
1452 449 1591 521 quia
1645 466 1748 504 nec
1804 447 1988 504 Filius
2028 447 2126 503 ille

482 540 582 614 qui
635 542 799 597 Pater
840 545 944 596 est.
1002 541 1117 596 Nec
1167 540 1344 605 enim,
1414 556 1621 604 sumus,
1670 537 2014 608 addidisset,
2077 536 2125 591 si

483 647 667 686 unum
705 647 767 686 se
798 630 1176 686 etsoliarium
1211 634 1461 696 Patrem,
1499 628 1709 682 Filium
1747 627 1966 682 factum
1999 641 2127 682 esse

483 720 867 776 meminisset.
899 719 1161 790 Denique
1193 719 1350 774 novit
1381 717 1534 772 hanc
1571 717 1889 772 concordia:
1925 715 2126 770 unita-

483 814 602 865 tem
636 814 691 864 et
721 808 1024 880 apostolus
1056 808 1294 876 Paulus,
1329 825 1460 862 cum
1508 823 1893 878 personarum
1928 811 2125 860 tamen

481 899 869 954 distinctione.
918 898 1062 953 Nam
1113 915 1247 953 cum
1311 897 1383 952 ad
1449 895 1776 952 Corinthios
1828 894 2124 961 scriberet,

480 990 609 1058 Ego,
644 988 856 1059 inquit,
889 988 1044 1043 939
1073 988 1351 1058 plantavi,
1388 985 1578 1054 Apallo
1602 986 1834 1054 rigavit,
1869 983 1960 1039 sed
1990 984 2128 1037 Deus

481 1079 876 1134 incrementum
905 1078 1264 1150 deditJtaque
1293 1092 1466 1146 neque
1493 1077 1591 1147 qui
1617 1074 1840 1146 plantat
1871 1078 1948 1128 est
1971 1072 2130 1144 quid-

479 1186 664 1240 quam,
699 1185 872 1239 ncque
893 1170 989 1239 qui
1019 1169 1200 1238 rigat:
1230 1165 1322 1220 sed
1343 1168 1438 1237 qui
1468 1164 1964 1220 incrementunulat
1983 1163 2123 1217 Deus

483 1259 589 1328 Qui
635 1267 817 1313 autem
846 1257 1152 1329 plantat,et
1183 1258 1279 1328 qui
1308 1257 1453 1326 rigat
1483 1272 1658 1309 unum
1676 1263 1802 1309 sunt
1836 1254 1885 1324 (1
1910 1254 2123 1318 Comm,

479 1348 532 1418 6,
564 1350 619 1413 7,
665 1347 735 1419 8).
776 1346 917 1413 Quis
949 1349 1143 1401 autem
1199 1362 1312 1399 non
1370 1342 1658 1415 intelligat
1701 1342 1950 1397 alterum
1999 1357 2127 1396 esse

483 1435 704 1508 Apollo,
737 1435 983 1491 alterum
1017 1433 1416 1497 Paulum,non
1441 1435 1709 1488 eumdem
1734 1437 1907 1504 atque
1929 1431 2124 1503 ipsum

474 1525 678 1598 Apollo
731 1525 946 1596 pariter
992 1530 1048 1580 et
1119 1523 1422 1578 Paulum?
1481 1522 1735 1594 Denique
1786 1525 1842 1576 et
1901 1521 2128 1574 diversa

475 1615 946 1686 uniuscujusque
978 1615 1116 1668 sunt
1145 1612 1337 1667 ofﬁcia
1361 1611 1584 1683 prolata
1617 1629 1628 1666 :
1664 1611 1810 1666 alter
1841 1610 1996 1664 enim
2030 1611 2127 1679 qui

1521 228 1956 291 NOVA'I‘IANI
2003 226 2498 290 PRESBYTERI
2548 230 2761 292 ROMA
2776 231 2853 292 NI

484 368 572 420 est
603 364 702 462 (9),
735 361 1034 462 Filiusneist
1069 378 1084 418 :
1139 363 1410 462 manente
1439 362 1635 460 tamen
1662 359 2134 462 distipc‘tionemt
2161 362 2216 427 Α
2249 358 2440 413 minor
2470 363 2665 460 autem
2700 361 2868 420 Patre
2883 371 3305 438 consequenter
3333 375 3525 440 est,sed
3542 381 3779 462 Filius(l2)

3701 259 3790 322 968

2239 451 2410 503 Pater
2441 445 2690 548 enimsi
2747 452 2976 523 fuisset,
3031 457 3525 522 sanctiﬁcationem
3571 445 3789 548 dedisset,

2236 554 2347 592 non
2382 539 2718 611 accepisset.
2755 546 2822 598 Et
2855 562 3009 601 nunc
3041 551 3236 602 autem
3268 551 3558 624 proﬁtendo
3590 576 3641 614 se
3662 539 3793 621 accc;

2238 626 2392 697 pisse
2411 629 2949 726 .sanctillcationem
2973 651 3006 690 a
3039 639 3205 692 Patre
3233 654 3245 692 :
3269 636 3370 694 hoc
3402 641 3529 712 ipso,
3556 664 3650 717 quo
3665 655 3796 711 Patre

2237 731 2297 770 se
2347 721 2632 773 minorem
2681 721 3015 792 accipiendo
3057 725 3128 780 ab
3189 727 3312 796 ipso
3357 733 3794 798 sanctiﬁcationem

2238 803 2442 876 probat
2471 805 2604 875 (23),
2639 807 2844 865 Filium
2879 827 2939 867 se
2979 829 3130 883 esse,
3179 831 3292 869 non
3325 815 3529 875 Patrem
3561 833 3794 885 monstra-

2236 893 2334 948 vit.
2369 893 2616 951 Missum
2653 903 2931 968 przeterea
2962 918 3023 956 se
3047 919 3177 959 esse
3203 903 3425 973 dicit,ut
3455 925 3544 978 per
3561 909 3686 969 hanc
3705 919 3803 974 obeo

2237 982 2516 1072 dientiam
2551 1002 2667 1056 qua
2698 988 2856 1044 venit
2891 991 3172 1048 Dominus
3195 993 3693 1072 Christus,missus,
3711 1023 3798 1063 non

2237 1071 2531 1143 Pater,sed
2561 1075 2741 1132 Filius
2771 1080 3179 1154 prohetur,qui
3196 1083 3443 1140 misisset
3461 1071 3699 1160 utique,si
3719 1099 3798 1151 Pa-

2239 1165 2324 1216 ter
2353 1161 2558 1218 fuisset
2589 1181 2602 1219 :
2634 1165 2851 1224 missus
2884 1173 3078 1227 autem
3111 1189 3227 1227 non
3258 1173 3365 1229 fuit
3392 1173 3563 1244 Pater,
3593 1197 3654 1235 ne
3677 1181 3806 1239 Pater

2237 1251 2510 1308 subditus
2534 1253 2700 1310 alteri
2731 1257 2866 1327 Deo,
2900 1259 3042 1316 dum
3079 1261 3802 1335 mittitur,probaretur.9-Io

2236 1341 2305 1394 Et
2339 1345 2532 1398 tamen
2561 1350 2693 1415 post
2713 1345 2835 1402 haac
2850 1349 3233 1422 adjicit,quod
3257 1369 3480 1409 omnem
3493 1358 3701 1413 omnino
3719 1377 3812 1417 am-

2236 1429 2578 1502 biguitatem
2610 1434 2977 1504 dissolveret,
3011 1443 3068 1493 et
3097 1443 3279 1496 totam
3309 1446 3714 1503 controversiam
3735 1467 3806 1504 er-

2236 1519 2884 1594 rorisextingueret.Ait
2905 1527 3062 1582 enim
3081 1528 3137 1583 in
3158 1529 3364 1587 ultima
3383 1538 3537 1604 parte
3561 1537 3811 1594 sermonis:

2242 1608 2335 1664 Vos
2363 1608 2570 1680 dicitis,
2618 1615 2750 1684 quia
2804 1615 3169 1688 blasphemas,
3222 1623 3354 1692 quia
3401 1621 3532 1691 dixi,
3561 1625 3707 1680 Filius
3734 1627 3811 1682 Dei

472 1705 723 1776 plantat,
755 1709 813 1758 et
845 1702 989 1757 alter
1018 1703 1116 1773 qui
1166 1703 1346 1772 rigat;
1379 1700 1485 1756 hos
1535 1705 1728 1755 tamen
1783 1700 1951 1767 duos,
2009 1715 2122 1754 non
2157 1731 2200 1797 Β
2232 1711 2377 1752 sum.
2417 1698 2559 1771 Ergo
2601 1702 2649 1756 si
2692 1702 2988 1761 evidenter
3035 1707 3244 1763 Filium
3293 1710 3564 1767 Dominus
3609 1730 3680 1783 se,
3723 1732 3811 1772 non

471 1793 624 1864 quod
648 1809 789 1847 unus
821 1791 920 1857 sit,
953 1791 1052 1845 ssd
1081 1790 1235 1862 quod
1269 1807 1446 1845 unum
1479 1788 1602 1844 sint
1655 1787 1957 1860 proposuit
1984 1805 2122 1860 apo-

437 1881 655 1937 lstolus
687 1879 966 1948 Paullus;
1003 1885 1065 1933 ut
1095 1879 1242 1934 alter
1289 1877 1528 1950 quidem
1574 1877 1651 1934 sit
1698 1875 1922 1947 Apollo,
1976 1878 2122 1931 alter

465 1987 600 2026 vero
631 1969 1156 2040 Paulus,quantum
1181 1968 1250 2023 ad
1278 1984 1663 2040 personarum
1679 1965 2118 2021 distinctionem

463 2059 1028 2132 pertinet,quantum
1061 2073 1192 2112 vero
1225 2059 1293 2112 ad
1323 2058 1692 2112 concordiam
1716 2055 2112 2127 pertinet(lO),

426 2149 641 2238 /unum
673 2152 842 2203 ambo
877 2146 1164 2202 sint.Nam
1190 2148 1424 2216 quando
1459 2147 1709 2201 duorum
1743 2162 1857 2199 una
1891 2150 2116 2199 senten-

427 2239 430 2242 ’
467 2238 547 2293 tia
578 2241 687 2308 est,
734 2237 946 2292 veritas
995 2252 1109 2291 una
1155 2237 1264 2301 est,
1313 2235 1455 2289 fides
1489 2251 1603 2288 una
1651 2239 1760 2301 est,
1794 2251 1910 2288 una
1941 2238 2116 2304 atque

462 2326 666 2382 eadem
699 2325 902 2398 religio
934 2328 1207 2392 est,unus
1237 2324 1412 2380 etiam
1448 2323 1544 2380 Dei
1578 2323 1755 2378 timor
1785 2328 1894 2392 est,
1928 2339 2112 2379 unum

461 2415 803 2485 sunt,etiam
835 2415 885 2470 si
917 2416 1032 2470 duo
1064 2415 1219 2483 sint;
1252 2413 1770 2486 ipsumsunt,dum
1802 2412 1998 2484 ipsum
2024 2429 2114 2468 sa-

460 2505 651 2578 piunt.
685 2505 913 2561 Etenim
947 2521 1094 2576 quos
1120 2520 1383 2576 personae
1424 2503 1568 2558 ratio
1598 2502 1845 2558 invicem
1881 2501 2109 2570 dividit,

460 2596 695 2651 eosdem
729 2610 936 2650 rursus
985 2593 1227 2648 invicem
1280 2590 1580 2664 religionis
1632 2591 1778 2646 ratio
1811 2591 2104 2646 conducit.

461 2687 528 2740 Et
558 2686 825 2757 quamvis
857 2685 1013 2741 idem
1054 2689 1230 2756 atque
1276 2684 1386 2756 ipsi
1440 2699 1554 2738 non
1605 2681 1742 2750 sint,
1778 2682 1918 2737 dum
1950 2681 2105 2738 idem

463 2775 744 2842 sentiunt,
778 2775 974 2847 ipsum
1008 2778 1147 2830 sunt
1178 2773 1322 2844 (tt);
1355 2777 1412 2828 et
1441 2789 1574 2827 cum
1603 2771 1719 2828 duo
1745 2770 1887 2837 sint,
1917 2787 2104 2826 unum

457 2865 912 2933 sunt,habentes
944 2864 1003 2918 in
1042 2863 1153 2918 fide
1185 2861 1720 2930 societatem,etiam
1745 2859 1792 2916 si
1813 2864 2022 2932 gerant
2042 2861 2103 2916 in

458 2955 726 3028 personis
755 2953 1174 3009 diversitatem.
1210 2951 1468 3024 Denique
1518 2967 1649 3006 cum
1689 2950 1761 3005 ad
1794 2950 1902 3005 has
1934 2966 2104 3007 voces

458 3044 686 3101 Domini
716 3043 1011 3116 imperitia
1038 3043 1244 3098 fuisset
1291 3040 1537 3097 Judaica
1584 3044 1894 3107 commota,
1927 3044 1984 3095 et
2012 3043 2096 3095 te-

2233 1789 2463 1842 Patrem
2495 1805 2623 1845 esse
2646 1795 2914 1861 testatur,
2950 1811 3176 1868 magna;
3211 1800 3550 1856 temeritatis
3573 1806 3623 1858 et
3649 1802 3810 1875 ingen-

2229 1875 2306 1932 tis
2351 1881 2441 1932 est
2484 1878 2698 1936 furoris
2746 1885 3100 1956 exemplum,
3165 1893 3369 1944 contra
3429 1889 3605 1961 ipsius
3641 1891 3814 1949 Christi

2229 1965 2458 2020 Domini
2508 1969 2910 2027 testimonium
2964 1976 3416 2032 controversiam
3461 1978 3745 2036 divinitatis
3771 1985 3813 2036 et

2229 2054 2525 2126 religionis
2553 2058 2795 2130 agitare,
2830 2066 2888 2117 et
2917 2061 3213 2121 Christum
3246 2066 3445 2122 Jesum
3476 2071 3684 2124 Patrem
3709 2086 3810 2126 esse

2227 2143 2417 2199 dicere
2439 2161 2572 2202 cum
2608 2147 3030 2208 animadvertat
3058 2151 3224 2210 illum
3258 2173 3372 2211 non
3397 2160 3612 2212 Patrem
3639 2174 3709 2226 se,
3735 2159 3811 2214 sed

2227 2233 2432 2290 Filium
2465 2239 2899 2309 comprobasse.

2788 2382 3020 2438 CAPUT
3057 2383 3310 2441 XXVIII.

2217 2487 2328 2540 Pro
2359 2484 2692 2543 Sabelliunis
2720 2491 2886 2562 etiam
2926 2490 3078 2545 nihil
3101 2495 3316 2562 faceret
3359 2495 3503 2550 illud
3531 2511 3544 2550 :
3571 2495 3665 2562 Qui
3690 2495 3812 2551 videt

2585 2575 2696 2626 me,
2730 2560 2881 2616 videt
2911 2569 2968 2617 et
2997 2560 3254 2636 Patrem,
3282 2569 3495 2638 probat.

2284 2679 2489 2736 Adhuc
2511 2681 2781 2751 adjiciam
2807 2683 2966 2740 illam
2985 2703 3222 2758 quoque
3249 2667 3474 2760 partem
3505 2690 3561 2744 in
3582 2705 3685 2760 qua
3703 2688 3811 2743 dum

2214 2766 2521 2860 haereticus
2551 2772 2662 2860 (14)
2695 2774 2863 2843 quasi
2893 2775 3060 2832 oculo
3092 2778 3353 2848 quodam
3373 2778 3582 2850 gaudet
3603 2776 3806 2849 proprie
3968 2805 3969 2860 (

2211 2856 2473 2913 veritatis
2503 2864 2560 2914 et
2589 2859 2831 2918 luminis
2869 2864 3110 2932 amisso,
3164 2870 3352 2922 totam
3403 2867 3698 2924 etscitatem
3739 2863 3812 2920 sui

2212 2953 2492 3018 agnoscat
2522 2950 2754 3006 erroris.
2798 2952 3120 3010 ltendinem
3134 2957 3296 3012 enim
3330 2963 3387 3012 et
3415 2956 3808 3029 frequenterop-
3968 2943 3969 3023 l

2212 3038 2374 3108 ponit
2417 3038 2556 3108 quia
2601 3039 2821 3096 dictum
2873 3043 2951 3098 sit
3001 3062 3012 3098 :
3072 3048 3248 3101 Tanto
3293 3055 3530 3119 tempore
3584 3045 3810 3101 vobiscum

456 3150 614 3189 mere
644 3134 712 3188 ad
748 3132 930 3204 usque
963 3149 1101 3187 saxa
1134 3147 1433 3199 succensa,
1467 3131 1546 3185 ita
1577 3134 1641 3184 ut
1679 3129 2094 3199 discurrerent,
2129 3107 2171 3172 (ἶ
2207 3144 2351 3198 sum,
2383 3133 2435 3184 et
2463 3145 2569 3186 non
2601 3135 2898 3201 agnoscitis
2941 3138 3074 3191 me?
3121 3107 3415 3210 Philippe;
3431 3141 3527 3209 qui
3571 3137 3690 3192 vidit
3729 3149 3811 3197 me,

455 3228 512 3279 et
541 3223 838 3279 dicerent:
870 3221 986 3278 Non
1013 3224 1068 3276 te
1099 3221 1409 3292 lapidamus
1444 3227 1665 3291 prapter
1710 3219 1911 3274 bonum
1941 3235 2094 3293 opus,

451 3312 544 3369 sed
570 3320 796 3385 propter
826 3311 1244 3382 blasphemiam,
1279 3318 1332 3366 ct
1357 3312 1487 3380 quia
1518 3317 1598 3378 tu,
1645 3324 1771 3364 cum
1810 3309 1965 3363 homo
1995 3311 2094 3381 sis,

453 3404 594 3473 facis
616 3408 670 3457 te
702 3401 871 3456 Deum
912 3401 1090 3472 (Joan.
1141 3417 1196 3468 Χ,
1250 3400 1361 3469 33),
1413 3397 1848 3454 distinctionem
1898 3399 2098 3470 posuit

453 3490 740 3547 Dominus
771 3490 826 3544 in
861 3489 1084 3544 ratione
1130 3487 1444 3556 reddenda,
1495 3486 1789 3558 quomodo
1821 3503 1882 3542 se
1917 3489 2094 3543 Deum

454 3583 556 3636 aut
586 3579 830 3634 dixisset
853 3583 956 3634 aut
989 3575 1233 3648 intelligi
1280 3575 1472 3632 vellet.
1526 3577 1696 3644 Quem
1748 3577 1915 3631 Pater
1961 3595 2096 3632 san-

448 3669 728 3739 ctiﬁcavit,
762 3667 971 3739 inquit,
1005 3675 1054 3722 et
1081 3667 1236 3721 misit
1268 3667 1325 3720 in
1359 3665 1504 3720 hunc
1532 3665 1826 3736 mundum,
1878 3682 1970 3721 vos
2001 3667 2095 3722 di-

448 3759 595 3823 citis,
649 3758 790 3825 Quia
847 3755 1202 3827 blasphemas.
1242 3757 1371 3827 quia
1415 3754 1556 3821 dixi,
1594 3755 1774 3810 Filius
1804 3755 1903 3810 Dei
1930 3759 2100 3810 sum?

449 3847 610 3918 (Ibid.
645 3864 694 3903 υ.
719 3847 830 3918 36.)
881 3845 1068 3900 Etiam
1117 3845 1246 3900 heic
1300 3847 1529 3900 Patrem
1575 3843 1789 3898 habere
1824 3860 1886 3899 se
1917 3845 2088 3904 dixit.

448 3935 628 3992 Filius
652 3941 739 3991 est
769 3951 926 4008 ergo,
961 3952 1074 3990 non
1109 3933 1302 4002 Pater;
1340 3933 1568 3989 Patrem
1598 3932 1756 3988 enim
1789 3933 2097 3992 confessus

447 4040 510 4081 se
543 4027 770 4093 fuisset,
802 4026 851 4081 si
885 4029 1114 4080 Patrem
1150 4041 1211 4079 se
1237 4038 1365 4078 esse
1421 4021 1789 4078 meminisset
1823 4047 1837 4090 ς
1871 4027 1928 4078 et
1958 4041 2092 4079 san-

444 4115 760 4170 ctificatum
793 4131 854 4170 se
886 4131 919 4169 a
946 4129 1052 4168 suo
1085 4117 1252 4168 Patre
1281 4126 1408 4168 esse
1441 4110 1734 4182 proponit.
1773 4113 1920 4167 Dum
1952 4113 2094 4170 erho

443 4204 656 4278 accipit
685 4203 1208 4261 sanctiﬁcationem
1230 4218 1264 4258 a
1293 4201 1482 4270 Patre,
1521 4200 1717 4256 minor
1758 4199 1924 4256 Patre
1955 4206 2046 4258 est
2079 4217 2092 4257 :

2207 3217 2348 3272 uidit
2377 3223 2428 3272 et
2461 3221 2679 3276 Patrem
2708 3222 2883 3293 (Joan.
2917 3241 3028 3296 xu,
3073 3226 3148 3297 9).
3198 3228 3315 3283 Sed
3347 3228 3504 3300 quod
3541 3243 3646 3282 non
3674 3221 3810 3280 intel-

2205 3305 2352 3378 ligit,
2389 3306 2593 3364 discat.
2628 3311 2908 3383 Culpatur
2945 3313 3278 3386 Philippus,
3334 3322 3392 3372 et
3438 3317 3573 3372 Jure
3617 3313 3811 3385 quidem

2205 3396 2554 3468 meritoque,
2589 3399 2727 3472 quia
2757 3401 2965 3457 dixerit
2996 3419 3008 3458 :
3036 3405 3283 3477 Domine,
3316 3405 3539 3462 ostende
3566 3403 3704 3459 nobis
3729 3402 3811 3455 Pa-

2205 3489 2368 3555 trem,
2397 3493 2450 3541 et
2482 3488 2686 3560 sufﬁcit
2716 3492 2871 3546 nobis
2902 3492 3058 3564 (Ibid.
3107 3511 3156 3548 υ.
3209 3496 3290 3567 5).
3343 3496 3581 3560 Quando
3607 3493 3740 3548 enim
3767 3503 3818 3542 ex

2207 3574 2433 3630 Christo
2466 3581 2568 3632 aut
2599 3579 2863 3635 audierat
2895 3580 3185 3651 istud,aut
3209 3584 3500 3640 didicerat
3529 3582 3684 3654 quasi
3703 3579 3822 3634 esset

2209 3667 2376 3718 Pater
2397 3665 2665 3722 Christus
2688 3669 2715 3722 ‘t
2735 3686 2864 3724 cum
2891 3677 3094 3727 contra
3115 3674 3308 3744 magis
3337 3675 3492 3746 quod
3519 3671 3690 3727 Filius
3711 3667 3825 3723 esset

2209 3770 2320 3808 non
2355 3755 2494 3825 quia
2527 3756 2716 3828 Pater,
2749 3758 3084 3832 frequenter
3113 3764 3406 3830 audisset,
3456 3768 3512 3817 et
3542 3775 3684 3832 sape
3710 3754 3824 3812 didi-

2208 3841 2404 3898 cisset.
2440 3844 2601 3908 Quod
2635 3846 2791 3902 enim
2843 3848 2988 3905 dixit
3032 3849 3354 3920 Dominus,
3406 3852 3470 3907 Si
3504 3867 3585 3906 me
3627 3845 3825 3918 cognovi-

2205 3931 2325 3995 stis,
2375 3936 2424 3986 el
2479 3939 2698 3990 Patrem
2741 3953 2919 3992 meum
2964 3940 3315 4010 cognovistis,
3369 3945 3424 3996 et
3471 3937 3652 3994 amotio
3692 3929 3822 3988 nosti:

2208 4025 2391 4095 illum,
2424 4033 2476 4079 et
2508 4025 2719 4080 vidistis
2749 4027 2912 4081 illum
2955 4028 3130 4098 (Joan.
3182 4047 3308 4095 xxv,
3354 4033 3434 4101 7),
3486 4045 3597 4084 non
3646 4027 3718 4082 sic
3759 4019 3823 4074 di-

2209 4120 2375 4172 xerat
2405 4119 2468 4170 ut
2498 4131 2559 4170 se
2611 4118 2840 4169 Patrem
2888 4115 3054 4172 vellet
3104 4117 3404 4191 intelligi;
3459 4117 3559 4174 sed
3591 4111 3818 4187 quoniam

2209 4204 2307 4277 qui
2339 4203 2571 4276 penitus
2601 4207 2659 4258 et
2689 4201 2859 4274 plene
2887 4211 2944 4260 et
2974 4221 3107 4261 cum
3139 4210 3266 4263 tota
3305 4208 3422 4264 ﬁde
3469 4211 3526 4263 et
3566 4209 3678 4260 tota
3717 4195 3819 4256 reli-

1730 4333 2044 4396 Gallandii
2073 4337 2586 4400 commentarius.

512 4446 590 4516 (7)
614 4445 759 4500 Illud
786 4451 882 4500 est.
933 4444 1032 4500 llic
1075 4441 1396 4516 Pamelium
1449 4457 1510 4498 se

512 4455 590 4516 (7)
614 4455 759 4500 “tua
786 4455 882 4500 est.
933 4455 1032 4500 Hic
1077 4455 1396 4498 Pamenum
1449 4457 1510 4498 se
1558 4455 1783 4504 u1mur,
1835 4455 1959 4496 alio:

443 4519 544 4588 qui
577 4533 713 4571 eum
746 4521 1167 4588 praecesserunt
1197 4515 1470 4588 editores.
1515 4455 1724 4588 (buunt
1751 4517 1959 4588 tamen

443 4583 878 4660 c'tionema'agre
916 4589 1107 4660 ferens
1147 4585 1592 4660 Welchmanus,
1635 4583 1984 4660 ediditdille
2012 4589 2097 4641 est

440 4659 597 4715 Nihil
631 4655 947 4715 enim'heic
975 4659 1086 4714 loci
1117 4663 1224 4725 est,
1257 4656 1470 4728 inquit,
1521 4656 1593 4710 ad
1643 4656 1796 4726 quod
1829 4655 1970 4728 illud
2001 4673 2092 4712 re-

440 4731 577 4787 ferri
609 4735 814 4802 potest.
838 4731 964 4786 Alia
995 4747 1127 4785 vero
1152 4727 1506 4802 benermulta
1537 4729 1827 4798 conjectat
1847 4727 2091 4784 Jackso-

446 4820 582 4868 nus,
611 4801 740 4873 quae
764 4803 932 4858 nobis
967 4802 1162 4856 minus
1195 4801 1537 4873 probantur.

509 4870 948 4944 (lO)'Quantum
987 4889 1111 4928 vero
1165 4870 1233 4926 ad
1279 4870 1634 4944 concordiam
1692 4872 1963 4944 pertinet.
1994 4871 2096 4944 ‘Ad

1558 4439 1783 4504 uimur,
1835 4439 2099 4568 aliosque
2127 4445 2174 4510 D
2209 4444 2482 4500 cedentes
2509 4441 2818 4498 editiones.

1558 4518 1708 4568 luam
1762 4517 1959 4568 tamen
2033 4530 2095 4568 e-
2278 4516 2391 4568 (12)
2429 4514 2818 4568 Consequentei

2033 4530 2095 4568 θ-

2278 4516 2391 4587 (12)
2429 4514 2828 4587 Consequentei'
2855 4518 2953 4580 est,
2984 4514 3077 4570 sed
3108 4516 3307 4574 Filius.
3354 4513 3697 4587 Sententiae}
3725 4505 3822 4578 pll-

2205 4581 2711 4641 ne'm'utilam'ad
2775 4586 2930 4641 hunc
2991 4588 3234 4644 modum
3298 4589 3547 4645 restituo
3598 4603 3610 4641 :
3667 4581 3823 4636 Const-

2203 4661 2433 4728 quenter
2463 4673 2576 4712 non
2614 4657 2780 4728 Pater
2807 4666 2905 4723 est,
2929 4659 3018 4713 sed
3051 4659 3246 4715 Filius.
3301 4661 3452 4716 Illud
3485 4665 3566 4714 ter
3608 4652 3822 4728 prex!!!)o

2203 4719 2546 4784 reccurrens
2607 4719 2985 4784 festinantem
3055 4732 3200 4786 forte
3264 4719 3820 4788 librarium'tefellit.

2207 4805 2484 4856 WELCHM.
2518 4831 2587 4841 --
2619 4800 2831 4856 Eadem
2881 4801 3167 4858 restitutio
3216 4805 3444 4860 arridet
3482 4813 3694 4872 quoque
3716 4795 3824 4850 Jac-

2208 4873 2413 4928 ksono.

2278 4945 2391 5014 (13)
2442 4947 2557 4997 Iloc
2601 4944 2744 5014 ipso,
2779 4958 2882 5013 quo
2929 4975 2994 4984 υ
3043 4945 3256 5014 probat.
3318 4947 3434 5002 Ista
3482 4962 3547 5000 ex
3592 4939 3702 4997 cod.
3732 4947 3817 5014 m9-

2209 5005 3138 5088 Angli'c._supplevit-Pameli'us,
3189 5019 3369 5088 cujus
3419 5016 3710 5088 editionem
3749 5005 3819 5058 hic

2206 5084 2491 5158 expressit
2520 5085 2867 5140 Jacksonus.
2906 5088 2982 5142 Ea
3017 5105 3147 5143 vero
3177 5084 3319 5144 cuin
3352 5093 3492 5144 vett.
3525 5085 3676 5143 editt.
3704 5091 3817 5151 ρῐέ·

2204 5160 2339 5213 terit
2372 5156 2812 5211 Welchmanus.

2264 5173 2339 5213 ῐῚῐι
2377 5173 2812 5211 welcnmanus.

2273 5231 2386 5301 (14)
2421 5231 2558 5301 Dum
2591 5227 2904 5301 haereticus,
2931 5233 3051 5301 etc.
3094 5230 3298 5286 Mallet
3328 5229 3729 5301 \Velchmanus
3756 5217 3818 5270 lo-

2202 5299 2337 5357 cum
2371 5301 2453 5355 ita
2485 5300 2772 5373 legereac
2804 5299 3165 5373 distinguere
3199 5320 3213 5370 ;
3247 5308 3398 5359 Dum
3421 5300 3693 5373 haereticus
3719 5302 3822 5361 ραυ-

2201 5374 2314 5446 get,
2363 5373 2529 5444 quasi
2547 5370 2732 5446 paulo
2780 5370 3018 5446 quadarn
3073 5377 3350 5446 propriae,
3403 5379 3513 5430 etc.
3578 5370 3662 5446 Sic
3716 5373 3820 5417 vero

2199 5441 2452 5518 Jackson
2466 5461 2532 5518 us
2567 5461 2578 5500 :
2608 5444 2753 5518 Dum
2773 5441 3257 5518 haereticus'quasi
3278 5445 3446 5502 oculo
3467 5441 3683 5518 quodam
3704 5446 3817 5518 ge“:

2197 5515 2314 5600 det,
2338 5516 2562 5588 praprio
2598 5515 2774 5590 (oculo
2805 5511 3234 5594 subintellécto)
3269 5511 3527 5575 veritatis
3555 5522 3604 5571 et
3631 5511 3819 5568 luminis

2198 5603 2426 5647 αηιιδεο.

439 4940 1057 5019 εαρρῐθοὶιυῐηγὶοοωῐι
1107 4961 1222 4998 uno
1285 4943 1548 4997 membro
1596 4940 1868 5019 mutilum
1899 4942 2099 4997 addidi

432 5011 608 5073 verba
640 5021 813 5073 uncis
847 5017 1093 5081 inclusa,
1117 5021 1421 5085 tamquam
1476 5011 1733 5066 maxime
1763 5029 2097 5069 accommo-

433 5089 570 5145 data
601 5092 670 5145 ad
719 5094 1131 5159 argumentum
1183 5093 1254 5159 et,
1285 5100 1618 5159 sermonem
1672 5085 2095 5159 praecedentem

432 5163 690 5217 auctoris
725 5177 737 5214 :
773 5155 831 5215 et
866 5159 1068 5214 nultus
1119 5158 1323 5214 dubito
1374 5156 1514 5228 quin
1575 5155 1689 5208 haec
1740 5161 1842 5210 aut
1872 5157 2097 5212 similia

430 5235 626 5303 verba,
664 5237 905 5303 propter
931 5229 1154 5303 ὁμοιοτὲ
1199 5248 1356 5303 εμτογγ
1394 5229 1663 5303 pereinet,
1705 5229 2095 5303 praetermise-

433 5305 511 5359 rit
543 5298 841 5358 librarius.
886 5298 1147 5358 Latinius
1187 5298 1458 5374 pluribus
1512 5298 1756 5374 vocibus
1780 5298 2095 5374 supplevit

433 5375 517 5430 sic
547 5393 560 5431 :
597 5376 877 5442 Quantum
908 5391 1033 5431 vero
1064 5375 1134 5430 ad
1163 5369 1515 5430 ebncordiam
1539 5373 1600 5425 in
1623 5385 1741 5425 una
1761 5369 1867 5440 ﬁde
1895 5378 1946 5426 et
1974 5388 2096 5427 sen-

431 5449 609 5504 tentia
640 5449 895 5519 pertinet.
928 5448 1168 5519 JAKSQN.

499 5510 839 5592 (tt)h'lpsum
874 5528 1028 5592 sunt.
1092 5518 1200 5592 lta,
1232 5533 1299 5572 ex
1337 5531 1450 5570 me.
1497 5510 2091 5592 Anglie.__Castigavit

427 5582 724 5652 Pamelius
755 5589 1063 5652 lectionem
1095 5591 1203 5668 ipsi
1229 5596 1376 5662 sunt,
1412 5582 1901 5662 quam‘exhibent
1936 5582 2084 5661 prm-
