4102 6180
185 306 304 369 969
342 269 346 274 ’

1447 301 1679 367 LIBER
1723 303 1824 366 DE
1867 303 2318 366 TRINITATE.

3471 305 3590 369 970

183 439 358 511 gione
385 437 632 494 accessit
658 437 731 492 ad
758 437 858 492 Dei
902 435 1132 506 Filium,
1179 438 1453 494 omnibus
1502 438 1693 494 modis
1734 455 1835 510 per
1861 443 1915 510 Α
1945 437 2137 492 adhuc
2167 436 2498 492 subnectit:
2535 438 2596 494 Si
2613 438 2849 510 diligitis
2877 457 2985 512 me,
3009 444 3288 512 praecepta
3316 455 3439 494 mea
3469 456 3586 496 ser-

181 528 378 600 ipsum
409 525 618 582 Filium
643 527 702 581 in
735 543 909 599 quem
941 528 1025 582 sic
1052 528 1256 595 credit,
1313 528 1382 583 ad
1435 533 1657 586 Patrem
1701 544 1832 600 per-

180 623 461 672 venturus
492 616 590 682 sit,
616 617 1018 688 ‘eumdemque
1044 616 1298 672 visurus.
1331 619 1494 673 Nemo
1541 618 1707 683 enim,
1741 617 1830 671 in-

183 709 316 778 quit
369 709 542 778 potest
591 708 780 761 venire
837 706 907 760 ad
963 708 1182 762 Patrem
1236 708 1351 761 nisi
1391 723 1490 777 per
1539 722 1624 762 me
1669 705 1826 776 (Ibid.

181 814 233 851 v.
266 796 346 866 6).
417 795 482 850 Et
502 795 630 850 ideo
660 796 731 849 ad
767 795 991 850 Patrem
1045 795 1222 850 Deum
1256 811 1370 850 non
1403 801 1634 850 tantum
1692 811 1832 850 ven-

181 890 354 940 turus
379 888 488 951 est,
518 888 575 939 et
604 883 946 956 cogniturus
979 883 1172 954 ipsum
1205 889 1426 956 patrem
1454 907 1467 954 ,
1527 885 1624 940 sed
1654 883 1830 939 etiam

184 974 272 1029 sic
299 979 500 1042 tenere
528 973 718 1038 debet,
753 978 929 1045 atque
959 973 1039 1028 ita
1068 973 1264 1029 animo
1286 989 1352 1028 ac
1384 980 1578 1028 mente
1611 990 1830 1045 praesu-

185 1078 366 1129 mere,
401 1062 570 1134 quasi
593 1062 720 1132 jam
751 1062 977 1118 noverit
1006 1063 1237 1119 Patrem
1269 1063 1487 1136 pariter
1515 1068 1574 1118 et
1598 1061 1826 1118 viderit.

182 1152 346 1222 Saepe
375 1150 532 1206 enim
573 1150 878 1223 Scriptura
933 1151 1130 1208 divina
1177 1169 1304 1224 quae
1363 1154 1625 1208 nondum
1679 1153 1832 1207 facta

180 1256 290 1311 pro
313 1241 483 1296 factis
513 1239 844 1308 annuntiat,
874 1240 1010 1312 quia
1046 1241 1131 1296 sic
1164 1241 1361 1296 futura
1392 1245 1556 1296 sunt:
1593 1245 1649 1296 et
1705 1257 1831 1312 qua:

180 1329 462 1385 omnibus
483 1329 678 1385 modis
702 1331 822 1385 fieri
882 1330 1118 1398 habent,
1145 1347 1262 1386 non
1297 1331 1462 1401 quasi
1488 1332 1684 1386 futura
1714 1331 1832 1386 sint

179 1419 482 1490 praedicat,
516 1419 618 1475 sed
650 1418 816 1490 quasi
847 1420 997 1474 facta
1027 1419 1146 1476 sint
1161 1424 1379 1475 narrat.
1415 1419 1669 1492 Denique
1695 1435 1830 1476 cum

180 1509 450 1564 nondum
481 1509 847 1580 temporibus
867 1509 1028 1564 Isaias
1047 1509 1339 1582 propheta:
1369 1510 1636 1566 Christus
1657 1513 1831 1565 natus

179 1596 414 1667 fuisset,
450 1597 592 1665 Quia
620 1613 780 1668 puer,
805 1597 1018 1664 aiebat,
1048 1601 1212 1652 natus
1258 1603 1335 1655 est
1379 1599 1534 1655 nobis
1562 1599 1677 1669 (15)
1701 1601 1828 1670 (Isa.

181 1703 264 1750 1x,
295 1686 352 1754 6)
379 1703 392 1753 ;
426 1691 482 1741 et
514 1702 648 1740 cum
682 1687 940 1741 nondum
965 1702 1268 1742 accessum
1300 1691 1454 1742 esset
1483 1687 1552 1742 ad
1587 1687 1831 1742 Mariam

181 1776 368 1841 941,
397 1775 465 1829 Et
492 1777 694 1830 accessi
717 1775 786 1830 ad
827 1777 1225 1847 praphetissam
1254 1776 1388 1848 (16),
1444 1776 1675 1832 dicebat
1702 1777 1828 1843 (lsa.

180 1880 311 1932 vm,
339 1863 414 1934 3),
444 1872 498 1918 et
527 1867 785 1936 concepit,
819 1874 868 1920 et
887 1867 1092 1936 peperit
1112 1865 1313 1935 filium.
1342 1866 1551 1921 Etcum
1574 1867 1835 1921 nondum

185 1953 391 2008 sinum
422 1952 612 2008 Patris
653 1953 920 2009 Christus
949 1953 1336 2026 exposuisset,
1395 1956 1719 2010 referebat:
1774 1956 1837 2008 Et

187 2042 472 2096 vocabitur
501 2042 638 2113 (17,)
683 2059 879 2098 nomen
920 2045 1036 2112 eius
1084 2045 1278 2114 magni
1321 2045 1541 2099 consilii
1597 2043 1837 2112 Angelus

181 2131 350 2201 (Ibid.
381 2131 554 2202 1x,6).
578 2131 646 2186 Et
666 2147 800 2186 cum
834 2132 1096 2186 nondum
1131 2131 1330 2186 fuisset
1396 2149 1626 2203 passus,
1673 2133 1840 2201 Quasi

180 2222 324 2284 ovis,
376 2220 808 2290 pronuntiabat,
860 2219 930 2274 ad
989 2221 1389 2291 iugulationem
1441 2221 1714 2277 adductus
1761 2231 1837 2276 est

183 2309 355 2380 (Ibid.
383 2325 500 2376 Lm,
530 2308 622 2379 7).
659 2311 726 2364 Et
755 2325 886 2363 cum
920 2309 1112 2365 adhuc
1134 2327 1274 2364 crux
1318 2327 1613 2382 nusquam
1663 2315 1839 2382 esset,

182 2399 423 2455 aiebat:
462 2399 588 2454 Tota
615 2397 705 2454 die
737 2398 985 2469 expendi
1018 2415 1216 2454 manus
1259 2416 1406 2455 meas
1452 2401 1524 2456 ad
1577 2402 1842 2473 populum

178 2504 302 2542 non
327 2486 630 2542 credentem
658 2487 819 2558 (Ibid.
842 2504 965 2554 va,
985 2487 1060 2559 2).
1095 2488 1164 2542 Et
1193 2505 1327 2543 cum
1373 2491 1634 2545 nondum
1683 2490 1844 2561 inju-

184 2578 346 2633 riose
379 2582 611 2647 potatus
642 2577 866 2643 fuisset,
902 2582 968 2632 In
1017 2579 1131 2632 siti.
1187 2577 1287 2646 ait,
1346 2595 1467 2633 mea
1516 2587 1845 2651 potaverunt

185 2671 419 2721 meacto
445 2667 614 2738 (Psal.
646 2683 838 2731 vam,
870 2665 984 2736 22).
1022 2668 1089 2721 Et
1117 2684 1250 2722 cum
1311 2667 1596 2739 spoliatus
1654 2669 1845 2724 adhuc

188 2773 316 2811 non
351 2755 573 2821 fuisset,
607 2755 837 2810 dicebat
873 2776 885 2810 .
918 2760 1094 2826 Super
1123 2761 1322 2811 vestem
1362 2774 1538 2812 meam
1579 2761 1848 2814 miserunt

187 2853 439 2900 sortem:
491 2852 544 2899 et
581 2844 1072 2899 dinumeraverunt
1133 2859 1250 2900 ossa
1323 2862 1494 2900 mea:
1550 2846 1850 2916 effoderunt

193 2949 406 2989 manus
433 2949 602 3002 meas,
625 2937 676 2987 et
725 2933 887 3004 pedes
919 2933 1090 3004 (Psal.
1125 2950 1240 3001 xxx,
1277 2934 1362 3000 19,
1419 2936 1484 2988 18
1545 2936 1654 3005 17.)
1712 2939 1848 2990 Pro-

194 3023 412 3078 videns
451 3022 605 3077 enim
637 3022 937 3094 Scriptura
983 3022 1182 3078 divina
1214 3039 1314 3094 pro
1340 3023 1509 3078 factis
1541 3023 1679 3078 dicit
1725 3040 1852 3096 quis

198 3113 410 3166 futura
438 3112 570 3181 scit,
603 3115 660 3166 et
690 3128 792 3182 pro
826 3112 1090 3183 perfectis
1115 3112 1255 3166 dicit
1275 3128 1402 3183 quae
1436 3112 1632 3168 futura
1655 3113 1854 3180 habet,

1941 531 2102 581 vate:
2145 534 2196 581 et
2239 541 2334 594 ego
2368 529 2565 596 rogabo
2614 530 2853 598 Patrem,
2913 533 2966 584 et
3019 529 3195 584 alium
3244 528 3588 584 aduocatum.

1941 615 2090 670 dabit
2144 615 2292 669 vobis
2334 615 2472 669 Ibid.
2497 632 2547 670 v.
2589 619 2673 671 15.
2707 618 2815 688 16).
2863 617 2998 673 Post
3028 635 3154 689 quae
3203 617 3379 672 etiam
3441 616 3588 673 illud

1942 704 2274 759 subnectit:
2298 704 2360 759 Si
2388 707 2511 774 quis
2549 721 2631 759 me
2659 704 2870 776 diligit,
2920 723 3230 762 sermonem
3261 722 3445 762 meum
3491 723 3584 762 cu-

1939 794 2132 849 stodiet
2153 811 2171 847 :
2200 795 2250 847 et
2277 794 2444 848 Pater
2472 811 2627 849 meus
2651 795 2843 866 diliget
2876 796 3036 850 illum
3063 804 3114 851 et
3143 795 3213 850 ad
3240 812 3367 851 eum
3394 798 3578 851 venie-

1938 900 2085 949 mus,
2137 887 2188 938 et
2222 884 2566 938 mensionem
2621 886 2774 951 apud
2831 885 2991 939 illum
3022 886 3288 954 faciemus
3333 885 3472 956 (Ibid
3530 901 3581 940 v.

1937 972 2048 1042 23).
2086 972 2199 1027 Nec
2232 989 2345 1026 non
2380 973 2555 1027 etiam
2623 972 2888 1028 subdidit
2943 974 3054 1044 (18)
3117 973 3260 1028 illud
3309 989 3590 1046 quoque:

1939 1061 2244 1116 Advocatus
2271 1064 2458 1116 autem
2486 1061 2581 1116 ille
2626 1061 2870 1133 Spiritus
2919 1071 3140 1118 sanctus
3184 1078 3348 1133 quem
3405 1065 3591 1118 misu-

1939 1165 2037 1205 rus
2084 1153 2163 1205 est
2221 1150 2408 1219 Pater,
2490 1151 2584 1206 ille
2640 1166 2732 1206 vos
2789 1152 2995 1207 docebit
3051 1161 3101 1207 et
3143 1152 3588 1207 commemorabit

1939 1240 2132 1295 omnia
2160 1255 2493 1311 quaecunque
2511 1239 2700 1296 dixero
2719 1240 2884 1308 (Ibid.
2911 1258 2959 1296 υ.
2992 1240 3104 1313 36).
3133 1240 3442 1296 Praemittit
3469 1240 3584 1313 (19)

1941 1329 2132 1384 adhuc
2166 1328 2346 1385 istum
2369 1327 2584 1401 locum,
2611 1346 2727 1400 quo
2751 1330 3019 1386 ostendat
3041 1345 3104 1386 se
3128 1346 3258 1387 esse
3284 1329 3512 1398 Filium,
3536 1334 3593 1386 et

1942 1415 2149 1472 merito
2182 1416 2457 1483 subdicit,
2489 1421 2548 1473 et
2590 1417 2766 1474 dicit:
2809 1418 2872 1474 Si
2900 1434 2984 1474 me
3013 1419 3356 1491 dilligeretis,
3389 1419 3590 1490 gaude-

1938 1507 2094 1572 retis,
2151 1507 2282 1578 quia
2311 1522 2370 1562 eo
2399 1506 2469 1562 ad
2500 1509 2748 1563 Patrem:
2783 1510 2918 1580 quia
2947 1509 3109 1564 Pater
3137 1509 3322 1581 major
3351 1525 3438 1564 me
3478 1508 3590 1581 (20)

1938 1605 2018 1651 est
2049 1595 2204 1667 (Ibid.
2235 1612 2286 1650 v.
2339 1596 2450 1667 28).
2479 1595 2626 1663 Quid
2678 1601 2873 1653 autem
2896 1614 3028 1653 cum
3061 1597 3236 1654 etiam
3295 1596 3396 1653 illa
3452 1597 3589 1653 sub-

1941 1683 2150 1741 nectit:
2174 1685 2283 1753 Ego
2311 1701 2436 1740 sum
2464 1687 2589 1741 vilis
2621 1703 2772 1752 vera,
2803 1695 2854 1744 et
2891 1689 3060 1743 Pater
3093 1703 3243 1742 meus
3298 1687 3547 1758 agricola
3569 1702 3589 1739 :

1943 1788 2096 1830 omne
2139 1782 2473 1830 sarmentum
2530 1777 2590 1830 in
2621 1792 2704 1832 me
2733 1791 2841 1831 non
2866 1775 3104 1848 offerens
3134 1777 3384 1847 fructum
3441 1775 3593 1830 tollit

1943 1863 2114 1929 illud,
2146 1871 2197 1919 et
2223 1879 2381 1919 omne
2416 1865 2769 1936 fructiferum
2796 1867 3015 1938 purgat,
3077 1869 3139 1920 ut
3183 1867 3428 1937 fructum
3464 1881 3592 1921 am-

1943 1953 2174 2023 pliorem
2204 1953 2390 2022 ferat?
2434 1956 2750 2022 (Joan.xv,
2793 1955 2842 2025 1,
2900 1955 2980 2023 2.)
3040 1953 3225 2010 Instat
3282 1953 3474 2009 adhuc
3531 1957 3592 2009 et

1948 2040 2182 2112 adjicit:
2215 2040 2364 2097 Sicut
2389 2041 2700 2098 dilexitme
2753 2045 2938 2110 Pater,
2982 2044 3137 2100 942
3166 2051 3220 2098 et
3275 2059 3373 2113 ego
3419 2043 3604 2098 dilexi

1946 2147 2038 2186 vos
2070 2148 2082 2186 :
2110 2139 2322 2186 manete
2351 2132 2415 2186 in
2443 2148 2565 2186 mea
2595 2132 2861 2188 charitate
2887 2149 2900 2200 ;
2935 2132 2994 2187 Si
3023 2132 3283 2187 mandata
3314 2147 3434 2187 mea
3469 2147 3590 2187 ser—

1947 2221 2229 2290 vaveritis,
2263 2219 2558 2275 manebitis
2589 2222 2649 2275 in
2681 2237 2796 2276 mea
2825 2221 3124 2290 charitate;
3157 2223 3297 2276 sicut
3323 2236 3425 2294 ego
3483 2223 3598 2276 Pa-

1949 2311 2050 2364 tris
2079 2309 2340 2364 mandata
2391 2311 2632 2376 servavi,
2691 2317 2742 2365 et
2797 2325 2988 2364 maneo
3048 2309 3109 2365 in
3152 2311 3271 2382 ejus
3322 2309 3600 2366 charitate

1950 2399 2127 2470 (Joan.
2157 2415 2247 2465 xv,
2280 2397 2336 2468 9,
2365 2398 2472 2470 10).
2509 2397 2713 2454 Adhuc
2743 2398 2976 2471 ingerit,
3005 2402 3062 2454 et
3090 2398 3268 2454 dicit:
3318 2399 3450 2454 Dixi
3494 2413 3598 2454 au-

1952 2490 2058 2543 tem
2086 2504 2181 2542 vos
2209 2489 2431 2554 amicos,
2457 2488 2588 2558 quia
2614 2489 2806 2543 omnia
2825 2505 2946 2558 quae
2973 2487 3164 2544 audivi
3191 2505 3226 2543 a
3258 2489 3430 2544 Patre
3460 2503 3598 2560 meo,

1950 2580 2080 2632 nota
2110 2576 2259 2632 vobis
2279 2577 2391 2649 feci
2416 2575 2574 2647 (Ibid.
2607 2593 2657 2632 v.
2720 2577 2830 2648 15).
2889 2581 3183 2650 Aggregat
3225 2577 3404 2632 etiam
3454 2577 3598 2634 hoc:

1954 2666 2066 2722 Sed
2087 2665 2205 2722 haec
2223 2667 2411 2721 omnia
2438 2666 2643 2736 facient
2661 2667 2813 2722 vobis
2867 2674 3094 2738 propter
3148 2681 3346 2722 nomen
3397 2682 3604 2732 meum,

1956 2755 2086 2827 quia
2115 2758 2373 2824 ignorant
2400 2771 2525 2810 eum
2552 2757 2753 2826 quime
2797 2757 2952 2811 misit
2982 2754 3143 2827 (Ibid.
3205 2773 3254 2810 υ.
3313 2757 3428 2823 21).
3475 2755 3606 2809 Hinc

1958 2861 2094 2918 ergo
2130 2860 2430 2916 nunquam
2466 2849 2597 2916 post
2627 2843 2727 2899 illa
2759 2843 3056 2900 evidenter
3103 2843 3271 2900 illum
3331 2860 3446 2899 non
3499 2847 3608 2898 Pa-

1959 2939 2130 3001 trem,
2165 2933 2264 2989 sed
2299 2931 2507 2988 Filium
2539 2948 2669 2988 esse
2717 2933 3019 3001 testantia,
3077 2933 3357 2988 Dominus
3417 2933 3588 2988 subdi

1962 3023 2186 3088 disset;
2219 3021 2262 3077 si
2297 3026 2397 3076 aut
2427 3025 2658 3076 Patrem
2692 3038 2754 3077 se
2785 3036 2915 3076 esse
2954 3021 3342 3092 meminisset,
3386 3025 3488 3077 aut
3520 3021 3621 3077 Pa-

1963 3117 2110 3167 trem
2145 3127 2207 3166 se
2250 3109 2425 3166 vellet
2446 3109 2723 3183 intelligi:
2759 3111 2868 3166 nisi
2905 3110 3185 3181 quoniam
3249 3115 3311 3166 ut
3340 3109 3484 3166 illud
3512 3127 3610 3167 ex-

203 3198 862 3273 quesinsdubitatione
881 3203 1124 3255 ventura
1169 3206 1328 3256 sunt.
1378 3201 1447 3255 Et
1497 3202 1624 3257 ide‘o
1660 3201 1853 3258 Domi-
1886 3200 1930 3267 C
1969 3200 2264 3272 primoret,
2296 3199 2537 3271 perinde
2568 3216 3050 3271 unumquemque
3073 3201 3202 3271 jam
3249 3200 3461 3256 habere
3511 3201 3620 3256 de-

203 3306 327 3344 nus
358 3287 418 3342 in
453 3288 721 3360 praesenti
763 3287 888 3343 loco
919 3288 1184 3344 dicebat:
1220 3291 1421 3346 Amodo
1470 3293 1638 3345 nostis
1679 3292 1862 3362 illum,

199 3383 252 3434 et
276 3377 514 3433 vidistis.
581 3378 815 3433 Dicebat
851 3379 1007 3433 enim
1040 3378 1251 3433 visium
1303 3379 1371 3434 iri
1405 3380 1476 3435 ab
1502 3396 1567 3435 eo
1615 3380 1862 3451 Patrem,

199 3467 482 3542 quisquis
510 3466 719 3522 Filium
752 3472 991 3523 secutus
1015 3466 1262 3536 fuisset;
1300 3485 1414 3524 non
1448 3470 1616 3540 quasi
1677 3470 1858 3526 Filius

195 3558 332 3630 ipse
352 3560 508 3612 esset
538 3559 708 3611 Pater
737 3556 916 3625 visus,
954 3556 1055 3611 sed
1090 3557 1244 3627 quod
1297 3558 1601 3628 praemium
1651 3575 1860 3615 conse-

201 3652 458 3703 cuturus
489 3649 667 3714 esset,
707 3645 980 3717 quisquis
1011 3644 1180 3700 illum
1227 3647 1392 3717 sequi
1445 3651 1501 3702 et
1533 3647 1862 3718 discipulus

200 3737 337 3808 ejus
369 3752 499 3790 esse
535 3734 833 3804 voluisset,
862 3739 925 3789 ut
955 3734 1146 3790 videre
1190 3734 1417 3790 Patrem
1455 3741 1688 3806 posset:
1725 3753 1861 3791 nam

195 3831 254 3881 et
287 3824 486 3896 imago
515 3827 604 3878 est
626 3822 723 3878 Dei
753 3823 943 3878 Patris
969 3839 982 3878 :
1019 3829 1086 3878 ut
1115 3823 1209 3879 his
1247 3824 1426 3879 etiam
1449 3823 1593 3879 illud
1628 3826 1867 3880 accedat

198 3915 487 3986 quoniam
511 3913 665 3969 Sicut
710 3913 877 3968 Pater
922 3915 1202 3984 aperatur,
1245 3914 1325 3968 ita
1372 3921 1636 3985 operatur
1665 3918 1715 3969 et
1783 3915 1869 3969 Fi-

198 4007 320 4071 lius
377 4003 556 4073 (Joan.
602 4018 658 4073 ν,
691 4001 801 4071 17).
844 4006 910 4056 Et
935 4001 1194 4058 imitator
1249 4007 1338 4058 est
1386 4002 1567 4058 Filius
1601 4002 1867 4058 omnium

202 4108 454 4166 operum
481 4095 878 4163 paternorum,
907 4095 971 4145 ut
1001 4091 1240 4162 perinde
1289 4091 1502 4148 habeat
1543 4093 1868 4164 unusquis-

205 4195 348 4254 que,
383 4179 551 4252 quasi
574 4180 701 4250 jam
749 4178 958 4234 viderit
988 4179 1216 4234 Patrem
1249 4180 1390 4235 dum
1422 4197 1553 4236 eum
1583 4181 1741 4237 videt
1770 4183 1870 4254 qui

203 4269 592 4328 invisibilem.
641 4269 869 4325 Patrem
926 4269 984 4323 in
1007 4268 1283 4325 omnibus
1329 4271 1607 4342 operibus
1637 4288 1872 4344 semper

204 4359 501 4415 imitatur.
530 4361 811 4414 Ceterum
844 4358 892 4413 si
926 4358 1050 4429 ipse
1081 4363 1250 4415 Pater
1291 4365 1382 4415 est
1410 4359 1698 4428 Christus,
1733 4377 1875 4431 quo-

204 4449 409 4516 modo,
440 4447 746 4504 confestim
779 4447 981 4518 adjicit
1009 4452 1066 4503 et
1095 4447 1269 4504 dicit:
1305 4450 1413 4516 Qui
1439 4448 1614 4504 credit
1664 4451 1725 4504 in
1760 4465 1869 4517 me,

203 4554 379 4610 opera
409 4552 533 4608 quae
560 4553 656 4608 ego
682 4537 826 4608 facio
862 4539 914 4592 et
946 4538 1063 4608 ipse
1088 4538 1280 4608 faciet,
1312 4541 1363 4594 et
1393 4539 1606 4606 maiora
1651 4537 1739 4592 his
1791 4540 1878 4610 fa-

1971 3291 2126 3354 bere,
2160 3289 2301 3344 dum
2341 3289 2658 3361 imaginem
2692 3288 2793 3344 Dei
2825 3288 3010 3344 Patris
3059 3305 3163 3360 per
3187 3287 3400 3344 Filium
3438 3289 3615 3345 videt.

1975 3383 2149 3450 atque
2180 3379 2230 3433 si
2261 3377 2469 3433 viderit
2497 3381 2729 3432 Patrem
2762 3395 2774 3432 :
2812 3377 3288 3449 quandoquidem
3323 3379 3616 3450 unusqui-

1970 3483 2082 3538 que
2113 3468 2357 3523 credens
2394 3466 2451 3521 in
2477 3466 2686 3522 Filium
2710 3471 3046 3522 exerceatur
3074 3468 3134 3522 in
3165 3467 3443 3541 imaginis
3473 3483 3618 3524 con-

1969 3556 2371 3628 templatione,
2405 3559 2469 3611 ut
2498 3556 2862 3612 assuefactus
2890 3556 2962 3612 ad
2995 3556 3362 3613 divinitatem
3411 3556 3617 3612 viden-

1970 3647 2104 3702 dam
2129 3645 2405 3718 imagine,
2438 3648 2714 3718 prolicere
2767 3647 2954 3718 possit
3010 3652 3068 3703 et
3122 3663 3380 3705 crescere
3426 3663 3619 3719 usque

1973 3735 2045 3790 ad
2077 3733 2177 3790 Dei
2209 3734 2392 3805 patris
2421 3735 2841 3806 omnipotentis
2900 3736 3215 3808 perfectam
3250 3736 3616 3808 contempla-

1972 3823 2210 3880 tionem.
2245 3823 2313 3878 Et
2342 3824 2621 3895 quoniam
2651 3824 2751 3896 qui
2782 3824 2891 3880 hoc
2921 3824 3118 3880 animo
3141 3841 3208 3881 ac
3236 3829 3427 3882 mente
3450 3841 3616 3881 com-

1977 3913 2210 3979 bibcrit,
2240 3916 2297 3967 et
2325 3912 2397 3968 de
2424 3912 2701 3968 omnibus
2732 3911 2816 3968 sic
2837 3913 3102 3968 futurum
3132 3929 3262 3970 esse
3282 3912 3619 3979 crediderit,

1979 4001 2206 4057 Patrem
2237 4017 2410 4072 quem
2439 4001 2678 4057 visurus
2709 4001 2807 4072 sit,
2839 4002 3008 4073 quasi
3032 4003 3160 4072 jam
3190 4001 3622 4072 quodammodo

1977 4088 2206 4160 viderit,
2239 4094 2298 4145 et
2328 4089 2567 4161 hicjam
2589 4089 2674 4146 sic
2721 4089 2953 4161 habeat,
2993 4091 3163 4164 quasi
3219 4093 3413 4146 teneat
3467 4090 3625 4160 quod

1978 4179 2319 4235 habiturum
2369 4195 2430 4236 se
2461 4195 2565 4251 pro
2611 4183 2769 4236 certo
2808 4179 2974 4235 sciat.
3031 4179 3335 4248 Caeterum,
3392 4177 3443 4235 si
3501 4180 3628 4251 ipse

1979 4273 2150 4324 Pater
2177 4268 2404 4337 fuisset,
2430 4268 2570 4340 quid
2603 4268 2772 4340 quasi
2803 4268 3067 4323 futurum
3094 4267 3397 4341 praemium
3429 4284 3627 4340 repro-

1983 4357 2254 4414 mittebat
2308 4359 2464 4429 quod
2491 4359 2611 4427 jam
2641 4356 2992 4428 praestiterat
3038 4361 3096 4413 et
3137 4357 3432 4414 dederat?
3478 4357 3626 4415 Nam

1982 4446 2261 4519 quoniam
2295 4446 2467 4502 dicit:
2504 4447 2660 4501 Beati
2689 4445 2891 4500 mundo
2919 4446 3104 4513 corde,
3135 4447 3269 4518 qnia
3297 4447 3404 4518 ipsi
3450 4450 3628 4502 Deum

1983 4535 2244 4591 videbunt
2313 4535 2520 4606 (Matth.
2596 4551 2651 4588 v.
2709 4535 2798 4605 8);
2849 4533 3108 4607 polliceri
3165 4535 3626 4607 deprehenditur

200 4596 331 4695 ciet,
365 4596 496 4698 quia
523 4596 617 4696 egb
747 4596 980 4682 Patrem.
1008 4596 1152 4682 vado
1183 4629 1208 4680 ?
1235 4596 1412 4698 (Ioan.
1445 4596 1562 4694 xiv,
1641 4627 1753 4698 12.)
1791 4596 1876 4682 'Et
1905 4596 1952 4660 Β
1985 4596 2535 4696 contemplationem
2567 4627 2624 4678 et
2654 4596 2956 4696 aspectum
3009 4623 3200 4680 Patris
3233 4596 3259 4693 ς’
3277 4640 3414 4697 ergo
3473 4641 3623 4680 non-

1491 4760 1802 4822 Gallandii
1833 4757 2345 4820 commentarius.

283 4892 648 4968 (15),Nobis.
705 4895 795 4968 Ita
838 4895 1093 4952 editores
1142 4895 1471 4968 Anglicani,
1533 4897 1658 4952 loco
1717 4895 1870 4951 vobis

216 4967 672 5037 praecedentium
705 4967 848 5022 edit.

2051 4893 2163 4964 (18)
2194 4889 2469 4964 Subdidit.
2500 4889 2634 4964 _Hi_c
2675 4893 2733 4944 et
2790 4889 2965 4962 paulo
3026 4895 3157 4963 post
3209 4890 3392 4947 subdit
3422 4889 3625 4964 legen-

1983 4961 2122 5020 dum
2147 4961 2460 5019 contendit
2489 4961 2838 5025 Jacksonus,
2876 4969 2940 5017 ut
2994 4961 3179 5018 oratio
3236 4961 3529 5034 prioribus
3576 4966 3633 5016 et

287 5038 405 5109 (l6)
465 5041 899 5110 l’rophetissam.
939 5039 1032 5094 Sic
1089 5042 1312 5096 veteres
1371 5041 1512 5103 edit,
1575 5045 1639 5094 ut
1701 5040 1877 5095 habet
1982 5035 2717 5110 posterioribuscohregeat,
2746 5034 3148 5110 adjicit,_dicit,
3180 5035 3469 5104 subnectit,
3509 5038 3632 5110 _e_tc.

221 5108 386 5182 ynlg.
406 5126 436 5182 ί
479 5108 653 5182 quam
686 5109 997 5166 lectionem
1029 5116 1267 5167 secutus
1291 5118 1379 5167 est
1410 5111 1872 5167 Welchmamus.

222 5179 517 5255 Pamelips
548 5183 750 5255 Proplu
830 5199 901 5255 m.
948 5181 1280 5239 Jachsonus
1337 5185 1670 5255 Propheten,
1723 5182 1874 5253 apud

226 5268 404 5327 quem
432 5253 663 5308 Junius
685 5253 943 5327 vultlegi
973 5257 1288 5327 Prophetin.

300 5324 414 5394 (17)
453 5327 755 5381 Vocabitur.
790 5322 918 5380 Hac
949 5331 1039 5381 est
1074 5322 1396 5383 editionum
1432 5323 1737 5381 Novatiani
1769 5322 1882 5378 lec-

2051 5108 2516 5180 (19)Préemittit,
2569 5105 2662 5161 Sic
2694 5107 2867 5180 editi:
2901 5107 3101 5180 minus
3119 5110 3290 5170 recte,
3350 5110 3421 5180 ut
3469 5105 3634 5180 vide-

1981 5177 2098 5233 tur.
2135 5179 2560 5234 Welcbmanus
2586 5177 2886 5249 rescripsit
2920 5179 3126 5248 promit
3143 5193 3175 5249 :_
3194 5183 3370 5249 atque
3408 5177 3488 5231 ita
3519 5177 3636 5249 for:

1984 5254 2143 5304 tasse
2174 5250 2412 5321 scripsit
2458 5247 2833 5304 Novotianu's.
2865 5247 3064 5320 Neque
3087 5247 3240 5303 enim
3275 5247 3462 5320 placet
3484 5247 3641 5321 quod

1987 5322 2238 5393 conjecit
2264 5317 2592 5377 Jecksonus
2645 5321 2852 5392 promit
2869 5327 2942 5388 et,
2972 5317 3230 5392 'propter
3270 5317 3520 5392 sequens
3549 5317 3644 5375 ad-

226 5393 330 5450 tio.
363 5397 471 5468 Sed
504 5397 702 5468 inquit
735 5397 1088 5464 Jacksonus,
1146 5415 1278 5453 cum
1341 5399 1485 5453 ratio
1546 5394 1878 5468 argumenti
1989 5394 2112 5468 huc:

229 5467 486 5541 auctoris
513 5466 771 5541 postulet
801 5468 911 5541 legi
931 5479 1174 5538 vocatur,
1207 5470 1350 5541 quin
1371 5471 1452 5524 ita
1472 5470 1596 5540 ipse
1619 5466 1878 5541 scripsee

899 5542 1054 5614 dque
1121 5539 1246 5613 jam
1317 5539 1511 5598 antea’
1555 5539 1884 5611 conjecerat

228 5539 307 5593 rit
361 5555 474 5595 non
517 5539 813 5596 dubium.

229 5607 679 5668 Wetchmanus.

512 5739 776 5806 Pessum.
822 5739 928 5808 Ill.

2061 5463 2177 5544 (29)
2205 5462 2486 5544 lite__l)eest
2517 5461 2674 5544 apud
2706 5460 3029 5518 Pamelium
3088 5476 3408 5536 pronomen
3455 5460 3638 5536 istud,

1991 5531 2146 5609 quod
2173 5533 2450 5590 exhibent
2477 5531 2600 5589 alii.

3282 5729 3367 5822 31
