  <div class='ocr_page' id='page_1' title='image "/cluster/home/n/w/nwhite01/storage/ocr_20150623/3/hvd.32044073549586/540.png"; bbox 0 0 4102 6180; ppageno 0'>
   <div class='ocr_carea' id='block_1_1' title="bbox 233 347 1876 424">
    <p class='ocr_par' dir='ltr' id='par_1_1' title="bbox 233 349 1867 416">
     <span class='ocr_line' id='line_1_1' title="bbox 233 349 1867 416; baseline 0.002 -6"><span class='ocrx_word' id='word_1_1' title='bbox 233 349 345 411; x_wconf 82' lang='grc'>973</span> <span class='ocrx_word' id='word_1_2' title='bbox 1489 351 1722 416; x_wconf 77' lang='lat' dir='ltr'><strong>LIBER</strong></span> <span class='ocrx_word' id='word_1_3' title='bbox 1768 353 1867 414; x_wconf 90' lang='lat' dir='ltr'>DE</span> 
     </span>
    </p>
   </div>
   <div class='ocr_carea' id='block_1_2' title="bbox 1994 347 3634 424">
    <p class='ocr_par' dir='ltr' id='par_1_2' title="bbox 1994 347 3634 424">
     <span class='ocr_line' id='line_1_2' title="bbox 1994 347 3634 424; baseline 0.007 -11"><span class='ocrx_word' id='word_1_4' title='bbox 1994 347 2364 416; x_wconf 78' lang='lat' dir='ltr'>thlTATE.</span> <span class='ocrx_word' id='word_1_5' title='bbox 3515 366 3634 424; x_wconf 73' lang='lat' dir='ltr'>9n</span> 
     </span>
    </p>
   </div>
   <div class='ocr_carea' id='block_1_3' title="bbox 245 483 3633 565">
    <p class='ocr_par' dir='ltr' id='par_1_3' title="bbox 245 483 3633 565">
     <span class='ocr_line' id='line_1_3' title="bbox 245 483 3633 565; baseline 0.003 -25"><span class='ocrx_word' id='word_1_6' title='bbox 245 503 308 540; x_wconf 84' lang='lat' dir='ltr'>ex</span> <span class='ocrx_word' id='word_1_7' title='bbox 329 483 429 540; x_wconf 91' lang='lat' dir='ltr'>illo</span> <span class='ocrx_word' id='word_1_8' title='bbox 474 483 886 541; x_wconf 89' lang='lat' dir='ltr'>delibationem</span> <span class='ocrx_word' id='word_1_9' title='bbox 945 486 1261 558; x_wconf 82' lang='lat' dir='ltr'>quamdam</span> <span class='ocrx_word' id='word_1_10' title='bbox 1313 483 1632 559; x_wconf 84' lang='lat' dir='ltr'>gratiarum</span> <span class='ocrx_word' id='word_1_11' title='bbox 1689 488 1877 542; x_wconf 65' lang='lat' dir='ltr'>caeteri</span> <span class='ocrx_word' id='word_1_12' title='bbox 1911 491 1962 555; x_wconf 84' lang='grc' dir='ltr'><strong>Α</strong></span> <span class='ocrx_word' id='word_1_13' title='bbox 1996 488 2246 558; x_wconf 86' lang='lat' dir='ltr'>expedit,</span> <span class='ocrx_word' id='word_1_14' title='bbox 2282 489 2584 546; x_wconf 61' lang='lat' dir='ltr'>hereticos</span> <span class='ocrx_word' id='word_1_15' title='bbox 2617 491 2878 555; x_wconf 90' lang='lat' dir='ltr'>revincit,</span> <span class='ocrx_word' id='word_1_16' title='bbox 2903 492 3200 563; x_wconf 90' lang='lat' dir='ltr'>improbos</span> <span class='ocrx_word' id='word_1_17' title='bbox 3217 493 3370 548; x_wconf 85' lang='lat' dir='ltr'>foras</span> <span class='ocrx_word' id='word_1_18' title='bbox 3392 495 3633 565; x_wconf 89' lang='lat' dir='ltr'>expulit,</span> 
     </span>
    </p>
   </div>
   <div class='ocr_carea' id='block_1_4' title="bbox 241 573 1879 648">
    <p class='ocr_par' dir='ltr' id='par_1_4' title="bbox 241 573 1879 648">
     <span class='ocr_line' id='line_1_4' title="bbox 241 573 1879 648; baseline 0 -18"><span class='ocrx_word' id='word_1_19' title='bbox 241 574 518 645; x_wconf 81' lang='lat' dir='ltr'>consequi</span> <span class='ocrx_word' id='word_1_20' title='bbox 556 575 783 646; x_wconf 80' lang='lat' dir='ltr'>possint</span> <span class='ocrx_word' id='word_1_21' title='bbox 818 592 831 642; x_wconf 87' lang='lat'><strong>;</strong></span> <span class='ocrx_word' id='word_1_22' title='bbox 863 573 1042 631; x_wconf 91' lang='lat' dir='ltr'>totius</span> <span class='ocrx_word' id='word_1_23' title='bbox 1078 576 1264 630; x_wconf 81' lang='lat' dir='ltr'>sancti</span> <span class='ocrx_word' id='word_1_24' title='bbox 1292 576 1545 648; x_wconf 90' lang='lat' dir='ltr'>Spiritus</span> <span class='ocrx_word' id='word_1_25' title='bbox 1577 576 1631 630; x_wconf 92' lang='lat' dir='ltr'>in</span> <span class='ocrx_word' id='word_1_26' title='bbox 1651 575 1879 630; x_wconf 80' lang='lat' dir='ltr'>Christo</span> 
     </span>
    </p>
   </div>
   <div class='ocr_carea' id='block_1_5' title="bbox 232 663 1878 736">
    <p class='ocr_par' dir='ltr' id='par_1_5' title="bbox 232 663 1878 736">
     <span class='ocr_line' id='line_1_5' title="bbox 232 663 1878 736; baseline 0.001 -18"><span class='ocrx_word' id='word_1_27' title='bbox 232 664 387 719; x_wconf 86' lang='lat' dir='ltr'>fonte</span> <span class='ocrx_word' id='word_1_28' title='bbox 421 668 778 731; x_wconf 83' lang='lat' dir='ltr'>remanente,</span> <span class='ocrx_word' id='word_1_29' title='bbox 811 669 877 718; x_wconf 91' lang='lat' dir='ltr'>ut</span> <span class='ocrx_word' id='word_1_30' title='bbox 905 681 972 719; x_wconf 90' lang='lat' dir='ltr'>ex</span> <span class='ocrx_word' id='word_1_31' title='bbox 1003 663 1102 720; x_wconf 90' lang='lat' dir='ltr'>illo</span> <span class='ocrx_word' id='word_1_32' title='bbox 1125 665 1413 720; x_wconf 90' lang='lat' dir='ltr'>donorum</span> <span class='ocrx_word' id='word_1_33' title='bbox 1445 671 1614 736; x_wconf 89' lang='lat' dir='ltr'>atque</span> <span class='ocrx_word' id='word_1_34' title='bbox 1636 681 1878 735; x_wconf 90' lang='lat' dir='ltr'>operum</span> 
     </span>
    </p>
   </div>
   <div class='ocr_carea' id='block_1_6' title="bbox 237 751 1882 824">
    <p class='ocr_par' dir='ltr' id='par_1_6' title="bbox 237 751 1882 824">
     <span class='ocr_line' id='line_1_6' title="bbox 237 751 1882 824; baseline 0.001 -18"><span class='ocrx_word' id='word_1_35' title='bbox 237 767 393 807; x_wconf 71' lang='lat' dir='ltr'>vente</span> <span class='ocrx_word' id='word_1_36' title='bbox 425 751 796 818; x_wconf 81' lang='lat' dir='ltr'>ducerentur,</span> <span class='ocrx_word' id='word_1_37' title='bbox 828 752 1041 824; x_wconf 81' lang='lat' dir='ltr'>Spiritu</span> <span class='ocrx_word' id='word_1_38' title='bbox 1078 757 1279 809; x_wconf 91' lang='lat' dir='ltr'>sancto</span> <span class='ocrx_word' id='word_1_39' title='bbox 1307 753 1364 808; x_wconf 91' lang='lat' dir='ltr'>in</span> <span class='ocrx_word' id='word_1_40' title='bbox 1388 753 1614 808; x_wconf 81' lang='lat' dir='ltr'>Christo</span> <span class='ocrx_word' id='word_1_41' title='bbox 1642 753 1882 808; x_wconf 83' lang='lat' dir='ltr'>affluen-</span> 
     </span>
    </p>
   </div>
   <div class='ocr_carea' id='block_1_7' title="bbox 224 838 1879 912">
    <p class='ocr_par' dir='ltr' id='par_1_7' title="bbox 224 838 1879 912">
     <span class='ocr_line' id='line_1_7' title="bbox 224 838 1879 912; baseline 0.001 -18"><span class='ocrx_word' id='word_1_42' title='bbox 224 844 313 895; x_wconf 90' lang='lat' dir='ltr'>ter</span> <span class='ocrx_word' id='word_1_43' title='bbox 341 838 664 895; x_wconf 86' lang='lat' dir='ltr'>habitante.</span> <span class='ocrx_word' id='word_1_44' title='bbox 697 840 817 895; x_wconf 89' lang='lat' dir='ltr'>Hoc</span> <span class='ocrx_word' id='word_1_45' title='bbox 847 841 1062 896; x_wconf 88' lang='lat' dir='ltr'>etenim</span> <span class='ocrx_word' id='word_1_46' title='bbox 1108 843 1236 912; x_wconf 92' lang='lat' dir='ltr'>jam</span> <span class='ocrx_word' id='word_1_47' title='bbox 1299 841 1654 912; x_wconf 85' lang='lat' dir='ltr'>prophetans</span> <span class='ocrx_word' id='word_1_48' title='bbox 1699 841 1879 896; x_wconf 86' lang='lat' dir='ltr'>Isaias</span> 
     </span>
    </p>
   </div>
   <div class='ocr_carea' id='block_1_8' title="bbox 224 937 1884 1010">
    <p class='ocr_par' dir='ltr' id='par_1_8' title="bbox 224 937 1884 1010">
     <span class='ocr_line' id='line_1_8' title="bbox 224 937 1884 1010; baseline 0 -17"><span class='ocrx_word' id='word_1_49' title='bbox 224 937 418 993; x_wconf 82' lang='lat' dir='ltr'>aiebat</span> <span class='ocrx_word' id='word_1_50' title='bbox 452 955 464 993; x_wconf 94' lang='lat'>:</span> <span class='ocrx_word' id='word_1_51' title='bbox 497 937 567 992; x_wconf 88' lang='lat' dir='ltr'>Et</span> <span class='ocrx_word' id='word_1_52' title='bbox 623 939 938 1009; x_wconf 78' lang='lat' dir='ltr'>requiescet,</span> <span class='ocrx_word' id='word_1_53' title='bbox 997 938 1216 1010; x_wconf 87' lang='lat' dir='ltr'>inquit,</span> <span class='ocrx_word' id='word_1_54' title='bbox 1268 955 1434 1008; x_wconf 85' lang='lat' dir='ltr'>super</span> <span class='ocrx_word' id='word_1_55' title='bbox 1487 955 1611 993; x_wconf 90' lang='lat' dir='ltr'>eum</span> <span class='ocrx_word' id='word_1_56' title='bbox 1643 938 1884 1008; x_wconf 85' lang='lat' dir='ltr'>Spiritus</span> 
     </span>
    </p>
   </div>
   <div class='ocr_carea' id='block_1_9' title="bbox 219 1027 1877 1098">
    <p class='ocr_par' dir='ltr' id='par_1_9' title="bbox 219 1027 1877 1098">
     <span class='ocr_line' id='line_1_9' title="bbox 219 1027 1877 1098; baseline 0.001 -18"><span class='ocrx_word' id='word_1_57' title='bbox 219 1028 516 1097; x_wconf 72' lang='lat' dir='ltr'>sapientiae</span> <span class='ocrx_word' id='word_1_58' title='bbox 543 1030 595 1082; x_wconf 89' lang='lat' dir='ltr'>et</span> <span class='ocrx_word' id='word_1_59' title='bbox 626 1027 951 1097; x_wconf 86' lang='lat' dir='ltr'>intellectus,</span> <span class='ocrx_word' id='word_1_60' title='bbox 984 1027 1228 1098; x_wconf 77' lang='lat' dir='ltr'>Spiritus</span> <span class='ocrx_word' id='word_1_61' title='bbox 1284 1029 1512 1084; x_wconf 76' lang='lat' dir='ltr'>consilii</span> <span class='ocrx_word' id='word_1_62' title='bbox 1552 1031 1604 1084; x_wconf 88' lang='lat' dir='ltr'>et</span> <span class='ocrx_word' id='word_1_63' title='bbox 1634 1029 1877 1097; x_wconf 81' lang='lat' dir='ltr'>virtutis,</span> 
     </span>
    </p>
   </div>
   <div class='ocr_carea' id='block_1_10' title="bbox 222 1113 1878 1188">
    <p class='ocr_par' dir='ltr' id='par_1_10' title="bbox 222 1113 1878 1188">
     <span class='ocr_line' id='line_1_10' title="bbox 222 1113 1878 1188; baseline 0.001 -19"><span class='ocrx_word' id='word_1_64' title='bbox 222 1113 466 1186; x_wconf 86' lang='lat' dir='ltr'>Spiritus</span> <span class='ocrx_word' id='word_1_65' title='bbox 503 1116 750 1172; x_wconf 77' lang='lat' dir='ltr'>scientiae</span> <span class='ocrx_word' id='word_1_66' title='bbox 805 1123 859 1171; x_wconf 88' lang='lat' dir='ltr'>et</span> <span class='ocrx_word' id='word_1_67' title='bbox 903 1117 1149 1187; x_wconf 83' lang='lat' dir='ltr'>pietatis,</span> <span class='ocrx_word' id='word_1_68' title='bbox 1210 1124 1260 1172; x_wconf 92' lang='lat' dir='ltr'>et</span> <span class='ocrx_word' id='word_1_69' title='bbox 1309 1116 1566 1188; x_wconf 77' lang='lat' dir='ltr'>implebit</span> <span class='ocrx_word' id='word_1_70' title='bbox 1616 1116 1728 1186; x_wconf 87' lang='lat'>(25)</span> <span class='ocrx_word' id='word_1_71' title='bbox 1756 1132 1878 1172; x_wconf 86' lang='lat' dir='ltr'>eum</span> 
     </span>
    </p>
   </div>
   <div class='ocr_carea' id='block_1_11' title="bbox 218 1199 1876 1276">
    <p class='ocr_par' dir='ltr' id='par_1_11' title="bbox 218 1199 1876 1276">
     <span class='ocr_line' id='line_1_11' title="bbox 218 1199 1876 1276; baseline 0.002 -19"><span class='ocrx_word' id='word_1_72' title='bbox 218 1203 466 1273; x_wconf 77' lang='lat' dir='ltr'>Spiritus</span> <span class='ocrx_word' id='word_1_73' title='bbox 497 1204 712 1259; x_wconf 75' lang='lat' dir='ltr'>timoris</span> <span class='ocrx_word' id='word_1_74' title='bbox 742 1199 838 1259; x_wconf 85' lang='lat' dir='ltr'>Dei</span> <span class='ocrx_word' id='word_1_75' title='bbox 892 1203 1021 1276; x_wconf 89' lang='lat' dir='ltr'>(Isa.</span> <span class='ocrx_word' id='word_1_76' title='bbox 1072 1221 1148 1272; x_wconf 71' lang='lat' dir='ltr'>x1,</span> <span class='ocrx_word' id='word_1_77' title='bbox 1182 1205 1238 1271; x_wconf 88' lang='grc'>2,</span> <span class='ocrx_word' id='word_1_78' title='bbox 1298 1205 1374 1275; x_wconf 90' lang='lat'>3).</span> <span class='ocrx_word' id='word_1_79' title='bbox 1407 1208 1526 1260; x_wconf 88' lang='lat' dir='ltr'>Hoc</span> <span class='ocrx_word' id='word_1_80' title='bbox 1582 1205 1736 1260; x_wconf 86' lang='lat' dir='ltr'>idem</span> <span class='ocrx_word' id='word_1_81' title='bbox 1792 1207 1876 1260; x_wconf 87' lang='lat' dir='ltr'>at-</span> 
     </span>
    </p>
   </div>
   <div class='ocr_carea' id='block_1_12' title="bbox 219 1291 1874 1365">
    <p class='ocr_par' dir='ltr' id='par_1_12' title="bbox 219 1291 1874 1365">
     <span class='ocr_line' id='line_1_12' title="bbox 219 1291 1874 1365; baseline 0 -19"><span class='ocrx_word' id='word_1_82' title='bbox 219 1308 338 1362; x_wconf 91' lang='lat' dir='ltr'>que</span> <span class='ocrx_word' id='word_1_83' title='bbox 366 1291 562 1364; x_wconf 90' lang='lat' dir='ltr'>ipsum</span> <span class='ocrx_word' id='word_1_84' title='bbox 594 1297 651 1348; x_wconf 92' lang='lat' dir='ltr'>et</span> <span class='ocrx_word' id='word_1_85' title='bbox 676 1292 788 1348; x_wconf 90' lang='lat' dir='ltr'>alio</span> <span class='ocrx_word' id='word_1_86' title='bbox 810 1293 868 1348; x_wconf 91' lang='lat' dir='ltr'>in</span> <span class='ocrx_word' id='word_1_87' title='bbox 893 1293 1018 1349; x_wconf 92' lang='lat' dir='ltr'>loco</span> <span class='ocrx_word' id='word_1_88' title='bbox 1051 1309 1119 1348; x_wconf 80' lang='lat' dir='ltr'>ex</span> <span class='ocrx_word' id='word_1_89' title='bbox 1141 1309 1396 1365; x_wconf 86' lang='lat' dir='ltr'>persona</span> <span class='ocrx_word' id='word_1_90' title='bbox 1417 1294 1602 1365; x_wconf 87' lang='lat' dir='ltr'>ipsius</span> <span class='ocrx_word' id='word_1_91' title='bbox 1623 1293 1874 1349; x_wconf 82' lang='lat' dir='ltr'>Domini:</span> 
     </span>
    </p>
   </div>
   <div class='ocr_carea' id='block_1_13' title="bbox 221 1378 1873 1455">
    <p class='ocr_par' dir='ltr' id='par_1_13' title="bbox 221 1378 1873 1455">
     <span class='ocr_line' id='line_1_13' title="bbox 221 1378 1873 1455; baseline 0.002 -21"><span class='ocrx_word' id='word_1_92' title='bbox 221 1378 460 1452; x_wconf 77' lang='lat' dir='ltr'>Spiritus</span> <span class='ocrx_word' id='word_1_93' title='bbox 492 1381 715 1436; x_wconf 86' lang='lat' dir='ltr'>Domini</span> <span class='ocrx_word' id='word_1_94' title='bbox 742 1396 908 1452; x_wconf 86' lang='lat' dir='ltr'>super</span> <span class='ocrx_word' id='word_1_95' title='bbox 940 1397 1025 1436; x_wconf 90' lang='lat' dir='ltr'>me</span> <span class='ocrx_word' id='word_1_96' title='bbox 1053 1397 1075 1444; x_wconf 88' lang='lat'><strong><em>;</em></strong></span> <span class='ocrx_word' id='word_1_97' title='bbox 1103 1385 1335 1453; x_wconf 82' lang='lat' dir='ltr'>propter</span> <span class='ocrx_word' id='word_1_98' title='bbox 1380 1382 1522 1455; x_wconf 84' lang='lat' dir='ltr'>quod</span> <span class='ocrx_word' id='word_1_99' title='bbox 1569 1384 1732 1437; x_wconf 77' lang='lat' dir='ltr'>unxit</span> <span class='ocrx_word' id='word_1_100' title='bbox 1767 1398 1873 1449; x_wconf 89' lang='lat' dir='ltr'>me,</span> 
     </span>
    </p>
   </div>
   <div class='ocr_carea' id='block_1_14' title="bbox 219 1469 1878 1543">
    <p class='ocr_par' dir='ltr' id='par_1_14' title="bbox 219 1469 1878 1543">
     <span class='ocr_line' id='line_1_14' title="bbox 219 1469 1878 1543; baseline 0.002 -21"><span class='ocrx_word' id='word_1_101' title='bbox 219 1469 608 1540; x_wconf 71' lang='lat' dir='ltr'>erangelizare</span> <span class='ocrx_word' id='word_1_102' title='bbox 635 1470 974 1542; x_wconf 73' lang='lat' dir='ltr'>pauperibus</span> <span class='ocrx_word' id='word_1_103' title='bbox 1021 1472 1179 1524; x_wconf 83' lang='lat' dir='ltr'>misit</span> <span class='ocrx_word' id='word_1_104' title='bbox 1238 1487 1322 1527; x_wconf 91' lang='lat' dir='ltr'>me</span> <span class='ocrx_word' id='word_1_105' title='bbox 1380 1471 1516 1543; x_wconf 88' lang='lat' dir='ltr'>(lsa.</span> <span class='ocrx_word' id='word_1_106' title='bbox 1547 1489 1656 1536; x_wconf 76' lang='lat' dir='ltr'>LXI,</span> <span class='ocrx_word' id='word_1_107' title='bbox 1693 1472 1764 1541; x_wconf 92' lang='lat'>1).</span> <span class='ocrx_word' id='word_1_108' title='bbox 1796 1471 1878 1525; x_wconf 86' lang='lat' dir='ltr'>Si-</span> 
     </span>
    </p>
   </div>
   <div class='ocr_carea' id='block_1_15' title="bbox 222 1557 1875 1630">
    <p class='ocr_par' dir='ltr' id='par_1_15' title="bbox 222 1557 1875 1630">
     <span class='ocr_line' id='line_1_15' title="bbox 222 1557 1875 1630; baseline 0.002 -18"><span class='ocrx_word' id='word_1_109' title='bbox 222 1557 444 1613; x_wconf 89' lang='lat' dir='ltr'>militer</span> <span class='ocrx_word' id='word_1_110' title='bbox 470 1557 648 1613; x_wconf 90' lang='lat' dir='ltr'>David</span> <span class='ocrx_word' id='word_1_111' title='bbox 676 1575 688 1612; x_wconf 91' lang='lat'><strong>:</strong></span> <span class='ocrx_word' id='word_1_112' title='bbox 717 1563 1009 1630; x_wconf 89' lang='lat' dir='ltr'>Propterea</span> <span class='ocrx_word' id='word_1_113' title='bbox 1040 1561 1204 1614; x_wconf 77' lang='lat' dir='ltr'>unxit</span> <span class='ocrx_word' id='word_1_114' title='bbox 1235 1563 1304 1627; x_wconf 92' lang='lat' dir='ltr'>te,</span> <span class='ocrx_word' id='word_1_115' title='bbox 1357 1563 1522 1624; x_wconf 89' lang='lat' dir='ltr'>Deus,</span> <span class='ocrx_word' id='word_1_116' title='bbox 1556 1561 1698 1615; x_wconf 85' lang='lat' dir='ltr'>Deus</span> <span class='ocrx_word' id='word_1_117' title='bbox 1746 1568 1875 1615; x_wconf 84' lang='lat' dir='ltr'>tuus</span> 
     </span>
    </p>
   </div>
   <div class='ocr_carea' id='block_1_16' title="bbox 219 1647 1876 1719">
    <p class='ocr_par' dir='ltr' id='par_1_16' title="bbox 219 1647 1876 1719">
     <span class='ocr_line' id='line_1_16' title="bbox 219 1647 1876 1719; baseline 0.001 -16"><span class='ocrx_word' id='word_1_118' title='bbox 219 1647 341 1703; x_wconf 84' lang='lat' dir='ltr'>oleo</span> <span class='ocrx_word' id='word_1_119' title='bbox 372 1647 584 1704; x_wconf 67' lang='lat' dir='ltr'>laetitia!</span> <span class='ocrx_word' id='word_1_120' title='bbox 638 1665 677 1703; x_wconf 89' lang='lat' dir='ltr'>a</span> <span class='ocrx_word' id='word_1_121' title='bbox 717 1649 1058 1704; x_wconf 83' lang='lat' dir='ltr'>consortibus</span> <span class='ocrx_word' id='word_1_122' title='bbox 1088 1649 1200 1703; x_wconf 85' lang='lat' dir='ltr'>tuis</span> <span class='ocrx_word' id='word_1_123' title='bbox 1248 1648 1421 1716; x_wconf 85' lang='lat' dir='ltr'>(Psal.</span> <span class='ocrx_word' id='word_1_124' title='bbox 1487 1665 1632 1714; x_wconf 79' lang='lat' dir='ltr'>xuv,</span> <span class='ocrx_word' id='word_1_125' title='bbox 1685 1649 1762 1719; x_wconf 91' lang='lat'>8).</span> <span class='ocrx_word' id='word_1_126' title='bbox 1795 1647 1876 1704; x_wconf 91' lang='lat' dir='ltr'>De</span> 
     </span>
    </p>
   </div>
   <div class='ocr_carea' id='block_1_17' title="bbox 219 1735 1878 1808">
    <p class='ocr_par' dir='ltr' id='par_1_17' title="bbox 219 1735 1878 1808">
     <span class='ocr_line' id='line_1_17' title="bbox 219 1735 1878 1808; baseline 0.001 -17"><span class='ocrx_word' id='word_1_127' title='bbox 219 1735 335 1791; x_wconf 93' lang='lat' dir='ltr'>hoc</span> <span class='ocrx_word' id='word_1_128' title='bbox 367 1735 668 1808; x_wconf 85' lang='lat' dir='ltr'>apostolus</span> <span class='ocrx_word' id='word_1_129' title='bbox 699 1737 918 1792; x_wconf 86' lang='lat' dir='ltr'>Paulus</span> <span class='ocrx_word' id='word_1_130' title='bbox 951 1753 964 1792; x_wconf 88' lang='lat'><strong>:</strong></span> <span class='ocrx_word' id='word_1_131' title='bbox 1002 1736 1106 1804; x_wconf 84' lang='lat' dir='ltr'>Qui</span> <span class='ocrx_word' id='word_1_132' title='bbox 1153 1738 1300 1792; x_wconf 86' lang='lat' dir='ltr'>enim</span> <span class='ocrx_word' id='word_1_133' title='bbox 1357 1737 1621 1808; x_wconf 84' lang='lat' dir='ltr'>Spiritum</span> <span class='ocrx_word' id='word_1_134' title='bbox 1673 1736 1878 1793; x_wconf 84' lang='lat' dir='ltr'>Christi</span> 
     </span>
    </p>
   </div>
   <div class='ocr_carea' id='block_1_18' title="bbox 218 1825 1953 1920">
    <p class='ocr_par' dir='ltr' id='par_1_18' title="bbox 218 1825 1953 1920">
     <span class='ocr_line' id='line_1_18' title="bbox 218 1825 1953 1920; baseline 0.002 -41"><span class='ocrx_word' id='word_1_135' title='bbox 218 1839 336 1920; x_wconf 71' lang='lat' dir='ltr'>non</span> <span class='ocrx_word' id='word_1_136' title='bbox 364 1826 544 1893; x_wconf 84' lang='lat' dir='ltr'>habet,</span> <span class='ocrx_word' id='word_1_137' title='bbox 577 1825 666 1880; x_wconf 86' lang='lat' dir='ltr'>hic</span> <span class='ocrx_word' id='word_1_138' title='bbox 689 1839 796 1879; x_wconf 88' lang='lat' dir='ltr'>non</span> <span class='ocrx_word' id='word_1_139' title='bbox 835 1834 919 1881; x_wconf 85' lang='lat' dir='ltr'>est</span> <span class='ocrx_word' id='word_1_140' title='bbox 959 1825 1077 1896; x_wconf 86' lang='lat' dir='ltr'>ejus</span> <span class='ocrx_word' id='word_1_141' title='bbox 1134 1826 1310 1920; x_wconf 63' lang='grc' dir='ltr'>(Πρω.</span> <span class='ocrx_word' id='word_1_142' title='bbox 1361 1843 1484 1892; x_wconf 86' lang='lat' dir='ltr'>vm,</span> <span class='ocrx_word' id='word_1_143' title='bbox 1516 1827 1591 1896; x_wconf 91' lang='lat'>9).</span> <span class='ocrx_word' id='word_1_144' title='bbox 1627 1827 1694 1920; x_wconf 71' lang='lat' dir='ltr'>Et</span> <span class='ocrx_word' id='word_1_145' title='bbox 1726 1827 1878 1920; x_wconf 56' lang='lat' dir='ltr'>:“llbi</span> <span class='ocrx_word' id='word_1_146' title='bbox 1906 1855 1953 1920; x_wconf 81' lang='grc' dir='ltr'><strong>Β</strong></span> 
     </span>
    </p>
   </div>
   <div class='ocr_carea' id='block_1_19' title="bbox 221 1913 1876 1985">
    <p class='ocr_par' dir='ltr' id='par_1_19' title="bbox 221 1913 1876 1985">
     <span class='ocr_line' id='line_1_19' title="bbox 221 1913 1876 1985; baseline 0.001 -17"><span class='ocrx_word' id='word_1_147' title='bbox 221 1913 468 1982; x_wconf 80' lang='lat' dir='ltr'>Spiritus</span> <span class='ocrx_word' id='word_1_148' title='bbox 498 1915 737 1983; x_wconf 82' lang='lat' dir='ltr'>Domini,</span> <span class='ocrx_word' id='word_1_149' title='bbox 773 1915 856 1969; x_wconf 79' lang='lat' dir='ltr'>ibi</span> <span class='ocrx_word' id='word_1_150' title='bbox 885 1915 1109 1970; x_wconf 84' lang='lat' dir='ltr'>libertas</span> <span class='ocrx_word' id='word_1_151' title='bbox 1139 1914 1212 1985; x_wconf 94' lang='grc' dir='ltr'>(ΙΙ</span> <span class='ocrx_word' id='word_1_152' title='bbox 1272 1915 1396 1970; x_wconf 85' lang='lat' dir='ltr'>Cor.</span> <span class='ocrx_word' id='word_1_153' title='bbox 1457 1931 1542 1984; x_wconf 82' lang='lat' dir='ltr'>III,</span> <span class='ocrx_word' id='word_1_154' title='bbox 1588 1915 1696 1984; x_wconf 90' lang='grc'>17).</span> <span class='ocrx_word' id='word_1_155' title='bbox 1731 1915 1876 1970; x_wconf 86' lang='lat' dir='ltr'>Hinc</span> 
     </span>
    </p>
   </div>
   <div class='ocr_carea' id='block_1_20' title="bbox 219 2003 1871 2074">
    <p class='ocr_par' dir='ltr' id='par_1_20' title="bbox 219 2003 1871 2074">
     <span class='ocr_line' id='line_1_20' title="bbox 219 2003 1871 2074; baseline 0.001 -17"><span class='ocrx_word' id='word_1_156' title='bbox 219 2007 312 2058; x_wconf 90' lang='lat' dir='ltr'>est</span> <span class='ocrx_word' id='word_1_157' title='bbox 346 2003 445 2074; x_wconf 89' lang='lat' dir='ltr'>qui</span> <span class='ocrx_word' id='word_1_158' title='bbox 499 2007 776 2074; x_wconf 78' lang='lat' dir='ltr'>operatur</span> <span class='ocrx_word' id='word_1_159' title='bbox 812 2019 880 2057; x_wconf 85' lang='lat' dir='ltr'>ex</span> <span class='ocrx_word' id='word_1_160' title='bbox 933 2003 1104 2074; x_wconf 89' lang='lat' dir='ltr'>aquis</span> <span class='ocrx_word' id='word_1_161' title='bbox 1138 2005 1456 2058; x_wconf 87' lang='lat' dir='ltr'>secundam</span> <span class='ocrx_word' id='word_1_162' title='bbox 1487 2003 1871 2073; x_wconf 87' lang='lat' dir='ltr'>nativitatem,</span> 
     </span>
    </p>
   </div>
   <div class='ocr_carea' id='block_1_21' title="bbox 220 2091 1872 2162">
    <p class='ocr_par' dir='ltr' id='par_1_21' title="bbox 220 2091 1872 2162">
     <span class='ocr_line' id='line_1_21' title="bbox 220 2091 1872 2162; baseline 0.002 -17"><span class='ocrx_word' id='word_1_163' title='bbox 220 2107 424 2146; x_wconf 87' lang='lat' dir='ltr'>semen</span> <span class='ocrx_word' id='word_1_164' title='bbox 459 2092 754 2162; x_wconf 88' lang='lat' dir='ltr'>quoddam</span> <span class='ocrx_word' id='word_1_165' title='bbox 787 2091 968 2146; x_wconf 86' lang='lat' dir='ltr'>divini</span> <span class='ocrx_word' id='word_1_166' title='bbox 1001 2092 1250 2162; x_wconf 85' lang='lat' dir='ltr'>generis,</span> <span class='ocrx_word' id='word_1_167' title='bbox 1283 2096 1340 2148; x_wconf 92' lang='lat' dir='ltr'>et</span> <span class='ocrx_word' id='word_1_168' title='bbox 1368 2098 1741 2147; x_wconf 89' lang='lat' dir='ltr'>consecratur</span> <span class='ocrx_word' id='word_1_169' title='bbox 1761 2109 1872 2148; x_wconf 76' lang='lat' dir='ltr'>caa-</span> 
     </span>
    </p>
   </div>
   <div class='ocr_carea' id='block_1_22' title="bbox 218 2179 1874 2252">
    <p class='ocr_par' dir='ltr' id='par_1_22' title="bbox 218 2179 1874 2252">
     <span class='ocr_line' id='line_1_22' title="bbox 218 2179 1874 2252; baseline 0.002 -19"><span class='ocrx_word' id='word_1_170' title='bbox 218 2179 390 2235; x_wconf 87' lang='lat' dir='ltr'>lestis</span> <span class='ocrx_word' id='word_1_171' title='bbox 475 2179 816 2250; x_wconf 87' lang='lat' dir='ltr'>nativitatis,</span> <span class='ocrx_word' id='word_1_172' title='bbox 877 2181 1088 2252; x_wconf 90' lang='lat' dir='ltr'>pignus</span> <span class='ocrx_word' id='word_1_173' title='bbox 1159 2181 1458 2251; x_wconf 68' lang='lat' dir='ltr'>promissae</span> <span class='ocrx_word' id='word_1_174' title='bbox 1520 2181 1874 2237; x_wconf 65' lang='lat' dir='ltr'>hereditatis</span> 
     </span>
    </p>
   </div>
   <div class='ocr_carea' id='block_1_23' title="bbox 220 2268 1873 2341">
    <p class='ocr_par' dir='ltr' id='par_1_23' title="bbox 220 2268 1873 2341">
     <span class='ocr_line' id='line_1_23' title="bbox 220 2268 1873 2341; baseline 0.001 -18"><span class='ocrx_word' id='word_1_175' title='bbox 220 2269 446 2340; x_wconf 82' lang='lat' dir='ltr'>(Ephes.</span> <span class='ocrx_word' id='word_1_176' title='bbox 481 2285 518 2334; x_wconf 82' lang='grc' dir='ltr'>ι,</span> <span class='ocrx_word' id='word_1_177' title='bbox 556 2268 667 2339; x_wconf 75' lang='grc'><strong>14),</strong></span> <span class='ocrx_word' id='word_1_178' title='bbox 699 2272 755 2323; x_wconf 91' lang='lat' dir='ltr'>et</span> <span class='ocrx_word' id='word_1_179' title='bbox 780 2268 949 2339; x_wconf 90' lang='lat' dir='ltr'>quasi</span> <span class='ocrx_word' id='word_1_180' title='bbox 982 2268 1438 2341; x_wconf 84' lang='lat' dir='ltr'>chirographum</span> <span class='ocrx_word' id='word_1_181' title='bbox 1472 2271 1765 2341; x_wconf 88' lang='lat' dir='ltr'>quoddam</span> <span class='ocrx_word' id='word_1_182' title='bbox 1800 2287 1873 2325; x_wconf 72' lang='grc' dir='ltr'>ω-</span> 
     </span>
    </p>
   </div>
   <div class='ocr_carea' id='block_1_24' title="bbox 216 2356 1872 2430">
    <p class='ocr_par' dir='ltr' id='par_1_24' title="bbox 216 2356 1872 2430">
     <span class='ocr_line' id='line_1_24' title="bbox 216 2356 1872 2430; baseline 0.001 -18"><span class='ocrx_word' id='word_1_183' title='bbox 216 2363 401 2412; x_wconf 68' lang='grc' dir='ltr'>ιειιηω</span> <span class='ocrx_word' id='word_1_184' title='bbox 440 2356 648 2411; x_wconf 89' lang='lat' dir='ltr'>salutis</span> <span class='ocrx_word' id='word_1_185' title='bbox 683 2375 696 2424; x_wconf 91' lang='lat'><strong>;</strong></span> <span class='ocrx_word' id='word_1_186' title='bbox 731 2359 828 2428; x_wconf 90' lang='lat' dir='ltr'>qui</span> <span class='ocrx_word' id='word_1_187' title='bbox 865 2374 971 2412; x_wconf 91' lang='lat' dir='ltr'>nos</span> <span class='ocrx_word' id='word_1_188' title='bbox 1004 2357 1103 2412; x_wconf 90' lang='lat' dir='ltr'>Dei</span> <span class='ocrx_word' id='word_1_189' title='bbox 1153 2359 1325 2413; x_wconf 83' lang='lat' dir='ltr'>faciat</span> <span class='ocrx_word' id='word_1_190' title='bbox 1352 2357 1638 2430; x_wconf 87' lang='lat' dir='ltr'>templum</span> <span class='ocrx_word' id='word_1_191' title='bbox 1674 2359 1718 2430; x_wconf 91' lang='grc' dir='ltr'>(Ι</span> <span class='ocrx_word' id='word_1_192' title='bbox 1751 2362 1872 2415; x_wconf 84' lang='lat' dir='ltr'>(.‘or.</span> 
     </span>
    </p>
   </div>
   <div class='ocr_carea' id='block_1_25' title="bbox 215 2445 1875 2518">
    <p class='ocr_par' dir='ltr' id='par_1_25' title="bbox 215 2445 1875 2518">
     <span class='ocr_line' id='line_1_25' title="bbox 215 2445 1875 2518; baseline 0.002 -18"><span class='ocrx_word' id='word_1_193' title='bbox 215 2463 291 2512; x_wconf 83' lang='lat' dir='ltr'>vi,</span> <span class='ocrx_word' id='word_1_194' title='bbox 334 2446 449 2517; x_wconf 93' lang='lat'>19),</span> <span class='ocrx_word' id='word_1_195' title='bbox 481 2451 538 2500; x_wconf 91' lang='lat' dir='ltr'>et</span> <span class='ocrx_word' id='word_1_196' title='bbox 560 2461 667 2501; x_wconf 92' lang='lat' dir='ltr'>nos</span> <span class='ocrx_word' id='word_1_197' title='bbox 698 2446 825 2516; x_wconf 89' lang='lat' dir='ltr'>ejus</span> <span class='ocrx_word' id='word_1_198' title='bbox 858 2445 1070 2501; x_wconf 84' lang='lat' dir='ltr'>efﬁciat</span> <span class='ocrx_word' id='word_1_199' title='bbox 1095 2447 1335 2502; x_wconf 66' lang='lat' dir='ltr'>don‘um</span> <span class='ocrx_word' id='word_1_200' title='bbox 1371 2465 1384 2502; x_wconf 91' lang='lat'><strong>:</strong></span> <span class='ocrx_word' id='word_1_201' title='bbox 1414 2447 1508 2518; x_wconf 88' lang='lat' dir='ltr'>qui</span> <span class='ocrx_word' id='word_1_202' title='bbox 1544 2447 1875 2518; x_wconf 88' lang='lat' dir='ltr'>interpellat</span> 
     </span>
    </p>
   </div>
   <div class='ocr_carea' id='block_1_26' title="bbox 215 2533 1873 2607">
    <p class='ocr_par' dir='ltr' id='par_1_26' title="bbox 215 2533 1873 2607">
     <span class='ocr_line' id='line_1_26' title="bbox 215 2533 1873 2607; baseline 0.002 -18"><span class='ocrx_word' id='word_1_203' title='bbox 215 2533 452 2589; x_wconf 88' lang='lat' dir='ltr'>divinas</span> <span class='ocrx_word' id='word_1_204' title='bbox 486 2549 656 2589; x_wconf 88' lang='lat' dir='ltr'>aures</span> <span class='ocrx_word' id='word_1_205' title='bbox 688 2551 790 2604; x_wconf 92' lang='lat' dir='ltr'>pro</span> <span class='ocrx_word' id='word_1_206' title='bbox 849 2535 1018 2589; x_wconf 92' lang='lat' dir='ltr'>nobis</span> <span class='ocrx_word' id='word_1_207' title='bbox 1049 2535 1368 2606; x_wconf 84' lang='lat' dir='ltr'>gemitibus</span> <span class='ocrx_word' id='word_1_208' title='bbox 1425 2535 1873 2607; x_wconf 87' lang='lat' dir='ltr'>ineloquacibus</span> 
     </span>
    </p>
   </div>
   <div class='ocr_carea' id='block_1_27' title="bbox 217 2623 1872 2694">
    <p class='ocr_par' dir='ltr' id='par_1_27' title="bbox 217 2623 1872 2694">
     <span class='ocr_line' id='line_1_27' title="bbox 217 2623 1872 2694; baseline 0.001 -16"><span class='ocrx_word' id='word_1_209' title='bbox 217 2625 396 2693; x_wconf 84' lang='lat' dir='ltr'>(Rom.</span> <span class='ocrx_word' id='word_1_210' title='bbox 433 2639 553 2691; x_wconf 84' lang='lat' dir='ltr'>vm,</span> <span class='ocrx_word' id='word_1_211' title='bbox 585 2623 696 2691; x_wconf 88' lang='lat'>26),</span> <span class='ocrx_word' id='word_1_212' title='bbox 731 2623 1126 2678; x_wconf 88' lang='lat' dir='ltr'>advocationis</span> <span class='ocrx_word' id='word_1_213' title='bbox 1158 2623 1408 2694; x_wconf 89' lang='lat' dir='ltr'>implens</span> <span class='ocrx_word' id='word_1_214' title='bbox 1441 2624 1653 2690; x_wconf 80' lang='lat' dir='ltr'>ofﬁcia,</span> <span class='ocrx_word' id='word_1_215' title='bbox 1687 2630 1743 2679; x_wconf 92' lang='lat' dir='ltr'>et</span> <span class='ocrx_word' id='word_1_216' title='bbox 1774 2625 1872 2680; x_wconf 89' lang='lat' dir='ltr'>de-</span> 
     </span>
    </p>
   </div>
   <div class='ocr_carea' id='block_1_28' title="bbox 217 2709 1871 2778">
    <p class='ocr_par' dir='ltr' id='par_1_28' title="bbox 217 2709 1871 2778">
     <span class='ocr_line' id='line_1_28' title="bbox 217 2709 1871 2778; baseline 0.001 -11"><span class='ocrx_word' id='word_1_217' title='bbox 217 2711 506 2767; x_wconf 85' lang='lat' dir='ltr'>fensionis</span> <span class='ocrx_word' id='word_1_218' title='bbox 532 2709 812 2766; x_wconf 85' lang='lat' dir='ltr'>exhibens</span> <span class='ocrx_word' id='word_1_219' title='bbox 837 2727 1080 2766; x_wconf 90' lang='lat' dir='ltr'>munera</span> <span class='ocrx_word' id='word_1_220' title='bbox 1115 2729 1127 2778; x_wconf 85' lang='lat'><strong>;</strong></span> <span class='ocrx_word' id='word_1_221' title='bbox 1159 2712 1313 2767; x_wconf 72' lang='lat'>945</span> <span class='ocrx_word' id='word_1_222' title='bbox 1348 2712 1704 2768; x_wconf 90' lang='lat' dir='ltr'>inhabitator</span> <span class='ocrx_word' id='word_1_223' title='bbox 1745 2729 1871 2768; x_wconf 87' lang='lat' dir='ltr'>cor-</span> 
     </span>
    </p>
   </div>
   <div class='ocr_carea' id='block_1_29' title="bbox 218 2798 1869 2873">
    <p class='ocr_par' dir='ltr' id='par_1_29' title="bbox 218 2798 1869 2873">
     <span class='ocr_line' id='line_1_29' title="bbox 218 2798 1869 2873; baseline 0.001 -18"><span class='ocrx_word' id='word_1_224' title='bbox 218 2800 467 2873; x_wconf 85' lang='lat' dir='ltr'>poribus</span> <span class='ocrx_word' id='word_1_225' title='bbox 498 2798 715 2854; x_wconf 83' lang='lat' dir='ltr'>nostris</span> <span class='ocrx_word' id='word_1_226' title='bbox 745 2800 937 2865; x_wconf 91' lang='lat' dir='ltr'>datus,</span> <span class='ocrx_word' id='word_1_227' title='bbox 963 2805 1020 2855; x_wconf 89' lang='lat' dir='ltr'>et</span> <span class='ocrx_word' id='word_1_228' title='bbox 1049 2802 1378 2856; x_wconf 85' lang='lat' dir='ltr'>sanctitatis</span> <span class='ocrx_word' id='word_1_229' title='bbox 1400 2802 1638 2856; x_wconf 78' lang='lat' dir='ltr'>elt‘ector</span> <span class='ocrx_word' id='word_1_230' title='bbox 1668 2803 1794 2873; x_wconf 91' lang='lat' dir='ltr'>:qui</span> <span class='ocrx_word' id='word_1_231' title='bbox 1813 2802 1869 2856; x_wconf 89' lang='lat' dir='ltr'>id</span> 
     </span>
    </p>
   </div>
   <div class='ocr_carea' id='block_1_30' title="bbox 219 2888 1871 2962">
    <p class='ocr_par' dir='ltr' id='par_1_30' title="bbox 219 2888 1871 2962">
     <span class='ocr_line' id='line_1_30' title="bbox 219 2888 1871 2962; baseline 0 -16"><span class='ocrx_word' id='word_1_232' title='bbox 219 2905 406 2962; x_wconf 87' lang='lat' dir='ltr'>agens</span> <span class='ocrx_word' id='word_1_233' title='bbox 438 2889 494 2943; x_wconf 92' lang='lat' dir='ltr'>in</span> <span class='ocrx_word' id='word_1_234' title='bbox 531 2889 698 2943; x_wconf 90' lang='lat' dir='ltr'>nobis</span> <span class='ocrx_word' id='word_1_235' title='bbox 729 2889 800 2944; x_wconf 89' lang='lat' dir='ltr'>ad</span> <span class='ocrx_word' id='word_1_236' title='bbox 841 2888 1243 2951; x_wconf 61' lang='lat' dir='ltr'>aeternitatem.</span> <span class='ocrx_word' id='word_1_237' title='bbox 1276 2895 1334 2944; x_wconf 91' lang='lat' dir='ltr'>et</span> <span class='ocrx_word' id='word_1_238' title='bbox 1391 2891 1463 2944; x_wconf 92' lang='lat' dir='ltr'>ad</span> <span class='ocrx_word' id='word_1_239' title='bbox 1497 2891 1871 2946; x_wconf 90' lang='lat' dir='ltr'>resurrectio-</span> 
     </span>
    </p>
   </div>
   <div class='ocr_carea' id='block_1_31' title="bbox 1993 576 3633 653">
    <p class='ocr_par' dir='ltr' id='par_1_31' title="bbox 1993 576 3633 653">
     <span class='ocr_line' id='line_1_31' title="bbox 1993 576 3633 653; baseline 0.005 -22"><span class='ocrx_word' id='word_1_240' title='bbox 1993 576 2298 648; x_wconf 86' lang='lat' dir='ltr'>Evangelia</span> <span class='ocrx_word' id='word_1_241' title='bbox 2330 579 2607 634; x_wconf 85' lang='lat' dir='ltr'>custodit.</span> <span class='ocrx_word' id='word_1_242' title='bbox 2651 580 2732 635; x_wconf 91' lang='lat' dir='ltr'>De</span> <span class='ocrx_word' id='word_1_243' title='bbox 2783 582 2887 635; x_wconf 87' lang='lat' dir='ltr'>hoc</span> <span class='ocrx_word' id='word_1_244' title='bbox 2941 582 3092 635; x_wconf 90' lang='lat' dir='ltr'>idem</span> <span class='ocrx_word' id='word_1_245' title='bbox 3129 583 3238 651; x_wconf 88' lang='lat'>(27)</span> <span class='ocrx_word' id='word_1_246' title='bbox 3273 585 3584 653; x_wconf 82' lang='lat' dir='ltr'>Apostolus</span> <span class='ocrx_word' id='word_1_247' title='bbox 3619 601 3633 640; x_wconf 87' lang='lat'><strong>:</strong></span> 
     </span>
    </p>
   </div>
   <div class='ocr_carea' id='block_1_32' title="bbox 1988 666 3637 742">
    <p class='ocr_par' dir='ltr' id='par_1_32' title="bbox 1988 666 3637 742">
     <span class='ocr_line' id='line_1_32' title="bbox 1988 666 3637 742; baseline 0.005 -22"><span class='ocrx_word' id='word_1_248' title='bbox 1988 666 2103 722; x_wconf 85' lang='lat' dir='ltr'>Non</span> <span class='ocrx_word' id='word_1_249' title='bbox 2123 667 2272 721; x_wconf 88' lang='lat' dir='ltr'>enim</span> <span class='ocrx_word' id='word_1_250' title='bbox 2317 669 2582 738; x_wconf 82' lang='lat' dir='ltr'>spiritum</span> <span class='ocrx_word' id='word_1_251' title='bbox 2632 671 2832 725; x_wconf 86' lang='lat' dir='ltr'>mundi</span> <span class='ocrx_word' id='word_1_252' title='bbox 2897 673 3223 740; x_wconf 86' lang='lat' dir='ltr'>accepimus,</span> <span class='ocrx_word' id='word_1_253' title='bbox 3254 672 3344 726; x_wconf 82' lang='lat' dir='ltr'>sed</span> <span class='ocrx_word' id='word_1_254' title='bbox 3367 673 3637 742; x_wconf 85' lang='lat' dir='ltr'>Spiritum</span> 
     </span>
    </p>
   </div>
   <div class='ocr_carea' id='block_1_33' title="bbox 1990 756 3634 828">
    <p class='ocr_par' dir='ltr' id='par_1_33' title="bbox 1990 756 3634 828">
     <span class='ocr_line' id='line_1_33' title="bbox 1990 756 3634 828; baseline 0.004 -19"><span class='ocrx_word' id='word_1_255' title='bbox 1990 757 2087 826; x_wconf 89' lang='lat' dir='ltr'>qui</span> <span class='ocrx_word' id='word_1_256' title='bbox 2114 771 2186 810; x_wconf 76' lang='lat' dir='ltr'>ex</span> <span class='ocrx_word' id='word_1_257' title='bbox 2213 771 2272 810; x_wconf 90' lang='lat' dir='ltr'>eo</span> <span class='ocrx_word' id='word_1_258' title='bbox 2302 763 2381 810; x_wconf 88' lang='lat' dir='ltr'>est</span> <span class='ocrx_word' id='word_1_259' title='bbox 2407 756 2452 826; x_wconf 89' lang='grc' dir='ltr'>(Ι</span> <span class='ocrx_word' id='word_1_260' title='bbox 2485 756 2604 811; x_wconf 84' lang='lat' dir='ltr'>Cor.</span> <span class='ocrx_word' id='word_1_261' title='bbox 2640 775 2702 828; x_wconf 84' lang='grc' dir='ltr'>ιι,</span> <span class='ocrx_word' id='word_1_262' title='bbox 2738 759 2847 828; x_wconf 88' lang='grc'><strong>12).</strong></span> <span class='ocrx_word' id='word_1_263' title='bbox 2889 760 2961 813; x_wconf 84' lang='lat' dir='ltr'>De</span> <span class='ocrx_word' id='word_1_264' title='bbox 3022 760 3125 813; x_wconf 91' lang='lat' dir='ltr'>hoc</span> <span class='ocrx_word' id='word_1_265' title='bbox 3156 760 3430 825; x_wconf 82' lang='lat' dir='ltr'>exsultat,</span> <span class='ocrx_word' id='word_1_266' title='bbox 3462 768 3517 815; x_wconf 86' lang='lat' dir='ltr'>et</span> <span class='ocrx_word' id='word_1_267' title='bbox 3548 762 3634 816; x_wconf 82' lang='lat' dir='ltr'>di-</span> 
     </span>
    </p>
   </div>
   <div class='ocr_carea' id='block_1_34' title="bbox 1990 843 3636 921">
    <p class='ocr_par' dir='ltr' id='par_1_34' title="bbox 1990 843 3636 921">
     <span class='ocr_line' id='line_1_34' title="bbox 1990 843 3636 921; baseline 0.004 -23"><span class='ocrx_word' id='word_1_268' title='bbox 1990 843 2069 898; x_wconf 88' lang='lat' dir='ltr'>cit</span> <span class='ocrx_word' id='word_1_269' title='bbox 2100 859 2112 899; x_wconf 93' lang='lat'>:</span> <span class='ocrx_word' id='word_1_270' title='bbox 2147 845 2284 900; x_wconf 88' lang='lat' dir='ltr'>Puto</span> <span class='ocrx_word' id='word_1_271' title='bbox 2306 854 2490 900; x_wconf 88' lang='lat' dir='ltr'>autem</span> <span class='ocrx_word' id='word_1_272' title='bbox 2541 848 2672 916; x_wconf 88' lang='lat' dir='ltr'>quia</span> <span class='ocrx_word' id='word_1_273' title='bbox 2712 855 2763 902; x_wconf 89' lang='lat' dir='ltr'>et</span> <span class='ocrx_word' id='word_1_274' title='bbox 2809 863 2906 918; x_wconf 86' lang='lat' dir='ltr'>ego</span> <span class='ocrx_word' id='word_1_275' title='bbox 2938 848 3205 917; x_wconf 80' lang='lat' dir='ltr'>Spiritum</span> <span class='ocrx_word' id='word_1_276' title='bbox 3237 851 3336 903; x_wconf 85' lang='lat' dir='ltr'>Dei</span> <span class='ocrx_word' id='word_1_277' title='bbox 3392 851 3558 904; x_wconf 82' lang='lat' dir='ltr'>habeo</span> <span class='ocrx_word' id='word_1_278' title='bbox 3588 851 3636 921; x_wconf 94' lang='grc' dir='ltr'>(Ι</span> 
     </span>
    </p>
   </div>
   <div class='ocr_carea' id='block_1_35' title="bbox 1991 933 3630 1009">
    <p class='ocr_par' dir='ltr' id='par_1_35' title="bbox 1991 933 3630 1009">
     <span class='ocr_line' id='line_1_35' title="bbox 1991 933 3630 1009; baseline 0.004 -23"><span class='ocrx_word' id='word_1_279' title='bbox 1991 933 2111 986; x_wconf 86' lang='lat' dir='ltr'>Cor.</span> <span class='ocrx_word' id='word_1_280' title='bbox 2143 949 2242 1000; x_wconf 83' lang='lat' dir='ltr'>vu,</span> <span class='ocrx_word' id='word_1_281' title='bbox 2273 934 2386 1002; x_wconf 86' lang='grc'>40).</span> <span class='ocrx_word' id='word_1_282' title='bbox 2435 939 2512 989; x_wconf 90' lang='lat' dir='ltr'>De</span> <span class='ocrx_word' id='word_1_283' title='bbox 2572 934 2680 990; x_wconf 87' lang='lat' dir='ltr'>hoc</span> <span class='ocrx_word' id='word_1_284' title='bbox 2737 935 2910 990; x_wconf 90' lang='lat' dir='ltr'>dicit:</span> <span class='ocrx_word' id='word_1_285' title='bbox 2948 937 3007 988; x_wconf 88' lang='lat' dir='ltr'>Et</span> <span class='ocrx_word' id='word_1_286' title='bbox 3058 938 3298 1007; x_wconf 90' lang='lat' dir='ltr'>Spiritus</span> <span class='ocrx_word' id='word_1_287' title='bbox 3329 940 3630 1009; x_wconf 86' lang='lat' dir='ltr'>Propheta-</span> 
     </span>
    </p>
   </div>
   <div class='ocr_carea' id='block_1_36' title="bbox 1987 1021 3635 1096">
    <p class='ocr_par' dir='ltr' id='par_1_36' title="bbox 1987 1021 3635 1096">
     <span class='ocr_line' id='line_1_36' title="bbox 1987 1021 3635 1096; baseline 0.005 -22"><span class='ocrx_word' id='word_1_288' title='bbox 1987 1037 2112 1075; x_wconf 86' lang='lat' dir='ltr'>rum</span> <span class='ocrx_word' id='word_1_289' title='bbox 2142 1021 2254 1093; x_wconf 86' lang='lat'>(28)</span> <span class='ocrx_word' id='word_1_290' title='bbox 2281 1021 2562 1094; x_wconf 85' lang='lat' dir='ltr'>prophetis</span> <span class='ocrx_word' id='word_1_291' title='bbox 2591 1024 2862 1093; x_wconf 82' lang='lat' dir='ltr'>subjectus</span> <span class='ocrx_word' id='word_1_292' title='bbox 2903 1033 2980 1078; x_wconf 84' lang='lat' dir='ltr'>est</span> <span class='ocrx_word' id='word_1_293' title='bbox 3009 1027 3055 1094; x_wconf 91' lang='grc'>(1</span> <span class='ocrx_word' id='word_1_294' title='bbox 3085 1027 3210 1080; x_wconf 86' lang='lat' dir='ltr'>Cor.</span> <span class='ocrx_word' id='word_1_295' title='bbox 3264 1043 3375 1092; x_wconf 78' lang='lat' dir='ltr'>xxv,</span> <span class='ocrx_word' id='word_1_296' title='bbox 3410 1027 3521 1096; x_wconf 86' lang='lat'>32).</span> <span class='ocrx_word' id='word_1_297' title='bbox 3563 1028 3635 1082; x_wconf 90' lang='lat' dir='ltr'>De</span> 
     </span>
    </p>
   </div>
   <div class='ocr_carea' id='block_1_37' title="bbox 1989 1109 3634 1184">
    <p class='ocr_par' dir='ltr' id='par_1_37' title="bbox 1989 1109 3634 1184">
     <span class='ocr_line' id='line_1_37' title="bbox 1989 1109 3634 1184; baseline 0.004 -21"><span class='ocrx_word' id='word_1_298' title='bbox 1989 1109 2096 1164; x_wconf 91' lang='lat' dir='ltr'>hoc</span> <span class='ocrx_word' id='word_1_299' title='bbox 2123 1110 2333 1166; x_wconf 83' lang='lat' dir='ltr'>refert:</span> <span class='ocrx_word' id='word_1_300' title='bbox 2366 1109 2605 1181; x_wconf 87' lang='lat' dir='ltr'>Spiritus</span> <span class='ocrx_word' id='word_1_301' title='bbox 2652 1114 2837 1167; x_wconf 89' lang='lat' dir='ltr'>autem</span> <span class='ocrx_word' id='word_1_302' title='bbox 2893 1116 3181 1183; x_wconf 85' lang='lat' dir='ltr'>mani/este</span> <span class='ocrx_word' id='word_1_303' title='bbox 3231 1115 3386 1180; x_wconf 86' lang='lat' dir='ltr'>dicit,</span> <span class='ocrx_word' id='word_1_304' title='bbox 3412 1117 3543 1184; x_wconf 86' lang='lat' dir='ltr'>quia</span> <span class='ocrx_word' id='word_1_305' title='bbox 3574 1117 3634 1170; x_wconf 88' lang='lat' dir='ltr'>in</span> 
     </span>
    </p>
   </div>
   <div class='ocr_carea' id='block_1_38' title="bbox 1987 1199 3634 1271">
    <p class='ocr_par' dir='ltr' id='par_1_38' title="bbox 1987 1199 3634 1271">
     <span class='ocr_line' id='line_1_38' title="bbox 1987 1199 3634 1271; baseline 0.003 -21"><span class='ocrx_word' id='word_1_306' title='bbox 1987 1199 2301 1253; x_wconf 85' lang='lat' dir='ltr'>novissimis</span> <span class='ocrx_word' id='word_1_307' title='bbox 2327 1200 2660 1270; x_wconf 87' lang='lat' dir='ltr'>temporibus</span> <span class='ocrx_word' id='word_1_308' title='bbox 2689 1200 2938 1256; x_wconf 86' lang='lat' dir='ltr'>recedent</span> <span class='ocrx_word' id='word_1_309' title='bbox 2970 1202 3193 1269; x_wconf 86' lang='lat' dir='ltr'>quidam</span> <span class='ocrx_word' id='word_1_310' title='bbox 3226 1218 3256 1255; x_wconf 94' lang='lat' dir='ltr'>a</span> <span class='ocrx_word' id='word_1_311' title='bbox 3303 1201 3426 1271; x_wconf 80' lang='lat' dir='ltr'>ﬁde,</span> <span class='ocrx_word' id='word_1_312' title='bbox 3459 1205 3634 1255; x_wconf 88' lang='lat' dir='ltr'>atten-</span> 
     </span>
    </p>
   </div>
   <div class='ocr_carea' id='block_1_39' title="bbox 1984 1285 3629 1360">
    <p class='ocr_par' dir='ltr' id='par_1_39' title="bbox 1984 1285 3629 1360">
     <span class='ocr_line' id='line_1_39' title="bbox 1984 1285 3629 1360; baseline 0.002 -20"><span class='ocrx_word' id='word_1_313' title='bbox 1984 1285 2170 1341; x_wconf 84' lang='lat' dir='ltr'>dentes</span> <span class='ocrx_word' id='word_1_314' title='bbox 2196 1287 2482 1358; x_wconf 82' lang='lat' dir='ltr'>spiritibus</span> <span class='ocrx_word' id='word_1_315' title='bbox 2509 1287 2906 1358; x_wconf 86' lang='lat' dir='ltr'>seduetoribus,</span> <span class='ocrx_word' id='word_1_316' title='bbox 2925 1290 3191 1344; x_wconf 83' lang='lat' dir='ltr'>doctrinis</span> <span class='ocrx_word' id='word_1_317' title='bbox 3212 1291 3629 1360; x_wconf 56' lang='lat' dir='ltr'>dxmoniorum,</span> 
     </span>
    </p>
   </div>
   <div class='ocr_carea' id='block_1_40' title="bbox 1986 1377 3630 1448">
    <p class='ocr_par' dir='ltr' id='par_1_40' title="bbox 1986 1377 3630 1448">
     <span class='ocr_line' id='line_1_40' title="bbox 1986 1377 3630 1448; baseline 0.002 -18"><span class='ocrx_word' id='word_1_318' title='bbox 1986 1377 2047 1430; x_wconf 90' lang='lat' dir='ltr'>in</span> <span class='ocrx_word' id='word_1_319' title='bbox 2092 1377 2370 1447; x_wconf 81' lang='lat' dir='ltr'>hypocrisi</span> <span class='ocrx_word' id='word_1_320' title='bbox 2398 1378 2686 1432; x_wconf 85' lang='lat' dir='ltr'>mendacia</span> <span class='ocrx_word' id='word_1_321' title='bbox 2735 1379 3098 1448; x_wconf 85' lang='lat' dir='ltr'>loquentium,</span> <span class='ocrx_word' id='word_1_322' title='bbox 3139 1383 3503 1434; x_wconf 89' lang='lat' dir='ltr'>cauteriatam</span> <span class='ocrx_word' id='word_1_323' title='bbox 3532 1380 3630 1434; x_wconf 88' lang='lat' dir='ltr'>ha-</span> 
     </span>
    </p>
   </div>
   <div class='ocr_carea' id='block_1_41' title="bbox 1987 1463 3631 1538">
    <p class='ocr_par' dir='ltr' id='par_1_41' title="bbox 1987 1463 3631 1538">
     <span class='ocr_line' id='line_1_41' title="bbox 1987 1463 3631 1538; baseline 0.002 -20"><span class='ocrx_word' id='word_1_324' title='bbox 1987 1463 2234 1519; x_wconf 87' lang='lat' dir='ltr'>bentium</span> <span class='ocrx_word' id='word_1_325' title='bbox 2260 1467 2656 1521; x_wconf 85' lang='lat' dir='ltr'>conscientiam</span> <span class='ocrx_word' id='word_1_326' title='bbox 2685 1482 2845 1521; x_wconf 91' lang='lat' dir='ltr'>suam</span> <span class='ocrx_word' id='word_1_327' title='bbox 2887 1467 2930 1536; x_wconf 91' lang='grc' dir='ltr'>(Ι</span> <span class='ocrx_word' id='word_1_328' title='bbox 2967 1469 3097 1521; x_wconf 88' lang='lat' dir='ltr'>Tim.</span> <span class='ocrx_word' id='word_1_329' title='bbox 3153 1485 3226 1533; x_wconf 83' lang='lat' dir='ltr'>IV,</span> <span class='ocrx_word' id='word_1_330' title='bbox 3291 1469 3363 1538; x_wconf 80' lang='lat'>1).</span> <span class='ocrx_word' id='word_1_331' title='bbox 3429 1468 3490 1522; x_wconf 92' lang='lat' dir='ltr'>In</span> <span class='ocrx_word' id='word_1_332' title='bbox 3523 1467 3631 1523; x_wconf 91' lang='lat' dir='ltr'>hoc</span> 
     </span>
    </p>
   </div>
   <div class='ocr_carea' id='block_1_42' title="bbox 1985 1552 3634 1625">
    <p class='ocr_par' dir='ltr' id='par_1_42' title="bbox 1985 1552 3634 1625">
     <span class='ocr_line' id='line_1_42' title="bbox 1985 1552 3634 1625; baseline 0.003 -20"><span class='ocrx_word' id='word_1_333' title='bbox 1985 1552 2204 1623; x_wconf 88' lang='lat' dir='ltr'>Spiritu</span> <span class='ocrx_word' id='word_1_334' title='bbox 2238 1554 2469 1624; x_wconf 89' lang='lat' dir='ltr'>positus</span> <span class='ocrx_word' id='word_1_335' title='bbox 2497 1569 2655 1610; x_wconf 86' lang='lat' dir='ltr'>nemo</span> <span class='ocrx_word' id='word_1_336' title='bbox 2684 1570 2928 1625; x_wconf 87' lang='lat' dir='ltr'>unquam</span> <span class='ocrx_word' id='word_1_337' title='bbox 2986 1557 3124 1610; x_wconf 85' lang='lat' dir='ltr'>dicit</span> <span class='ocrx_word' id='word_1_338' title='bbox 3180 1557 3475 1610; x_wconf 85' lang='lat' dir='ltr'>anathema</span> <span class='ocrx_word' id='word_1_339' title='bbox 3502 1561 3634 1614; x_wconf 83' lang='lat' dir='ltr'>Jesu</span> 
     </span>
    </p>
   </div>
   <div class='ocr_carea' id='block_1_43' title="bbox 1985 1641 3631 1716">
    <p class='ocr_par' dir='ltr' id='par_1_43' title="bbox 1985 1641 3631 1716">
     <span class='ocr_line' id='line_1_43' title="bbox 1985 1641 3631 1716; baseline 0.003 -21"><span class='ocrx_word' id='word_1_340' title='bbox 1985 1642 2030 1712; x_wconf 92' lang='grc' dir='ltr'>(Ι</span> <span class='ocrx_word' id='word_1_341' title='bbox 2061 1641 2187 1696; x_wconf 84' lang='lat' dir='ltr'>Cor.</span> <span class='ocrx_word' id='word_1_342' title='bbox 2219 1659 2321 1709; x_wconf 82' lang='lat' dir='ltr'>xu,</span> <span class='ocrx_word' id='word_1_343' title='bbox 2352 1643 2408 1714; x_wconf 93' lang='lat'>3)</span> <span class='ocrx_word' id='word_1_344' title='bbox 2434 1659 2447 1698; x_wconf 89' lang='lat'><strong>:</strong></span> <span class='ocrx_word' id='word_1_345' title='bbox 2485 1659 2656 1699; x_wconf 90' lang='lat' dir='ltr'>nemo</span> <span class='ocrx_word' id='word_1_346' title='bbox 2692 1645 2924 1716; x_wconf 85' lang='lat' dir='ltr'>negavit</span> <span class='ocrx_word' id='word_1_347' title='bbox 2954 1645 3253 1699; x_wconf 86' lang='lat' dir='ltr'>Christum</span> <span class='ocrx_word' id='word_1_348' title='bbox 3282 1646 3375 1700; x_wconf 82' lang='lat' dir='ltr'>Dei</span> <span class='ocrx_word' id='word_1_349' title='bbox 3397 1644 3631 1712; x_wconf 84' lang='lat' dir='ltr'>Filium,</span> 
     </span>
    </p>
   </div>
   <div class='ocr_carea' id='block_1_44' title="bbox 1986 1731 3636 1802">
    <p class='ocr_par' dir='ltr' id='par_1_44' title="bbox 1986 1731 3636 1802">
     <span class='ocr_line' id='line_1_44' title="bbox 1986 1731 3636 1802; baseline 0.002 -17"><span class='ocrx_word' id='word_1_350' title='bbox 1986 1735 2090 1785; x_wconf 90' lang='lat' dir='ltr'>aut</span> <span class='ocrx_word' id='word_1_351' title='bbox 2145 1731 2470 1802; x_wconf 89' lang='lat' dir='ltr'>repudiavit</span> <span class='ocrx_word' id='word_1_352' title='bbox 2524 1737 2840 1788; x_wconf 86' lang='lat' dir='ltr'>creatorem</span> <span class='ocrx_word' id='word_1_353' title='bbox 2894 1735 3070 1787; x_wconf 84' lang='lat' dir='ltr'>Deum</span> <span class='ocrx_word' id='word_1_354' title='bbox 3124 1752 3135 1788; x_wconf 91' lang='lat'>:</span> <span class='ocrx_word' id='word_1_355' title='bbox 3192 1751 3359 1789; x_wconf 86' lang='lat' dir='ltr'>nemo</span> <span class='ocrx_word' id='word_1_356' title='bbox 3431 1739 3636 1789; x_wconf 87' lang='lat' dir='ltr'>contra</span> 
     </span>
    </p>
   </div>
   <div class='ocr_carea' id='block_1_45' title="bbox 1987 1820 3636 1893">
    <p class='ocr_par' dir='ltr' id='par_1_45' title="bbox 1987 1820 3636 1893">
     <span class='ocr_line' id='line_1_45' title="bbox 1987 1820 3636 1893; baseline 0.002 -18"><span class='ocrx_word' id='word_1_357' title='bbox 1987 1820 2322 1892; x_wconf 90' lang='lat' dir='ltr'>Scripturas</span> <span class='ocrx_word' id='word_1_358' title='bbox 2352 1820 2470 1875; x_wconf 90' lang='lat' dir='ltr'>ulla</span> <span class='ocrx_word' id='word_1_359' title='bbox 2501 1838 2610 1876; x_wconf 90' lang='lat' dir='ltr'>sua</span> <span class='ocrx_word' id='word_1_360' title='bbox 2637 1821 2810 1876; x_wconf 88' lang='lat' dir='ltr'>verba</span> <span class='ocrx_word' id='word_1_361' title='bbox 2839 1823 3132 1893; x_wconf 90' lang='lat' dir='ltr'>depromit</span> <span class='ocrx_word' id='word_1_362' title='bbox 3162 1840 3173 1875; x_wconf 90' lang='lat'>:</span> <span class='ocrx_word' id='word_1_363' title='bbox 3210 1840 3377 1878; x_wconf 90' lang='lat' dir='ltr'>nemo</span> <span class='ocrx_word' id='word_1_364' title='bbox 3433 1822 3547 1877; x_wconf 88' lang='lat' dir='ltr'>alia</span> <span class='ocrx_word' id='word_1_365' title='bbox 3575 1826 3636 1878; x_wconf 88' lang='lat' dir='ltr'>et</span> 
     </span>
    </p>
   </div>
   <div class='ocr_carea' id='block_1_46' title="bbox 1985 1909 3632 1982">
    <p class='ocr_par' dir='ltr' id='par_1_46' title="bbox 1985 1909 3632 1982">
     <span class='ocr_line' id='line_1_46' title="bbox 1985 1909 3632 1982; baseline 0.001 -18"><span class='ocrx_word' id='word_1_366' title='bbox 1985 1909 2268 1981; x_wconf 87' lang='lat' dir='ltr'>sacrilega</span> <span class='ocrx_word' id='word_1_367' title='bbox 2312 1909 2545 1966; x_wconf 90' lang='lat' dir='ltr'>decreta</span> <span class='ocrx_word' id='word_1_368' title='bbox 2600 1910 2906 1966; x_wconf 90' lang='lat' dir='ltr'>constituit</span> <span class='ocrx_word' id='word_1_369' title='bbox 2946 1928 2958 1965; x_wconf 88' lang='lat'><strong>:</strong></span> <span class='ocrx_word' id='word_1_370' title='bbox 3008 1927 3178 1966; x_wconf 90' lang='lat' dir='ltr'>nemo</span> <span class='ocrx_word' id='word_1_371' title='bbox 3219 1913 3447 1967; x_wconf 85' lang='lat' dir='ltr'>diversa</span> <span class='ocrx_word' id='word_1_372' title='bbox 3497 1912 3632 1982; x_wconf 87' lang='lat' dir='ltr'>jura</span> 
     </span>
    </p>
   </div>
   <div class='ocr_carea' id='block_1_47' title="bbox 1984 1997 3634 2072">
    <p class='ocr_par' dir='ltr' id='par_1_47' title="bbox 1984 1997 3634 2072">
     <span class='ocr_line' id='line_1_47' title="bbox 1984 1997 3634 2072; baseline 0.002 -21"><span class='ocrx_word' id='word_1_373' title='bbox 1984 1997 2318 2054; x_wconf 88' lang='lat' dir='ltr'>conscribit.</span> <span class='ocrx_word' id='word_1_374' title='bbox 2373 2000 2434 2054; x_wconf 91' lang='lat' dir='ltr'>In</span> <span class='ocrx_word' id='word_1_375' title='bbox 2470 1999 2624 2054; x_wconf 89' lang='lat' dir='ltr'>hunc</span> <span class='ocrx_word' id='word_1_376' title='bbox 2673 1999 2942 2071; x_wconf 85' lang='lat' dir='ltr'>quisquis</span> <span class='ocrx_word' id='word_1_377' title='bbox 2999 2001 3513 2072; x_wconf 88' lang='lat' dir='ltr'>blasphemaverit,</span> <span class='ocrx_word' id='word_1_378' title='bbox 3546 2016 3634 2055; x_wconf 87' lang='lat' dir='ltr'>re-</span> 
     </span>
    </p>
   </div>
   <div class='ocr_carea' id='block_1_48' title="bbox 1982 2089 3632 2159">
    <p class='ocr_par' dir='ltr' id='par_1_48' title="bbox 1982 2089 3632 2159">
     <span class='ocr_line' id='line_1_48' title="bbox 1982 2089 3632 2159; baseline 0.002 -19"><span class='ocrx_word' id='word_1_379' title='bbox 1982 2089 2299 2143; x_wconf 87' lang='lat' dir='ltr'>missionem</span> <span class='ocrx_word' id='word_1_380' title='bbox 2326 2104 2436 2142; x_wconf 85' lang='lat' dir='ltr'>non</span> <span class='ocrx_word' id='word_1_381' title='bbox 2465 2089 2645 2152; x_wconf 86' lang='lat' dir='ltr'>habet,</span> <span class='ocrx_word' id='word_1_382' title='bbox 2677 2104 2787 2144; x_wconf 88' lang='lat' dir='ltr'>non</span> <span class='ocrx_word' id='word_1_383' title='bbox 2819 2093 3034 2144; x_wconf 86' lang='lat' dir='ltr'>tantum</span> <span class='ocrx_word' id='word_1_384' title='bbox 3063 2093 3120 2144; x_wconf 86' lang='lat' dir='ltr'>in</span> <span class='ocrx_word' id='word_1_385' title='bbox 3163 2093 3261 2145; x_wconf 89' lang='lat' dir='ltr'>isto</span> <span class='ocrx_word' id='word_1_386' title='bbox 3287 2091 3509 2159; x_wconf 74' lang='lat' dir='ltr'>saeculo,</span> <span class='ocrx_word' id='word_1_387' title='bbox 3546 2105 3632 2144; x_wconf 87' lang='lat' dir='ltr'>ve-</span> 
     </span>
    </p>
   </div>
   <div class='ocr_carea' id='block_1_49' title="bbox 1982 2177 3632 2248">
    <p class='ocr_par' dir='ltr' id='par_1_49' title="bbox 1982 2177 3632 2248">
     <span class='ocr_line' id='line_1_49' title="bbox 1982 2177 3632 2248; baseline 0.001 -17"><span class='ocrx_word' id='word_1_388' title='bbox 1982 2192 2109 2230; x_wconf 90' lang='lat' dir='ltr'>rum</span> <span class='ocrx_word' id='word_1_389' title='bbox 2137 2179 2304 2231; x_wconf 88' lang='lat' dir='ltr'>etiam</span> <span class='ocrx_word' id='word_1_390' title='bbox 2327 2191 2425 2231; x_wconf 89' lang='lat' dir='ltr'>nec</span> <span class='ocrx_word' id='word_1_391' title='bbox 2471 2179 2532 2230; x_wconf 89' lang='lat' dir='ltr'>in</span> <span class='ocrx_word' id='word_1_392' title='bbox 2588 2179 2777 2247; x_wconf 82' lang='lat' dir='ltr'>futuro</span> <span class='ocrx_word' id='word_1_393' title='bbox 2807 2177 3015 2247; x_wconf 82' lang='lat' dir='ltr'>(Matth.</span> <span class='ocrx_word' id='word_1_394' title='bbox 3077 2196 3176 2232; x_wconf 82' lang='lat' dir='ltr'>xu.</span> <span class='ocrx_word' id='word_1_395' title='bbox 3233 2180 3344 2248; x_wconf 84' lang='grc'>32).</span> <span class='ocrx_word' id='word_1_396' title='bbox 3410 2179 3511 2232; x_wconf 85' lang='lat' dir='ltr'>Hic</span> <span class='ocrx_word' id='word_1_397' title='bbox 3572 2179 3632 2232; x_wconf 89' lang='lat' dir='ltr'>in</span> 
     </span>
    </p>
   </div>
   <div class='ocr_carea' id='block_1_50' title="bbox 1985 2265 3635 2338">
    <p class='ocr_par' dir='ltr' id='par_1_50' title="bbox 1985 2265 3635 2338">
     <span class='ocr_line' id='line_1_50' title="bbox 1985 2265 3635 2338; baseline 0.001 -20"><span class='ocrx_word' id='word_1_398' title='bbox 1985 2265 2280 2336; x_wconf 78' lang='lat' dir='ltr'>Apostolis</span> <span class='ocrx_word' id='word_1_399' title='bbox 2305 2265 2534 2321; x_wconf 86' lang='lat' dir='ltr'>Christo</span> <span class='ocrx_word' id='word_1_400' title='bbox 2563 2266 2968 2320; x_wconf 91' lang='lat' dir='ltr'>testimonium</span> <span class='ocrx_word' id='word_1_401' title='bbox 3018 2267 3229 2333; x_wconf 89' lang='lat' dir='ltr'>reddit,</span> <span class='ocrx_word' id='word_1_402' title='bbox 3272 2268 3329 2320; x_wconf 91' lang='lat' dir='ltr'>in</span> <span class='ocrx_word' id='word_1_403' title='bbox 3364 2270 3635 2338; x_wconf 85' lang='lat' dir='ltr'>Martyri-</span> 
     </span>
    </p>
   </div>
   <div class='ocr_carea' id='block_1_51' title="bbox 1985 2353 3637 2426">
    <p class='ocr_par' dir='ltr' id='par_1_51' title="bbox 1985 2353 3637 2426">
     <span class='ocr_line' id='line_1_51' title="bbox 1985 2353 3637 2426; baseline -0.001 -16"><span class='ocrx_word' id='word_1_404' title='bbox 1985 2355 2094 2410; x_wconf 92' lang='lat' dir='ltr'>bus</span> <span class='ocrx_word' id='word_1_405' title='bbox 2123 2359 2488 2410; x_wconf 90' lang='lat' dir='ltr'>constantem</span> <span class='ocrx_word' id='word_1_406' title='bbox 2521 2353 2696 2410; x_wconf 83' lang='lat' dir='ltr'>ﬁdem</span> <span class='ocrx_word' id='word_1_407' title='bbox 2715 2355 3014 2424; x_wconf 84' lang='lat' dir='ltr'>religionis</span> <span class='ocrx_word' id='word_1_408' title='bbox 3047 2357 3322 2424; x_wconf 87' lang='lat' dir='ltr'>ostendit,</span> <span class='ocrx_word' id='word_1_409' title='bbox 3357 2357 3414 2409; x_wconf 92' lang='lat' dir='ltr'>in</span> <span class='ocrx_word' id='word_1_410' title='bbox 3452 2355 3637 2426; x_wconf 86' lang='lat' dir='ltr'>Virgi—</span> 
     </span>
    </p>
   </div>
   <div class='ocr_carea' id='block_1_52' title="bbox 1982 2441 3636 2516">
    <p class='ocr_par' dir='ltr' id='par_1_52' title="bbox 1982 2441 3636 2516">
     <span class='ocr_line' id='line_1_52' title="bbox 1982 2441 3636 2516; baseline 0.001 -19"><span class='ocrx_word' id='word_1_411' title='bbox 1982 2443 2156 2498; x_wconf 90' lang='lat' dir='ltr'>nibus</span> <span class='ocrx_word' id='word_1_412' title='bbox 2187 2441 2594 2498; x_wconf 90' lang='lat' dir='ltr'>admirabilem</span> <span class='ocrx_word' id='word_1_413' title='bbox 2640 2443 3061 2498; x_wconf 89' lang='lat' dir='ltr'>continentiam</span> <span class='ocrx_word' id='word_1_414' title='bbox 3099 2446 3337 2516; x_wconf 82' lang='lat' dir='ltr'>signatae</span> <span class='ocrx_word' id='word_1_415' title='bbox 3389 2444 3636 2499; x_wconf 88' lang='lat' dir='ltr'>castita-</span> 
     </span>
    </p>
   </div>
   <div class='ocr_carea' id='block_1_53' title="bbox 1983 2531 3628 2604">
    <p class='ocr_par' dir='ltr' id='par_1_53' title="bbox 1983 2531 3628 2604">
     <span class='ocr_line' id='line_1_53' title="bbox 1983 2531 3628 2604; baseline 0.001 -17"><span class='ocrx_word' id='word_1_416' title='bbox 1983 2532 2060 2587; x_wconf 90' lang='lat' dir='ltr'>tis</span> <span class='ocrx_word' id='word_1_417' title='bbox 2089 2533 2202 2599; x_wconf 91' lang='lat'>(29)</span> <span class='ocrx_word' id='word_1_418' title='bbox 2234 2531 2500 2596; x_wconf 89' lang='lat' dir='ltr'>includit,</span> <span class='ocrx_word' id='word_1_419' title='bbox 2535 2531 2594 2585; x_wconf 91' lang='lat' dir='ltr'>in</span> <span class='ocrx_word' id='word_1_420' title='bbox 2625 2532 2850 2587; x_wconf 68' lang='lat' dir='ltr'>ceteris</span> <span class='ocrx_word' id='word_1_421' title='bbox 2893 2532 3230 2604; x_wconf 89' lang='lat' dir='ltr'>incorrupta</span> <span class='ocrx_word' id='word_1_422' title='bbox 3261 2539 3316 2587; x_wconf 91' lang='lat' dir='ltr'>et</span> <span class='ocrx_word' id='word_1_423' title='bbox 3361 2533 3628 2588; x_wconf 86' lang='lat' dir='ltr'>inconta-</span> 
     </span>
    </p>
   </div>
   <div class='ocr_carea' id='block_1_54' title="bbox 1983 2619 3634 2691">
    <p class='ocr_par' dir='ltr' id='par_1_54' title="bbox 1983 2619 3634 2691">
     <span class='ocr_line' id='line_1_54' title="bbox 1983 2619 3634 2691; baseline 0.001 -16"><span class='ocrx_word' id='word_1_424' title='bbox 1983 2620 2207 2676; x_wconf 90' lang='lat' dir='ltr'>minata</span> <span class='ocrx_word' id='word_1_425' title='bbox 2237 2621 2512 2675; x_wconf 66' lang='lat' dir='ltr'>doctrinm</span> <span class='ocrx_word' id='word_1_426' title='bbox 2544 2619 2856 2676; x_wconf 62' lang='lat' dir='ltr'>Dominica</span> <span class='ocrx_word' id='word_1_427' title='bbox 2880 2622 3018 2691; x_wconf 86' lang='lat' dir='ltr'>jura</span> <span class='ocrx_word' id='word_1_428' title='bbox 3038 2621 3634 2686; x_wconf 84' lang='lat' dir='ltr'>custodit,baereticos</span> 
     </span>
    </p>
   </div>
   <div class='ocr_carea' id='block_1_55' title="bbox 1979 2709 3633 2782">
    <p class='ocr_par' dir='ltr' id='par_1_55' title="bbox 1979 2709 3633 2782">
     <span class='ocr_line' id='line_1_55' title="bbox 1979 2709 3633 2782; baseline 0.001 -18"><span class='ocrx_word' id='word_1_429' title='bbox 1979 2710 2135 2765; x_wconf 73' lang='lat'>946</span> <span class='ocrx_word' id='word_1_430' title='bbox 2168 2709 2436 2776; x_wconf 88' lang='lat' dir='ltr'>destruit,</span> <span class='ocrx_word' id='word_1_431' title='bbox 2469 2725 2735 2780; x_wconf 90' lang='lat' dir='ltr'>perverso</span> <span class='ocrx_word' id='word_1_432' title='bbox 2784 2711 3042 2780; x_wconf 86' lang='lat' dir='ltr'>corrigit,</span> <span class='ocrx_word' id='word_1_433' title='bbox 3093 2709 3362 2764; x_wconf 89' lang='lat' dir='ltr'>inlideles</span> <span class='ocrx_word' id='word_1_434' title='bbox 3422 2711 3633 2782; x_wconf 86' lang='lat' dir='ltr'>arguit,</span> 
     </span>
    </p>
   </div>
   <div class='ocr_carea' id='block_1_56' title="bbox 1981 2797 3627 2870">
    <p class='ocr_par' dir='ltr' id='par_1_56' title="bbox 1981 2797 3627 2870">
     <span class='ocr_line' id='line_1_56' title="bbox 1981 2797 3627 2870; baseline 0.001 -18"><span class='ocrx_word' id='word_1_435' title='bbox 1981 2797 2357 2852; x_wconf 91' lang='lat' dir='ltr'>simulatores</span> <span class='ocrx_word' id='word_1_436' title='bbox 2407 2797 2682 2860; x_wconf 88' lang='lat' dir='ltr'>ostendit,</span> <span class='ocrx_word' id='word_1_437' title='bbox 2726 2797 3026 2869; x_wconf 90' lang='lat' dir='ltr'>improbos</span> <span class='ocrx_word' id='word_1_438' title='bbox 3085 2815 3317 2870; x_wconf 89' lang='lat' dir='ltr'>quoque</span> <span class='ocrx_word' id='word_1_439' title='bbox 3369 2800 3627 2869; x_wconf 87' lang='lat' dir='ltr'>corrigit,</span> 
     </span>
    </p>
   </div>
   <div class='ocr_carea' id='block_1_57' title="bbox 1982 2884 3633 2959">
    <p class='ocr_par' dir='ltr' id='par_1_57' title="bbox 1982 2884 3633 2959">
     <span class='ocr_line' id='line_1_57' title="bbox 1982 2884 3633 2959; baseline 0.002 -20"><span class='ocrx_word' id='word_1_440' title='bbox 1982 2884 2296 2941; x_wconf 82' lang='lat' dir='ltr'>Ecclesiam</span> <span class='ocrx_word' id='word_1_441' title='bbox 2353 2885 2747 2957; x_wconf 82' lang='lat' dir='ltr'>incorruptam</span> <span class='ocrx_word' id='word_1_442' title='bbox 2802 2891 2861 2941; x_wconf 91' lang='lat' dir='ltr'>et</span> <span class='ocrx_word' id='word_1_443' title='bbox 2918 2887 3277 2952; x_wconf 89' lang='lat' dir='ltr'>inviolatam,</span> <span class='ocrx_word' id='word_1_444' title='bbox 3343 2893 3633 2959; x_wconf 65' lang='lat' dir='ltr'>perpetua</span> 
     </span>
    </p>
   </div>
   <div class='ocr_carea' id='block_1_58' title="bbox 221 2973 3343 3049">
    <p class='ocr_par' dir='ltr' id='par_1_58' title="bbox 221 2973 3343 3049">
     <span class='ocr_line' id='line_1_58' title="bbox 221 2973 3343 3049; baseline -0.001 -15"><span class='ocrx_word' id='word_1_445' title='bbox 221 2995 358 3034; x_wconf 90' lang='lat' dir='ltr'>nem</span> <span class='ocrx_word' id='word_1_446' title='bbox 393 2975 850 3032; x_wconf 89' lang='lat' dir='ltr'>immortalitatis</span> <span class='ocrx_word' id='word_1_447' title='bbox 881 2993 1121 3048; x_wconf 86' lang='lat' dir='ltr'>corpora</span> <span class='ocrx_word' id='word_1_448' title='bbox 1158 2982 1357 3033; x_wconf 90' lang='lat' dir='ltr'>nostra</span> <span class='ocrx_word' id='word_1_449' title='bbox 1392 2979 1694 3049; x_wconf 90' lang='lat' dir='ltr'>producat,</span> <span class='ocrx_word' id='word_1_450' title='bbox 1726 2979 1870 3048; x_wconf 86' lang='lat' dir='ltr'>dum</span> <span class='ocrx_word' id='word_1_451' title='bbox 1979 2974 2332 3046; x_wconf 83' lang='lat' dir='ltr'>virginitatis</span> <span class='ocrx_word' id='word_1_452' title='bbox 2353 2979 2413 3029; x_wconf 89' lang='lat' dir='ltr'>et</span> <span class='ocrx_word' id='word_1_453' title='bbox 2433 2973 2693 3030; x_wconf 86' lang='lat' dir='ltr'>veritatis</span> <span class='ocrx_word' id='word_1_454' title='bbox 2724 2977 3033 3030; x_wconf 89' lang='lat' dir='ltr'>sanctitate</span> <span class='ocrx_word' id='word_1_455' title='bbox 3065 2977 3343 3030; x_wconf 87' lang='lat' dir='ltr'>custodit.</span> 
     </span>
    </p>
   </div>
   <div class='ocr_carea' id='block_1_59' title="bbox 220 3064 1872 3134">
    <p class='ocr_par' dir='ltr' id='par_1_59' title="bbox 220 3064 1872 3134">
     <span class='ocr_line' id='line_1_59' title="bbox 220 3064 1872 3134; baseline 0.001 -12"><span class='ocrx_word' id='word_1_456' title='bbox 220 3067 323 3122; x_wconf 89' lang='lat' dir='ltr'>illa</span> <span class='ocrx_word' id='word_1_457' title='bbox 358 3067 418 3121; x_wconf 90' lang='lat' dir='ltr'>in</span> <span class='ocrx_word' id='word_1_458' title='bbox 451 3082 512 3122; x_wconf 89' lang='lat' dir='ltr'>se</span> <span class='ocrx_word' id='word_1_459' title='bbox 543 3065 856 3121; x_wconf 86' lang='lat' dir='ltr'>assuefacit</span> <span class='ocrx_word' id='word_1_460' title='bbox 885 3081 1018 3120; x_wconf 92' lang='lat' dir='ltr'>cum</span> <span class='ocrx_word' id='word_1_461' title='bbox 1050 3064 1266 3121; x_wconf 81' lang='lat' dir='ltr'>caelesti</span> <span class='ocrx_word' id='word_1_462' title='bbox 1298 3066 1510 3122; x_wconf 89' lang='lat' dir='ltr'>virtute</span> <span class='ocrx_word' id='word_1_463' title='bbox 1543 3066 1792 3134; x_wconf 90' lang='lat' dir='ltr'>misceri,</span> <span class='ocrx_word' id='word_1_464' title='bbox 1816 3072 1872 3124; x_wconf 90' lang='lat' dir='ltr'>et</span> 
     </span>
    </p>
   </div>
   <div class='ocr_carea' id='block_1_60' title="bbox 221 3152 1868 3225">
    <p class='ocr_par' dir='ltr' id='par_1_60' title="bbox 221 3152 1868 3225">
     <span class='ocr_line' id='line_1_60' title="bbox 221 3152 1868 3225; baseline 0 -15"><span class='ocrx_word' id='word_1_465' title='bbox 221 3170 360 3210; x_wconf 87' lang='lat' dir='ltr'>cum</span> <span class='ocrx_word' id='word_1_466' title='bbox 393 3153 649 3225; x_wconf 89' lang='lat' dir='ltr'>Spiritus</span> <span class='ocrx_word' id='word_1_467' title='bbox 681 3152 867 3207; x_wconf 90' lang='lat' dir='ltr'>sancti</span> <span class='ocrx_word' id='word_1_468' title='bbox 891 3152 1087 3207; x_wconf 89' lang='lat' dir='ltr'>divina</span> <span class='ocrx_word' id='word_1_469' title='bbox 1119 3153 1438 3209; x_wconf 61' lang='lat' dir='ltr'>aeternitate</span> <span class='ocrx_word' id='word_1_470' title='bbox 1461 3153 1691 3209; x_wconf 67' lang='lat' dir='ltr'>soi-.iari.</span> <span class='ocrx_word' id='word_1_471' title='bbox 1726 3155 1868 3210; x_wconf 89' lang='lat' dir='ltr'>Eru-</span> 
     </span>
    </p>
   </div>
   <div class='ocr_carea' id='block_1_61' title="bbox 2581 3107 3019 3164">
    <p class='ocr_par' dir='ltr' id='par_1_61' title="bbox 2581 3107 3019 3164">
     <span class='ocr_line' id='line_1_61' title="bbox 2581 3107 3019 3164; baseline -0.002 0"><span class='ocrx_word' id='word_1_472' title='bbox 2581 3107 2817 3164; x_wconf 79' lang='lat' dir='ltr'>CAPUT</span> <span class='ocrx_word' id='word_1_473' title='bbox 2858 3108 3019 3164; x_wconf 84' lang='lat' dir='ltr'>XXX.</span> 
     </span>
    </p>
   </div>
   <div class='ocr_carea' id='block_1_62' title="bbox 219 3221 3619 3357">
    <p class='ocr_par' dir='ltr' id='par_1_62' title="bbox 219 3221 3619 3357">
     <span class='ocr_line' id='line_1_62' title="bbox 219 3221 3619 3357; baseline 0.001 -58"><span class='ocrx_word' id='word_1_474' title='bbox 219 3221 475 3299; x_wconf 35' lang='lat' dir='ltr'>diuntu‘r</span> <span class='ocrx_word' id='word_1_475' title='bbox 502 3241 657 3297; x_wconf 90' lang='lat' dir='ltr'>enim</span> <span class='ocrx_word' id='word_1_476' title='bbox 691 3242 749 3295; x_wconf 90' lang='lat' dir='ltr'>in</span> <span class='ocrx_word' id='word_1_477' title='bbox 784 3241 906 3305; x_wconf 90' lang='lat' dir='ltr'>illo,</span> <span class='ocrx_word' id='word_1_478' title='bbox 931 3248 987 3297; x_wconf 88' lang='lat' dir='ltr'>et</span> <span class='ocrx_word' id='word_1_479' title='bbox 1037 3258 1139 3312; x_wconf 90' lang='lat' dir='ltr'>per</span> <span class='ocrx_word' id='word_1_480' title='bbox 1167 3243 1362 3314; x_wconf 91' lang='lat' dir='ltr'>ipsum</span> <span class='ocrx_word' id='word_1_481' title='bbox 1396 3259 1640 3312; x_wconf 88' lang='lat' dir='ltr'>corpora</span> <span class='ocrx_word' id='word_1_482' title='bbox 1671 3248 1870 3300; x_wconf 87' lang='lat' dir='ltr'>nostra</span> <span class='ocrx_word' id='word_1_483' title='bbox 1900 3221 1942 3287; x_wconf 76' lang='lat' dir='ltr'><strong><em>C</em></strong></span> <span class='ocrx_word' id='word_1_484' title='bbox 1983 3232 2222 3357; x_wconf 55' lang='lat' dir='ltr'>Deﬁnin</span> <span class='ocrx_word' id='word_1_485' title='bbox 2239 3236 2509 3314; x_wconf 65' lang='grc' dir='ltr'>ςυαηιψη</span> <span class='ocrx_word' id='word_1_486' title='bbox 2537 3232 2675 3288; x_wconf 59' lang='lat' dir='ltr'>die“</span> <span class='ocrx_word' id='word_1_487' title='bbox 2700 3233 2952 3316; x_wconf 64' lang='grc' dir='ltr'>ἢέθνεζίιῖί</span> <span class='ocrx_word' id='word_1_488' title='bbox 2980 3236 3190 3289; x_wconf 61' lang='lat' dir='ltr'>erroris</span> <span class='ocrx_word' id='word_1_489' title='bbox 3217 3238 3306 3289; x_wconf 70' lang='grc' dir='ltr'>δαί</span> <span class='ocrx_word' id='word_1_490' title='bbox 3334 3237 3619 3317; x_wconf 48' lang='lat' dir='ltr'>originem</span> 
     </span>
     <span class='ocr_line' id='line_1_63' title="bbox 221 3303 3618 3357; baseline 0 0"><span class='ocrx_word' id='word_1_491' title='bbox 221 3334 284 3357; x_wconf 78' lang='grc' dir='ltr'>-.ι</span> <span class='ocrx_word' id='word_1_492' title='bbox 311 3328 816 3357; x_wconf 68' lang='lat' dir='ltr'>:_........_...i:...t,....</span> <span class='ocrx_word' id='word_1_493' title='bbox 847 3331 1122 3357; x_wconf 51' lang='grc' dir='ltr'>μιαν.--</span> <span class='ocrx_word' id='word_1_494' title='bbox 1170 3331 1306 3357; x_wconf 61' lang='grc' dir='ltr'><strong>λη...</strong></span> <span class='ocrx_word' id='word_1_495' title='bbox 1339 3331 1406 3357; x_wconf 64' lang='grc' dir='ltr'><strong>..Α</strong></span> <span class='ocrx_word' id='word_1_496' title='bbox 1431 3333 1651 3357; x_wconf 48' lang='lat' dir='ltr'>sunt-</span> <span class='ocrx_word' id='word_1_497' title='bbox 1681 3331 1867 3357; x_wconf 61' lang='grc' dir='ltr'>τηε-.-</span> <span class='ocrx_word' id='word_1_498' title='bbox 2050 3309 2070 3357; x_wconf 82' lang='lat' dir='ltr'>i</span> <span class='ocrx_word' id='word_1_499' title='bbox 2147 3319 2177 3357; x_wconf 79' lang='grc' dir='ltr'><em>ε</em></span> <span class='ocrx_word' id='word_1_500' title='bbox 2222 3309 2534 3357; x_wconf 66' lang='lat' dir='ltr'>rapuerant.</span> <span class='ocrx_word' id='word_1_501' title='bbox 2592 3303 2734 3357; x_wconf 74' lang='grc' dir='ltr'>ουοά</span> <span class='ocrx_word' id='word_1_502' title='bbox 2771 3305 3275 3357; x_wconf 76' lang='lat' dir='ltr'>animadverterent</span> <span class='ocrx_word' id='word_1_503' title='bbox 3314 3316 3618 3357; x_wconf 75' lang='lat' dir='ltr'>scriptum:</span> 
     </span>
    </p>
   </div>
   <div class='ocr_carea' id='block_1_63' title="bbox 2050 3320 2068 3358">
    <p class='ocr_par' dir='ltr' id='par_1_63' title="bbox 2050 3320 2068 3358">
     <span class='ocr_line' id='line_1_64' title="bbox 2050 3320 2068 3358; baseline 0 0"><span class='ocrx_word' id='word_1_504' title='bbox 2050 3320 2068 3358; x_wconf 72' lang='grc' dir='ltr'><strong><em>ι</em></strong></span> 
     </span>
    </p>
   </div>
   <div class='ocr_carea' id='block_1_64' title="bbox 219 3328 1868 3403">
    <p class='ocr_par' dir='ltr' id='par_1_64' title="bbox 219 3328 1868 3403">
     <span class='ocr_line' id='line_1_65' title="bbox 219 3328 1868 3403; baseline -0.001 -15"><span class='ocrx_word' id='word_1_505' title='bbox 219 3334 286 3388; x_wconf 87' lang='lat' dir='ltr'>ad</span> <span class='ocrx_word' id='word_1_506' title='bbox 311 3328 820 3387; x_wconf 89' lang='lat' dir='ltr'>immortalitatem</span> <span class='ocrx_word' id='word_1_507' title='bbox 846 3331 1144 3401; x_wconf 80' lang='lat' dir='ltr'>proficere,</span> <span class='ocrx_word' id='word_1_508' title='bbox 1167 3331 1308 3385; x_wconf 92' lang='lat' dir='ltr'>dum</span> <span class='ocrx_word' id='word_1_509' title='bbox 1337 3331 1408 3386; x_wconf 92' lang='lat' dir='ltr'>ad</span> <span class='ocrx_word' id='word_1_510' title='bbox 1428 3333 1658 3386; x_wconf 90' lang='lat' dir='ltr'>decreta</span> <span class='ocrx_word' id='word_1_511' title='bbox 1681 3331 1868 3403; x_wconf 89' lang='lat' dir='ltr'>ipsius</span> 
     </span>
    </p>
   </div>
   <div class='ocr_carea' id='block_1_65' title="bbox 217 3419 1867 3492">
    <p class='ocr_par' dir='ltr' id='par_1_65' title="bbox 217 3419 1867 3492">
     <span class='ocr_line' id='line_1_66' title="bbox 217 3419 1867 3492; baseline 0.001 -17"><span class='ocrx_word' id='word_1_512' title='bbox 217 3420 461 3477; x_wconf 88' lang='lat' dir='ltr'>discunt</span> <span class='ocrx_word' id='word_1_513' title='bbox 493 3434 555 3474; x_wconf 87' lang='lat' dir='ltr'>se</span> <span class='ocrx_word' id='word_1_514' title='bbox 587 3419 958 3474; x_wconf 90' lang='lat' dir='ltr'>moderanter</span> <span class='ocrx_word' id='word_1_515' title='bbox 989 3423 1334 3490; x_wconf 90' lang='lat' dir='ltr'>temperare.</span> <span class='ocrx_word' id='word_1_516' title='bbox 1360 3419 1462 3474; x_wconf 89' lang='lat' dir='ltr'>Hic</span> <span class='ocrx_word' id='word_1_517' title='bbox 1485 3425 1573 3475; x_wconf 87' lang='lat' dir='ltr'>est</span> <span class='ocrx_word' id='word_1_518' title='bbox 1595 3420 1749 3476; x_wconf 91' lang='lat' dir='ltr'>enim</span> <span class='ocrx_word' id='word_1_519' title='bbox 1767 3421 1867 3492; x_wconf 88' lang='lat' dir='ltr'>qui</span> 
     </span>
    </p>
   </div>
   <div class='ocr_carea' id='block_1_66' title="bbox 216 3507 1868 3579">
    <p class='ocr_par' dir='ltr' id='par_1_66' title="bbox 216 3507 1868 3579">
     <span class='ocr_line' id='line_1_67' title="bbox 216 3507 1868 3579; baseline -0.001 -13"><span class='ocrx_word' id='word_1_520' title='bbox 216 3513 410 3566; x_wconf 85' lang='lat' dir='ltr'>contra</span> <span class='ocrx_word' id='word_1_521' title='bbox 439 3524 663 3562; x_wconf 73' lang='lat' dir='ltr'>carnem</span> <span class='ocrx_word' id='word_1_522' title='bbox 689 3507 979 3574; x_wconf 86' lang='lat' dir='ltr'>desiderat,</span> <span class='ocrx_word' id='word_1_523' title='bbox 1013 3508 1153 3579; x_wconf 91' lang='lat' dir='ltr'>quia</span> <span class='ocrx_word' id='word_1_524' title='bbox 1180 3525 1314 3564; x_wconf 83' lang='lat' dir='ltr'>euro</span> <span class='ocrx_word' id='word_1_525' title='bbox 1342 3518 1540 3564; x_wconf 87' lang='lat' dir='ltr'>contra</span> <span class='ocrx_word' id='word_1_526' title='bbox 1571 3511 1751 3579; x_wconf 90' lang='lat' dir='ltr'>ipsum</span> <span class='ocrx_word' id='word_1_527' title='bbox 1781 3527 1868 3565; x_wconf 88' lang='lat' dir='ltr'>re-</span> 
     </span>
    </p>
   </div>
   <div class='ocr_carea' id='block_1_67' title="bbox 217 3596 1868 3672">
    <p class='ocr_par' dir='ltr' id='par_1_67' title="bbox 217 3596 1868 3672">
     <span class='ocr_line' id='line_1_68' title="bbox 217 3596 1868 3672; baseline 0.001 -20"><span class='ocrx_word' id='word_1_528' title='bbox 217 3607 431 3670; x_wconf 84' lang='lat' dir='ltr'>pugnat</span> <span class='ocrx_word' id='word_1_529' title='bbox 459 3597 604 3668; x_wconf 87' lang='lat' dir='ltr'>(Gal.</span> <span class='ocrx_word' id='word_1_530' title='bbox 637 3613 690 3662; x_wconf 92' lang='lat' dir='ltr'>v,</span> <span class='ocrx_word' id='word_1_531' title='bbox 727 3597 832 3668; x_wconf 86' lang='lat'>17).</span> <span class='ocrx_word' id='word_1_532' title='bbox 878 3596 979 3651; x_wconf 87' lang='lat' dir='ltr'>Hic</span> <span class='ocrx_word' id='word_1_533' title='bbox 1005 3601 1095 3652; x_wconf 91' lang='lat' dir='ltr'>est</span> <span class='ocrx_word' id='word_1_534' title='bbox 1142 3596 1240 3666; x_wconf 90' lang='lat' dir='ltr'>qui</span> <span class='ocrx_word' id='word_1_535' title='bbox 1296 3597 1675 3670; x_wconf 80' lang='lat' dir='ltr'>inexplebiles</span> <span class='ocrx_word' id='word_1_536' title='bbox 1707 3598 1868 3672; x_wconf 88' lang='lat' dir='ltr'>cupi-</span> 
     </span>
    </p>
   </div>
   <div class='ocr_carea' id='block_1_68' title="bbox 221 3683 1872 3759">
    <p class='ocr_par' dir='ltr' id='par_1_68' title="bbox 221 3683 1872 3759">
     <span class='ocr_line' id='line_1_69' title="bbox 221 3683 1872 3759; baseline 0 -17"><span class='ocrx_word' id='word_1_537' title='bbox 221 3689 439 3743; x_wconf 90' lang='lat' dir='ltr'>ditates</span> <span class='ocrx_word' id='word_1_538' title='bbox 471 3689 718 3747; x_wconf 89' lang='lat' dir='ltr'>coercet,</span> <span class='ocrx_word' id='word_1_539' title='bbox 752 3685 1168 3740; x_wconf 89' lang='lat' dir='ltr'>immoderatas</span> <span class='ocrx_word' id='word_1_540' title='bbox 1199 3683 1471 3741; x_wconf 87' lang='lat' dir='ltr'>libidines</span> <span class='ocrx_word' id='word_1_541' title='bbox 1504 3687 1739 3759; x_wconf 89' lang='lat' dir='ltr'>frangit,</span> <span class='ocrx_word' id='word_1_542' title='bbox 1762 3687 1872 3742; x_wconf 91' lang='lat' dir='ltr'>illi-</span> 
     </span>
    </p>
   </div>
   <div class='ocr_carea' id='block_1_69' title="bbox 221 3773 1868 3847">
    <p class='ocr_par' dir='ltr' id='par_1_69' title="bbox 221 3773 1868 3847">
     <span class='ocr_line' id='line_1_70' title="bbox 221 3773 1868 3847; baseline 0 -17"><span class='ocrx_word' id='word_1_543' title='bbox 221 3778 371 3832; x_wconf 88' lang='lat' dir='ltr'>citos</span> <span class='ocrx_word' id='word_1_544' title='bbox 410 3774 648 3830; x_wconf 89' lang='lat' dir='ltr'>ardores</span> <span class='ocrx_word' id='word_1_545' title='bbox 669 3773 1004 3845; x_wconf 85' lang='lat' dir='ltr'>exslinguit,</span> <span class='ocrx_word' id='word_1_546' title='bbox 1030 3774 1342 3845; x_wconf 86' lang='lat' dir='ltr'>ﬂagrantes</span> <span class='ocrx_word' id='word_1_547' title='bbox 1390 3774 1642 3846; x_wconf 86' lang='lat' dir='ltr'>impetus</span> <span class='ocrx_word' id='word_1_548' title='bbox 1670 3776 1868 3847; x_wconf 91' lang='lat' dir='ltr'>vincit,</span> 
     </span>
    </p>
   </div>
   <div class='ocr_carea' id='block_1_70' title="bbox 223 3869 1871 3942">
    <p class='ocr_par' dir='ltr' id='par_1_70' title="bbox 223 3869 1871 3942">
     <span class='ocr_line' id='line_1_71' title="bbox 223 3869 1871 3942; baseline 0.001 -14"><span class='ocrx_word' id='word_1_549' title='bbox 223 3872 535 3928; x_wconf 82' lang='lat' dir='ltr'>ebrietates</span> <span class='ocrx_word' id='word_1_550' title='bbox 565 3869 775 3940; x_wconf 90' lang='lat' dir='ltr'>rejicit,</span> <span class='ocrx_word' id='word_1_551' title='bbox 808 3869 1080 3926; x_wconf 88' lang='lat' dir='ltr'>avaritias</span> <span class='ocrx_word' id='word_1_552' title='bbox 1121 3870 1368 3942; x_wconf 90' lang='lat' dir='ltr'>repellit,</span> <span class='ocrx_word' id='word_1_553' title='bbox 1409 3871 1740 3928; x_wconf 85' lang='lat' dir='ltr'>luxuriosas</span> <span class='ocrx_word' id='word_1_554' title='bbox 1776 3889 1871 3929; x_wconf 92' lang='lat' dir='ltr'>co-</span> 
     </span>
    </p>
   </div>
   <div class='ocr_carea' id='block_1_71' title="bbox 225 3957 1870 4030">
    <p class='ocr_par' dir='ltr' id='par_1_71' title="bbox 225 3957 1870 4030">
     <span class='ocr_line' id='line_1_72' title="bbox 225 3957 1870 4030; baseline 0 -14"><span class='ocrx_word' id='word_1_555' title='bbox 225 3959 614 4016; x_wconf 81' lang='lat' dir='ltr'>messationes</span> <span class='ocrx_word' id='word_1_556' title='bbox 644 3957 809 4030; x_wconf 86' lang='lat' dir='ltr'>fugat</span> <span class='ocrx_word' id='word_1_557' title='bbox 855 3959 988 4029; x_wconf 84' lang='grc'>(24),</span> <span class='ocrx_word' id='word_1_558' title='bbox 1042 3957 1354 4014; x_wconf 89' lang='lat' dir='ltr'>charitates</span> <span class='ocrx_word' id='word_1_559' title='bbox 1387 3960 1582 4029; x_wconf 87' lang='lat' dir='ltr'>nectit,</span> <span class='ocrx_word' id='word_1_560' title='bbox 1616 3961 1870 4017; x_wconf 72' lang='lat' dir='ltr'>affectio-</span> 
     </span>
    </p>
   </div>
   <div class='ocr_carea' id='block_1_72' title="bbox 2147 3303 3618 3377">
    <p class='ocr_par' dir='ltr' id='par_1_72' title="bbox 2147 3303 3618 3377">
     <span class='ocr_line' id='line_1_73' title="bbox 2147 3303 3618 3377; baseline 0.003 -20"><span class='ocrx_word' id='word_1_561' title='bbox 2147 3319 2177 3357; x_wconf 90' lang='lat' dir='ltr'>e</span> <span class='ocrx_word' id='word_1_562' title='bbox 2222 3305 2565 3377; x_wconf 30' lang='lat' dir='ltr'>rapuerintt</span> <span class='ocrx_word' id='word_1_563' title='bbox 2592 3303 2734 3377; x_wconf 81' lang='lat' dir='ltr'>quod</span> <span class='ocrx_word' id='word_1_564' title='bbox 2771 3305 3275 3360; x_wconf 84' lang='lat' dir='ltr'>animadverterent</span> <span class='ocrx_word' id='word_1_565' title='bbox 3314 3309 3618 3377; x_wconf 85' lang='lat' dir='ltr'>scriptum:</span> 
     </span>
    </p>
   </div>
   <div class='ocr_carea' id='block_1_73' title="bbox 2051 3374 3619 3432">
    <p class='ocr_par' dir='ltr' id='par_1_73' title="bbox 2051 3374 3619 3432">
     <span class='ocr_line' id='line_1_74' title="bbox 2051 3374 3619 3432; baseline 0.003 -4"><span class='ocrx_word' id='word_1_566' title='bbox 2051 3391 2206 3429; x_wconf 92' lang='lat' dir='ltr'>unus</span> <span class='ocrx_word' id='word_1_567' title='bbox 2241 3377 2389 3430; x_wconf 86' lang='lat' dir='ltr'>Deus</span> <span class='ocrx_word' id='word_1_568' title='bbox 2419 3393 2438 3430; x_wconf 89' lang='lat'><em>:</em></span> <span class='ocrx_word' id='word_1_569' title='bbox 2467 3374 2566 3429; x_wconf 85' lang='lat' dir='ltr'>etsi</span> <span class='ocrx_word' id='word_1_570' title='bbox 2596 3375 2881 3430; x_wconf 82' lang='lat' dir='ltr'>Christum</span> <span class='ocrx_word' id='word_1_571' title='bbox 2904 3379 3064 3431; x_wconf 89' lang='lat' dir='ltr'>Deum</span> <span class='ocrx_word' id='word_1_572' title='bbox 3100 3383 3149 3432; x_wconf 90' lang='lat' dir='ltr'>et</span> <span class='ocrx_word' id='word_1_573' title='bbox 3180 3374 3619 3432; x_wconf 52' lang='lat' dir='ltr'>Patrem&#39;Deum</span> 
     </span>
    </p>
   </div>
   <div class='ocr_carea' id='block_1_74' title="bbox 2048 3446 3622 3519">
    <p class='ocr_par' dir='ltr' id='par_1_74' title="bbox 2048 3446 3622 3519">
     <span class='ocr_line' id='line_1_75' title="bbox 2048 3446 3622 3519; baseline 0.001 -18"><span class='ocrx_word' id='word_1_574' title='bbox 2048 3446 2314 3512; x_wconf 88' lang='lat' dir='ltr'>dicamus,</span> <span class='ocrx_word' id='word_1_575' title='bbox 2338 3461 2447 3501; x_wconf 87' lang='lat' dir='ltr'>non</span> <span class='ocrx_word' id='word_1_576' title='bbox 2475 3448 2656 3514; x_wconf 87' lang='lat' dir='ltr'>magis</span> <span class='ocrx_word' id='word_1_577' title='bbox 2692 3449 2888 3519; x_wconf 78' lang='lat' dir='ltr'>tamen</span> <span class='ocrx_word' id='word_1_578' title='bbox 2931 3449 3062 3502; x_wconf 84' lang='lat' dir='ltr'>duos</span> <span class='ocrx_word' id='word_1_579' title='bbox 3121 3451 3250 3503; x_wconf 83' lang='lat' dir='ltr'>Dens</span> <span class='ocrx_word' id='word_1_580' title='bbox 3282 3448 3622 3519; x_wconf 89' lang='lat' dir='ltr'>Scripturam</span> 
     </span>
    </p>
   </div>
   <div class='ocr_carea' id='block_1_75' title="bbox 2044 3517 3622 3589">
    <p class='ocr_par' dir='ltr' id='par_1_75' title="bbox 2044 3517 3622 3589">
     <span class='ocr_line' id='line_1_76' title="bbox 2044 3517 3622 3589; baseline 0.003 -19"><span class='ocrx_word' id='word_1_581' title='bbox 2044 3532 2363 3589; x_wconf 87' lang='lat' dir='ltr'>proponere,</span> <span class='ocrx_word' id='word_1_582' title='bbox 2427 3533 2590 3588; x_wconf 89' lang='lat' dir='ltr'>quam</span> <span class='ocrx_word' id='word_1_583' title='bbox 2667 3517 2801 3574; x_wconf 87' lang='lat' dir='ltr'>duos</span> <span class='ocrx_word' id='word_1_584' title='bbox 2859 3520 3112 3575; x_wconf 81' lang='lat' dir='ltr'>Dominos</span> <span class='ocrx_word' id='word_1_585' title='bbox 3167 3527 3264 3574; x_wconf 88' lang='lat' dir='ltr'>aut</span> <span class='ocrx_word' id='word_1_586' title='bbox 3331 3517 3461 3574; x_wconf 82' lang='lat' dir='ltr'>duos</span> <span class='ocrx_word' id='word_1_587' title='bbox 3510 3520 3622 3575; x_wconf 86' lang='lat' dir='ltr'>Ma-</span> 
     </span>
    </p>
   </div>
   <div class='ocr_carea' id='block_1_76' title="bbox 2047 3592 2272 3659">
    <p class='ocr_par' dir='ltr' id='par_1_76' title="bbox 2047 3592 2272 3659">
     <span class='ocr_line' id='line_1_77' title="bbox 2047 3592 2272 3659; baseline -0.004 -15"><span class='ocrx_word' id='word_1_588' title='bbox 2047 3592 2272 3659; x_wconf 86' lang='lat' dir='ltr'>gistros.</span> 
     </span>
    </p>
   </div>
   <div class='ocr_carea' id='block_1_77' title="bbox 2049 3692 3623 3766">
    <p class='ocr_par' dir='ltr' id='par_1_77' title="bbox 2049 3692 3623 3766">
     <span class='ocr_line' id='line_1_78' title="bbox 2049 3692 3623 3766; baseline 0.004 -18"><span class='ocrx_word' id='word_1_589' title='bbox 2049 3693 2256 3749; x_wconf 67' lang='lat' dir='ltr'>Ethmc</span> <span class='ocrx_word' id='word_1_590' title='bbox 2289 3692 2522 3763; x_wconf 91' lang='lat' dir='ltr'>quidem</span> <span class='ocrx_word' id='word_1_591' title='bbox 2557 3693 2665 3766; x_wconf 90' lang='grc'>(30)</span> <span class='ocrx_word' id='word_1_592' title='bbox 2718 3694 2790 3750; x_wconf 91' lang='lat' dir='ltr'>de</span> <span class='ocrx_word' id='word_1_593' title='bbox 2837 3694 3006 3751; x_wconf 88' lang='lat' dir='ltr'>Patre</span> <span class='ocrx_word' id='word_1_594' title='bbox 3038 3701 3094 3752; x_wconf 90' lang='lat' dir='ltr'>et</span> <span class='ocrx_word' id='word_1_595' title='bbox 3135 3698 3221 3752; x_wconf 62' lang='lat' dir='ltr'>‘de</span> <span class='ocrx_word' id='word_1_596' title='bbox 3272 3697 3414 3754; x_wconf 88' lang='lat' dir='ltr'>Filio</span> <span class='ocrx_word' id='word_1_597' title='bbox 3465 3701 3522 3753; x_wconf 89' lang='lat' dir='ltr'>et</span> <span class='ocrx_word' id='word_1_598' title='bbox 3551 3698 3623 3754; x_wconf 88' lang='lat' dir='ltr'>de</span> 
     </span>
    </p>
   </div>
   <div class='ocr_carea' id='block_1_78' title="bbox 1978 3782 3620 3856">
    <p class='ocr_par' dir='ltr' id='par_1_78' title="bbox 1978 3782 3620 3856">
     <span class='ocr_line' id='line_1_79' title="bbox 1978 3782 3620 3856; baseline 0.001 -17"><span class='ocrx_word' id='word_1_599' title='bbox 1978 3783 2195 3856; x_wconf 90' lang='lat' dir='ltr'>Spirilu</span> <span class='ocrx_word' id='word_1_600' title='bbox 2229 3787 2430 3837; x_wconf 89' lang='lat' dir='ltr'>sancto</span> <span class='ocrx_word' id='word_1_601' title='bbox 2463 3782 2711 3838; x_wconf 88' lang='lat' dir='ltr'>breviter</span> <span class='ocrx_word' id='word_1_602' title='bbox 2766 3783 2885 3840; x_wconf 90' lang='lat' dir='ltr'>sint</span> <span class='ocrx_word' id='word_1_603' title='bbox 2939 3786 3106 3841; x_wconf 92' lang='lat' dir='ltr'>nobis</span> <span class='ocrx_word' id='word_1_604' title='bbox 3167 3787 3338 3856; x_wconf 90' lang='lat' dir='ltr'>dicta,</span> <span class='ocrx_word' id='word_1_605' title='bbox 3373 3793 3424 3842; x_wconf 91' lang='lat' dir='ltr'>et</span> <span class='ocrx_word' id='word_1_606' title='bbox 3485 3787 3620 3842; x_wconf 87' lang='lat' dir='ltr'>stri-</span> 
     </span>
    </p>
   </div>
   <div class='ocr_carea' id='block_1_79' title="bbox 1980 3871 3617 3946">
    <p class='ocr_par' dir='ltr' id='par_1_79' title="bbox 1980 3871 3617 3946">
     <span class='ocr_line' id='line_1_80' title="bbox 1980 3871 3617 3946; baseline 0.001 -18"><span class='ocrx_word' id='word_1_607' title='bbox 1980 3871 2119 3928; x_wconf 92' lang='lat' dir='ltr'>ctim</span> <span class='ocrx_word' id='word_1_608' title='bbox 2152 3872 2366 3942; x_wconf 89' lang='lat' dir='ltr'>posita,</span> <span class='ocrx_word' id='word_1_609' title='bbox 2424 3875 2629 3927; x_wconf 90' lang='lat' dir='ltr'>etnon</span> <span class='ocrx_word' id='word_1_610' title='bbox 2668 3871 2842 3944; x_wconf 90' lang='lat' dir='ltr'>longa</span> <span class='ocrx_word' id='word_1_611' title='bbox 2885 3875 3280 3945; x_wconf 88' lang='lat' dir='ltr'>disputatione</span> <span class='ocrx_word' id='word_1_612' title='bbox 3330 3881 3617 3946; x_wconf 85' lang='lat' dir='ltr'>porrecta.</span> 
     </span>
    </p>
   </div>
   <div class='ocr_carea' id='block_1_80' title="bbox 1981 3959 3622 4035">
    <p class='ocr_par' dir='ltr' id='par_1_80' title="bbox 1981 3959 3622 4035">
     <span class='ocr_line' id='line_1_81' title="bbox 1981 3959 3622 4035; baseline 0.001 -20"><span class='ocrx_word' id='word_1_613' title='bbox 1981 3960 2178 4015; x_wconf 88' lang='lat' dir='ltr'>Latius</span> <span class='ocrx_word' id='word_1_614' title='bbox 2208 3959 2363 4014; x_wconf 90' lang='lat' dir='ltr'>enim</span> <span class='ocrx_word' id='word_1_615' title='bbox 2392 3959 2689 4032; x_wconf 88' lang='lat' dir='ltr'>potuerint</span> <span class='ocrx_word' id='word_1_616' title='bbox 2724 3961 2962 4032; x_wconf 89' lang='lat' dir='ltr'>porrigi,</span> <span class='ocrx_word' id='word_1_617' title='bbox 3010 3968 3066 4018; x_wconf 92' lang='lat' dir='ltr'>et</span> <span class='ocrx_word' id='word_1_618' title='bbox 3104 3965 3479 4035; x_wconf 89' lang='lat' dir='ltr'>propensiore</span> <span class='ocrx_word' id='word_1_619' title='bbox 3509 3964 3622 4034; x_wconf 87' lang='lat'>(31)</span> 
     </span>
    </p>
   </div>
   <div class='ocr_carea' id='block_1_81' title="bbox 222 4046 3622 4122">
    <p class='ocr_par' dir='ltr' id='par_1_81' title="bbox 222 4046 3622 4122">
     <span class='ocr_line' id='line_1_82' title="bbox 222 4046 3622 4122; baseline 0 -17"><span class='ocrx_word' id='word_1_620' title='bbox 222 4065 323 4105; x_wconf 91' lang='lat' dir='ltr'>nes</span> <span class='ocrx_word' id='word_1_621' title='bbox 354 4046 771 4118; x_wconf 88' lang='lat' dir='ltr'>constringint,</span> <span class='ocrx_word' id='word_1_622' title='bbox 816 4052 1005 4102; x_wconf 88' lang='lat' dir='ltr'>sectas</span> <span class='ocrx_word' id='word_1_623' title='bbox 1039 4046 1285 4118; x_wconf 89' lang='lat' dir='ltr'>repellit,</span> <span class='ocrx_word' id='word_1_624' title='bbox 1317 4047 1579 4120; x_wconf 87' lang='lat' dir='ltr'>regulam</span> <span class='ocrx_word' id='word_1_625' title='bbox 1605 4049 1867 4106; x_wconf 87' lang='lat' dir='ltr'>veritatis</span> <span class='ocrx_word' id='word_1_626' title='bbox 1977 4048 2374 4120; x_wconf 90' lang='lat' dir='ltr'>disputatione</span> <span class='ocrx_word' id='word_1_627' title='bbox 2407 4049 2688 4120; x_wconf 92' lang='lat' dir='ltr'>produci;</span> <span class='ocrx_word' id='word_1_628' title='bbox 2726 4051 3201 4122; x_wconf 88' lang='lat' dir='ltr'>quandoquidem</span> <span class='ocrx_word' id='word_1_629' title='bbox 3235 4052 3302 4106; x_wconf 89' lang='lat' dir='ltr'>ad</span> <span class='ocrx_word' id='word_1_630' title='bbox 3361 4052 3622 4107; x_wconf 88' lang='lat' dir='ltr'>testimo-</span> 
     </span>
    </p>
   </div>
   <div class='ocr_carea' id='block_1_82' title="bbox 1505 4155 2368 4220">
    <p class='ocr_par' dir='ltr' id='par_1_82' title="bbox 1505 4155 2368 4220">
     <span class='ocr_line' id='line_1_83' title="bbox 1505 4155 2368 4220; baseline -0.002 -3"><span class='ocrx_word' id='word_1_631' title='bbox 1505 4157 1818 4218; x_wconf 90' lang='lat' dir='ltr'>Gallandii</span> <span class='ocrx_word' id='word_1_632' title='bbox 1857 4155 2368 4220; x_wconf 88' lang='lat' dir='ltr'>commentarius.</span> 
     </span>
    </p>
   </div>
   <div class='ocr_carea' id='block_1_83' title="bbox 290 4260 1870 4336">
    <p class='ocr_par' dir='ltr' id='par_1_83' title="bbox 290 4260 1870 4336">
     <span class='ocr_line' id='line_1_84' title="bbox 290 4260 1870 4336; baseline 0 -18"><span class='ocrx_word' id='word_1_633' title='bbox 290 4263 408 4336; x_wconf 85' lang='lat'>(25)</span> <span class='ocrx_word' id='word_1_634' title='bbox 440 4262 811 4336; x_wconf 37' lang='lat' dir='ltr'>Requiescetsn</span> <span class='ocrx_word' id='word_1_635' title='bbox 845 4260 1110 4336; x_wconf 85' lang='lat' dir='ltr'>implebit.</span> <span class='ocrx_word' id='word_1_636' title='bbox 1163 4261 1313 4336; x_wconf 69' lang='lat' dir='ltr'>Editi</span> <span class='ocrx_word' id='word_1_637' title='bbox 1345 4263 1708 4336; x_wconf 74' lang='lat' dir='ltr'>requiescit...</span> <span class='ocrx_word' id='word_1_638' title='bbox 1762 4265 1870 4336; x_wconf 84' lang='lat' dir='ltr'>im-</span> 
     </span>
    </p>
   </div>
   <div class='ocr_carea' id='block_1_84' title="bbox 223 4331 1876 4408">
    <p class='ocr_par' dir='ltr' id='par_1_84' title="bbox 223 4331 1876 4408">
     <span class='ocr_line' id='line_1_85' title="bbox 223 4331 1876 4408; baseline 0.002 -17"><span class='ocrx_word' id='word_1_639' title='bbox 223 4331 412 4408; x_wconf 78' lang='lat' dir='ltr'>plevit.</span> <span class='ocrx_word' id='word_1_640' title='bbox 447 4331 556 4388; x_wconf 84' lang='lat' dir='ltr'>Ubi</span> <span class='ocrx_word' id='word_1_641' title='bbox 589 4331 865 4408; x_wconf 83' lang='lat' dir='ltr'>mendum</span> <span class='ocrx_word' id='word_1_642' title='bbox 897 4333 1234 4408; x_wconf 82' lang='lat' dir='ltr'>suspicatur</span> <span class='ocrx_word' id='word_1_643' title='bbox 1265 4331 1876 4408; x_wconf 78' lang='lat' dir='ltr'>Pamelius.Atqueita</span> 
     </span>
    </p>
   </div>
   <div class='ocr_carea' id='block_1_85' title="bbox 227 4403 1508 4476">
    <p class='ocr_par' dir='ltr' id='par_1_85' title="bbox 227 4403 1508 4476">
     <span class='ocr_line' id='line_1_86' title="bbox 227 4403 1508 4476; baseline -0.003 -13"><span class='ocrx_word' id='word_1_644' title='bbox 227 4403 449 4463; x_wconf 79' lang='lat' dir='ltr'>textum</span> <span class='ocrx_word' id='word_1_645' title='bbox 485 4404 870 4476; x_wconf 75' lang='lat' dir='ltr'>restituerunt</span> <span class='ocrx_word' id='word_1_646' title='bbox 899 4403 1150 4458; x_wconf 87' lang='lat' dir='ltr'>editores</span> <span class='ocrx_word' id='word_1_647' title='bbox 1181 4404 1508 4476; x_wconf 86' lang='lat' dir='ltr'>Anglicani.</span> 
     </span>
    </p>
   </div>
   <div class='ocr_carea' id='block_1_86' title="bbox 298 4473 1878 4550">
    <p class='ocr_par' dir='ltr' id='par_1_86' title="bbox 298 4473 1878 4550">
     <span class='ocr_line' id='line_1_87' title="bbox 298 4473 1878 4550; baseline 0 -18"><span class='ocrx_word' id='word_1_648' title='bbox 298 4478 413 4550; x_wconf 81' lang='grc'>(26)</span> <span class='ocrx_word' id='word_1_649' title='bbox 472 4477 668 4546; x_wconf 81' lang='lat' dir='ltr'>Fugat.</span> <span class='ocrx_word' id='word_1_650' title='bbox 721 4473 822 4550; x_wconf 88' lang='lat' dir='ltr'>_Sic</span> <span class='ocrx_word' id='word_1_651' title='bbox 882 4480 1036 4530; x_wconf 89' lang='lat' dir='ltr'>recte</span> <span class='ocrx_word' id='word_1_652' title='bbox 1110 4473 1439 4531; x_wconf 79' lang='lat' dir='ltr'>emendavit</span> <span class='ocrx_word' id='word_1_653' title='bbox 1520 4476 1681 4546; x_wconf 89' lang='lat' dir='ltr'>edit.,</span> <span class='ocrx_word' id='word_1_654' title='bbox 1733 4479 1878 4548; x_wconf 80' lang='lat' dir='ltr'>fugit</span> 
     </span>
    </p>
   </div>
   <div class='ocr_carea' id='block_1_87' title="bbox 233 4545 950 4604">
    <p class='ocr_par' dir='ltr' id='par_1_87' title="bbox 233 4545 950 4604">
     <span class='ocr_line' id='line_1_88' title="bbox 233 4545 950 4604; baseline -0.007 0"><span class='ocrx_word' id='word_1_655' title='bbox 233 4545 674 4604; x_wconf 47' lang='lat' dir='ltr'>W&#39;elchmanus.</span> <span class='ocrx_word' id='word_1_656' title='bbox 709 4545 950 4600; x_wconf 76' lang='lat' dir='ltr'>JAKSON.</span> 
     </span>
    </p>
   </div>
   <div class='ocr_carea' id='block_1_88' title="bbox 326 4615 1367 4686">
    <p class='ocr_par' dir='ltr' id='par_1_88' title="bbox 326 4615 1367 4686">
     <span class='ocr_line' id='line_1_89' title="bbox 326 4615 1367 4686; baseline -0.003 -12"><span class='ocrx_word' id='word_1_657' title='bbox 326 4621 420 4686; x_wconf 85' lang='grc'>27)</span> <span class='ocrx_word' id='word_1_658' title='bbox 451 4619 614 4675; x_wconf 84' lang='lat' dir='ltr'>Idem.</span> <span class='ocrx_word' id='word_1_659' title='bbox 650 4619 730 4671; x_wconf 81' lang='lat' dir='ltr'>Ita</span> <span class='ocrx_word' id='word_1_660' title='bbox 759 4615 1073 4671; x_wconf 89' lang='lat' dir='ltr'>Pamelius.</span> <span class='ocrx_word' id='word_1_661' title='bbox 1097 4615 1183 4672; x_wconf 88' lang='lat' dir='ltr'>Al.</span> <span class='ocrx_word' id='word_1_662' title='bbox 1218 4619 1367 4673; x_wconf 84' lang='lat' dir='ltr'>item.</span> 
     </span>
    </p>
   </div>
   <div class='ocr_carea' id='block_1_89' title="bbox 305 4623 1876 4762">
    <p class='ocr_par' dir='ltr' id='par_1_89' title="bbox 305 4623 1876 4762">
     <span class='ocr_line' id='line_1_90' title="bbox 326 4623 1367 4686; baseline -0.003 -12"><span class='ocrx_word' id='word_1_663' title='bbox 326 4623 420 4686; x_wconf 84' lang='lat'>27)</span> <span class='ocrx_word' id='word_1_664' title='bbox 451 4623 614 4675; x_wconf 86' lang='lat' dir='ltr'>Idem.</span> <span class='ocrx_word' id='word_1_665' title='bbox 650 4623 730 4671; x_wconf 81' lang='lat' dir='ltr'>Ita</span> <span class='ocrx_word' id='word_1_666' title='bbox 759 4623 1073 4671; x_wconf 86' lang='lat' dir='ltr'>Pamelius.</span> <span class='ocrx_word' id='word_1_667' title='bbox 1097 4623 1183 4672; x_wconf 85' lang='lat' dir='ltr'>Al.</span> <span class='ocrx_word' id='word_1_668' title='bbox 1218 4623 1367 4673; x_wconf 88' lang='lat' dir='ltr'>item.</span> 
     </span>
     <span class='ocr_line' id='line_1_91' title="bbox 305 4623 1876 4762; baseline -0.001 -16"><span class='ocrx_word' id='word_1_669' title='bbox 305 4623 420 4762; x_wconf 51' lang='grc'>(28)</span> <span class='ocrx_word' id='word_1_670' title='bbox 451 4690 692 4762; x_wconf 87' lang='lat' dir='ltr'>Spiritus</span> <span class='ocrx_word' id='word_1_671' title='bbox 723 4687 924 4759; x_wconf 90' lang='lat' dir='ltr'>Proph.</span> <span class='ocrx_word' id='word_1_672' title='bbox 957 4689 1258 4744; x_wconf 89' lang='lat' dir='ltr'>Consentit</span> <span class='ocrx_word' id='word_1_673' title='bbox 1309 4693 1530 4762; x_wconf 82' lang='lat' dir='ltr'>auctor</span> <span class='ocrx_word' id='word_1_674' title='bbox 1569 4705 1702 4744; x_wconf 92' lang='lat' dir='ltr'>cum</span> <span class='ocrx_word' id='word_1_675' title='bbox 1753 4689 1876 4762; x_wconf 89' lang='lat' dir='ltr'>vul-</span> 
     </span>
    </p>
   </div>
   <div class='ocr_carea' id='block_1_90' title="bbox 238 4760 1881 4830">
    <p class='ocr_par' dir='ltr' id='par_1_90' title="bbox 238 4760 1881 4830">
     <span class='ocr_line' id='line_1_92' title="bbox 238 4760 1881 4830; baseline -0.001 -12"><span class='ocrx_word' id='word_1_676' title='bbox 238 4760 368 4829; x_wconf 76' lang='lat' dir='ltr'>gato</span> <span class='ocrx_word' id='word_1_677' title='bbox 403 4760 606 4817; x_wconf 83' lang='lat' dir='ltr'>Latino</span> <span class='ocrx_word' id='word_1_678' title='bbox 638 4761 970 4830; x_wconf 88' lang='lat' dir='ltr'>interprete,</span> <span class='ocrx_word' id='word_1_679' title='bbox 995 4761 1370 4830; x_wconf 89' lang='lat' dir='ltr'>quantumvis</span> <span class='ocrx_word' id='word_1_680' title='bbox 1399 4760 1570 4816; x_wconf 90' lang='lat' dir='ltr'>hodie</span> <span class='ocrx_word' id='word_1_681' title='bbox 1591 4762 1780 4818; x_wconf 61' lang='lat' dir='ltr'>Graece</span> <span class='ocrx_word' id='word_1_682' title='bbox 1804 4761 1881 4816; x_wconf 90' lang='lat' dir='ltr'>1e-</span> 
     </span>
    </p>
   </div>
   <div class='ocr_carea' id='block_1_91' title="bbox 240 4830 1314 4906">
    <p class='ocr_par' dir='ltr' id='par_1_91' title="bbox 240 4830 1314 4906">
     <span class='ocr_line' id='line_1_93' title="bbox 240 4830 1314 4906; baseline -0.007 -17"><span class='ocrx_word' id='word_1_683' title='bbox 240 4841 414 4906; x_wconf 84' lang='lat' dir='ltr'>gatur</span> <span class='ocrx_word' id='word_1_684' title='bbox 433 4830 732 4906; x_wconf 63' lang='grc' dir='ltr'>πνεύματα.</span> <span class='ocrx_word' id='word_1_685' title='bbox 767 4835 982 4906; x_wconf 71' lang='lat' dir='ltr'>PAMEL.</span> <span class='ocrx_word' id='word_1_686' title='bbox 1031 4904 1037 4906; x_wconf 19' lang='grc' dir='ltr'><em>Α</em></span> <span class='ocrx_word' id='word_1_687' title='bbox 1309 4895 1314 4899; x_wconf 90' lang='lat'>_</span> 
     </span>
    </p>
   </div>
   <div class='ocr_carea' id='block_1_92' title="bbox 309 4901 1880 4974">
    <p class='ocr_par' dir='ltr' id='par_1_92' title="bbox 309 4901 1880 4974">
     <span class='ocr_line' id='line_1_94' title="bbox 309 4901 1880 4974; baseline 0 -15"><span class='ocrx_word' id='word_1_688' title='bbox 309 4905 424 4974; x_wconf 87' lang='lat'>(29)</span> <span class='ocrx_word' id='word_1_689' title='bbox 457 4901 749 4974; x_wconf 73' lang='lat' dir='ltr'>Castitatis.</span> <span class='ocrx_word' id='word_1_690' title='bbox 784 4903 868 4956; x_wconf 89' lang='lat' dir='ltr'>Ita</span> <span class='ocrx_word' id='word_1_691' title='bbox 928 4904 1078 4956; x_wconf 87' lang='lat' dir='ltr'>recte</span> <span class='ocrx_word' id='word_1_692' title='bbox 1107 4903 1355 4958; x_wconf 86' lang='lat' dir='ltr'>correxit</span> <span class='ocrx_word' id='word_1_693' title='bbox 1402 4903 1694 4958; x_wconf 88' lang='lat' dir='ltr'>charitatis</span> <span class='ocrx_word' id='word_1_694' title='bbox 1743 4901 1880 4960; x_wconf 91' lang='lat' dir='ltr'>edit.</span> 
     </span>
    </p>
   </div>
   <div class='ocr_carea' id='block_1_93' title="bbox 240 4973 993 5032">
    <p class='ocr_par' dir='ltr' id='par_1_93' title="bbox 240 4973 993 5032">
     <span class='ocr_line' id='line_1_95' title="bbox 240 4973 993 5032; baseline -0.003 -3"><span class='ocrx_word' id='word_1_695' title='bbox 240 4973 676 5032; x_wconf 85' lang='lat' dir='ltr'>Welchmanus.</span> <span class='ocrx_word' id='word_1_696' title='bbox 717 4973 993 5029; x_wconf 64' lang='lat' dir='ltr'>Jacxsou.</span> 
     </span>
    </p>
   </div>
   <div class='ocr_carea' id='block_1_94' title="bbox 308 5044 1883 5118">
    <p class='ocr_par' dir='ltr' id='par_1_94' title="bbox 308 5044 1883 5118">
     <span class='ocr_line' id='line_1_96' title="bbox 308 5044 1883 5118; baseline -0.001 -16"><span class='ocrx_word' id='word_1_697' title='bbox 308 5049 420 5118; x_wconf 89' lang='lat'>(30)</span> <span class='ocrx_word' id='word_1_698' title='bbox 455 5048 658 5103; x_wconf 72' lang='lat' dir='ltr'>Ethaec</span> <span class='ocrx_word' id='word_1_699' title='bbox 686 5044 927 5116; x_wconf 84' lang='lat' dir='ltr'>quidem,</span> <span class='ocrx_word' id='word_1_700' title='bbox 981 5047 1103 5118; x_wconf 88' lang='lat' dir='ltr'>etc._</span> <span class='ocrx_word' id='word_1_701' title='bbox 1134 5044 1408 5118; x_wconf 79' lang='lat' dir='ltr'>Queritur</span> <span class='ocrx_word' id='word_1_702' title='bbox 1456 5044 1548 5100; x_wconf 90' lang='lat' dir='ltr'>hic</span> <span class='ocrx_word' id='word_1_703' title='bbox 1595 5044 1883 5118; x_wconf 12' lang='lat' dir='ltr'>Panujliuis</span> 
     </span>
    </p>
   </div>
   <div class='ocr_carea' id='block_1_95' title="bbox 243 5115 1882 5190">
    <p class='ocr_par' dir='ltr' id='par_1_95' title="bbox 243 5115 1882 5190">
     <span class='ocr_line' id='line_1_97' title="bbox 243 5115 1882 5190; baseline -0.002 -17"><span class='ocrx_word' id='word_1_704' title='bbox 243 5115 524 5190; x_wconf 84' lang='lat' dir='ltr'>Spiritum</span> <span class='ocrx_word' id='word_1_705' title='bbox 558 5115 826 5174; x_wconf 89' lang='lat' dir='ltr'>sanctum</span> <span class='ocrx_word' id='word_1_706' title='bbox 845 5133 880 5170; x_wconf 87' lang='lat' dir='ltr'>a</span> <span class='ocrx_word' id='word_1_707' title='bbox 905 5115 1224 5190; x_wconf 80' lang='lat' dir='ltr'>Novatiano</span> <span class='ocrx_word' id='word_1_708' title='bbox 1240 5116 1423 5190; x_wconf 81' lang='lat' dir='ltr'>Deum</span> <span class='ocrx_word' id='word_1_709' title='bbox 1445 5134 1556 5171; x_wconf 94' lang='lat' dir='ltr'>non</span> <span class='ocrx_word' id='word_1_710' title='bbox 1574 5116 1882 5190; x_wconf 68' lang='lat' dir='ltr'>appellari.</span> 
     </span>
    </p>
   </div>
   <div class='ocr_carea' id='block_1_96' title="bbox 243 5186 1888 5272">
    <p class='ocr_par' dir='ltr' id='par_1_96' title="bbox 243 5186 1888 5272">
     <span class='ocr_line' id='line_1_98' title="bbox 243 5186 1888 5272; baseline -0.001 -28"><span class='ocrx_word' id='word_1_711' title='bbox 243 5186 346 5272; x_wconf 45' lang='lat' dir='ltr'>n‘ec</span> <span class='ocrx_word' id='word_1_712' title='bbox 375 5190 552 5244; x_wconf 91' lang='lat' dir='ltr'>ullam</span> <span class='ocrx_word' id='word_1_713' title='bbox 596 5190 724 5260; x_wconf 84' lang='lat' dir='ltr'>ejus</span> <span class='ocrx_word' id='word_1_714' title='bbox 785 5186 1142 5272; x_wconf 61' lang='lat' dir='ltr'>mentionem</span> <span class='ocrx_word' id='word_1_715' title='bbox 1196 5188 1342 5272; x_wconf 78' lang='lat' dir='ltr'>ﬁeri,</span> <span class='ocrx_word' id='word_1_716' title='bbox 1393 5204 1524 5243; x_wconf 91' lang='lat' dir='ltr'>cum</span> <span class='ocrx_word' id='word_1_717' title='bbox 1558 5186 1888 5272; x_wconf 44' lang='lat' dir='ltr'>.Patremet</span> 
     </span>
    </p>
   </div>
   <div class='ocr_carea' id='block_1_97' title="bbox 247 5257 1889 5331">
    <p class='ocr_par' dir='ltr' id='par_1_97' title="bbox 247 5257 1889 5331">
     <span class='ocr_line' id='line_1_99' title="bbox 247 5257 1889 5331; baseline -0.001 -15"><span class='ocrx_word' id='word_1_718' title='bbox 247 5261 457 5316; x_wconf 90' lang='lat' dir='ltr'>Filium</span> <span class='ocrx_word' id='word_1_719' title='bbox 492 5257 674 5316; x_wconf 83' lang='lat' dir='ltr'>unum</span> <span class='ocrx_word' id='word_1_720' title='bbox 708 5275 835 5314; x_wconf 77' lang='lat' dir='ltr'>esse</span> <span class='ocrx_word' id='word_1_721' title='bbox 873 5259 1067 5331; x_wconf 27' lang='lat' dir='ltr'>Deum,</span> <span class='ocrx_word' id='word_1_722' title='bbox 1094 5257 1269 5331; x_wconf 84' lang='lat' dir='ltr'>hocce</span> <span class='ocrx_word' id='word_1_723' title='bbox 1324 5257 1384 5313; x_wconf 90' lang='lat' dir='ltr'>in</span> <span class='ocrx_word' id='word_1_724' title='bbox 1445 5258 1630 5331; x_wconf 89' lang='lat' dir='ltr'>capite</span> <span class='ocrx_word' id='word_1_725' title='bbox 1687 5265 1889 5314; x_wconf 90' lang='lat' dir='ltr'>auctor</span> 
     </span>
    </p>
   </div>
   <div class='ocr_carea' id='block_1_98' title="bbox 247 5327 1888 5402">
    <p class='ocr_par' dir='ltr' id='par_1_98' title="bbox 247 5327 1888 5402">
     <span class='ocr_line' id='line_1_100' title="bbox 247 5327 1888 5402; baseline -0.001 -16"><span class='ocrx_word' id='word_1_726' title='bbox 247 5333 625 5388; x_wconf 88' lang='lat' dir='ltr'>demonstrat.</span> <span class='ocrx_word' id='word_1_727' title='bbox 660 5332 939 5386; x_wconf 90' lang='lat' dir='ltr'>Sanctum</span> <span class='ocrx_word' id='word_1_728' title='bbox 972 5327 1206 5402; x_wconf 83' lang='lat' dir='ltr'>quidem</span> <span class='ocrx_word' id='word_1_729' title='bbox 1229 5327 1888 5402; x_wconf 28' lang='lat' dir='ltr'>Spiritumfnominatim</span> 
     </span>
    </p>
   </div>
   <div class='ocr_carea' id='block_1_99' title="bbox 251 5400 1893 5476">
    <p class='ocr_par' dir='ltr' id='par_1_99' title="bbox 251 5400 1893 5476">
     <span class='ocr_line' id='line_1_101' title="bbox 251 5400 1893 5476; baseline -0.001 -17"><span class='ocrx_word' id='word_1_730' title='bbox 251 5420 366 5459; x_wconf 91' lang='lat' dir='ltr'>non</span> <span class='ocrx_word' id='word_1_731' title='bbox 397 5404 651 5476; x_wconf 90' lang='lat' dir='ltr'>appellat</span> <span class='ocrx_word' id='word_1_732' title='bbox 681 5402 864 5457; x_wconf 89' lang='lat' dir='ltr'>Deum</span> <span class='ocrx_word' id='word_1_733' title='bbox 881 5400 1236 5476; x_wconf 81' lang='lat' dir='ltr'>Novatianus</span> <span class='ocrx_word' id='word_1_734' title='bbox 1270 5400 1675 5476; x_wconf 73' lang='lat' dir='ltr'>Eseddeillius</span> <span class='ocrx_word' id='word_1_735' title='bbox 1704 5403 1893 5476; x_wconf 75' lang='lat' dir='ltr'>divina</span> 
     </span>
    </p>
   </div>
   <div class='ocr_carea' id='block_1_100' title="bbox 254 5472 1891 5544">
    <p class='ocr_par' dir='ltr' id='par_1_100' title="bbox 254 5472 1891 5544">
     <span class='ocr_line' id='line_1_102' title="bbox 254 5472 1891 5544; baseline 0 -15"><span class='ocrx_word' id='word_1_736' title='bbox 254 5472 564 5532; x_wconf 73' lang='lat' dir='ltr'>aeternitate</span> <span class='ocrx_word' id='word_1_737' title='bbox 594 5476 654 5530; x_wconf 91' lang='lat' dir='ltr'>in</span> <span class='ocrx_word' id='word_1_738' title='bbox 686 5490 812 5544; x_wconf 90' lang='lat' dir='ltr'>cap.</span> <span class='ocrx_word' id='word_1_739' title='bbox 848 5474 1208 5544; x_wconf 62' lang='lat' dir='ltr'>praecedente</span> <span class='ocrx_word' id='word_1_740' title='bbox 1238 5489 1354 5527; x_wconf 91' lang='lat' dir='ltr'>non</span> <span class='ocrx_word' id='word_1_741' title='bbox 1385 5472 1538 5540; x_wconf 87' lang='lat' dir='ltr'>silet,</span> <span class='ocrx_word' id='word_1_742' title='bbox 1599 5477 1656 5528; x_wconf 91' lang='lat' dir='ltr'>et</span> <span class='ocrx_word' id='word_1_743' title='bbox 1709 5474 1891 5529; x_wconf 88' lang='lat' dir='ltr'>Deum</span> 
     </span>
    </p>
   </div>
   <div class='ocr_carea' id='block_1_101' title="bbox 257 5544 1897 5617">
    <p class='ocr_par' dir='ltr' id='par_1_101' title="bbox 257 5544 1897 5617">
     <span class='ocr_line' id='line_1_103' title="bbox 257 5544 1897 5617; baseline -0.001 -16"><span class='ocrx_word' id='word_1_744' title='bbox 257 5561 385 5601; x_wconf 84' lang='lat' dir='ltr'>esse</span> <span class='ocrx_word' id='word_1_745' title='bbox 409 5547 606 5604; x_wconf 89' lang='lat' dir='ltr'>multis</span> <span class='ocrx_word' id='word_1_746' title='bbox 635 5544 998 5617; x_wconf 71' lang='lat' dir='ltr'>argumentis</span> <span class='ocrx_word' id='word_1_747' title='bbox 1029 5545 1252 5617; x_wconf 85' lang='lat' dir='ltr'>probat.</span> <span class='ocrx_word' id='word_1_748' title='bbox 1295 5544 1440 5617; x_wconf 84' lang='lat' dir='ltr'>Quid</span> <span class='ocrx_word' id='word_1_749' title='bbox 1494 5544 1649 5617; x_wconf 85' lang='lat' dir='ltr'>enim</span> <span class='ocrx_word' id='word_1_750' title='bbox 1679 5545 1732 5617; x_wconf 87' lang='lat' dir='ltr'>ei</span> <span class='ocrx_word' id='word_1_751' title='bbox 1764 5562 1897 5617; x_wconf 91' lang='lat' dir='ltr'>pro-</span> 
     </span>
    </p>
   </div>
   <div class='ocr_carea' id='block_1_102' title="bbox 262 5614 1894 5688">
    <p class='ocr_par' dir='ltr' id='par_1_102' title="bbox 262 5614 1894 5688">
     <span class='ocr_line' id='line_1_104' title="bbox 262 5614 1894 5688; baseline 0 -16"><span class='ocrx_word' id='word_1_752' title='bbox 262 5619 516 5688; x_wconf 89' lang='lat' dir='ltr'>positum</span> <span class='ocrx_word' id='word_1_753' title='bbox 549 5624 658 5688; x_wconf 86' lang='lat' dir='ltr'>est,</span> <span class='ocrx_word' id='word_1_754' title='bbox 691 5614 826 5672; x_wconf 72' lang='lat' dir='ltr'>cum</span> <span class='ocrx_word' id='word_1_755' title='bbox 858 5614 1054 5688; x_wconf 82' lang='lat' dir='ltr'>divina</span> <span class='ocrx_word' id='word_1_756' title='bbox 1091 5615 1252 5671; x_wconf 90' lang='lat' dir='ltr'>illius</span> <span class='ocrx_word' id='word_1_757' title='bbox 1281 5615 1561 5670; x_wconf 86' lang='lat' dir='ltr'>attributa</span> <span class='ocrx_word' id='word_1_758' title='bbox 1590 5614 1848 5688; x_wconf 82' lang='lat' dir='ltr'>defendit</span> <span class='ocrx_word' id='word_1_759' title='bbox 1880 5632 1894 5672; x_wconf 91' lang='lat'><strong>:</strong></span> 
     </span>
    </p>
   </div>
   <div class='ocr_carea' id='block_1_103' title="bbox 1909 4588 1956 4653">
    <p class='ocr_par' dir='ltr' id='par_1_103' title="bbox 1909 4588 1956 4653">
     <span class='ocr_line' id='line_1_105' title="bbox 1909 4588 1956 4653; baseline 0 0"><span class='ocrx_word' id='word_1_760' title='bbox 1909 4588 1956 4653; x_wconf 92' lang='lat' dir='ltr'>D</span> 
     </span>
    </p>
   </div>
   <div class='ocr_carea' id='block_1_104' title="bbox 1983 4261 3628 4336">
    <p class='ocr_par' dir='ltr' id='par_1_104' title="bbox 1983 4261 3628 4336">
     <span class='ocr_line' id='line_1_106' title="bbox 1983 4261 3628 4336; baseline -0.002 -17"><span class='ocrx_word' id='word_1_761' title='bbox 1983 4281 2192 4336; x_wconf 90' lang='lat' dir='ltr'>nempe</span> <span class='ocrx_word' id='word_1_762' title='bbox 2221 4266 2484 4336; x_wconf 87' lang='lat' dir='ltr'>oportere</span> <span class='ocrx_word' id='word_1_763' title='bbox 2511 4261 2727 4317; x_wconf 84' lang='lat' dir='ltr'>credere</span> <span class='ocrx_word' id='word_1_764' title='bbox 2755 4264 2921 4318; x_wconf 90' lang='lat' dir='ltr'>eliam</span> <span class='ocrx_word' id='word_1_765' title='bbox 2954 4265 3012 4317; x_wconf 90' lang='lat' dir='ltr'>in</span> <span class='ocrx_word' id='word_1_766' title='bbox 3060 4264 3322 4334; x_wconf 87' lang='lat' dir='ltr'>Spiritum</span> <span class='ocrx_word' id='word_1_767' title='bbox 3355 4271 3628 4336; x_wconf 70' lang='lat' dir='ltr'>sanctum,</span> 
     </span>
    </p>
   </div>
   <div class='ocr_carea' id='block_1_105' title="bbox 1983 4332 3631 4391">
    <p class='ocr_par' dir='ltr' id='par_1_105' title="bbox 1983 4332 3631 4391">
     <span class='ocr_line' id='line_1_107' title="bbox 1983 4332 3631 4391; baseline -0.002 0"><span class='ocrx_word' id='word_1_768' title='bbox 1983 4353 2050 4391; x_wconf 92' lang='lat' dir='ltr'>ac</span> <span class='ocrx_word' id='word_1_769' title='bbox 2081 4332 2469 4391; x_wconf 78' lang='lat' dir='ltr'>proindeeum</span> <span class='ocrx_word' id='word_1_770' title='bbox 2490 4349 2672 4387; x_wconf 90' lang='lat' dir='ltr'>unum</span> <span class='ocrx_word' id='word_1_771' title='bbox 2692 4349 2817 4388; x_wconf 90' lang='lat' dir='ltr'>esse</span> <span class='ocrx_word' id='word_1_772' title='bbox 2847 4351 2978 4388; x_wconf 90' lang='lat' dir='ltr'>cum</span> <span class='ocrx_word' id='word_1_773' title='bbox 3011 4332 3176 4390; x_wconf 78' lang='lat' dir='ltr'>Patre</span> <span class='ocrx_word' id='word_1_774' title='bbox 3191 4343 3244 4390; x_wconf 89' lang='lat' dir='ltr'>et</span> <span class='ocrx_word' id='word_1_775' title='bbox 3268 4337 3407 4390; x_wconf 84' lang='lat' dir='ltr'>Filio</span> <span class='ocrx_word' id='word_1_776' title='bbox 3423 4332 3631 4389; x_wconf 84' lang='lat' dir='ltr'>Deum?</span> 
     </span>
    </p>
   </div>
   <div class='ocr_carea' id='block_1_106' title="bbox 1986 4405 3629 4477">
    <p class='ocr_par' dir='ltr' id='par_1_106' title="bbox 1986 4405 3629 4477">
     <span class='ocr_line' id='line_1_108' title="bbox 1986 4405 3629 4477; baseline -0.002 -15"><span class='ocrx_word' id='word_1_777' title='bbox 1986 4405 2146 4463; x_wconf 89' lang='lat' dir='ltr'>Unde</span> <span class='ocrx_word' id='word_1_778' title='bbox 2171 4405 2344 4462; x_wconf 91' lang='lat' dir='ltr'>etiam</span> <span class='ocrx_word' id='word_1_779' title='bbox 2381 4411 2690 4476; x_wconf 90' lang='lat' dir='ltr'>postquam</span> <span class='ocrx_word' id='word_1_780' title='bbox 2723 4420 2790 4459; x_wconf 90' lang='lat' dir='ltr'>ea</span> <span class='ocrx_word' id='word_1_781' title='bbox 2817 4406 3066 4477; x_wconf 88' lang='lat' dir='ltr'>absolvit</span> <span class='ocrx_word' id='word_1_782' title='bbox 3122 4423 3247 4477; x_wconf 81' lang='lat' dir='ltr'>quae</span> <span class='ocrx_word' id='word_1_783' title='bbox 3281 4409 3350 4461; x_wconf 88' lang='lat' dir='ltr'>de</span> <span class='ocrx_word' id='word_1_784' title='bbox 3406 4405 3629 4477; x_wconf 84' lang='lat' dir='ltr'>Spiritu</span> 
     </span>
    </p>
   </div>
   <div class='ocr_carea' id='block_1_107' title="bbox 1987 4476 3631 4548">
    <p class='ocr_par' dir='ltr' id='par_1_107' title="bbox 1987 4476 3631 4548">
     <span class='ocr_line' id='line_1_109' title="bbox 1987 4476 3631 4548; baseline -0.002 -15"><span class='ocrx_word' id='word_1_785' title='bbox 1987 4483 2190 4534; x_wconf 89' lang='lat' dir='ltr'>sancto</span> <span class='ocrx_word' id='word_1_786' title='bbox 2222 4477 2412 4532; x_wconf 89' lang='lat' dir='ltr'>dicere</span> <span class='ocrx_word' id='word_1_787' title='bbox 2441 4480 2745 4548; x_wconf 83' lang='lat' dir='ltr'>statuerat.</span> <span class='ocrx_word' id='word_1_788' title='bbox 2775 4476 3047 4548; x_wconf 81' lang='lat' dir='ltr'>sicinitio</span> <span class='ocrx_word' id='word_1_789' title='bbox 3078 4476 3256 4546; x_wconf 79' lang='lat' dir='ltr'>hujus</span> <span class='ocrx_word' id='word_1_790' title='bbox 3275 4476 3482 4548; x_wconf 86' lang='lat' dir='ltr'>capitis</span> <span class='ocrx_word' id='word_1_791' title='bbox 3511 4481 3631 4548; x_wconf 89' lang='lat' dir='ltr'>tres</span> 
     </span>
    </p>
   </div>
   <div class='ocr_carea' id='block_1_108' title="bbox 2030 4546 3634 4618">
    <p class='ocr_par' dir='ltr' id='par_1_108' title="bbox 2030 4546 3634 4618">
     <span class='ocr_line' id='line_1_110' title="bbox 2030 4546 3634 4618; baseline -0.001 -14"><span class='ocrx_word' id='word_1_792' title='bbox 2030 4565 2271 4604; x_wconf 88' lang='lat' dir='ltr'>ersonas</span> <span class='ocrx_word' id='word_1_793' title='bbox 2303 4547 2640 4618; x_wconf 88' lang='lat' dir='ltr'>conjungit;</span> <span class='ocrx_word' id='word_1_794' title='bbox 2673 4547 2738 4601; x_wconf 84' lang='lat' dir='ltr'>Et</span> <span class='ocrx_word' id='word_1_795' title='bbox 2766 4546 2884 4604; x_wconf 69' lang='lat' dir='ltr'>haec</span> <span class='ocrx_word' id='word_1_796' title='bbox 2928 4549 3148 4618; x_wconf 85' lang='lat' dir='ltr'>quidem</span> <span class='ocrx_word' id='word_1_797' title='bbox 3178 4552 3240 4605; x_wconf 86' lang='lat' dir='ltr'>de</span> <span class='ocrx_word' id='word_1_798' title='bbox 3273 4546 3454 4614; x_wconf 75' lang='lat' dir='ltr'>Patre,</span> <span class='ocrx_word' id='word_1_799' title='bbox 3485 4559 3534 4603; x_wconf 83' lang='lat' dir='ltr'>et</span> <span class='ocrx_word' id='word_1_800' title='bbox 3565 4547 3634 4602; x_wconf 84' lang='lat' dir='ltr'>de</span> 
     </span>
    </p>
   </div>
   <div class='ocr_carea' id='block_1_109' title="bbox 1988 4567 3631 4688">
    <p class='ocr_par' dir='ltr' id='par_1_109' title="bbox 1988 4567 3631 4688">
     <span class='ocr_line' id='line_1_111' title="bbox 2030 4567 3631 4618; baseline -0.001 -14"><span class='ocrx_word' id='word_1_801' title='bbox 2030 4567 2271 4604; x_wconf 88' lang='lat' dir='ltr'>ersonas</span> <span class='ocrx_word' id='word_1_802' title='bbox 2303 4567 2640 4618; x_wconf 79' lang='lat' dir='ltr'>conjungit;</span> <span class='ocrx_word' id='word_1_803' title='bbox 2673 4567 2737 4601; x_wconf 70' lang='lat' dir='ltr'>at</span> <span class='ocrx_word' id='word_1_804' title='bbox 2766 4567 2884 4604; x_wconf 71' lang='lat' dir='ltr'>haec</span> <span class='ocrx_word' id='word_1_805' title='bbox 2928 4567 3148 4618; x_wconf 78' lang='lat' dir='ltr'>quidem</span> <span class='ocrx_word' id='word_1_806' title='bbox 3178 4567 3240 4605; x_wconf 85' lang='lat' dir='ltr'>ac</span> <span class='ocrx_word' id='word_1_807' title='bbox 3273 4567 3454 4614; x_wconf 67' lang='lat' dir='ltr'>patre,</span> <span class='ocrx_word' id='word_1_808' title='bbox 3485 4567 3534 4603; x_wconf 79' lang='lat' dir='ltr'>et</span> <span class='ocrx_word' id='word_1_809' title='bbox 3565 4567 3631 4602; x_wconf 86' lang='lat' dir='ltr'>ae</span> 
     </span>
     <span class='ocr_line' id='line_1_112' title="bbox 1988 4567 3631 4688; baseline -0.001 -12"><span class='ocrx_word' id='word_1_810' title='bbox 1988 4567 2155 4686; x_wconf 44' lang='lat' dir='ltr'>gilio,</span> <span class='ocrx_word' id='word_1_811' title='bbox 2188 4623 2239 4675; x_wconf 90' lang='lat' dir='ltr'>et</span> <span class='ocrx_word' id='word_1_812' title='bbox 2268 4618 2334 4672; x_wconf 83' lang='lat' dir='ltr'>de</span> <span class='ocrx_word' id='word_1_813' title='bbox 2362 4618 2575 4688; x_wconf 88' lang='lat' dir='ltr'>Spiritu</span> <span class='ocrx_word' id='word_1_814' title='bbox 2605 4626 2795 4673; x_wconf 87' lang='lat' dir='ltr'>sancto</span> <span class='ocrx_word' id='word_1_815' title='bbox 2841 4621 3080 4674; x_wconf 80' lang='lat' dir='ltr'>breviter</span> <span class='ocrx_word' id='word_1_816' title='bbox 3134 4622 3288 4676; x_wconf 86' lang='lat' dir='ltr'>nobis</span> <span class='ocrx_word' id='word_1_817' title='bbox 3317 4624 3429 4675; x_wconf 90' lang='lat' dir='ltr'>sint</span> <span class='ocrx_word' id='word_1_818' title='bbox 3457 4620 3631 4675; x_wconf 87' lang='lat' dir='ltr'>dicta.</span> 
     </span>
    </p>
   </div>
   <div class='ocr_carea' id='block_1_110' title="bbox 1989 4689 3632 4760">
    <p class='ocr_par' dir='ltr' id='par_1_110' title="bbox 1989 4689 3632 4760">
     <span class='ocr_line' id='line_1_113' title="bbox 1989 4689 3632 4760; baseline -0.001 -15"><span class='ocrx_word' id='word_1_819' title='bbox 1989 4691 2148 4757; x_wconf 89' lang='lat' dir='ltr'>Quod</span> <span class='ocrx_word' id='word_1_820' title='bbox 2184 4692 2231 4746; x_wconf 91' lang='lat' dir='ltr'>si</span> <span class='ocrx_word' id='word_1_821' title='bbox 2266 4695 2457 4744; x_wconf 90' lang='lat' dir='ltr'>tacere</span> <span class='ocrx_word' id='word_1_822' title='bbox 2487 4690 2557 4744; x_wconf 87' lang='lat' dir='ltr'>de</span> <span class='ocrx_word' id='word_1_823' title='bbox 2586 4689 2805 4760; x_wconf 78' lang='lat' dir='ltr'>Spiritu</span> <span class='ocrx_word' id='word_1_824' title='bbox 2836 4690 3067 4746; x_wconf 90' lang='lat' dir='ltr'>videtur</span> <span class='ocrx_word' id='word_1_825' title='bbox 3098 4693 3470 4760; x_wconf 88' lang='lat' dir='ltr'>Novatianus,</span> <span class='ocrx_word' id='word_1_826' title='bbox 3490 4692 3632 4745; x_wconf 90' lang='lat' dir='ltr'>dum</span> 
     </span>
    </p>
   </div>
   <div class='ocr_carea' id='block_1_111' title="bbox 1990 4759 3630 4832">
    <p class='ocr_par' dir='ltr' id='par_1_111' title="bbox 1990 4759 3630 4832">
     <span class='ocr_line' id='line_1_114' title="bbox 1990 4759 3630 4832; baseline -0.001 -14"><span class='ocrx_word' id='word_1_827' title='bbox 1990 4763 2220 4818; x_wconf 91' lang='lat' dir='ltr'>Patrem</span> <span class='ocrx_word' id='word_1_828' title='bbox 2253 4766 2310 4816; x_wconf 91' lang='lat' dir='ltr'>et</span> <span class='ocrx_word' id='word_1_829' title='bbox 2335 4759 2545 4832; x_wconf 85' lang='lat' dir='ltr'>Filium</span> <span class='ocrx_word' id='word_1_830' title='bbox 2579 4759 2692 4815; x_wconf 78' lang='lat' dir='ltr'>nan</span> <span class='ocrx_word' id='word_1_831' title='bbox 2727 4762 2876 4817; x_wconf 89' lang='lat' dir='ltr'>duos</span> <span class='ocrx_word' id='word_1_832' title='bbox 2907 4779 3034 4818; x_wconf 89' lang='lat' dir='ltr'>esse</span> <span class='ocrx_word' id='word_1_833' title='bbox 3085 4769 3252 4832; x_wconf 90' lang='lat' dir='ltr'>Deos,</span> <span class='ocrx_word' id='word_1_834' title='bbox 3308 4766 3406 4819; x_wconf 91' lang='lat' dir='ltr'>sed</span> <span class='ocrx_word' id='word_1_835' title='bbox 3438 4759 3630 4817; x_wconf 91' lang='lat' dir='ltr'>unum</span> 
     </span>
    </p>
   </div>
   <div class='ocr_carea' id='block_1_112' title="bbox 1991 4831 3634 4907">
    <p class='ocr_par' dir='ltr' id='par_1_112' title="bbox 1991 4831 3634 4907">
     <span class='ocr_line' id='line_1_115' title="bbox 1991 4831 3634 4907; baseline -0.001 -18"><span class='ocrx_word' id='word_1_836' title='bbox 1991 4833 2246 4907; x_wconf 85' lang='lat' dir='ltr'>ostendit</span> <span class='ocrx_word' id='word_1_837' title='bbox 2269 4850 2290 4907; x_wconf 52' lang='grc' dir='ltr'><strong><em>ς</em></strong></span> <span class='ocrx_word' id='word_1_838' title='bbox 2326 4848 2439 4887; x_wconf 93' lang='lat' dir='ltr'>non</span> <span class='ocrx_word' id='word_1_839' title='bbox 2475 4831 2710 4907; x_wconf 89' lang='lat' dir='ltr'>aliunde</span> <span class='ocrx_word' id='word_1_840' title='bbox 2733 4836 3042 4907; x_wconf 62' lang='lat' dir='ltr'>quaerenda</span> <span class='ocrx_word' id='word_1_841' title='bbox 3073 4831 3250 4907; x_wconf 84' lang='lat' dir='ltr'>hujus</span> <span class='ocrx_word' id='word_1_842' title='bbox 3302 4836 3380 4891; x_wconf 89' lang='lat' dir='ltr'>rei</span> <span class='ocrx_word' id='word_1_843' title='bbox 3434 4851 3634 4907; x_wconf 85' lang='lat' dir='ltr'>causa,</span> 
     </span>
    </p>
   </div>
   <div class='ocr_carea' id='block_1_113' title="bbox 1993 4904 3639 4976">
    <p class='ocr_par' dir='ltr' id='par_1_113' title="bbox 1993 4904 3639 4976">
     <span class='ocr_line' id='line_1_116' title="bbox 1993 4904 3639 4976; baseline -0.002 -15"><span class='ocrx_word' id='word_1_844' title='bbox 1993 4906 2107 4961; x_wconf 86' lang='lat' dir='ltr'>nisi</span> <span class='ocrx_word' id='word_1_845' title='bbox 2131 4905 2286 4976; x_wconf 90' lang='lat' dir='ltr'>quod</span> <span class='ocrx_word' id='word_1_846' title='bbox 2320 4907 2376 4958; x_wconf 90' lang='lat' dir='ltr'>in</span> <span class='ocrx_word' id='word_1_847' title='bbox 2411 4905 2719 4959; x_wconf 90' lang='lat' dir='ltr'>evertenda</span> <span class='ocrx_word' id='word_1_848' title='bbox 2751 4904 2877 4959; x_wconf 84' lang='lat' dir='ltr'>Filii</span> <span class='ocrx_word' id='word_1_849' title='bbox 2911 4904 3213 4962; x_wconf 79' lang='lat' dir='ltr'>divinitate</span> <span class='ocrx_word' id='word_1_850' title='bbox 3241 4907 3433 4963; x_wconf 91' lang='lat' dir='ltr'>omnis</span> <span class='ocrx_word' id='word_1_851' title='bbox 3459 4905 3639 4959; x_wconf 65' lang='lat' dir='ltr'>hisre-</span> 
     </span>
    </p>
   </div>
   <div class='ocr_carea' id='block_1_114' title="bbox 1992 4976 3644 5048">
    <p class='ocr_par' dir='ltr' id='par_1_114' title="bbox 1992 4976 3644 5048">
     <span class='ocr_line' id='line_1_117' title="bbox 1992 4976 3644 5048; baseline -0.002 -16"><span class='ocrx_word' id='word_1_852' title='bbox 1992 4978 2240 5032; x_wconf 88' lang='lat' dir='ltr'>ticorum</span> <span class='ocrx_word' id='word_1_853' title='bbox 2275 4980 2521 5032; x_wconf 89' lang='lat' dir='ltr'>conatus</span> <span class='ocrx_word' id='word_1_854' title='bbox 2551 4976 2908 5031; x_wconf 90' lang='lat' dir='ltr'>versabatur.</span> <span class='ocrx_word' id='word_1_855' title='bbox 2944 4979 3085 5033; x_wconf 89' lang='lat' dir='ltr'>Nam</span> <span class='ocrx_word' id='word_1_856' title='bbox 3112 4981 3158 5034; x_wconf 91' lang='lat' dir='ltr'>si</span> <span class='ocrx_word' id='word_1_857' title='bbox 3193 4979 3371 5035; x_wconf 91' lang='lat' dir='ltr'>semel</span> <span class='ocrx_word' id='word_1_858' title='bbox 3405 4978 3644 5048; x_wconf 85' lang='lat' dir='ltr'>probas-</span> 
     </span>
    </p>
   </div>
   <div class='ocr_carea' id='block_1_115' title="bbox 1995 5048 3637 5112">
    <p class='ocr_par' dir='ltr' id='par_1_115' title="bbox 1995 5048 3637 5112">
     <span class='ocr_line' id='line_1_118' title="bbox 1995 5048 3637 5112; baseline -0.002 -7"><span class='ocrx_word' id='word_1_859' title='bbox 1995 5054 2124 5105; x_wconf 90' lang='lat' dir='ltr'>sent</span> <span class='ocrx_word' id='word_1_860' title='bbox 2160 5048 2365 5102; x_wconf 88' lang='lat' dir='ltr'>Filium</span> <span class='ocrx_word' id='word_1_861' title='bbox 2400 5064 2512 5101; x_wconf 90' lang='lat' dir='ltr'>non</span> <span class='ocrx_word' id='word_1_862' title='bbox 2546 5064 2674 5102; x_wconf 89' lang='lat' dir='ltr'>esse</span> <span class='ocrx_word' id='word_1_863' title='bbox 2692 5065 2872 5103; x_wconf 88' lang='lat' dir='ltr'>unum</span> <span class='ocrx_word' id='word_1_864' title='bbox 2907 5065 3038 5104; x_wconf 92' lang='lat' dir='ltr'>cum</span> <span class='ocrx_word' id='word_1_865' title='bbox 3095 5052 3255 5105; x_wconf 86' lang='lat' dir='ltr'>Patre</span> <span class='ocrx_word' id='word_1_866' title='bbox 3305 5051 3510 5112; x_wconf 89' lang='lat' dir='ltr'>Deum,</span> <span class='ocrx_word' id='word_1_867' title='bbox 3542 5063 3637 5101; x_wconf 88' lang='lat' dir='ltr'>ea-</span> 
     </span>
    </p>
   </div>
   <div class='ocr_carea' id='block_1_116' title="bbox 1995 5118 3639 5190">
    <p class='ocr_par' dir='ltr' id='par_1_116' title="bbox 1995 5118 3639 5190">
     <span class='ocr_line' id='line_1_119' title="bbox 1995 5118 3639 5190; baseline -0.002 -15"><span class='ocrx_word' id='word_1_868' title='bbox 1995 5122 2128 5176; x_wconf 89' lang='lat' dir='ltr'>dem</span> <span class='ocrx_word' id='word_1_869' title='bbox 2159 5135 2334 5190; x_wconf 89' lang='lat' dir='ltr'>opera</span> <span class='ocrx_word' id='word_1_870' title='bbox 2389 5118 2673 5190; x_wconf 8' lang='lat' dir='ltr'>Spirﬁitum</span> <span class='ocrx_word' id='word_1_871' title='bbox 2732 5127 2997 5175; x_wconf 85' lang='lat' dir='ltr'>sanctum</span> <span class='ocrx_word' id='word_1_872' title='bbox 3058 5141 3089 5175; x_wconf 86' lang='lat' dir='ltr'>a</span> <span class='ocrx_word' id='word_1_873' title='bbox 3147 5124 3357 5176; x_wconf 76' lang='lat' dir='ltr'>Uivinze</span> <span class='ocrx_word' id='word_1_874' title='bbox 3418 5124 3639 5174; x_wconf 78' lang='lat' dir='ltr'>naturae</span> 
     </span>
    </p>
   </div>
   <div class='ocr_carea' id='block_1_117' title="bbox 1997 5189 3635 5249">
    <p class='ocr_par' dir='ltr' id='par_1_117' title="bbox 1997 5189 3635 5249">
     <span class='ocr_line' id='line_1_120' title="bbox 1997 5189 3635 5249; baseline -0.002 -1"><span class='ocrx_word' id='word_1_875' title='bbox 1997 5189 2288 5248; x_wconf 79' lang='lat' dir='ltr'>consortio</span> <span class='ocrx_word' id='word_1_876' title='bbox 2321 5189 2756 5246; x_wconf 89' lang='lat' dir='ltr'>dissociassent.</span> <span class='ocrx_word' id='word_1_877' title='bbox 2789 5191 2877 5246; x_wconf 91' lang='lat' dir='ltr'>Sic</span> <span class='ocrx_word' id='word_1_878' title='bbox 2933 5193 3105 5246; x_wconf 89' lang='lat' dir='ltr'>etiam</span> <span class='ocrx_word' id='word_1_879' title='bbox 3168 5191 3346 5249; x_wconf 88' lang='lat' dir='ltr'>semel</span> <span class='ocrx_word' id='word_1_880' title='bbox 3396 5192 3635 5246; x_wconf 85' lang='lat' dir='ltr'>demon-</span> 
     </span>
    </p>
   </div>
   <div class='ocr_carea' id='block_1_118' title="bbox 1999 5261 3638 5334">
    <p class='ocr_par' dir='ltr' id='par_1_118' title="bbox 1999 5261 3638 5334">
     <span class='ocr_line' id='line_1_121' title="bbox 1999 5261 3638 5334; baseline 0 -17"><span class='ocrx_word' id='word_1_881' title='bbox 1999 5269 2202 5326; x_wconf 82' lang='lat' dir='ltr'>strato,</span> <span class='ocrx_word' id='word_1_882' title='bbox 2237 5263 2462 5334; x_wconf 78' lang='lat' dir='ltr'>Patrem</span> <span class='ocrx_word' id='word_1_883' title='bbox 2496 5270 2546 5316; x_wconf 83' lang='lat' dir='ltr'>el</span> <span class='ocrx_word' id='word_1_884' title='bbox 2573 5261 2783 5334; x_wconf 74' lang='lat' dir='ltr'>Filium</span> <span class='ocrx_word' id='word_1_885' title='bbox 2813 5278 2912 5334; x_wconf 88' lang='lat' dir='ltr'>per</span> <span class='ocrx_word' id='word_1_886' title='bbox 2948 5264 3271 5320; x_wconf 75' lang='lat' dir='ltr'>substantiae</span> <span class='ocrx_word' id='word_1_887' title='bbox 3301 5262 3638 5318; x_wconf 90' lang='lat' dir='ltr'>communio-</span> 
     </span>
    </p>
   </div>
   <div class='ocr_carea' id='block_1_119' title="bbox 2000 5331 3641 5401">
    <p class='ocr_par' dir='ltr' id='par_1_119' title="bbox 2000 5331 3641 5401">
     <span class='ocr_line' id='line_1_122' title="bbox 2000 5331 3641 5401; baseline -0.001 -11"><span class='ocrx_word' id='word_1_888' title='bbox 2000 5351 2144 5397; x_wconf 86' lang='lat' dir='ltr'>nem,</span> <span class='ocrx_word' id='word_1_889' title='bbox 2180 5339 2244 5389; x_wconf 90' lang='lat' dir='ltr'>ut</span> <span class='ocrx_word' id='word_1_890' title='bbox 2281 5333 2362 5388; x_wconf 90' lang='lat' dir='ltr'>ait</span> <span class='ocrx_word' id='word_1_891' title='bbox 2406 5331 2786 5396; x_wconf 86' lang='lat' dir='ltr'>Novatianus,</span> <span class='ocrx_word' id='word_1_892' title='bbox 2813 5331 3017 5389; x_wconf 60' lang='lat' dir='ltr'>&#39;unum</span> <span class='ocrx_word' id='word_1_893' title='bbox 3079 5352 3206 5390; x_wconf 90' lang='lat' dir='ltr'>esse</span> <span class='ocrx_word' id='word_1_894' title='bbox 3261 5336 3441 5390; x_wconf 91' lang='lat' dir='ltr'>Deum</span> <span class='ocrx_word' id='word_1_895' title='bbox 3478 5351 3490 5401; x_wconf 90' lang='lat'><strong>;</strong></span> <span class='ocrx_word' id='word_1_896' title='bbox 3526 5349 3641 5388; x_wconf 91' lang='lat' dir='ltr'>non</span> 
     </span>
    </p>
   </div>
   <div class='ocr_carea' id='block_1_120' title="bbox 2001 5402 3642 5478">
    <p class='ocr_par' dir='ltr' id='par_1_120' title="bbox 2001 5402 3642 5478">
     <span class='ocr_line' id='line_1_123' title="bbox 2001 5402 3642 5478; baseline -0.001 -18"><span class='ocrx_word' id='word_1_897' title='bbox 2001 5407 2120 5478; x_wconf 83' lang='lat' dir='ltr'>jam</span> <span class='ocrx_word' id='word_1_898' title='bbox 2152 5409 2453 5478; x_wconf 86' lang='lat' dir='ltr'>superaret</span> <span class='ocrx_word' id='word_1_899' title='bbox 2481 5403 2785 5459; x_wconf 91' lang='lat' dir='ltr'>dubitandi</span> <span class='ocrx_word' id='word_1_900' title='bbox 2810 5402 2993 5478; x_wconf 71' lang='lat' dir='ltr'>locus,</span> <span class='ocrx_word' id='word_1_901' title='bbox 3023 5407 3160 5477; x_wconf 90' lang='lat' dir='ltr'>quin</span> <span class='ocrx_word' id='word_1_902' title='bbox 3181 5407 3432 5478; x_wconf 89' lang='lat' dir='ltr'>Spiritus</span> <span class='ocrx_word' id='word_1_903' title='bbox 3453 5404 3642 5460; x_wconf 81' lang='lat' dir='ltr'>sancti</span> 
     </span>
    </p>
   </div>
   <div class='ocr_carea' id='block_1_121' title="bbox 2004 5475 3640 5547">
    <p class='ocr_par' dir='ltr' id='par_1_121' title="bbox 2004 5475 3640 5547">
     <span class='ocr_line' id='line_1_124' title="bbox 2004 5475 3640 5547; baseline 0 -15"><span class='ocrx_word' id='word_1_904' title='bbox 2004 5475 2282 5532; x_wconf 77' lang='lat' dir='ltr'>divinitas</span> <span class='ocrx_word' id='word_1_905' title='bbox 2307 5491 2674 5547; x_wconf 81' lang='lat' dir='ltr'>nequaquam</span> <span class='ocrx_word' id='word_1_906' title='bbox 2709 5479 2826 5530; x_wconf 87' lang='lat' dir='ltr'>tres</span> <span class='ocrx_word' id='word_1_907' title='bbox 2875 5475 3055 5532; x_wconf 44' lang='lat' dir='ltr'>Deos&#39;</span> <span class='ocrx_word' id='word_1_908' title='bbox 3077 5475 3348 5534; x_wconf 80' lang='lat' dir='ltr'>efficeret.</span> <span class='ocrx_word' id='word_1_909' title='bbox 3409 5478 3640 5534; x_wconf 74' lang='lat' dir='ltr'>MARAN.</span> 
     </span>
    </p>
   </div>
   <div class='ocr_carea' id='block_1_122' title="bbox 2006 5545 3462 5622">
    <p class='ocr_par' dir='ltr' id='par_1_122' title="bbox 2006 5545 3462 5622">
     <span class='ocr_line' id='line_1_125' title="bbox 2006 5545 3462 5622; baseline 0 -18"><span class='ocrx_word' id='word_1_910' title='bbox 2006 5550 2188 5622; x_wconf 67' lang='lat' dir='ltr'>Dicin.</span> <span class='ocrx_word' id='word_1_911' title='bbox 2226 5549 2287 5622; x_wconf 71' lang='grc' dir='ltr'><strong>Ι).</strong></span> <span class='ocrx_word' id='word_1_912' title='bbox 2317 5545 2459 5602; x_wconf 45' lang='lat' dir='ltr'>NX].</span> <span class='ocrx_word' id='word_1_913' title='bbox 2483 5545 2574 5622; x_wconf 84' lang='lat' dir='ltr'>_C.,</span> <span class='ocrx_word' id='word_1_914' title='bbox 2608 5545 2712 5622; x_wconf 88' lang='lat' dir='ltr'>lib,</span> <span class='ocrx_word' id='word_1_915' title='bbox 2746 5562 2870 5617; x_wconf 84' lang='lat' dir='ltr'>cap.</span> <span class='ocrx_word' id='word_1_916' title='bbox 2907 5548 2998 5622; x_wconf 80' lang='lat'>19,</span> <span class='ocrx_word' id='word_1_917' title='bbox 3037 5548 3139 5622; x_wconf 51' lang='lat'>3,3,</span> <span class='ocrx_word' id='word_1_918' title='bbox 3173 5566 3303 5622; x_wconf 90' lang='lat' dir='ltr'>pag.</span> <span class='ocrx_word' id='word_1_919' title='bbox 3336 5551 3462 5606; x_wconf 84' lang='lat'>521.</span> 
     </span>
    </p>
   </div>
   <div class='ocr_carea' id='block_1_123' title="bbox 2079 5593 3646 5691">
    <p class='ocr_par' dir='ltr' id='par_1_123' title="bbox 2079 5593 3646 5691">
     <span class='ocr_line' id='line_1_126' title="bbox 2079 5593 3646 5691; baseline 0 -18"><span class='ocrx_word' id='word_1_920' title='bbox 2781 5593 2968 5675; x_wconf 37' lang='lat' dir='ltr'>“ere-rte</span> <span class='ocrx_word' id='word_1_921' title='bbox 2984 5593 3159 5676; x_wconf 49' lang='lat' dir='ltr'>hzi&#39;bvet</span> <span class='ocrx_word' id='word_1_922' title='bbox 3173 5593 3511 5678; x_wconf 42' lang='lat'>52365669</span> <span class='ocrx_word' id='word_1_923' title='bbox 3541 5634 3646 5674; x_wconf 83' lang='lat' dir='ltr'>au-</span> 
     </span>
    </p>
   </div>
   <div class='ocr_carea' id='block_1_124' title="bbox 267 5686 3648 5770">
    <p class='ocr_par' dir='ltr' id='par_1_124' title="bbox 267 5686 3648 5770">
     <span class='ocr_line' id='line_1_127' title="bbox 267 5686 3648 5770; baseline 0 -21"><span class='ocrx_word' id='word_1_924' title='bbox 267 5686 470 5749; x_wconf 75' lang='lat' dir='ltr'>nisiut</span> <span class='ocrx_word' id='word_1_925' title='bbox 498 5686 722 5768; x_wconf 84' lang='lat' dir='ltr'>probet,</span> <span class='ocrx_word' id='word_1_926' title='bbox 771 5687 927 5760; x_wconf 89' lang='lat' dir='ltr'>quod</span> <span class='ocrx_word' id='word_1_927' title='bbox 985 5703 1047 5746; x_wconf 88' lang='lat' dir='ltr'>se</span> <span class='ocrx_word' id='word_1_928' title='bbox 1091 5688 1474 5765; x_wconf 84' lang='lat' dir='ltr'>probaturum</span> <span class='ocrx_word' id='word_1_929' title='bbox 1529 5686 1900 5764; x_wconf 86' lang='lat' dir='ltr'>promiserat,</span> <span class='ocrx_word' id='word_1_930' title='bbox 2010 5686 2232 5751; x_wconf 85' lang='lat' dir='ltr'>ctorem</span> <span class='ocrx_word' id='word_1_931' title='bbox 2261 5686 2568 5767; x_wconf 77' lang='lat' dir='ltr'>scripsisse</span> <span class='ocrx_word' id='word_1_932' title='bbox 2591 5693 2972 5766; x_wconf 86' lang='lat' dir='ltr'>propansiore.</span> <span class='ocrx_word' id='word_1_933' title='bbox 3006 5692 3116 5750; x_wconf 88' lang='lat' dir='ltr'>Sed</span> <span class='ocrx_word' id='word_1_934' title='bbox 3150 5692 3371 5750; x_wconf 84' lang='lat' dir='ltr'>fallitur</span> <span class='ocrx_word' id='word_1_935' title='bbox 3399 5693 3490 5750; x_wconf 82' lang='lat' dir='ltr'>vir</span> <span class='ocrx_word' id='word_1_936' title='bbox 3517 5703 3648 5770; x_wconf 59' lang='lat' dir='ltr'>eru-</span> 
     </span>
    </p>
   </div>
   <div class='ocr_carea' id='block_1_125' title="bbox 4039 1386 4053 2074">
    <p class='ocr_par' dir='ltr' id='par_1_125' title="bbox 4039 1386 4053 2074">
     <span class='ocr_line' id='line_1_128' title="bbox 4039 1386 4041 1412; baseline 0 0"><span class='ocrx_word' id='word_1_937' title='bbox 4039 1386 4041 1412; x_wconf 95' lang='grc' dir='ltr'>Ι</span> 
     </span>
     <span class='ocr_line' id='line_1_129' title="bbox 4039 1497 4043 1576; baseline 0 0"><span class='ocrx_word' id='word_1_938' title='bbox 4039 1497 4043 1576; x_wconf 75' lang='lat' dir='ltr'>l</span> 
     </span>
     <span class='ocr_line' id='line_1_130' title="bbox 4043 1608 4045 1646; baseline 0 0"><span class='ocrx_word' id='word_1_939' title='bbox 4043 1608 4045 1646; x_wconf 93' lang='lat'><strong><em>|</em></strong></span> 
     </span>
     <span class='ocr_line' id='line_1_131' title="bbox 4039 1685 4047 1762; baseline 0 0"><span class='ocrx_word' id='word_1_940' title='bbox 4039 1685 4047 1762; x_wconf 34' lang='lat' dir='ltr'>il</span> 
     </span>
     <span class='ocr_line' id='line_1_132' title="bbox 4039 1775 4049 1924; baseline 0 0"><span class='ocrx_word' id='word_1_941' title='bbox 4039 1775 4049 1924; x_wconf 72' lang='lat' dir='ltr'>l</span> 
     </span>
     <span class='ocr_line' id='line_1_133' title="bbox 4045 1942 4051 2016; baseline 0 0"><span class='ocrx_word' id='word_1_942' title='bbox 4045 1942 4051 2016; x_wconf 59' lang='grc' dir='ltr'><em>ἕ</em></span> 
     </span>
     <span class='ocr_line' id='line_1_134' title="bbox 4051 2052 4053 2074; baseline 0 0"><span class='ocrx_word' id='word_1_943' title='bbox 4051 2052 4053 2074; x_wconf 99' lang='lat'><strong><em>|</em></strong></span> 
     </span>
    </p>
   </div>
  </div>
