4102 6180
453 310 569 368 9⁸75

1493 301 1925 366 NOVATIANI
1973 301 2466 366 PRESBYTEHI
2511 300 2816 363 ROMANI

3688 307 3786 371 976

453 439 639 509 nium,
672 436 824 510 quod
853 434 935 491 ita
959 448 1019 490 se
1041 433 1251 490 habeat
1284 433 1592 502 ﬁdesvera,
1627 439 1814 490 totum
1846 434 2096 490 ctVetus
2127 439 2183 506 Α
2215 449 2360 502 ram,
2421 432 2700 505 quoniam
2755 448 2859 488 nec
2910 431 3157 488 alterum
3217 431 3474 490 novimus
3519 438 3606 491 aut
3648 453 3790 498 nosse

453 532 510 583 et
537 526 763 582 Novum
792 525 1227 580 Testamentum
1278 523 1466 594 possit
1521 523 1752 579 adduci.
1785 523 1895 579 Sed
1958 523 2097 596 quia

453 615 820 672 obluctantes
861 614 1140 670 adversus
1195 615 1498 668 veritatem
1554 629 1786 686 semper
1815 614 2096 686 haeretici,

451 705 688 760 sinceris
717 702 1050 758 traditionis
1071 707 1128 758 et
1155 701 1457 758 Catholica:
1480 702 1610 758 fidei
1636 704 2093 762 controversiam

451 793 644 850 solent
669 792 916 862 trahere,
952 791 1398 848 scandalizatiin
1414 792 1702 848 Christum
1737 793 1891 865 quod
1915 793 2092 849 etiam

453 883 608 939 Deus
639 887 696 937 et
725 899 826 954 per
851 881 1180 953 Scripturas
1228 886 1545 950 asseratur,
1607 886 1661 937 et
1719 900 1753 938 a
1791 882 1961 938 nobis
1991 881 2099 938 hoc

453 989 580 1029 esse
619 973 934 1034 credatur;
993 970 1204 1026 merito
1263 988 1296 1026 a
1337 970 1503 1026 nobis
1554 973 1640 1042 (ut
1689 973 1882 1027 omnis
1913 988 1946 1026 a
1986 971 2098 1027 ﬁde

452 1065 654 1117 nostra
685 1060 895 1115 auferri
920 1059 1104 1131 possit
1131 1059 1398 1114 hmretica
1415 1059 1727 1132 calumnia)
1751 1063 1822 1116 de
1851 1078 1916 1117 eo
1941 1061 2096 1134 quod

453 1154 512 1205 et
532 1149 685 1204 Deus
708 1149 785 1204 sit
808 1147 1072 1204 Christus
1120 1148 1204 1203 sic
1234 1153 1322 1204 est
1363 1149 1812 1220 disputandum,
1864 1154 1927 1205 ut
1983 1167 2096 1206 non

452 1238 737 1310 impediat
779 1237 1091 1309 Scriptum
1139 1237 1442 1293 veritatem
1477 1255 1490 1306 ;
1525 1240 1626 1293 sed
1677 1256 1780 1295 nec
1836 1244 2098 1295 nostram

453 1327 652 1394 ﬁdem,
687 1343 802 1399 qua
830 1343 984 1382 unus
1029 1326 1182 1381 Deus
1233 1331 1288 1381 et
1329 1344 1431 1398 per
1489 1327 1822 1400 Scripturas
1881 1329 2099 1400 promi-

452 1420 551 1472 tur
579 1416 712 1488 (32),
746 1419 804 1472 et
833 1431 866 1471 a
895 1416 1064 1470 nobis
1093 1420 1328 1471 tenetur
1362 1420 1418 1470 et
1457 1415 1730 1472 creditur.
1764 1419 1907 1472 Tam
1942 1417 2097 1471 enim

453 1503 538 1559 illi
557 1504 870 1576 quiJesum
884 1503 1184 1559 Christum
1205 1504 1400 1575 ipsum
1420 1504 1602 1559 Deum
1622 1509 1853 1561 Patrem
1875 1506 2096 1572 dicunt,

455 1609 632 1666 quam
660 1593 833 1649 etiam
864 1592 947 1647 illi
987 1592 1083 1662 qui
1116 1591 1412 1648 hominem
1473 1593 1637 1648 illum
1689 1595 2098 1649 tantummodo

455 1699 584 1740 esse
611 1682 940 1747 voluerunt,
973 1682 1186 1738 erroris
1217 1682 1305 1737 sui
1330 1687 1385 1738 et
1416 1683 1813 1754 perversitatis
1845 1683 2099 1755 origines

457 1777 514 1829 et
537 1789 746 1828 causas
785 1772 919 1826 inde
948 1777 1308 1843 rapuerunt:
1343 1773 1480 1842 quia
1528 1789 1661 1827 cum
1710 1773 2098 1828 animaderte-

458 1866 587 1918 rent
612 1859 892 1932 scriptum
916 1875 1044 1916 esse
1075 1860 1228 1931 quod
1263 1877 1404 1914 unus
1453 1863 1527 1915 sit
1578 1863 1737 1928 Deus,
1789 1878 1903 1917 non
1936 1861 2102 1916 aliter

457 1949 1005 2023 putaveruntistam
1037 1953 1231 2004 tenere
1282 1966 1343 2003 sv.
1374 1966 1546 2021 posse
1577 1952 1948 2017 sententiam,
1985 1949 2098 2004 nisi

457 2045 558 2096 aut
578 2039 872 2095 hominem
933 2042 1159 2093 tantum
1200 2036 1522 2106 Christum,
1563 2043 1662 2093 aut
1714 2043 1865 2093 certe
1915 2039 2098 2093 Deum

457 2129 686 2184 Patrem
720 2130 993 2198 putarent
1018 2141 1145 2180 esse
1175 2127 1551 2180 credendum.
1577 2127 1669 2182 Sic
1692 2127 1846 2181 cnim
1879 2127 2098 2182 calum-

459 2219 588 2273 nias
620 2233 758 2272 suas
789 2214 1058 2286 colligere
1089 2220 1533 2282 consueverunt,
1586 2219 1650 2269 ut
1682 2231 1932 2271 errorem
1967 2232 2102 2287 pro-

461 2306 652 2378 prium
686 2304 1006 2375 approbare
1030 2303 1312 2358 nitantur.
1339 2303 1405 2358 Et
1427 2303 1659 2374 quidem
1679 2303 1757 2359 illi
1784 2303 2099 2374 quiJesum

459 2394 755 2449 Christum
789 2397 1020 2447 Patrem
1042 2391 1264 2460 dicunt,
1293 2391 1405 2446 ista
1421 2393 1786 2463 praetendunt
1815 2409 1826 2446 :
1858 2393 1914 2448 Si
1951 2410 2103 2449 unus

460 2484 616 2540 Deus
645 2483 756 2553 (33)
790 2499 804 2549 ;
836 2480 1104 2536 Christus
1135 2486 1329 2536 autem
1382 2482 1531 2536 947
1586 2481 1738 2536 Deus
1773 2499 1784 2537 :
1825 2483 1988 2538 Pater
2017 2487 2106 2538 est

459 2572 742 2641 Christus,
773 2571 910 2642 quia
934 2585 1086 2624 unus
1123 2573 1269 2624 Deus
1303 2587 1316 2634 ;
1360 2568 1410 2623 si
1450 2586 1563 2625 non
1625 2571 1788 2626 Pater
1835 2571 1910 2626 sit
1942 2571 2104 2626 Chri-

459 2668 606 2728 stus,
630 2661 771 2715 dum
803 2663 860 2714 et
879 2659 1032 2714 Deus
1066 2657 1264 2721 Filius,
1299 2657 1586 2726 Christus,
1619 2658 1733 2714 duo
1763 2659 1852 2714 Dii
1904 2663 2106 2714 contra

458 2749 790 2821 Scripturas
829 2746 1144 2801 introducti
1177 2763 1304 2802 esse
1359 2745 1687 2802 videantur.
1739 2748 1845 2812 Qui
1906 2753 2103 2804 autem

461 2838 759 2894 hominem
788 2835 1197 2891 tantummodo
1227 2835 1524 2890 Christum
1556 2851 1683 2891 esse
1725 2839 2102 2904 contendunt,

463 2945 531 2984 ex
562 2928 788 2983 diverso
819 2926 902 2980 sic
923 2925 1243 2996 colligunt:
1273 2925 1331 2979 Si
1373 2924 1517 2979 alter
1571 2925 1756 2988 Pater,
1819 2927 1965 2981 alter
2020 2932 2108 2982 est

461 3017 644 3073 Filius
677 3016 785 3087 (34)
821 3031 834 3070 :
866 3013 1036 3069 Pater
1065 3017 1252 3068 autem
1299 3019 1464 3079 Ueus,
1512 3018 1568 3068 et
1616 3014 1883 3070 Christus
1919 3017 2102 3070 Deus:

464 3123 577 3162 non
613 3119 749 3176 ergo
780 3103 1120 3167 unusDeus,
1142 3103 1240 3156 sed
1273 3102 1387 3156 duo
1419 3103 1497 3156 dii
1531 3102 2105 3174 introducunturpa-

2207 522 2362 594 (cum
2389 521 2586 582 nullus
2637 521 2733 590 sit)
2793 521 3106 592 aliquando
3162 523 3490 593 poterimus.
3543 525 3638 596 Ego
3675 543 3790 600 sum,

2208 611 2423 682 inquit,
2459 612 2638 666 Deus:
2663 615 2714 666 et
2744 626 2849 666 non
2882 613 2961 665 est
2992 619 3292 682 praeterme
3332 617 3498 679 justus
3541 622 3588 669 et
3611 615 3794 672 salvans

2211 702 2333 771 (Isa.
2373 717 2530 769 xmu,
2568 700 2676 772 11).
2711 703 2779 756 Et
2808 699 2920 754 alio
2979 698 3224 756 inloco:
3264 702 3377 772 Ego
3405 703 3606 772 primus
3643 713 3689 760 et
3714 722 3796 760 no-

2206 791 2466 845 vissimus
2489 790 2622 860 (35),
2649 798 2706 844 et
2733 795 2936 861 praeter
2964 805 3054 844 me
3082 805 3191 844 non
3221 795 3302 844 est
3349 792 3498 846 Deus.
3541 791 3656 859 Quis
3679 796 3793 851 sicut

2207 894 2304 948 ego
2333 879 2497 948 (Ibid.
2532 879 2681 949 xuv)
2711 879 2766 950 6,
2796 879 2851 949 7)
2874 877 2902 933 ‘7
2931 877 3031 933 Est
3062 894 3074 932 :
3123 878 3252 944 Quis
3303 895 3515 934 mensus
3543 889 3617 935 est
3642 883 3794 950 palmo

2207 968 2429 1035 calum,
2479 971 2532 1022 et
2559 977 2768 1024 terram
2789 967 3000 1038 pugillo
3020 966 3048 1022 ?
3078 969 3199 1039 quis
3224 967 3499 1038 suspendit
3525 974 3708 1026 montes
3749 975 3793 1026 in

2208 1055 2462 1128 pondere,
2513 1065 2566 1112 et
2622 1073 2856 1112 nemora
2900 1058 2959 1111 in
3015 1064 3222 1112 statera
3275 1057 3428 1126 (Ibid.
3486 1076 3566 1123 XL,
3605 1058 3797 1126 I2)?Et

2208 1145 2526 1202 Ezechias:
2564 1148 2626 1202 Ut
2672 1148 2852 1201 sciant
2889 1162 3079 1202 omnes
3127 1149 3260 1218 quia
3307 1148 3370 1201 tu
3413 1164 3469 1202 es
3517 1147 3646 1203 Deus
3681 1149 3796 1204 solus

2212 1235 2331 1304 (Isa.
2358 1252 2569 1305 xnvn,
2602 1235 2715 1306 20).
2750 1235 2879 1308 Ipse
2926 1239 3202 1306 praeterea
3233 1234 3544 1290 Dominus:
3582 1237 3710 1303 Quid
3733 1254 3798 1293 me

2211 1325 2519 1393 interrogas
2540 1325 2604 1380 de
2635 1326 2770 1381 bono
2794 1325 2980 1381 .9Unus
3014 1327 3158 1379 Deus
3191 1325 3364 1380 bonus
3397 1323 3798 1398 (Matth.x1x,l7).

2211 1413 2520 1485 Apostolus
2551 1429 2780 1485 quoque
2812 1412 3029 1469 Paulus
3063 1429 3076 1468 :
3114 1415 3218 1481 Qui
3245 1414 3410 1483 solus,
3429 1413 3627 1485 inquit,
3672 1415 3800 1470 habet

2211 1503 2396 1557 immo:
2414 1503 2758 1572 talitatem,et
2773 1503 2952 1557 lucem
2968 1502 3178 1556 habitat
3199 1501 3618 1557 inaccessibilem
3639 1519 3650 1557 :
3673 1519 3802 1573 quem

2210 1592 2347 1646 vidit
2376 1592 2659 1648 hominum
2687 1609 2866 1661 nemo,
2899 1608 2997 1647 nec
3019 1593 3200 1647 videre
3219 1593 3395 1663 potest
3425 1590 3471 1662 (Ι
3491 1591 3615 1646 Tim.
3643 1593 3802 1661 vi,l6).

2211 1681 2279 1735 Et
2319 1680 2432 1736 alio
2477 1682 2536 1735 in
2575 1681 2699 1736 loco
2739 1699 2752 1736 :
2809 1680 3074 1736 Mediator
3124 1685 3312 1736 autem
3356 1681 3522 1735 unius
3566 1696 3662 1736 non
3703 1685 3805 1743 est;

2211 1771 2346 1824 Deus
2375 1777 2561 1825 autem
2595 1785 2736 1825 unus
2765 1772 2844 1824 est
2891 1768 3095 1840 (Galat.
3131 1786 3216 1836 ιιι,
3259 1768 3372 1840 20).
3424 1768 3529 1824 Sed
3559 1769 3805 1840 quomodo

2209 1858 2316 1914 hoc
2348 1862 2615 1914 tenemus
2646 1863 2700 1914 et
2730 1857 2982 1930 legimus
3013 1863 3069 1913 et
3098 1858 3415 1927 credimus,
3464 1857 3541 1912 sic
3585 1857 3806 1930 Scriptu-

2209 1963 2407 2002 rarum
2460 1948 2573 2018 (36)
2615 1947 2936 2003 cmlestium
3001 1946 3224 2002 nullam
3283 1952 3502 2020 partem
3558 1947 3806 2018 prmterire

2212 2036 2492 2092 debemus
2527 2053 2537 2090 :
2573 2037 2786 2108 quippe
2813 2053 2945 2090 cum
2977 2038 3152 2092 etiam
3173 2035 3273 2090 illa
3303 2035 3507 2108 quaain
3532 2035 3804 2108 Scripturis

2211 2129 2350 2180 sunt
2383 2125 2573 2197 posita
2605 2124 2816 2180 Christi
2849 2124 3174 2181 divinitatis
3196 2125 3469 2198 insignia,
3490 2125 3636 2180 nullo
3666 2126 3804 2181 modo

2211 2214 2493 2269 debemus
2537 2230 2818 2282 recusare,
2879 2230 2950 2269 ne
2981 2213 3419 2286 Scripturarum
3452 2213 3803 2269 auctoritatem

2213 2304 2658 2374 corrumpendo,
2686 2303 3081 2375 integritatem
3115 2303 3250 2357 fidei
3293 2306 3501 2358 sanctae
3525 2303 3806 2372 corrupisse

2211 2395 2535 2446 teneamur.
2561 2392 2630 2446 Et
2678 2391 2787 2447 hoc
2837 2408 2974 2464 ergo
3032 2391 3366 2459 credamus,
3424 2391 3693 2464 siquidem
3720 2391 3806 2461 (3‘7)

2213 2471 2770 2546 fidelissimum,Dei
2807 2479 3016 2536 Filium
3064 2481 3272 2536 Jesum
3330 2481 3613 2537 Christum
3653 2478 3806 2536 Domi-

2214 2585 2355 2624 num
2387 2569 2541 2624 948
2574 2573 2630 2623 et
2664 2570 2840 2624 Deum
2875 2574 3143 2624 nostrum
3180 2587 3192 2623 :
3228 2569 3527 2641 quoniam,
3559 2572 3610 2623 in
3636 2569 3808 2640 princi-

2209 2659 2306 2730 pio
2327 2666 2450 2714 erat
2514 2658 2829 2728 I’erbum,et
2865 2659 3095 2716 Verbum
3143 2664 3270 2714 erat
3317 2660 3466 2731 apud
3513 2662 3676 2714 Deum
3703 2657 3807 2728 (38),

2215 2751 2264 2801 el
2297 2748 2439 2801 Deus
2488 2751 2608 2801 erat
2643 2747 2884 2802 Verbum.
2947 2748 3052 2802 Hoc
3098 2756 3220 2802 erat
3267 2750 3325 2804 in
3373 2747 3642 2820 principio
3689 2744 3809 2818 apud

2214 2837 2381 2892 Deum
2413 2837 2592 2904 (Joan.
2628 2853 2665 2900 ι,
2702 2835 2751 2903 l,
2780 2836 2856 2900 2).
2891 2836 2957 2890 Et
2991 2853 3003 2890 :
3043 2836 3286 2892 Verbum
3329 2853 3453 2892 caro
3493 2839 3684 2908 factum
3729 2837 3808 2904 est,

2215 2933 2268 2980 et
2294 2926 2561 2980 habitavit
2585 2927 2643 2979 in
2675 2927 2828 2979 nobis
2885 2925 3041 2996 (Ibid.
3080 2926 3186 2998 14).
3242 2927 3309 2982 Et
3355 2942 3368 2981 :
3406 2928 3650 2982 Dominus
3689 2938 3810 2978 meus

2215 3021 2264 3070 et
2293 3015 2432 3068 Deus
2490 3029 2639 3068 meus
2696 3014 2870 3084 (Joan.
2932 3032 3023 3078 xx,
3063 3015 3173 3086 28).
3209 3015 3282 3070 Et
3314 3033 3327 3070 :
3372 3015 3602 3084 Quorum
3639 3019 3807 3081 Patres,

2216 3106 2266 3157 et
2295 3119 2365 3157 ex
2393 3103 2589 3174 quibus
2622 3102 2868 3158 Christus
2897 3103 3216 3170 secundum,
3249 3121 3493 3171 carnem,
3526 3106 3616 3176 qui
3648 3111 3714 3158 est
3736 3117 3806 3156 su-

465 3195 624 3260 riter,
658 3194 825 3248 Pater
855 3197 912 3247 et
942 3191 1122 3246 Filius
1156 3209 1168 3258 ;
1203 3207 1268 3245 ac
1290 3191 1337 3247 si
1371 3207 1523 3246 unus
1548 3192 2100 3264 Deus,consequen-
2135 3177 2177 3246 C
2214 3207 2314 3264 per
2341 3191 2530 3246 omnia
2560 3192 2699 3247 Deus
2730 3191 3042 3247 benedictus
3090 3193 3150 3247 in
3204 3194 3414 3250 saecula
3467 3194 3628 3264 (Rom.
3658 3209 3722 3256 ix,
3747 3191 3804 3261 5).

463 3289 554 3339 ter
582 3283 756 3338 homo
789 3279 1078 3347 Christus,
1102 3283 1167 3335 ut
1197 3280 1403 3334 merito
1436 3283 1604 3335 Pater
1650 3279 1726 3334 sit
1748 3280 1902 3336 Deus
1927 3299 2102 3337 unus.

468 3375 548 3430 Re
568 3387 703 3428 vera
733 3370 900 3442 quasi
935 3369 1091 3425 inter
1121 3368 1268 3424 duos
1306 3367 1562 3425 latrones
1601 3369 1965 3441 cruciﬁgitur
1995 3371 2108 3427 Do-

467 3464 686 3531 minus,
715 3459 1008 3532 quomodo
1041 3458 1190 3512 ﬁxus
1223 3456 1536 3528 aliquando
1567 3463 1656 3514 est
1681 3477 1693 3514 :
1714 3465 1767 3514 et
1798 3459 1878 3514 ita
1899 3460 2112 3532 excipit

465 3551 872 3605 hereticorum
906 3548 1150 3602 istorum
1184 3562 1254 3601 ex
1299 3551 1547 3618 utroque
1597 3545 1771 3603 latere
1832 3547 2115 3621 sacrilega

470 3639 746 3695 convicia.
769 3636 876 3690 Sed
901 3651 1088 3706 neque
1127 3635 1442 3707 Scriptura)
1494 3640 1726 3706 sanctis,
1787 3653 1974 3708 neque
2008 3655 2114 3694 nos

471 3743 680 3783 causas
709 3724 826 3780 illis
867 3723 1206 3796 perditionis
1253 3731 1306 3779 et
1363 3724 1638 3780 caecitatis
1683 3725 2004 3797 efferimus,
2067 3726 2117 3783 si

470 3833 589 3888 qua
616 3815 676 3870 in
700 3815 890 3870 medio
918 3813 1258 3868 Divinarum
1301 3811 1647 3868 Litterarum
1693 3814 1986 3870 evidenter
2018 3833 2117 3886 po-

471 3906 586 3963 sita
616 3909 717 3960 aut
736 3904 930 3959 videre
962 3901 1188 3969 nolunt,
1213 3907 1313 3957 aut
1333 3902 1527 3957 videre
1557 3919 1672 3958 non
1705 3908 1975 3975 possunt.
2002 3909 2121 3961 Nos

475 3994 631 4049 enim
663 3996 719 4048 et
748 3991 972 4047 scimus
993 3994 1050 4044 et
1080 3989 1330 4061 legimus
1361 3995 1418 4043 et
1441 3989 1737 4045 credimus
1768 3995 1822 4045 et
1851 3994 2121 4048 tenemus

476 4098 662 4138 unum
689 4097 818 4136 esse
843 4079 1052 4145 Deum,
1083 4079 1184 4150 qui
1216 4077 1351 4133 fecit
1379 4077 1590 4133 coelum
1635 4080 1853 4150 pariter
1910 4097 1976 4135 ac
2015 4085 2125 4136 ter-

2217 3279 2363 3346 Quid
2387 3295 2522 3352 ergo
2549 3279 2813 3335 dicemus
2832 3280 2859 3333 ?
2889 3279 3187 3352 Numquid
3219 3282 3371 3340 duos
3397 3283 3539 3338 Deos
3557 3280 3808 3352 Scriptura

2220 3371 2490 3442 proponit
2516 3369 2544 3423 ‘I
2574 3369 2873 3435 Quomodo
2894 3386 3030 3442 ergo
3062 3370 3222 3436 dicit,
3257 3372 3396 3442 quia
3425 3373 3558 3426 Deus
3586 3385 3709 3424 unus
3732 3366 3814 3422 est?

2221 3461 2336 3514 Aut
2367 3457 2652 3528 numquid
2687 3475 2801 3512 non
2824 3461 2880 3513 et
2900 3457 3168 3514 Christus
3207 3459 3365 3516 Deus
3396 3467 3483 3514 est
3511 3461 3537 3513 ‘t
3566 3454 3814 3522 Quomodo

2222 3564 2378 3620 ergo,
2403 3548 2662 3601 Dominus
2698 3563 2851 3602 meus
2880 3555 2930 3602 et
2961 3551 3108 3603 Deus
3156 3565 3331 3616 meus,
3383 3548 3601 3603 Christo
3639 3544 3817 3600 dictum

2224 3642 2312 3690 est
2347 3634 2598 3690 PTotum
2628 3635 2809 3707 igitur
2843 3635 2950 3690 hoc
2992 3635 3104 3690 nisi
3163 3653 3300 3692 cum
3363 3637 3590 3710 propria
3627 3649 3818 3689 venera-

2223 3725 2381 3780 tione
2411 3728 2467 3779 et
2513 3723 2776 3795 legitima
2819 3723 3218 3796 disputatione
3254 3726 3364 3797 (39)
3395 3729 3698 3789 teneamus,
3727 3734 3822 3775 me-

2228 3814 2340 3869 rito
2367 3813 2712 3869 scandalum
2746 3812 3031 3869 haereticis
3062 3815 3388 3886 praebuisse
3407 3815 3712 3878 credemur;
3735 3823 3819 3864 non

2229 3904 2431 3974 utique
2461 3919 2528 3958 ex
2548 3902 2980 3974 Scripturarum
3013 3902 3340 3960 caelestium
3377 3904 3505 3960 vitio
3560 3918 3672 3974 quis
3701 3914 3818 3954 nun-

2231 4008 2407 4063 quam
2441 3989 2672 4059 fallunt,
2697 3991 2796 4046 sed
2836 3991 3080 4047 humani
3137 3993 3360 4049 erroris
3409 3987 3821 4065 praesumptione,

2235 4097 2352 4152 qua
2393 4080 2504 4150 (40)
2532 4079 2786 4134 haeretici
2816 4079 3287 4138 essevoluerunt.
3317 4082 3384 4137 Et
3406 4082 3463 4137 in
3493 4080 3682 4153 primis
3711 4073 3818 4130 illud

1759 4178 2069 4240 Gallandii
2099 4178 2608 4242 commentarius.

480 4271 662 4339 ditus,
697 4284 872 4324 unam
897 4266 1076 4335 hujus
1096 4265 1253 4320 vocis
1267 4264 1756 4339 signiﬁcationem
1772 4266 2126 4338 frequentio-

480 4359 600 4400 rem
627 4337 1276 4410 sttendensfropensus
1299 4337 1455 4392 enim
1488 4337 1844 4410 quandoque
1873 4340 2130 4395 sumitur

523 4431 584 4470 ro
605 4418 825 4470 extenso
860 4427 872 4467 :
907 4427 1022 4483 quo
1049 4408 1227 4466 sensu
1266 4409 1360 4465 hic
1391 4408 1648 4464 sumitur
1700 4425 1734 4465 a
1788 4411 2126 4468 Novatiano.

481 4432 640 4542 Pera.
673 4490 782 4540 sat.
817 4485 860 4542 Ι.
892 4499 1040 4539 vers.
1071 4482 1181 4537 57:

528 4503 640 4543 ers.
673 4490 782 4540 sat.
817 4485 860 4552 Ι,
892 4482 1040 4539 vers.
1071 4482 1181 4537 57:

1349 4551 1477 4600 Cum
1495 4551 1620 4608 tibi.
1651 4551 1816 4600 calve.

574 4617 790 4680 Pinguis
819 4615 1152 4679 aqualiculus
1187 4628 1455 4678 propenso
1471 4614 1787 4678 sesquipede
1817 4619 2003 4667 exstet.

485 4698 545 4755 Id
578 4703 706 4752 est:
740 4697 883 4752 Cum
927 4693 1289 4750 abundantia
1344 4694 1603 4748 ciborum
1655 4695 1890 4765 pinguis
1939 4695 2042 4766 sis,
2076 4699 2133 4751 et

488 4778 748 4826 ventrem
782 4767 998 4821 habeas
1029 4766 1182 4820 ultra
1211 4781 1309 4819 sex
1341 4766 1518 4836 pedes
1553 4771 1880 4821 extensum.

561 4843 673 4908 (32)
705 4841 1001 4894 Promitur.
1037 4839 1119 4891 ita
1165 4843 1314 4890 recte
1361 4836 1804 4904 Welchmanus,
1850 4855 2020 4908 quem
2054 4854 2136 4892 se-

493 4917 692 4986 quitur
722 4918 778 4986 et
807 4910 1150 4986 lacksgnus,
1179 4924 1280 4986 pro
1297 4908 1458 4986 editt.
1491 4910 1848 4986 promittitur.

563 4986 674 5054 (33)
704 4985 764 5040 Si
793 4998 937 5038 unus
970 4981 1132 5054 Deus:
1169 4979 1259 5032 Sic
1309 4995 1369 5033 se
1409 4977 1602 5054 habet
1658 4980 1832 5054 editio
1872 4977 2136 5054 Pamelii,

493 5049 669 5130 quam
715 5054 987 5130 exscribit
1014 5051 1358 5130 Jacksonus.
1409 5049 1644 5130 Veteres
1683 5051 1819 5130 editi
1873 5051 2137 5130 :S‘iunus

495 5121 746 5184 Christus
779 5125 1031 5179 Christus
1061 5132 1269 5185 autem,
1302 5125 1435 5187 etc.,
1486 5128 1664 5192 atque
1713 5122 1886 5177 istam
1942 5121 2140 5177 lectio-

495 5217 628 5256 nem
662 5195 906 5253 retinuit
940 5194 1377 5248 Welchmanus.

565 5272 680 5341 (34}
713 5270 806 5322 Est
838 5267 1034 5320 Filius.
1071 5266 1195 5341 Pro
1245 5272 1323 5318 est
1360 5262 1680 5341 legendum
1731 5261 1974 5341 omnino
2000 5267 2139 5334 puto

495 5334 580 5409 er,‘
605 5348 669 5396 ut
700 5342 847 5394 bene
881 5337 1151 5408 procedat
1181 5340 1612 5409 argumentum.
1653 5334 1824 5409 Paulo
1852 5339 1986 5406 post
2036 5351 2141 5406 pro

498 5405 565 5468 ac
593 5416 643 5466 si
676 5405 910 5465 mallem
942 5413 998 5462 at
1029 5411 1076 5462 si
1107 5426 1120 5463 ε
1155 5405 1434 5463 εθόήἱιιὶι
1467 5412 1653 5462 muto.
1686 5405 1962 5461 JACKSON.

571 5487 684 5554 (35)
715 5485 774 5536 Et
803 5482 1146 5554 novissimus.
1193 5478 1487 5534 Excidisse
1535 5478 1766 5554 videtur
1793 5493 1912 5548 ego,
1946 5476 2145 5554 legen-

502 5547 1262 5626 dumquecumJacksono,
1296 5558 1348 5605 et
1401 5564 1498 5618 ego
1527 5551 1855 5606 novissimus
1873 5547 1902 5604 :'
1926 5552 1991 5604 ut
2012 5547 2147 5604 'ha-

501 5629 644 5687 bent
666 5622 813 5682 'Heb.
841 5624 981 5696 LXX
1014 5630 1070 5678 et
1103 5622 1272 5696 Vulg.

575 5701 683 5794 (36)
713 5699 806 5757 Sic
824 5691 1256 5773 Scripturarum}
1281 5697 1368 5750 Ita
1395 5691 1689 5751 Pamelius
1717 5691 1954 5767 aliique.
1985 5691 2148 5751 Unus

2163 4483 2211 4548 D

2241 4267 2666 4342 Welchmanus
2725 4266 2881 4342 hunc
2911 4265 3104 4342 locum
3135 4267 3219 4342 sic
3258 4267 3400 4342 legit
3429 4283 3493 4324 ac
3521 4260 3817 4342 distinguit:

2238 4338 2300 4413 S_i
2319 4339 2736 4413 Scripturqrum
2763 4339 3064 4394 caelestium
3090 4331 3557 4413 nullamvpartem
3589 4331 3821 4410 pra’lerirt

2237 4411 2550 4482 debemus?
2578 4409 2772 4482 Minus
2790 4417 2962 4482 recte,
2987 4416 3050 4466 ut
3066 4411 3320 4466 videtur.

2311 4482 2426 4550 (37]
2449 4481 2750 4551 Siquidem.
2775 4478 3231 4551 Legit'Latinius
3262 4483 3489 4538 scilicet.
3512 4481 3610 4536 Sed
3631 4478 3818 4551 frustra.

2241 4543 2385 4608 Nam
2406 4543 2983 4622 'vox'siquidemidem
3000 4560 3088 4610 est
3110 4555 3431 4620 interdum,
3461 4552 3603 4624 quod
3626 4543 3819 4624 quando‘

2241 4617 2662 4697 quidemrquo
2708 4640 2884 4697 sensu
2947 4626 3168 4697 optime
3226 4617 3495 4696 congruit
3545 4617 3664 4678 huic
3712 4617 3819 4697 loco:

2241 4682 2437 4751 Cicero
2472 4698 2493 4747 Ι
2525 4682 2698 4750 Τῖιεο.
2739 4696 2765 4768 1
2800 4682 3301 4768 :Antiquissimum
3338 4682 3558 4751 Edoctis
3603 4682 3822 4768 genuset?

2242 4766 2857 4839 poetarumzsiquidem
2879 4760 3157 4839 Homerus
3185 4771 3298 4838 fuit
3353 4773 3404 4823 et
3437 4760 3822 4839 Hesiodus,_mftt

2244 4826 2474 4893 'Itomam
2505 4826 2798 4893 conditam.
2832 4838 3011 4907 Idem,
3037 4840 3139 4894 lib.
3176 4826 3253 4900 fx.
3288 4839 3466 4910 Epist.
3503 4839 3563 4891 12
3585 4853 3596 4888 :
3618 4826 3822 4910 Grutulqr

2244 4911 2400 4966 Baiis
2430 4911 2633 4964 nostris
2661 4927 2679 4963 :
2707 4898 3010 4980 siquidem,
3035 4921 3094 4967 ut
3121 4898 3348 4978 scribis;
3371 4910 3605 4965 salubres
3649 4898 3822 4972 repet!“

2270 4985 2401 5037 acta:
2417 4983 2564 5036 sunt.

2245 4985 2401 5054 facite
2417 4985 2564 5036 sunt.

2319 5054 2431 5123 (38)
2463 5051 2618 5120 Apud
2646 5051 2838 5124 Deum.
2873 5054 2957 5107 Ita
2978 5053 3388 5124 rescripsimus
3418 5066 3542 5105 cum
3561 5045 3818 5124 Jacks‘ouo:

2248 5112 2534 5194 Ed‘iti'pro
2593 5122 2747 5194 apud
2798 5125 2972 5179 Deum
3022 5112 3240 5179 habent
3287 5129 3435 5178 Deus
3456 5138 3478 5183 ,'
3505 5125 3661 5189 atque
3709 5112 3820 5166 hanc

2249 5195 2559 5250 lectionem
2582 5196 2866 5265 expressit
2897 5195 3332 5251 Welchmanus.

2322 5267 2438 5337 (39)
2489 5257 2886 5338 Disputatione.
2950 5268 3278 5338 Legendum
3341 5267 3498 5336 putat
3527 5257 3818 5338 ‘JackgOtl-llf

2251 5329 2632 5408 disliositimze.
2671 5337 2765 5392 Sic
2795 5339 2949 5394 enim
2980 5329 3240 5410 lovquitur
3260 5329 3499 5410 ipsemet
3521 5329 3817 5410 ‘Noy'alitlmff

2254 5401 2552 5480 superiore
2606 5424 2734 5479 cap.
2780 5412 2882 5480 715,
2941 5401 3072 5465 sub.
3105 5401 3301 5474 ﬁnem,
3383 5405 3477 5460 ubi
3517 5401 3817 5480 legimule

2255 5458 2891 5553 assesasses;
2912 5458 3543 5553 mansisses.
3559 5458 3708 5553 Paulo
3720 5458 3820 5553 ρεει

2256 5551 2409 5608 idem
2437 5551 2624 5607 editor
2654 5541 3011 5623 Anglicanus
3044 5541 3351 5622 rescripsit
3373 5547 3609 5604 credetur
3631 5552 3715 5611 pro
3737 5541 3821 5587 ενδ·

2255 5623 2450 5680 demur
2470 5624 2918 5694 praecedentium
2950 5625 3291 5681 editionum.

2327 5671 2444 5771 ξιίὃ)
2470 5671 3379 5772 calvai'esiat‘iagamea,
3422 5702 3556 5767 quos
3606 5671 3821 5758 sequitur
