4102 6180
297 402 412 464 977

1571 411 1801 471 LIBER
1849 410 1946 468 DE
1991 407 2448 469 TltINITA’l‘E.

3607 406 3726 465 978

297 536 754 606 retorquendam
789 535 848 593 in
902 537 1012 595 isto
1053 539 1151 612 qui
1201 541 1452 598 duorum
1505 543 1672 598 nobis
1709 551 1954 598 Deorum
1987 546 2040 609 Α
2072 547 2182 608 tor,
2208 538 2368 595 solus
2393 539 2676 611 originem
2704 540 2990 605 nesciens,
3016 535 3348 604 invisibilis,
3381 535 3726 594 immensus,

297 624 750 682 controversiam
777 626 962 684 facere
977 635 1358 702 pressumunt.
1385 631 1678 704 Scriptum
1701 633 1952 704 estquod

297 728 511 785 negare
560 730 676 770 non
727 723 997 788 possunt,
1050 719 1324 790 quoniam
1373 737 1517 775 unus
1569 724 1647 776 est
1697 723 1958 776 Dominus

296 801 476 873 (Deut.
508 819 582 870 vr,
618 805 688 871 4;
739 806 937 876 Ephes.
989 824 1063 877 1v,
1111 809 1184 879 5).
1237 813 1313 864 De
1362 809 1588 865 Christo
1637 826 1772 882 ergo
1816 809 1955 880 quid

299 889 949 949 sentiunt?Dominum
995 911 1142 964 esse,
1197 901 1297 952 aut
1345 897 1512 953 illum
1561 899 1799 954 omnino
1842 915 1956 953 non

295 993 425 1033 esse
456 979 563 1049 (41)
593 983 615 1035 P
642 981 752 1036 Sed
802 983 1114 1039 Dominum
1146 984 1311 1040 illum
1365 989 1602 1042 omnino
1635 1005 1749 1042 non
1783 988 1958 1042 dubi-

296 1070 462 1122 tant:
515 1084 651 1141 ergo
700 1070 748 1124 si
798 1088 934 1127 vera
982 1078 1071 1128 est
1120 1073 1352 1130 illorum
1415 1077 1803 1147 ratiocinatio,
1830 1077 1954 1147 jam

295 1155 411 1211 duo
444 1161 584 1212 sunt
617 1159 864 1214 Domini.
922 1163 1222 1227 Quomodo
1253 1164 1431 1236 igitur
1470 1165 1596 1235 jam
1631 1167 1954 1222 secundum

293 1243 646 1317 Scripturas,
693 1264 848 1304 unus
890 1253 978 1306 est
1029 1251 1316 1308 Dominus
1367 1254 1520 1325 (42)?
1568 1255 1672 1309 Et:
1708 1254 1960 1325 Magister

293 1349 439 1389 unus
468 1334 692 1396 (Matth.
726 1355 886 1406 xxm,
920 1340 974 1406 8,
1009 1341 1090 1411 10)
1125 1340 1389 1397 Christus
1438 1346 1525 1399 est
1554 1343 1769 1410 dictus,
1805 1348 1954 1398 atta-

296 1438 430 1478 mea
462 1422 738 1496 legimus,
788 1428 942 1499 quod
995 1429 1274 1502 Magister
1314 1431 1392 1486 sit
1439 1431 1612 1487 etiam
1659 1431 1957 1504 apostolus

299 1510 519 1568 Paulus
549 1513 621 1584 (ΙΙ
673 1516 807 1571 Tim.
841 1534 879 1588 ι,
925 1518 1032 1588 11).
1067 1518 1192 1574 Non
1231 1536 1366 1591 ergo
1407 1521 1532 1592 jam
1583 1539 1738 1577 unus
1778 1521 1959 1594 Magi-

299 1605 458 1657 ster:
492 1603 639 1659 duos
678 1604 835 1660 enim
866 1606 1174 1679 Magistros
1220 1611 1541 1665 secundum
1593 1611 1704 1666 ista
1733 1610 1961 1683 colligi-

299 1707 451 1745 mus.
490 1691 789 1755 Quomodo
841 1694 1022 1767 igitur
1067 1699 1394 1753 secundum
1443 1699 1772 1772 Scriptura:
1816 1717 1960 1755 unus

300 1779 556 1851 Magister
587 1781 835 1840 Christus
855 1787 881 1838 .9
931 1787 1077 1842 Unus
1119 1785 1178 1841 in
1229 1787 1545 1859 Scripturis
1576 1789 1746 1844 bonus
1773 1790 1962 1846 dictus

297 1876 382 1925 est
441 1875 585 1926 Deus
643 1872 851 1943 (Matth.
928 1892 1044 1943 xm,
1109 1876 1211 1943 17;
1291 1880 1471 1932 Marr.
1547 1895 1601 1949 χ,
1664 1879 1767 1949 18;
1829 1880 1955 1934 Luc.

294 1975 456 2026 xvm,
510 1960 634 2032 19);
695 1962 796 2018 sed
853 1962 1059 2019 iisdem
1123 1966 1227 2035 (43)
1283 1964 1342 2020 ἱη
1401 1965 1717 2038 Scripturis
1768 1967 1953 2023 bonus

293 2046 470 2103 etiam
525 2047 790 2106 Christus
847 2051 1074 2123 positus
1133 2057 1240 2109 est.
1291 2053 1417 2109 Non
1473 2053 1672 2127 igitur,
1707 2055 1756 2110 si
1804 2061 1955 2111 recte

295 2135 601 2211 colligunt,
636 2155 790 2195 unus
840 2140 1051 2210 bonus,
1088 2142 1187 2197 sed
1237 2143 1413 2198 etiam
1445 2144 1558 2199 duo
1612 2144 1766 2200 boni.
1800 2146 1955 2210 Quo-

298 2226 472 2281 modo
505 2227 688 2299 igitur
720 2231 1042 2285 secundum
1093 2231 1525 2304 Scripturarum
1558 2234 1753 2304 ﬁdem,
1804 2251 1958 2288 unus

297 2315 494 2372 bonus
519 2333 646 2372 esse
678 2319 972 2373 refertur?
1002 2321 1073 2374 At
1118 2321 1163 2374 si
1207 2322 1313 2392 (44)
1366 2339 1481 2377 non
1530 2326 1737 2394 putant
1769 2322 1960 2395 aliqua

299 2405 529 2460 ratione
559 2406 711 2462 ofﬁci
744 2424 914 2479 posse
940 2409 990 2464 ei
1019 2411 1170 2481 quod
1205 2428 1360 2466 unus
1408 2412 1692 2468 Dominus
1718 2418 1826 2484 est,
1861 2431 1962 2486 per

300 2493 359 2548 id
396 2496 552 2566 quod
586 2501 673 2550 est
701 2496 988 2553 Dominus
1019 2503 1075 2553 et
1122 2499 1426 2569 Christus;
1479 2518 1668 2573 neque
1715 2502 1767 2558 ei
1805 2503 1960 2574 quod

304 2601 462 2639 unus
495 2588 582 2640 est
611 2585 906 2659 Magister,
958 2604 1059 2659 per
1089 2587 1230 2644 illud
1285 2591 1438 2662 quod
1471 2595 1559 2645 est
1610 2593 1878 2664 Magister
1909 2595 1966 2647 et

305 2674 562 2730 Paulus:
597 2678 698 2730 aut
745 2675 829 2731 illi
878 2678 984 2749 (45)
1026 2679 1179 2750 quod
1227 2697 1379 2734 unus
1427 2681 1580 2736 9-19
1632 2686 1719 2737 est
1751 2682 1960 2752 bonus,

305 2781 409 2837 per
436 2762 578 2819 illud
611 2765 765 2837 quod
808 2766 998 2822 bonus
1046 2768 1123 2823 sit
1154 2774 1524 2841 nuncupatus
1571 2775 1628 2825 et
1656 2770 1959 2826 Christus:

303 2854 507 2909 eadem
544 2853 766 2909 ratione
817 2853 1145 2928 intelligant
1193 2858 1344 2913 offici
1397 2875 1510 2913 non
1563 2875 1733 2931 posse
1765 2859 1962 2916 abillo

305 2943 461 3015 quod
496 2959 650 2998 unus
680 2948 769 2998 est
799 2943 952 2999 Deus
980 2945 1030 3016 (4
1072 2948 1110 3018 ),
1145 2949 1200 3002 et
1232 2949 1386 3019 quod
1432 2953 1583 3004 Dens
1615 2950 1962 3021 pronuntia-

301 3036 402 3087 tus
430 3035 516 3087 est
548 3035 606 3088 et
644 3031 929 3090 Christus.

897 3122 1124 3180 CAPUT
1166 3123 1359 3180 XXXI.

301 3207 406 3263 Sed
466 3209 560 3264 Dei
613 3208 816 3265 Filium
871 3211 1063 3279 Deum,
1123 3228 1190 3268 ex
1246 3215 1348 3270 Deo
1400 3215 1570 3271 Patre
1625 3218 1693 3270 ab
1758 3225 1960 3274 aeterno

1988 1917 2036 1981 B

2068 631 2442 702 immortalis,
2497 635 2768 695 internus,
2833 647 2985 685 unus
3045 635 3233 696 Deus;
3311 629 3482 699 cujus
3541 646 3731 702 neque

2069 721 2482 794 magnitudini,
2519 736 2707 792 neque
2739 721 3052 791 majestati,
3091 735 3279 791 neque
3325 718 3522 774 virtuti
3556 720 3728 792 quid-

2068 827 2241 883 quam
2270 826 2382 865 nou
2416 808 2659 866 dixerim
2690 808 2966 882 praeferri,
3002 809 3102 863 sed
3135 822 3239 864 nec
3270 809 3593 880 comparari
3626 826 3726 882 po-

2065 904 2177 955 test
2208 899 2341 973 (47).
2375 899 2454 954 Ex
2505 915 2640 971 quo,
2691 899 2925 970 quando
2972 899 3093 970 ipse
3142 897 3342 969 voluit,
3399 898 3600 955 Sermo
3629 899 3726 954 Fi-

2063 989 2179 1044 lius
2209 993 2384 1044 natus
2415 994 2541 1046 est;
2577 987 2677 1060 qui
2710 1004 2824 1043 non
2857 977 2914 1042 in
2948 1004 3089 1042 sono
3119 986 3381 1059 percussi
3423 988 3594 1055 aeris,
3627 994 3727 1044 aut

2066 1083 2201 1134 tono
2233 1081 2440 1134 coactas
2475 1079 2546 1133 de
2596 1077 2917 1133 visceribus
2970 1076 3125 1131 vocis
3177 1075 3499 1148 accipitur;
3532 1078 3632 1133 sed
3667 1077 3724 1132 in

2067 1167 2398 1223 substantia
2430 1165 2664 1238 prolata:
2693 1183 2726 1220 a
2762 1167 2870 1221 Deo
2897 1164 3127 1220 virtutis
3149 1165 3485 1237 agnoscitur
3511 1183 3522 1220 :
3557 1167 3727 1236 cujus

2066 1274 2242 1312 sacra:
2274 1261 2330 1312 et
2379 1256 2584 1311 divina:
2634 1254 2954 1310 nativitatis
3003 1271 3215 1309 arcana
3263 1270 3367 1309 nec
3415 1255 3726 1326 Apostolus

2067 1345 2404 1413 didicit,nec
2440 1344 2750 1416 Prophetes
2782 1344 3083 1414 comperit,
3114 1359 3218 1399 nec
3250 1343 3506 1415 Angelus
3539 1345 3728 1400 scivit.

2067 1450 2172 1489 nec
2203 1439 2470 1489 creatura
2501 1432 2770 1505 cognovit
2797 1451 2808 1500 ;
2848 1431 2989 1486 Filio
3019 1429 3126 1486 soli
3156 1435 3294 1485 nota
3325 1435 3466 1486 sunt
3498 1431 3600 1502 qui
3631 1435 3731 1486 Pa-

2068 1524 2175 1579 tris
2207 1528 2432 1579 secreta
2457 1522 2727 1594 cognovit
2755 1547 2768 1590 ;
2806 1520 2909 1576 Hic
2942 1537 3100 1593 ergo,
3155 1536 3290 1575 cum
3323 1521 3400 1575 sit
3430 1521 3667 1593 genitus
3699 1539 3733 1577 a

2068 1617 2258 1683 Patre,
2291 1628 2523 1684 semper
2553 1615 2642 1667 est
2675 1611 2733 1665 in
2765 1611 2950 1666 Patre.
2975 1609 3216 1681 Semper
3246 1614 3442 1664 autem
3471 1609 3554 1667 sic
3578 1609 3730 1679 dico,

2070 1706 2134 1756 ut
2164 1718 2277 1757 non
2313 1701 2604 1766 innatum,
2639 1701 2740 1756 sed
2784 1703 2985 1755 natum
3037 1699 3296 1771 probem.
3329 1699 3437 1754 Sed
3471 1698 3567 1770 qui
3600 1703 3732 1753 ante

2071 1806 2242 1846 omne
2273 1795 2506 1861 tempus
2537 1794 2646 1857 est,
2683 1805 2914 1860 semper
2947 1789 3004 1842 in
3037 1792 3205 1843 Patre
3236 1787 3417 1843 fuisse
3447 1787 3730 1843 dicendus

2072 1883 2197 1936 est:
2227 1895 2332 1935 nec
2362 1880 2518 1934 enim
2552 1883 2782 1949 tempus
2813 1876 2899 1932 illi
2929 1876 3216 1947 assignari
3241 1879 3450 1946 potest,
3485 1875 3584 1947 qui
3625 1893 3728 1931 an-

2067 1974 2122 2025 te
2153 1973 2386 2040 tempus
2417 1970 2524 2022 est.
2547 1970 2786 2038 Semper
2815 1965 2972 2021 enim
2996 1965 3054 2020 in
3085 1969 3252 2020 Patre
3281 1981 3295 2022 z
3322 1981 3392 2020 ne
3419 1965 3585 2020 Pater
3610 1982 3728 2020 non

2067 2075 2298 2131 semper
2328 2057 2405 2113 sit
2449 2058 2654 2112 Pater:
2707 2057 2818 2128 (48)
2849 2055 2988 2127 quin
3039 2061 3095 2116 et
3136 2054 3302 2110 Pater
3351 2053 3517 2110 illum
3551 2055 3723 2110 etiam

2068 2149 2348 2221 (quadam
2381 2146 2623 2217 ratione)
2663 2144 2954 2218 praecedit,
3008 2144 3163 2214 quod
3215 2159 3450 2200 necesse
3497 2147 3586 2199 est
3618 2145 3729 2215 (49)

2069 2235 2546 2309 (quodammodo)
2620 2234 2778 2306 prior
2841 2233 2920 2288 sit
2993 2249 3107 2303 qua
3185 2236 3351 2287 Pater
3425 2232 3520 2287 sit.
3579 2233 3730 2296 Quo-

2071 2326 2227 2380 niam
2261 2323 2479 2396 (aliquo
2514 2323 2702 2394 pacto)
2734 2323 3039 2378 antecedat
3066 2337 3302 2376 necesse
3348 2325 3436 2376 est
3465 2337 3597 2376 eum
3630 2329 3732 2393 qui

2069 2414 2245 2469 habet
2275 2412 2583 2484 originem,
2614 2411 2711 2465 ille
2744 2411 2844 2482 qui
2884 2410 3169 2482 originem
3203 2410 3407 2465 nescit.
3451 2409 3639 2464 Simul
3673 2408 3737 2465 ut

2072 2501 2167 2559 hic
2191 2502 2383 2556 minor
2408 2501 2504 2568 sit,
2529 2500 2669 2555 dum
2688 2499 2747 2554 in
2765 2500 2861 2556 illo
2883 2515 3011 2555 esse
3035 2499 3164 2570 scit,
3182 2499 3403 2554 habens
3427 2498 3773 2588 originem,[

2073 2590 2210 2662 quia
2252 2590 2513 2645 nascitur
2560 2589 2712 2660 (50);
2765 2593 2822 2643 et
2877 2604 2976 2660 per
3022 2588 3250 2643 Patrem
3303 2588 3734 2659 quodammodo

2073 2679 2536 2753 (quamvis950
2568 2678 2852 2750 originem
2897 2677 3071 2733 habet
3115 2695 3230 2748 qua
3281 2677 3561 2749 nascitur)
3593 2678 3732 2732 vici-

2073 2787 2184 2824 nus
2233 2768 2344 2840 (51)
2376 2769 2434 2822 in
2467 2767 2788 2831 nativitate,
2822 2767 2961 2821 dum
3012 2782 3079 2820 ex
3109 2783 3174 2821 eo
3214 2770 3382 2821 Patre
3425 2765 3524 2836 qui
3556 2767 3732 2838 origi-

2073 2874 2204 2912 nem
2229 2857 2389 2912 solus
2424 2873 2536 2911 non
2560 2855 2752 2922 habet,
2776 2854 3056 2910 nascitur.
3087 2854 3184 2909 llic
3205 2870 3340 2926 ergo
3373 2854 3606 2926 quando
3628 2855 3761 2914 Pa-I

2070 2952 2160 3002 ter
2188 2945 2386 3013 voluit,
2422 2943 2706 3017 processit
2735 2959 2803 2998 ex
2851 2944 3050 2999 Patre:
3101 2947 3158 2998 et
3186 2943 3283 3014 qui
3314 2943 3374 2997 in
3398 2943 3564 2998 Patre
3594 2943 3725 3013 fuit,

2071 3035 2355 3109 processit
2380 3051 2446 3090 ex
2478 3035 2679 3089 Patre:
2713 3036 2770 3088 et
2790 3032 2887 3104 qui
2919 3032 2975 3086 in
3009 3036 3176 3088 Patre
3209 3031 3336 3100 fuit,
3369 3031 3508 3104 quia
3527 3049 3595 3088 ex
3613 3033 3726 3089 Pa-

2069 3130 2156 3181 tre
2182 3124 2312 3195 fuit,
2346 3140 2480 3179 cum
2513 3124 2678 3178 Patre
2709 3121 3083 3194 postmodum
3114 3121 3243 3192 fuit,
3294 3121 3431 3193 quia
3460 3138 3528 3177 ex
3559 3122 3724 3178 Patre

2075 3213 2357 3288 processit
2385 3231 2396 3269 :
2431 3211 2764 3268 substantia
2793 3210 3016 3266 scilicet
3046 3209 3149 3266 illa
3187 3211 3399 3280 divina,
3428 3213 3599 3282 cujus
3630 3229 3732 3268 no-

369 3285 588 3346 natum,
619 3283 716 3351 qui
760 3297 971 3374 semper
1017 3278 1076 3339 in
1102 3289 1292 3374 .Pqtre
1336 3287 1472 3357 fuit,
1513 3288 1815 3374 secundani
1840 3306 1963 3360 per-

2082 3278 2206 3359 ineu
2243 3306 2330 3358 est
2359 3301 2635 3367 Verbum,
2672 3318 2772 3373 per
2804 3301 2959 3374 quod
2982 3301 3130 3356 facta
3164 3303 3302 3355 sunt
3325 3278 3541 3372 omnia,
3574 3304 3631 3356 et
3662 3301 3738 3357 si-

371 3367 566 3426 sonam
593 3367 708 3408 esse
735 3369 769 3426 ᾳ
795 3355 982 3422 Patre,
1015 3358 1112 3426 qui
1137 3356 1286 3412 nihil
1329 3355 1457 3426 agat
1505 3361 1626 3414 sine
1655 3355 1960 3416 Patris'ar-

379 3423 558 3503 tyrio;
606 3424 854 3503 eumdem
895 3429 945 3482 et
991 3423 1404 3503 Dominum,_et
1452 3431 1726 3503 Angelum
1770 3435 1963 3503 magni

379 3495 481 3574 Dei
507 3497 746 3564 consilii,
767 3499 837 3574 in
864 3513 1035 3574 quem
1053 3500 1237 3574 Patris
1278 3495 1557 3557 divinitas
1575 3519 1677 3574 per
1703 3495 1965 3560 substan-

379 3568 474 3624 tia:
501 3569 942 3625 communionem
969 3572 1040 3625 sit
1060 3571 1291 3626 tradita.

379 3655 484 3711 Est
511 3671 648 3728 ergo
681 3659 829 3712 Deus
862 3660 1031 3714 Pater
1072 3659 1338 3716 omnium
1388 3660 1692 3718 iustitutor
1717 3665 1775 3718 et
1804 3678 1968 3718 crea-

2078 3409 2149 3448 ue
2173 3408 2288 3464 quo
2323 3391 2539 3446 factum
2571 3394 2659 3446 est
2706 3389 2872 3444 nihil.
2920 3388 3128 3444 Omnia
3174 3388 3330 3443 enim
3380 3393 3512 3460 post
3539 3390 3736 3462 ipsum

2078 3485 2239 3550 sunt,
2273 3480 2411 3552 quia
2441 3496 2542 3552 per
2576 3478 2773 3551 ipsum
2808 3483 2963 3534 sunt.
2998 3479 3066 3533 Et
3098 3477 3306 3533 merito
3338 3477 3460 3550 ipse
3491 3483 3579 3533 est
3608 3480 3743 3533 ante
3791 3505 3801 3544 δ

2078 3570 2296 3638 omnia,
2346 3569 2451 3625 sed
2501 3573 2634 3639 post
2681 3569 2914 3623 Patrem
2964 3568 3098 3639 (52),
3143 3567 3378 3639 quando
3429 3581 3532 3638 per
3577 3565 3746 3622 illum

2078 3659 2228 3715 facta
2258 3662 2397 3715 sunt
2445 3657 2681 3726 omnia;
2734 3655 2832 3728 qui
2883 3655 3168 3728 processit
3215 3672 3283 3712 ex
3331 3672 3418 3728 eo,
3462 3671 3530 3712 ex
3573 3656 3745 3727 cujus

1589 3788 1904 3849 Gallandii
1929 3785 2441 3849 commentarius.

306 3894 759 3974 Welcbmanus.
811 3898 923 3955 Sed
958 3917 1065 3974 qua
1113 3905 1202 3956 est
1244 3899 1573 3974 lectiorms.
1606 3902 1908 3974 Anglicani
1943 3920 1975 3958 a

310 3968 571 4046 Pamelio
604 3971 896 4046 restituta,
929 3968 986 4046 et
1014 3972 1160 4046 bene
1204 3973 1473 4043 congruit
1502 3990 1637 4029 cum
1666 3968 1972 4046 pi'aesump-

304 4045 478 4111 tione,
515 4043 582 4095 ut
612 4041 718 4098 rite
749 4043 997 4098 advertit
1019 4041 1370 4100 Jacksouus.
1403 4046 1408 4051 ’

379 4113 496 4188 (41.)
527 4113 1172 4188 DominumExistimat
1196 4115 1613 4171 Welchmanus
1641 4114 1972 4188 legendum.

308 4182 624 4260 Dominum
677 4201 792 4260 esse
835 4186 1021 4260 illum,
1071 4193 1171 4242 aut
1210 4189 1444 4260 omnino
1494 4205 1604 4244 non
1636 4182 1789 4250 esse;
1820 4189 1974 4260 quod

309 4255 551 4328 quidem
587 4257 869 4326 probatur
899 4259 1072 4311 etiam
1103 4259 1409 4313 Jacksono.

383 4328 491 4398 (42)
530 4328 795 4382 Dominus
815 4328 843 4383 ?
873 4331 939 4383 Et
961 4329 1218 4398 Magister
1236 4347 1380 4386 unus
1404 4331 1651 4386 Christus
1676 4336 1756 4385 est
1778 4331 1973 4386 dictus.

307 4398 395 4453 Ita
430 4397 744 4474 leguntac
793 4399 1166 4474 distinguunt
1217 4403 1468 4458 editores
1514 4402 1841 4474 Anglicani.
1887 4403 1974 4458 Al.

311 4471 579 4525 Dominus
607 4473 657 4542 et
688 4473 950 4542 Magister
979 4489 1120 4526 unus
1153 4473 1406 4529 Christus
1434 4471 1638 4529 dictus;

387 4542 492 4611 (43)
544 4541 903 4600 Iisdem/Sic
955 4548 1106 4599 recte
1153 4544 1576 4600 Welchmanus
1626 4561 1756 4600 cum
1805 4545 1976 4600 Jack-

313 4628 475 4668 sono.
501 4612 589 4668 Al.
620 4613 790 4668 Idem.

386 4653 868 4758 (ξάίιλιμξῖίωῐῐα
926 4689 1147 4758 veteres
1203 4685 1364 4754 editi,
1426 4686 1640 4758 quibus
1697 4653 2055 4742 acceduntD

309 4753 736 4810 Welchmanus
768 4762 825 4811 et
851 4757 1199 4812 Jacksouus.

383 4827 498 4898 (45)
532 4827 638 4882 Aut
687 4827 794 4882 illi.
847 4827 977 4884 Haec
1026 4833 1114 4883 est
1162 4828 1328 4883 lectio
1384 4827 1601 4884 Gelenii
1651 4833 1708 4883 et
1738 4829 1979 4884 Pamelii

311 4913 380 4972 eg;
420 4914 542 4972 ms.
605 4899 868 4954 Britann.
931 4915 1107 4972 quam
1187 4900 1458 4972 sequitur
1507 4901 1854 4956 Jacksouus.
1916 4903 1982 4955 At

312 4968 733 5043 Welchmanus
791 4986 860 5024 ex
917 4968 1190 5043 Gagneo,
1249 4968 1422 5042 neque
1454 4973 1564 5026 illi.
1626 4971 1802 5028 Paulo
1850 4975 1981 5043 post

306 5039 642 5114 Jacksonus
672 5039 1098 5114 legereimal‘let
1128 5051 1209 5098 est
1233 5039 1633 5114 nuncupatum,
1668 5049 1732 5098 ut
1760 5045 1819 5098 in
1852 5039 1982 5098 reli-

311 5111 446 5184 quis
478 5112 654 5168 habet
681 5111 1065 5169 Novatianus.

381 5183 495 5252 (46)
524 5184 601 5240 Ab
647 5185 746 5240 illo
775 5186 914 5254 quod
951 5201 1097 5241 unus
1125 5187 1202 5240 est
1248 5186 1407 5241 Deus.
1444 5185 1536 5241 Sic
1579 5202 1782 5240 omnes
1813 5186 1976 5252 editi,

309 5259 524 5325 praeter
555 5272 739 5310 unum
773 5256 1344 5330 Welcbmanianum,
1374 5258 1471 5312 ubi
1503 5257 1734 5329 legitur,
1758 5259 1810 5312 ei
1840 5257 1981 5330 quod

309 5342 454 5381 unus
484 5330 564 5398 est
595 5331 745 5382 Deus
772 5343 869 5397 per
897 5328 996 5383 hac
1021 5328 1166 5398 quod
1197 5333 1364 5384 Deus.

381 5397 498 5468 (47)
533 5399 616 5471 Ea:
642 5415 746 5470 quo
776 5399 994 5471 quando
1031 5397 1157 5471 ipse
1185 5401 1376 5455 voluit.
1423 5400 1586 5455 Hunc
1631 5399 1822 5455 locum
1858 5399 1976 5471 ple-

381 5417 498 5468 (1H)
533 5417 616 5454 ea:
642 5417 746 5470 quo
811 5417 994 5454 uanao
1045 5417 1157 5471 ipse
1185 5417 1376 5455 vomu.
1423 5417 1586 5455 nunc
1632 5417 1822 5455 locum
1858 5417 1976 5471 pie-

312 5468 450 5542 nius
480 5417 838 5542 edisserit
893 5470 1238 5542 Hippolytus
1282 5479 1475 5527 contra
1514 5472 1758 5535 Noetum,
1793 5488 1845 5527 c.
1891 5472 1976 5538 11,

312 5541 472 5595 unde
505 5541 648 5596 forte
677 5542 792 5598 ista
840 5541 1144 5598 mutuatus
1194 5546 1282 5597 est
1331 5543 1703 5598 Novatiauus.
1749 5542 1977 5596 Videsis

313 5617 460 5686 _t_o_m_.
496 5611 541 5667 II
576 5618 787 5668 nostris
838 5613 1109 5669 Biblioth.
1157 5613 1262 5669 PP.
1303 5631 1436 5686 pag.
1487 5615 1612 5683 460,
1661 5617 1728 5678 A,
1760 5618 1815 5669 et
1847 5630 1976 5685 quas

309 5683 396 5739 ibi
426 5683 586 5739 fuere
615 5688 912 5740 aunotata.

390 5754 505 5827 (48)
534 5757 702 5827 Quin.
735 5755 822 5812 Ita
855 5755 1058 5830 legunt
1085 5759 1223 5813 vett.
1273 5755 1436 5814 editt.
1486 5769 1732 5824 eamque
1774 5754 1977 5813 lectio-

2087 3916 2221 3956 nem
2254 3898 2540 3971 expressit
2564 3903 2807 3970 uterque
2838 3898 3026 3953 editor
3045 3895 3428 3971 Anglicanus.
3458 3896 3746 3953 Pamelius

2087 3989 2156 4028 ex
2188 3989 2296 4026 ms.
2329 3970 2461 4026 ’cod.
2495 3971 2755 4025 Britann.
2789 3970 3085 4040 rescripsit
3115 3971 3266 4039 quia.

2157 4043 2272 4110 (49)
2322 4046 2602 4098 Pater.....
2656 4042 2941 4097 antecedat
2975 4037 3200 4096 necesse
3246 4041 3344 4094 est.
3395 4037 3528 4100 Quae
3564 4037 3746 4110 iuncis

2088 4109 2458 4178 inclusimus,
2492 4117 2739 4169 testatur
2767 4111 3061 4168 Pamelius
3109 4111 3370 4166 abfuisse
3411 4125 3444 4162 a
3475 4109 3600 4163 cod.
3633 4126 3743 4164 ms.

2084 4186 2308 4256 Anglic.
2326 4185 2544 4255 illaque
2567 4187 2822 4256 primum
2846 4183 3142 4238 addidisse
3165 4183 3480 4256 Gagnasum
3501 4179 3749 4252 explica-

2086 4252 2264 4312 tionis
2308 4252 2504 4319 causa,
2559 4252 2629 4311 ne
2676 4255 2905 4311 Arianis
2955 4252 3484 4309 videretur’favere
3523 4259 3744 4307 auctor.

2087 4330 2298 4384 Eadem
2333 4329 2507 4384 etiam
2544 4329 2834 4382 habentur
2856 4327 2914 4380 in
2939 4325 3191 4380 editione
3223 4322 3511 4389 Frobenii,
3546 4324 3751 4378 fortas-

2087 4417 2148 4455 se
2200 4418 2267 4456 ex
2327 4401 2593 4471 Gagnaao.
2673 4401 3043 4471 Quapropter
3104 4413 3172 4451 ea
3229 4411 3459 4471 quoque
3509 4394 3752 4471 r_eti_n_ui_t

2083 4466 2530 4526 Welchmarius.
2565 4471 2763 4540 Neque
2795 4466 2962 4524 aliter
2991 4469 3268 4522 Maranus
3299 4467 3476 4540 Divin.
3609 4467 3672 4521 Ν.
3697 4469 3746 4522 ,1.

2089 4544 2145 4597 C.
2183 4543 2282 4598 lib.
2322 4560 2398 4607 1v,
2434 4558 2560 4612 cap.
2599 4537 2684 4604 i9,
2715 4542 2742 4608 §
2771 4541 2824 4610 2,
2854 4556 2986 4611 pag.
3027 4540 3154 4593 518.
3187 4543 3260 4592 At
3301 4537 3503 4612 Dullus
3533 4539 3751 4612 Defegns.

2085 4615 2182 4684 ﬁd.
2217 4616 2330 4668 Nic.
2377 4608 2607 4680 secfm,
2657 4615 2685 4680 §
2734 4613 2788 4680 7,
2811 4608 2958 4683 pag:
3018 4612 3143 4680 2'22,
3198 4615 3254 4664 et
3295 4609 3624 4665 Jacksoaus
3653 4608 3755 4664 illa

2087 4684 2287 4740 omnia
2318 4685 2588 4739 omisere.

2161 4756 2272 4826 (59)
2305 4755 2601 4810 Simul.....
2636 4754 2732 4824 qui
2775 4754 3045 4821 originem
3075 4753 3221 4826 solus
3263 4768 3372 4807 non
3412 4752 3751 4826 habebatis-

2088 4821 2264 4881 citur.
2285 4827 2407 4881 Non
2445 4821 2742 4896 potuimus
2782 4841 2895 4879 non
2933 4823 3221 4896 (supplere
3268 4839 3337 4878 ex
3365 4839 3476 4877 ms.
3511 4821 3741 4892 Anglic.

2089 4898 2239 4953 hanc
2269 4895 2572 4969 periodum
2597 4902 2765 4951 antea
2782 4895 3175 4969 desideratam
3202 4913 3214 4950 :
3241 4897 3584 4969 quietamen
3608 4909 3745 4969 ceu:

2089 4975 2144 5025 te
2188 4963 2451 5039 legenda.
2508 4971 2715 5024 PAMEL.
2771 5000 2836 5008 ——
2867 4967 3146 5021 Eamdem
3198 4963 3500 5039 periodum
3553 4963 3752 5018 omisit

2090 5035 2524 5108 Welchmanus,
2553 5040 2807 5096 restituit
2851 5039 3179 5095 Jacksonus
3201 5035 3548 5092 ‘Pamelium
3582 5050 3748 5090 secu-

2090 5119 2206 5168 tus.

2161 5183 2272 5255 (51)
2307 5184 2547 5240 Vicinus.
2570 5181 2676 5255 (Sic
2706 5181 2997 5236 Pamelius
3023 5196 3098 5255 ex
3145 5184 3584 5255 corruptayoce
3617 5178 3753 5232 vici-

2087 5247 2194 5322 nis,
2228 5247 2405 5326 quam
2450 5254 2684 5326 exhibet
2733 5250 3115 5326 ms._Apgl_ic.
3172 5247 3585 5326 Minusplacet
3614 5263 3749 5326 cou-

2081 5319 2310 5397 jectura
2361 5327 2465 5382 viri
2524 5325 2676 5381 docti
2727 5324 2881 5396 apud
2931 5319 3314 5386 Jefeksonum,
3366 5319 3612 5392 legentis
3659 5321 3748 5375 di-

2088 5415 2246 5453 vinus
2257 5440 2266 5452 .

2159 5470 2270 5541 (52)
2303 5469 2408 5524 Sed
2435 5476 2550 5538 post
2599 5472 2846 5520 Patrem.
2882 5465 3011 5520 Haec
3053 5469 3108 5541 et
3129 5480 3274 5541 _qu_se
3326 5479 3458 5517 mox
3487 5467 3748 5541 po§t_vo-

2089 5535 2208 5595 cern
2254 5535 2502 5610 efﬁciens
2553 5541 2907 5608 sequuntur,
2959 5540 3073 5606 post
3121 5536 3346 5610 Patrem
3395 5535 3743 5610 qua__leius,

2087 5613 2144 5665 in
2180 5605 2296 5666 ms;
2315 5605 2548 5679 Anglic.
2577 5605 2801 5664 exstare
2824 5605 3075 5662 testatur
3095 5605 3406 5679 Pamelius.
3443 5627 3470 5655 «
3502 5605 3742 5668 Verum,

2087 5683 2302 5754 inquit,
2333 5677 2654 5736 metuimus
2687 5680 2745 5734 in
2778 5683 3052 5735 contextu
3098 5677 3446 5748 relinquere,
3477 5681 3542 5732 ut
3571 5690 3744 5755 nemo

2087 5754 2225 5811 hinc
2280 5753 2511 5809 errandi
2570 5767 2773 5810 ansam
2840 5754 3056 5810 sumat.
3114 5753 3455 5820 Quanquam
3509 5749 3746 5804 interim
