4102 6180
469 360 589 423 979

1520 356 1951 421 novarum
1998 335 2493 421 pnssnY'rsm
2541 358 2844 420 ROMANI

3714 365 3811 429 980

469 489 769 546 voluntate
795 487 948 544 facta
977 490 1116 544 sunt
1144 488 1358 544 omnia.
1391 491 1543 544 Deus
1575 489 1776 561 utique
1806 491 2126 562 procedens
2154 494 2210 558 Α
2240 490 2504 547 omnium
2536 507 2732 546 rerum
2761 495 2820 545 et
2850 488 3201 562 principium
3231 495 3286 545 et
3307 495 3488 561 caput.
3513 491 3704 548 ldcirco
3725 495 3812 566 (56)

473 595 543 637 ex
573 584 707 644 Deo,
741 579 1060 634 secundam
1100 591 1407 649 personam
1439 578 1697 634 efﬁciens
1741 584 1873 652 post
1902 580 2128 635 Patrem
2239 596 2422 634 unum
2454 579 2637 634 Deum
2697 580 2964 647 asseruit,
3022 595 3196 650 quem
3246 595 3356 634 non
3407 581 3508 635 sub
3538 580 3641 636 ullo
3687 583 3813 654 prin-

475 685 592 741 qua
624 665 840 734 Filius;
875 665 976 722 sed
1001 682 1116 721 non
1149 665 1400 737 eripiens
1422 665 1564 722 illud
1589 667 1764 737 Patri,
1793 670 1944 740 quod
1979 686 2132 724 unus

441 738 564 815 (est
592 757 766 813 Deus.
800 755 859 811 Si
892 753 1047 810 enim
1093 759 1267 810 natus
1302 772 1415 810 non
1450 755 1674 823 fuisset,
1711 738 1949 812 innatus
1975 774 2130 813 com-

476 850 720 919 paratus
753 860 886 900 cum
918 861 982 899 eo
1015 843 1113 915 qui
1165 849 1318 899 esset
1357 845 1468 915 (53)
1520 845 1777 914 innatus,
1811 847 2135 917 aequatione

478 935 539 991 in
573 938 819 1006 utroque
870 936 1123 999 ostensa,
1176 933 1324 987 duos
1355 933 1566 988 faceret
1615 935 1869 1000 innatos,
1923 940 1980 989 et
2008 934 2135 989 ideo

480 1025 630 1081 duos
663 1024 877 1078 faceret
924 1022 1093 1076 Deos.
1143 1021 1201 1076 Si
1251 1039 1365 1076 non
1406 1021 1637 1094 genitus
1685 1028 1860 1090 esset,
1893 1023 2137 1080 collatus

481 1130 618 1170 cum
651 1129 716 1168 eo
749 1111 846 1183 qui
879 1111 1112 1182 genitus
1157 1127 1272 1165 non
1303 1114 1476 1177 esset,
1505 1117 1561 1166 et
1614 1112 1866 1182 aequales
1897 1113 2136 1181 inventi,

483 1202 633 1258 duos
663 1205 814 1255 Deus
847 1198 1054 1254 merito
1107 1197 1498 1253 reddidissent
1547 1215 1659 1254 non
1711 1200 1932 1271 geniti;
1965 1205 2141 1272 atque

483 1290 614 1346 ideo
646 1289 793 1343 duos
823 1285 1090 1342 Christus
1121 1286 1472 1342 reddidisset
1514 1288 1682 1344 Deos.
1715 1290 1769 1343 Si
1808 1289 1934 1345 sine
1965 1289 2141 1360 origi-

486 1396 560 1435 ne
589 1382 745 1434 esset
775 1381 841 1432 ut
868 1376 1058 1441 Pater,
1092 1376 1384 1446 inventus,
1417 1381 1474 1431 et
1500 1376 1625 1448 ipse
1647 1378 1995 1450 principium
2027 1395 2144 1434 cm-

488 1467 653 1524 nium
687 1469 751 1522 ut
782 1466 970 1534 Pater,
1003 1466 1117 1521 duo
1161 1465 1380 1521 faciens
1423 1466 1730 1538 principia,
1772 1469 1920 1523 duos
1951 1473 2144 1523 osten-

491 1555 676 1613 disset
705 1553 873 1610 nobis
922 1559 1350 1626 consequenter
1388 1559 1443 1609 et
1471 1559 1637 1611 Deos.
1697 1561 1815 1612 Aut
1858 1556 1906 1612 si
1937 1562 1994 1612 et
2022 1557 2146 1628 ipse

492 1644 674 1702 Filius
699 1660 816 1699 non
848 1646 1020 1709 esset,
1049 1643 1151 1699 sed
1184 1647 1353 1698 Pater
1387 1659 1673 1715 generans
1702 1646 1773 1702 de
1805 1663 1867 1702 se
1897 1646 2146 1702 alterum

496 1734 731 1800 Filium,
764 1732 969 1789 merito
999 1732 1242 1789 collatus
1271 1749 1406 1788 cum
1457 1735 1624 1790 Patre
1655 1739 1712 1790 et
1740 1739 1940 1791 tantus
1972 1737 2146 1791 deno-

494 1826 680 1892 tatus,
702 1821 850 1877 duos
871 1821 1068 1877 Patres
1091 1823 1374 1879 effecisset
1394 1841 1406 1880 :
1433 1826 1489 1879 et
1509 1823 1636 1880 ideo
1660 1825 1806 1880 duos
1832 1826 2149 1896 approbas-

498 1916 590 1969 set
616 1910 792 1966 etiam
825 1915 990 1966 Deos.
1025 1910 1084 1966 Si
1117 1911 1429 1968 invisibilis
1459 1913 1685 1979 fuisset,
1717 1930 1849 1969 cum
1877 1913 2152 1969 invisibili

497 1999 768 2066 collatus,
800 2015 906 2071 par
933 2015 1266 2071 expressus,
1313 2001 1458 2056 duos
1505 2001 1826 2058 invisibiles
1858 2002 2151 2058 ostendis-

497 2092 624 2157 set;
659 2092 716 2144 et
743 2086 873 2142 ideo
903 2087 1051 2142 duos
1081 2091 1519 2160 comprobasset
1547 2093 1603 2145 et
1647 2096 1809 2146 Deos.
1842 2092 1897 2144 Si
1931 2093 2150 2147 incom-

495 2168 928 2252 prehensibilis,
963 2176 1012 2232 si
1043 2181 1100 2231 et
1122 2182 1363 2233 caeteros
1383 2196 1747 2251 quiscunque
1772 2185 1912 2236 sunt
1942 2181 2150 2248 Patris,

497 2266 726 2337 merito,
759 2265 1031 2334 dicimus,
1064 2265 1314 2322 duorum
1337 2267 1587 2324 Deorum
1620 2286 1796 2340 quam
1817 2269 1908 2325 isti
1933 2271 2153 2325 contin-

497 2354 1116 2430 gant,controversiam
1132 2355 1489 2412 suscitasset.
1507 2357 1670 2412 Nunc
1682 2363 1874 2414 autem
1891 2359 2153 2430 quidqud

498 2448 606 2512 est,
639 2460 756 2498 non
785 2459 854 2498 ex
885 2459 946 2498 se
973 2446 1084 2512 est,
1112 2444 1251 2516 quia
1277 2460 1382 2500 nec
1411 2444 1650 2502 innatus
1679 2452 1766 2502 est
1787 2449 1900 2517 (54)
1922 2467 1939 2514 ;
1963 2449 2064 2504 sed
2087 2465 2156 2504 ex

503 2535 667 2590 Patre
693 2535 804 2599 est,
836 2531 975 2604 quia
1003 2531 1234 2604 genitus
1264 2537 1389 2589 est:
1443 2534 1563 2590 sive
1593 2536 1734 2591 dum
1764 2537 2014 2592 Verbum
2046 2541 2156 2607 est,

499 2623 650 2680 951
688 2622 806 2678 sive
838 2621 980 2676 dum
1012 2621 1210 2677 Virtus
1241 2627 1350 2689 est,
1385 2623 1503 2678 sive
1548 2623 1687 2679 dum
1721 2625 2020 2696 Sapientia
2047 2631 2156 2691 est,

502 2712 624 2769 sive
654 2711 794 2767 dum
827 2710 951 2766 Lux
978 2715 1085 2780 est,
1117 2711 1236 2767 sive
1267 2713 1406 2768 dum
1443 2712 1622 2768 Filius
1644 2718 1752 2781 θεῖ,
1783 2720 1840 2770 θῖ
1871 2715 2160 2786 quidquid

502 2802 716 2858 horum
747 2805 855 2869 est,
905 2800 1047 2855 dum
1082 2815 1194 2855 non
1237 2799 1473 2857 aliunde
1515 2806 1624 2869 est,
1658 2819 1858 2874 quam,
1891 2804 2044 2859 sicut
2073 2803 2158 2858 di-

503 2889 699 2945 ximus
719 2888 843 2959 jam
877 2887 1170 2959 superius,
1203 2905 1269 2944 ex
1318 2889 1482 2946 Patre
1508 2907 1522 2957 ;
1553 2891 1709 2946 Patri
1740 2908 1844 2947 suo
1875 2892 2160 2964 originem

507 2993 676 3034 suam
728 2976 969 3043 debsns,
995 2977 1348 3033 discordiam
1414 2979 1736 3036 divinitatis
1794 2981 1864 3036 de
1920 2997 2163 3037 numero

505 3068 758 3123 duorum
789 3064 1038 3121 Deorum
1070 3065 1256 3122 facere
1301 3084 1416 3122 non
1447 3068 1657 3140 potuit,
1688 3069 1787 3140 qui
1837 3086 1902 3126 ex
1932 3069 2030 3125 illo
2062 3070 2162 3142 qui

508 3159 598 3212 est
666 3170 820 3209 unus
891 3153 1068 3220 Deus,
1142 3155 1426 3227 originem
1501 3158 1794 3213 nascendo
1855 3159 2159 3214 contraxit.

2241 669 2393 741 cipio
2426 673 2526 724 aut
2570 667 2753 734 initio,
2787 668 2889 722 sed
2943 666 3177 722 initium
3210 667 3394 739 potius
3443 672 3494 722 et
3519 668 3815 742 principium

2243 775 2436 813 rerum
2469 757 2734 812 omnium
2768 757 3183 828 comprobavit.
3220 755 3392 812 Filius
3419 757 3523 828 (57)
3556 763 3724 814 autem
3752 761 3818 815 ni-

2244 845 2327 902 hil
2358 863 2423 901 ex
2456 845 2696 901 arbitrio
2739 862 2845 900 suo
2877 845 3042 914 gerit,
3079 862 3184 900 nec
3225 862 3293 900 ex
3321 844 3550 902 consilio
3577 864 3670 902 suo
3698 849 3819 915 facit,

2246 951 2350 990 nec
2382 951 2415 989 a
2447 951 2508 990 se
2557 934 2733 1000 venit,
2765 934 2865 988 sed
2916 933 3179 1003 imperiis
3231 933 3479 1005 paternis
3523 935 3760 992 omnibus
3784 943 3826 992 ct

2248 1023 2552 1096 praeceptis
2585 1021 2781 1078 obedit
2806 1039 2819 1077 :
2848 1027 2911 1077 ut
2943 1023 3212 1094 quamvis
3251 1023 3448 1094 probet
3477 1022 3628 1079 illum
3658 1025 3827 1080 nativi-

2247 1116 2338 1168 tas
2370 1111 2579 1168 Filium
2611 1112 2788 1181 (Hebr.
2822 1129 2876 1177 v,
2909 1112 2986 1178 8),
3021 1116 3215 1166 tamen
3252 1112 3530 1184 morigera
3556 1113 3830 1170 obedientia

2251 1206 2472 1256 asserat
2505 1199 2670 1255 illum
2704 1204 2957 1271 paternis
2987 1199 3327 1266 voluntatis,
3351 1216 3418 1254 ex
3441 1217 3550 1271 quo
3570 1207 3649 1256 est
3665 1201 3829 1258 minis-

2251 1295 2408 1346 trum
2435 1307 2446 1343 :
2485 1289 2564 1343 ita
2585 1289 2726 1344 dum
2749 1305 2811 1344 se
2845 1288 2994 1343 Patri
3020 1288 3075 1342 in
3100 1288 3374 1345 omnibus
3395 1288 3832 1361 obtemperantem

2253 1379 2461 1445 reddit,
2496 1377 2768 1448 quamvis
2798 1376 2874 1433 sit
2898 1381 2954 1432 et
2979 1379 3151 1442 Deus,
3175 1393 3357 1433 unum
3382 1381 3567 1432 tamen
3589 1382 3742 1433 Deum
3761 1379 3836 1434 Pa~

2253 1472 2403 1523 trem
2435 1467 2504 1522 de
2533 1465 2863 1522 obedientia
2886 1483 2994 1522 sua
3009 1465 3288 1535 ostendit,
3305 1482 3371 1522 ex
3403 1481 3510 1537 quo
3531 1471 3584 1521 et
3603 1467 3836 1539 originem

2254 1555 2448 1612 traxit.
2482 1555 2552 1610 Et
2600 1554 2729 1610 ideo
2777 1555 2926 1610 duos
2976 1555 3118 1611 Deos
3146 1555 3260 1626 (58)
3312 1555 3493 1612 facere
3537 1572 3641 1612 non
3670 1555 3838 1627 potuit,

2256 1645 2397 1718 quia
2427 1661 2531 1700 nec
2561 1645 2708 1700 duas
2730 1643 2983 1715 origines
3007 1643 3161 1714 fecit,
3185 1644 3288 1714 qui
3320 1660 3386 1700 ex
3408 1661 3472 1700 eo
3496 1644 3588 1716 qui
3609 1644 3840 1716 originem

2257 1750 2374 1790 non
2405 1733 2601 1798 habet,
2634 1731 2989 1805 principium
3025 1732 3348 1789 nativitatis
3397 1737 3526 1788 ante
3554 1749 3707 1789 omne
3733 1736 3843 1788 tem-

2259 1839 2370 1896 pus
2399 1821 2640 1894 accepit.
2692 1821 2838 1878 Nam
2891 1837 3026 1876 cum
3077 1821 3135 1876 id
3193 1821 3270 1876 sit
3302 1821 3638 1894 principium
3669 1821 3844 1876 ceteris

2261 1912 2415 1984 quod
2447 1910 2715 1966 innatum
2747 1914 2835 1965 est
2875 1910 3051 1981 (quod
3098 1909 3255 1966 Deus
3299 1911 3459 1966 solus
3499 1911 3652 1966 Pater
3677 1909 3844 1981 estqui

2261 2006 2424 2058 extra
2451 1999 2734 2071 originem
2768 2003 2894 2065 est;
2929 2015 2996 2054 ex
3041 2016 3152 2070 quo
3185 1998 3281 2054 hic
3312 2003 3400 2055 est
3447 2000 3539 2071 qui
3571 2004 3724 2054 natus
3748 2000 3846 2068 est),

2262 2091 2400 2146 dum
2429 2088 2529 2160 qui
2577 2105 2646 2144 ex
2675 2087 2774 2142 illo
2823 2087 3076 2143 nascitur
3111 2086 3248 2159 (59),
3300 2087 3499 2144 merito
3542 2105 3605 2145 ex
3647 2104 3704 2144 eo
3731 2087 3848 2142 venit

2263 2179 2363 2251 qui
2391 2178 2676 2250 originem
2708 2194 2823 2232 non
2855 2176 3051 2247 habet,
3085 2177 3440 2250 principium
3482 2178 3714 2249 probans
3739 2175 3844 2231 illud

2262 2284 2391 2325 esse
2420 2284 2488 2323 ex
2519 2283 2632 2339 quo
2682 2266 2807 2338 ipse
2840 2270 2930 2321 est
2957 2283 2970 2321 :
3024 2267 3255 2323 etiamsi
3288 2266 3442 2323 Deus
3490 2271 3574 2322 est
3601 2267 3690 2338 qui
3717 2271 3848 2322 natus

2264 2362 2370 2424 est,
2396 2373 2581 2411 unum
2604 2361 2800 2411 tamen
2826 2360 3004 2410 Deum
3028 2356 3484 2428 ostendit,quem
3501 2355 3590 2410 hic
3611 2355 3696 2425 qui
3718 2360 3850 2410 natus

2263 2451 2371 2514 est,
2414 2461 2543 2501 esse
2572 2444 2699 2500 sine
2729 2443 2953 2516 origine
2985 2444 3405 2516 comprobavit.
3457 2444 3550 2498 Est
3573 2460 3692 2515 ergo
3720 2447 3851 2510 Deus,

2264 2535 2366 2592 sed
2387 2534 2444 2589 in
2469 2534 2575 2589 hoc
2590 2533 2787 2605 ipsum
2810 2531 3063 2606 genitus,
3081 2537 3143 2588 ut
3163 2539 3324 2589 esset
3344 2533 3516 2588 Deus.
3532 2534 3624 2588 Est
3644 2537 3693 2587 et
3711 2531 3854 2586 Domi'

2267 2641 2402 2690 nus,
2434 2623 2533 2678 sed
2566 2621 2624 2676 in
2677 2622 2784 2677 hoc
2830 2621 3024 2693 ipsum
3073 2627 3248 2678 natus
3289 2623 3442 2680 952
3474 2621 3580 2692 (60)
3625 2638 3685 2676 ex
3711 2621 3852 2684 Patre,

2269 2717 2334 2768 ut
2365 2716 2519 2768 esset
2550 2711 2853 2768 Dominus.
2887 2711 2988 2766 Est
3035 2715 3092 2766 et
3120 2712 3252 2782 (Isa.
3289 2729 3363 2780 Ix,
3411 2712 3468 2782 6)
3507 2709 3754 2782 Angelus,
3777 2707 3868 2763 sed:

2268 2802 2338 2858 ad
2373 2800 2845 2858 annuntiandum
2871 2816 3150 2872 maguum
3176 2800 3275 2855 Dei
3300 2799 3623 2869 consilium,
3643 2815 3702 2854 ex
3727 2797 3851 2852 Patre

2271 2906 2376 2946 suo
2411 2888 2662 2961 Angelus
2683 2889 3031 2944 destinatus.
3057 2888 3240 2959 Cujus
3263 2891 3378 2960 (61)
3401 2888 3481 2944 sic
3511 2888 3753 2942 divinitas
3770 2891 3853 2939 tra-

2270 2979 2444 3044 ditur,
2479 2983 2543 3034 ut
2573 2995 2687 3034 non
2710 2982 2811 3033 aut
2837 2978 3200 3034 dissonantia
3247 2982 3349 3034 aut
3389 2976 3748 3049 inaequalitate
3773 2972 3854 3043 (62)

2271 3066 2592 3122 divinitatis
2624 3067 2770 3122 duos
2793 3067 2940 3122 Deos
2964 3066 3292 3122 reddidisse
3313 3067 3589 3122 videatur.
3621 3061 3855 3134 Subjectis

2273 3157 2428 3213 enim
2459 3155 2509 3212 ei
2559 3156 2729 3228 quasi
2761 3155 2905 3211 Filio
2953 3154 3231 3210 omnibus
3276 3155 3451 3210 rebus
3498 3172 3530 3209 a
3559 3156 3723 3220 Patre,
3750 3152 3854 3203 dum

509 3244 634 3309 Quo
663 3257 872 3314 genere
897 3242 1038 3297 dum
1068 3246 1125 3298 et
1154 3243 1492 3314 unigenitus
1514 3249 1627 3316 est,
1657 3250 1712 3306 et
1741 3247 2166 3318 prim‘ogenitus
2195 3232 2237 3298 C
2275 3248 2322 3318 (Ι
2355 3245 2478 3300 Cor.
2513 3263 2604 3312 xv,
2634 3245 2726 3316 28)
2754 3244 2879 3316 ipse
2901 3261 3035 3300 cum
3067 3243 3161 3300 his
3192 3261 3326 3316 qua:
3355 3243 3438 3298 illi
3469 3243 3712 3314 subjecta
3735 3241 3856 3301 sunt,

510 3349 582 3388 ex
607 3331 710 3387 illo
733 3335 824 3388 est
853 3330 954 3403 qui
1003 3330 1287 3404 originem
1339 3349 1454 3389 non
1505 3333 1702 3404 habet,
1748 3352 1900 3392 unus
1932 3336 2045 3408 (55)
2076 3341 2165 3392 est

2273 3335 2426 3390 Patri
2459 3349 2566 3389 suo
2597 3333 2925 3405 subjicitur,
2957 3332 3143 3390 Patris
3177 3333 3418 3405 quidem
3448 3331 3537 3388 sui
3579 3330 3737 3387 Filius
3761 3341 3857 3400 pro-

1795 3460 2109 3522 Gallandii
2139 3459 2651 3524 commentarius.

515 3569 719 3624 contra
737 3563 996 3638 iArianos
1025 3561 1284 3618 sufﬁciat
1311 3562 1453 3620 illud
1480 3605 1493 3619 .
1525 3567 1748 3638 Semper
1792 3568 1942 3623 enim
1972 3569 2028 3622 in
2060 3569 2166 3622 Pa-

519 3643 602 3694 tre
630 3637 890 3710 ne_Pater
935 3649 1045 3710 por}
1093 3650 1306 3710 semper
1344 3638 1417 3710 sit
1442 3637 1669 3710 Pater,"
1723 3642 1780 3694 et
1823 3640 1977 3710 quod
2010 3639 2166 3694 haud

521 3706 723 3782 procul
745 3724 779 3762 a
801 3708 913 3761 llne
935 3705 1115 3782 hujus
1133 3705 1340 3776 capitis
1362 3707 1564 3764 habet:
1593 3705 1945 3782 Principium
1963 3712 2172 3766 nativi-

523 3781 653 3837 tatis
703 3787 832 3852 ante
877 3793 1036 3852 omne
1082 3781 1296 3848 tempus
1349 3783 1576 3852 accepit.
1629 3785 1706 3835 Ex
1751 3798 1867 3852 quo
1920 3787 2170 3848 constat,

524 3868 666 3923 cum
693 3849 1124 3923 dicitgngatrem
1165 3849 1494 3923 praecedere,
1539 3849 1786 3923 prioreni
1828 3869 1944 3908 esse
1991 3858 2043 3908 et
2072 3870 2173 3907 an-

525 3922 804 4007 tecedere“;
836 3919 892 4007 i'd
925 3919 1118 4007 s‘olum‘
1141 3935 1206 3976 se
1236 3919 1690 4007 intelligere,
1717 3924 2043 4007 subiungit,
2067 3941 2176 4007 qua

523 3997 809 4066 Patersit‘.
845 3992 1056 4046 Eodem
1081 3991 1282 4064 itaque
1313 3991 1486 4050 modo
1507 3991 1888 4066 intelligenda
1913 3991 2039 4066 q'uai
2069 3991 2177 4051 ite-

526 4083 658 4122 rum
689 4063 856 4128 dicit,
902 4080 1029 4140 cum
1059 4063 1227 4119 Patre
1268 4065 1614 4140 postmodum
1650 4063 1899 4138 fuit,.....
1929 4063 2029 4122 sed
2055 4073 2177 4140 post

526 4141 816 4194 Patrem...
841 4143 961 4207 post
991 4137 1218 4207 Patrem
1248 4151 1354 4207 qua
1383 4138 1576 4192 Filius.
1614 4161 1635 4189 ι

599 4210 710 4282 (53)
736 4208 902 4262 Esset.
937 4206 1060 4274 Hic,
1105 4213 1160 4282 et
1197 4206 1376 4282 paulo
1393 4208 1688 4282 _p_o_st‘ubi
1738 4208 1988 4282 legimus
2018 4211 2176 4279 geni-

528 4279 617 4338 tus
642 4294 748 4336 non
799 4285 950 4353 esset,
1001 4279 1348 4353 conﬁciebat
1393 4279 1821 4337 Welchmanus
1863 4281 2175 4353 legendum

527 4361 630 4410 est.
663 4353 848 4410 Atque
879 4347 960 4404 ita
987 4350 1170 4404 edidit
1195 4350 1544 4408 Jacksonus.

599 4369 630 4409 ε.
663 4369 848 4477 argue
879 4369 960 4404 ita
987 4369 1170 4404 θαιαιι
1195 4369 1544 4408 Jacasonus.

599 4423 725 4500 (54)
777 4424 798 4477 i
825 4421 1188 4500 invisibilis...
1214 4425 1347 4494 quia
1367 4439 1467 4500 nec
1497 4425 1731 4500 innatus
1751 4427 2000 4500 est.__Has
2030 4424 2178 4500 duas

532 4493 886 4568 periodoset
917 4493 1377 4568 dimidiam’quae
1409 4495 1466 4548 in
1513 4494 1973 4568 priscedentibus
2005 4495 2177 4550 editis

533 4565 1035 4638 desiderabantur,
1070 4581 1134 4620 ex
1179 4565 1414 4638 laudato
1446 4565 1642 4621 codice
1689 4567 2008 4638 Anglicano
2037 4583 2178 4638 sup-

2275 3567 2375 3621 hil.
2408 3565 2622 3620 PAMEL.

2347 3637 2459 3708 (58)
2491 3637 2640 3692 Deos.
2690 3639 2872 3708 Hanc
2901 3650 3102 3708 vocem
3151 3636 3225 3690 ab
3279 3635 3452 3692 editis
3495 3633 3764 3708 omissam_,
3796 3641 3857 3708 ro-

2279 3699 2471 3765 sti‘tui't
2503 3709 2729 3780 primus
2752 3706 3192 3777 Welchmanus,
3217 3724 3473 3780 eumque
3494 3710 3707 3763 secutus
3731 3699 3856 3756 Jack-

2281 3796 2484 3836 8011118.

2352 3852 2463 3974 (592
2496 3850 2712 3905 Nam...
2744 3849 2876 3904 dum
2905 3850 3004 3921 qui
3030 3865 3099 3904 ea:
3129 3848 3228 3904 illo
3265 3851 3526 3905 nascitur.
3557 3843 3856 3924 Haeciterum

2359 3939 2434 3974 no
2461 3937 2626 3974 emus
2655 3938 2724 3974 ex
2756 3938 2864 3974 ms.
2901 3922 3027 3974 cod.
3065 3920 3296 3974 Anglic.
3332 3917 3652 3974 parenthesi
3680 3918 3855 3974 inteme-

2283 3917 2626 3994 supplemus
2655 3938 2724 3976 ex
2756 3938 2864 3976 ms.
2901 3917 3027 3976 cod.
3065 3920 3296 3993 Anglic.
3332 3917 3652 3992 parenthesi
3680 3917 3855 3980 interje-

2282 3999 2360 4050 ta.
2394 3999 2608 4048 PAMEL.

2355 4066 2469 4136 (60)
2502 4066 2688 4119 Natus.
2745 4063 2918 4136 Deest
2953 4062 3088 4136 haec
3122 4079 3230 4118 vox
3279 4063 3453 4136 apud
3480 4057 3784 4136 Pamelium,
3811 4065 3858 4136 οξ

2285 4119 2874 4210 ῖγρθῖὶιθῖίθγΐοτῖθεεθ
2904 4134 3166 4210 incuria:
3201 4119 3336 4210 carri
3366 4119 3854 4210 enimexhibentel.

2353 4206 2468 4280 (61)
2511 4209 2770 4279 Cujus....
2831 4207 3210 4280 iuzquatitate
3233 4206 3582 4280 uivinitatis.
3610 4206 3743 4280 Hec.
3765 4209 3858 4280 {et

2283 4266 2538 4334 tituit'ex
2563 4266 2671 4332 ms.
2709 4266 3030 4349 Anglicaho
3053 4276 3350 4333 Pamelius
3376 4296 3388 4344 ;
3423 4279 3688 4349 Gagnzeus
3704 4266 3856 4349 etFrof

2284 4351 2492 4406 benius
2523 4350 2776 4419 edidere,
2799 4343 2859 4404 ut
2879 4367 2986 4403 non
3017 4349 3366 4404 dissonantia
3385 4343 3680 4403 diviﬁitatis
3697 4362 3713 4398 :
3731 4343 3857 4408 atque

2284 4422 2435 4477 hanc
2465 4421 2773 4476 lectionem
2805 4421 3048 4476 retinuit
3077 4421 3548 4492 Welchmanus,
3734 4481 3762 4492 η

2356 4493 2467 4564 (62)
2527 4495 2588 4565 Ut
2640 4509 2749 4547 non
2808 4497 2930 4565 aut,
2958 4491 3329 4565 dissonantia,
3390 4499 3484 4565 aut
3528 4481 3855 4565 iantfqulffv

2286 4547 2806 4636 Fatebor'ingenue
2832 4564 2888 4618 in
2919 4547 3235 4636 hisiverbis
3267 4547 3578 4636 legendum
3591 4547 3724 4636 mihi
3751 4547 3857 4636 vids:

534 4621 840 4710 plevimus,
895 4621 1234 4710 amittentes
1287 4636 1431 4692 illud
1477 4621 1853 4710 excusoruiii,
1925 4621 2178 4710 Christus
2212 4643 2256 4706 Ι)
2290 4635 2336 4690 ri
2367 4621 2696 4706 aequalitate.
2731 4634 3244 4710 Utrumqueenim
3289 4621 3420 4710 pari
3455 4629 3635 4710 studio
3663 4621 3856 4710 τθφρξςί

533 4708 718 4765 autem
746 4723 857 4763 non
886 4708 1110 4780 innatus
1139 4717 1234 4778 est,
1269 4713 1444 4780 atque
1474 4708 1569 4764 illa
1615 4725 1682 4764 ex
1713 4709 1914 4764 iisdem
1949 4709 2179 4765 excusis

534 4780 836 4845 addentes,
865 4778 958 4832 sed
985 4796 1055 4835 ea:
1083 4782 1247 4835 Patre
1282 4778 1382 4848 est,
1415 4782 1544 4851 quia
1588 4783 1805 4850 genitus
1835 4789 1926 4836 est.
1962 4785 2177 4835 PAMEL.

536 4885 603 4893 —
633 4851 922 4907 Nimirum
955 4851 1238 4924 editiones
1277 4867 1406 4924 quas
1440 4852 1828 4908 Pamelianam
1871 4869 2180 4924 praecesse-

536 4928 695 4994 runt,
728 4928 861 4994 post
890 4938 1058 4978 voces
1082 4932 1134 4977 et
1163 4923 1281 4977 ideo
1300 4923 1435 4978 duos
1465 4925 1816 4993 approbasset
1834 4923 1999 4978 etiam
2029 4925 2178 4990 Deos,

535 4997 619 5052 sic
651 5013 711 5051 se
730 4994 1074 5050 habebant:
1129 4994 1383 5050 Christus
1431 4999 1611 5050 autem
1662 5011 1771 5050 non
1810 4997 2037 5050 innatus
2066 4999 2182 5057 est;

533 5069 626 5124 sed
658 5083 727 5122 ex
754 5069 920 5122 Patre
947 5068 1027 5119 est
1074 5068 1222 5136 quia,
1271 5067 1496 5132 genitus
1542 5074 1636 5122 est.
1678 5067 1958 5122 Caeterum
1991 5071 2184 5121 vetera

535 5139 888 5265 exemplaria
943 5135 1226 5208 expressit
1254 5135 1712 5195 Welchmanus:
1775 5137 2180 5193 Pamelianum

535 5228 665 5265 vero
734 5210 1045 5263 acksonus.

533 5228 665 5266 vero
694 5210 1045 5265 Jacksonus.

602 5283 715 5354 (55)
751 5282 915 5354 Unus.
952 5279 1285 5354 Legendum
1329 5296 1500 5334 unum
1550 5283 1718 5354 putat
1747 5278 2178 5354 Welchmanus.

605 5350 717 5422 (56)
759 5353 996 5432 _ldeirco.
1039 5350 1186 5432 Cum
1241 5351 1489 5432 Gagnazo
1514 5350 1930 5432 Asupp‘lemus:
1982 5351 2183 5406 Idcirco

536 5441 711 5479 unum
747 5427 919 5494 Deum
966 5426 1201 5478 asseruit
1249 5426 1481 5494 (nempe
1512 5422 1836 5494 Scriptura)
1883 5427 1939 5494 et
1969 5439 2036 5477 ex
2069 5439 2179 5477 ms.

539 5496 664 5550 cod.
698 5493 920 5566 Anglic.
956 5497 1182 5550 initium
1207 5498 1389 5566 potius
1420 5493 1472 5549 et
1501 5493 1860 5565 priuCz’pium.
1896 5493 2108 5566 PAMEn.

606 5567 719 5638 (57)
751 5565 948 5639 Filius.
985 5567 1250 5639 Legimus
1277 5565 1486 5621 iterum
1521 5582 1652 5639 cum
1685 5566 1971 5631 Gagnseo;
2005 5565 2179 5639 Filius

537 5635 720 5694 autem
764 5637 917 5692 nihil
966 5635 1324 5694 exhrbitrio
1379 5653 1476 5692 suo
1529 5638 1692 5708 gerit,
1753 5653 1855 5708 pro
1913 5652 1979 5692 eo
2027 5635 2182 5708 quod

539 5709 926 5768 substituerat
970 5709 1281 5767 Gelenius:
1337 5708 1479 5765 Idem
1526 5713 1603 5764 est
1648 5707 1882 5778 denique
1927 5707 2066 5779 quod
2095 5709 2182 5761 ni-

2290 4688 2565 4781 au—c'tbrna:
2583 4688 3386 4781 sanctissimal'l‘rinitatefet;
3407 4688 3470 4781 in
3492 4706 3682 4781 natura
3701 4699 3748 4749 et

2291 4779 2508 4851 stantia
2539 4779 3013 4851 discrepantiam.
3058 4782 3115 4851 et
3143 4778 3199 4832 in
3240 4775 3482 4851 originis
3507 4773 3855 4851 ordineyqtlf‘

2293 4849 2540 4904 litatem.
2575 4837 2760 4916 Quare
2789 4849 3131 4904 substantias
3155 4837 3618 4918 commuunionem
3637 4837 3856 4918 inter-PE-

2290 4925 2528 4998 tremet
2581 4910 2788 4998 Filium
2838 4920 3116 4998 admittit,
3163 4935 3418 4998 eamque
3442 4919 3498 4972 in
3523 4916 3640 4998 “hoc
3668 4910 3855 4998 ρρξξῐξξπ

2291 4997 2479 5064 putat,
2515 4993 2667 5063 quod
2691 4997 2810 5047 tota
2830 4977 3154 5064 divinitatis
3175 4977 3500 5064 auctoritas
3523 4977 3856 5064 Ei_lio_'tradittl_,

2290 5054 2491 5119 eadem
2525 5054 2582 5117 in
2615 5064 2779 5118 Patre
2807 5081 2935 5119 esse
2966 5081 3079 5118 non
3111 5063 3362 5118 desinat.
3395 5060 3503 5116 Sed
3534 5054 3659 5112 illud
3684 5057 3858 5116 semper

2293 5133 2617 5210 arctissime
2642 5139 2796 5210 tenet
2817 5135 3027 5210 Filium
3053 5138 3113 5210 ut
3136 5151 3169 5189 a
3193 5135 3370 5210 Patre
3387 5131 3632 5210 genitum
3653 5127 3857 5210 ξριξξξξθ

2291 5189 2513 5278 origine
2543 5189 2821 5278 mqualem
2856 5189 3028 5262 Patri.
3075 5209 3263 5270 Quare
3311 5189 3454 5259 illud
3487 5198 3634 5256 Pauli
3664 5189 3854 5278 ριιίζίρε

2294 5296 2354 5344 ιι,
2381 5269 2458 5334 ὅτ
2491 5269 2626 5333 Non-
2654 5281 2912 5349 rapinam
2957 5269 3255 5333 arbitratus
3304 5282 3385 5349 est
3432 5288 3540 5328 esse
3582 5269 3857 5349 34124th

2295 5331 2421 5415 Deo,
2448 5331 2551 5404 sic
2578 5331 2993 5420 interpretatur
3019 5331 3038 5403 :5
3062 5331 3113 5398 it
3137 5347 3409 5411 Quamvis
3439 5361 3499 5400 se
3515 5359 3590 5420 _ex
3613 5331 3857 5420 1186.23}?

2293 5397 2473 5476 Deu,m
2506 5437 2633 5475 esse
2665 5397 3052 5489 meminisset,
3089 5397 3390 5490 nunquam
3417 5433 3477 5472 se
3514 5416 3612 5468 Deo
3637 5397 3854 5490 Patrigtf‘

2291 5494 2636 5564 comparavit
2666 5498 2767 5547 aut
2797 5473 3062 5561 contulit’,
3098 5473 3335 5564 menior
3353 5506 3415 5544 se
3443 5501 3561 5542 esse
3589 5473 3854 5564 exFllgff:

2295 5545 2489 5628 ἐθάκει
2521 5545 2629 5618 hoc
2657 5545 3062 5636 ipsasque;
3104 5567 3208 5636 est,
3246 5561 3454 5636 ab...
3478 5551 3706 5636 me.
3730 5545 3854 5636 p331»

2293 5625 2570 5690 dedisset.
2607 5657 2634 5683 »
2668 5625 3134 5693 MARAN..Divin.
3166 5635 3226 5688 D.
3273 5634 3338 5689 Ν.
3368 5633 3416 5690 Ι.
3467 5628 3520 5684 C.
3550 5625 3640 5682 lib.
3669 5636 3732 5690 ιν,
3755 5625 3834 5681 οιΡ

2295 5709 2381 5777 19,
2415 5709 2442 5774 §
2469 5708 2523 5776 2,
2559 5721 2690 5779 pag.
2721 5707 2846 5762 519.
