4102 6180
501 342 618 404 983

1542 335 1974 402 NOVATIANI
2029 333 2519 396 PRESBYTERI
2567 332 2868 394 ROMANI
2904 311 2922 326 '
3733 341 3821 404 ρει

505 472 808 528 tendentes
839 469 1116 543 impello:
1149 473 1215 526 ut
1243 475 1367 526 tam
1419 469 1827 527 haereticorum
1860 467 2158 538 sacrilegis
2187 469 2241 534 Α
2269 466 2594 522 enormitas
2649 469 2934 538 perpetua
2995 462 3254 520 manebit
3303 467 3358 520 et
3401 469 3755 538 controversia,
3787 453 3822 530 εί

507 559 842 628 calumniis,
873 576 1050 632 quam
1085 561 1261 615 etiam
1293 559 1626 615 Judaaorum
1656 560 1813 615 954
1845 557 2050 614 otiosis
2071 558 2153 612 fa-

509 649 666 706 bulis
697 648 934 705 calcatis
966 652 1022 704 et
1051 647 1304 719 rejectis,
1337 647 1712 704 traditionem
1735 647 1918 703 solam
1942 645 2154 701 Christi

510 739 956 810 doctrinamque
995 739 1264 803 teneatis,
1299 742 1363 792 ut
1409 737 1696 809 condigne
1754 736 2155 792 auctoritatem

511 828 674 884 vobis
703 829 831 899 ejus
863 827 1118 883 nominis
1163 826 1458 882 vindicare
1489 826 1749 898 possitis.
1782 827 1967 890 Quam
2025 842 2157 879 vero

510 917 632 974 sint
689 916 944 989 perversi
1003 915 1209 983 Judaei,
1271 916 1430 970 etab
1495 915 1789 970 intellectu
1848 931 1969 970 suae
2027 913 2158 986 Legi

510 1005 704 1075 alieni,
730 1005 960 1060 duabus
981 1003 1244 1077 epistolis
1267 1004 1667 1076 superioribus
1686 1005 1782 1076 (4),
1804 1008 1866 1058 ut
1888 1004 2157 1074 arbitror,

513 1095 682 1169 plene
715 1094 1036 1163 ostendi,in
1072 1094 1282 1166 quibus
1301 1094 1608 1166 probatum
1635 1097 1724 1149 est
1739 1093 2160 1165 prorsusigno-

511 1201 640 1242 rare
669 1183 802 1240 illos
829 1201 954 1256 qua
989 1183 1066 1238 sit
1099 1201 1235 1239 vera
1262 1183 1662 1250 Circumcisio,
1694 1188 1752 1239 et
1782 1184 1921 1254 quid
1959 1199 2158 1238 verum

511 1274 832 1330 Babbatum
872 1291 884 1341 ;
921 1290 1169 1345 quorum
1204 1273 1396 1328 adhuc
1425 1273 1612 1344 magis
1635 1288 1700 1328 ac
1723 1273 1910 1344 magis
1929 1273 2160 1328 caecitas

513 1361 910 1418 revinciturin
939 1361 1047 1418 hac
1086 1360 1351 1430 epistola,
1385 1360 1445 1416 in
1477 1377 1594 1432 qua
1622 1361 1842 1432 aliquid
1880 1362 1951 1417 de
2007 1360 2162 1416 Cibis

514 1451 778 1524 ipsorum
817 1450 1066 1506 breviter
1095 1451 1438 1517 disseritur;
1472 1449 1608 1506 hinc
1638 1451 1853 1506 etenim
1913 1467 1974 1507 se
2005 1449 2163 1506 solos

519 1543 774 1607 sanctos,
805 1545 863 1596 et
893 1543 1126 1594 caeteros
1158 1555 1363 1595 omnes
1390 1539 1687 1594 aestimant
1714 1538 2071 1610 inquinatos.

509 1757 572 1812 In
597 1754 796 1826 primis
826 1756 1024 1822 Legem
1052 1663 1546 1825 ερίνίἓιῖῗῖδδῗ.
1589 1752 1756 1826 tradit
1777 1769 1820 1826 ,j
1855 1757 1904 1808 et
1933 1753 2165 1823 proinde

2266 560 2596 628 perseverat
2625 555 2737 611 ista
2767 553 3015 610 Judaica
3045 553 3324 623 doctrina,
3358 569 3476 625 quas
3504 559 3741 617 omnibus
3765 564 3824 619 vi-

2267 645 2429 700 ribus
2462 645 2824 716 amputanda
2855 648 2942 698 est
2983 661 2996 698 :
3038 647 3123 707 ut,
3156 643 3293 697 dum
3324 642 3452 714 quid
3484 646 3547 714 (8)
3577 651 3828 708 enormiter

2267 743 2339 797 ab
2376 742 2522 814 ipsis
2552 744 2823 812 traditur,
2859 759 2891 796 a
2923 740 3092 796 nobis
3123 739 3382 794 tollatur:
3415 746 3468 796 et
3495 759 3702 814 operum
3730 764 3829 804 suo.

2270 848 2398 886 rum
2432 840 2768 902 competens
2799 829 3136 902 dispositio,
3161 835 3218 884 et
3245 828 3442 884 divinae
3471 830 3619 901 Legis
3643 834 3704 903 (9)
3731 852 3832 891 con.

2265 937 2480 992 gruens
2512 919 2869 992 etspiritalis
2917 918 3100 973 illatio
3134 918 3472 973 remittatur.
3529 919 3627 976 Sed
3680 925 3742 979 ub
3782 928 3833 983 ab

2268 1008 2500 1065 exordio
2533 1025 2750 1075 rerum,
2811 1013 2869 1064 et
2917 1008 3074 1062 unde
3133 1011 3357 1077 oportet
3402 1005 3670 1081 incipiam,
3713 1013 3836 1069 cibus

2269 1097 2480 1169 primis
2505 1099 2612 1163 (10)
2644 1096 2986 1151 hominibus
3019 1095 3180 1151 solus
3209 1095 3476 1151 arborum
3506 1097 3603 1152 fuit
3639 1099 3776 1155 ﬂetus
3797 1109 3838 1158 et

2268 1187 2490 1241 fructus
2527 1187 2674 1250 (Gen.
2711 1203 2749 1253 1,
2774 1185 2886 1255 20).
2921 1189 3069 1240 Nam
3100 1201 3134 1239 a
3157 1185 3346 1255 pomis
3376 1201 3538 1240 usum
3570 1193 3739 1257 postea
3785 1192 3834 1245 ad

2267 1285 2470 1356 frugus
2492 1283 2745 1340 contulit
2764 1283 2956 1356 culpa,
2981 1282 3370 1338 conditionem
3393 1283 3724 1340 conscientia
3744 1287 3837 1360 ipso

2268 1373 2382 1428 situ
2440 1373 2720 1444 corporis,
2757 1374 2861 1442 (1|)
2899 1372 3275 1443 approbante.
3308 1372 3448 1426 Nam
3483 1376 3535 1426 et
3573 1372 3840 1433 innocentia

2269 1461 2645 1532 decerpturos
2675 1459 2956 1516 alimenta
2984 1476 3052 1516 ex
3073 1460 3401 1530 arboribus,
3423 1460 3600 1516 adhuc
3620 1461 3713 1517 sibi
3733 1463 3840 1521 bene

2271 1561 2535 1616 conscios
2569 1559 2831 1615 homines
2864 1559 2934 1614 ad
2967 1575 3223 1629 superna
3253 1559 3521 1626 subrexit,
3553 1564 3602 1614 et
3623 1562 3840 1619 commis-

2274 1665 2406 1704 sum
2439 1648 2714 1704 delictum
2746 1649 2816 1703 ad
2859 1646 3263 1719 conquirenda
3317 1647 3594 1702 frumenta
3635 1647 3841 1706 homines

2274 1741 2437 1791 terrae
2496 1735 2737 1808 soloque
2787 1735 3012 1807 dejecit.
3070 1738 3277 1790 Postea
3320 1733 3490 1790 etiam
3565 1735 3840 1807 (lbid.ix,3)

582 1824 706 1881 eum
736 1826 889 1910 cibus
914 1824 1132 1910 primus
1163 1824 1494 1910 hominibus,
1555 1825 1702 1910 solus
1733 1825 1993 1910 arborum
2032 1829 2154 1910 [ru-

2277 1850 2421 1890 usus
2452 1833 2644 1890 cernis
2675 1834 2944 1896 accessit,
2977 1832 3174 1888 divina
3203 1832 3388 1904 gratia
3410 1832 3664 1888 humanis
3696 1850 3842 1889 neces.

581 1905 696 1953 ctus
724 1897 917 1968 fuerit,
939 1901 989 1952 et
1014 1913 1143 1951 usus
1172 1899 1361 1952 carnis
1385 1899 1669 1951 accesserit
1693 1913 1707 1950 :
1769 1899 1968 1965 Legem
2021 1901 2157 1965 post-

577 1968 799 2025 modum
827 1969 1192 2032 subsecutam,
1224 1985 1343 2038 quae
1372 1968 1516 2022 cibos
1544 1968 1878 2039 discernens,
1908 1968 2158 2039 quaedam

578 2042 739 2111 quasi
778 2040 987 2095 munda
1014 2043 1275 2112 concessit
1330 2039 1631 2109 animalia,
1690 2038 2159 2112 quaedaminter-

578 2110 728 2168 dixit
755 2113 918 2183 quasi
941 2127 1055 2166 non
1085 2111 1314 2177 munda,
1342 2113 1679 2181 spiritaliter
1701 2110 1816 2166 esse
1835 2110 2153 2181 intelligen-

577 2183 738 2239 dam:
785 2184 1093 2253 praesertim
1174 2197 1301 2238 eum
1354 2183 1711 2253 pronuntiata
1790 2184 1902 2237 sint
1970 2185 2158 2237 omnia

578 2255 746 2312 valde
774 2252 947 2319 bona,
981 2256 1031 2309 et
1052 2254 1219 2308 etiam
1249 2252 1534 2308 immunda
1573 2253 1844 2308 animalia
1894 2253 1964 2307 art
2010 2255 2159 2309 sobo-

580 2327 686 2382 lem
743 2327 804 2380 in
834 2341 963 2380 arca
994 2325 1099 2380 Noe
1128 2333 1401 2380 reservata
1429 2326 1584 2385 sint;
1651 2339 1777 2395 quae
1804 2325 2014 2395 alioqui
2040 2341 2158 2394 pos-

592 2401 711 2453 sent
741 2398 974 2466 auferri,
1005 2398 1055 2451 si
1079 2405 1301 2468 propter
1315 2398 1800 2468 inquinamentum
1827 2412 1991 2451 suum
2027 2397 2155 2452 abo-

577 2468 681 2526 leri
715 2468 1046 2524 debuissent.

582 2593 785 2663 Itaque
815 2590 872 2646 in
905 2589 1112 2662 primis
1143 2589 1283 2644 illud
1327 2589 1727 2646 collocandum
1804 2596 1912 2659 est,
1961 2596 2156 2662 Legem

507 2681 823 2751 spiritalem
850 2696 963 2736 esse
993 2681 1167 2750 (Rom.
1200 2697 1301 2746 v11,
1336 2681 1457 2750 14);
1494 2695 1668 2751 quam
1728 2680 1775 2735 si
1829 2679 2153 2751 spiritalem

505 2773 742 2842 negant,
776 2769 980 2840 utique
1000 2768 1411 2839 blasphemant
1435 2784 1448 2822 :
1474 2769 1521 2824 si
1544 2769 1868 2824 devitantes
1898 2770 1974 2841 (5)
1997 2769 2151 2826 blas-

503 2857 1159 2931 phemiam,spiritalem
1174 2857 1901 2928 conﬁtentur,spiritaliter
1935 2858 2150 2930 legant.

501 2947 706 3002 Divina
734 2945 890 3001 enim
923 2945 1116 3001 divine
1146 2949 1286 3000 sunt
1317 2945 1666 3017 recipienda,
1699 2951 1752 3000 et
1800 2951 2001 3001 sancta
2037 2947 2152 3002 uti-

501 3053 615 3110 que
644 3035 980 3092 asserenda.
1015 3037 1297 3090 Caeterum
1339 3035 1512 3106 culpa
1546 3035 1738 3107 gravis
1769 3036 2043 3102 inuritur,
2101 3036 2152 3091 si

499 3125 792 3180 terrestris
814 3128 869 3180 et
899 3123 1158 3181 humana
1190 3124 1372 3179 sacris
1402 3127 1458 3178 et
1506 3123 1870 3195 spiritalibus
1925 3123 2151 3181 Litteris

2269 1922 2541 1978 sitatibus
2573 1922 2960 1994 competentia
2987 1921 3250 1977 ciborum
3284 1937 3497 1993 genera
3527 1938 3738 1993 prorsus
3772 1940 3844 1994 op-

2267 2011 2536 2083 portunis
2568 2013 2677 2082 (1'2)
2711 2011 3075 2084 temporibus
3107 2011 3464 2084 porrigente.
3495 2011 3628 2065 Nam
3655 2014 3702 2066 et
3727 2015 3840 2066 tene-

2269 2118 2362 2156 ros
2391 2105 2448 2156 et
2478 2101 2651 2156 rudes
2682 2100 2950 2157 homines
2980 2099 3133 2156 alere
3165 2100 3412 2155 debebat
3442 2099 3654 2155 mollior
3700 2101 3840 2167 cibus,

2265 2201 2323 2252 et
2354 2215 2469 2253 non
2489 2197 2615 2253 sine
2635 2196 2832 2254 labore
2848 2199 3152 2253 confectus
3185 2197 3323 2268 (13),
3357 2197 3428 2252 ad
3444 2197 3839 2253 emendationem

2265 2285 2524 2353 scilicet;
2560 2302 2630 2341 ne
2662 2286 2873 2341 iterum
2905 2285 3111 2342 liberet
3141 2285 3496 2358 delinquere,
3521 2287 3565 2342 si
3619 2286 3839 2342 innocen-

2263 2375 2402 2430 tiam
2431 2374 2745 2446 impositus
2775 2374 2941 2430 labor
2972 2391 3088 2431 non
3121 2375 3478 2431 admoneret.
3512 2376 3576 2431 Et
3599 2376 3717 2448 quia
3747 2377 3835 2444 jam

2264 2477 2380 2516 non
2418 2461 2728 2533 paradisus
2785 2462 3228 2534 custodiendus,
3291 2463 3390 2518 sed
3441 2463 3676 2519 mundus
3725 2469 3838 2518 totus

2263 2549 2453 2606 fuerat
2483 2549 2850 2616 excolendus,
2884 2551 3177 2606 robustior
3219 2551 3389 2606 cibus
3428 2552 3608 2608 carnis
3638 2552 3838 2617 offertur,

2266 2653 2332 2704 ut
2361 2649 2431 2703 ad
2451 2646 2850 2704 emolumenta
2867 2649 3114 2705 culturas
3138 2649 3274 2722 plus
3287 2648 3502 2721 aliquid
3515 2649 3840 2706 humanorum

2262 2753 2571 2808 corporum
2600 2736 2820 2792 viribus
2851 2737 3184 2793 adderetur.
3225 2740 3352 2794 l-laac
3381 2738 3570 2794 omnia
3594 2737 3752 2810 gratia
3783 2743 3843 2805 (ut

2259 2833 2397 2902 dixi)
2429 2839 2486 2889 et
2519 2833 2904 2906 dispositione
2959 2836 3176 2902 divina,
3209 2853 3283 2891 ne
3313 2842 3413 2891 aut
3462 2835 3644 2892 minus
3688 2835 3842 2891 redde-

2259 2929 2424 2978 retur
2449 2924 2743 2979 robustior
2773 2924 2939 2978 cibus
2977 2941 3094 2995 quo
3125 2926 3323 2982 referti
3355 2927 3426 2980 ad
3457 2941 3620 2997 opera
3648 2938 3842 2979 marces-

2260 3016 2475 3078 cerent,
2507 3017 2608 3069 aut
2633 3013 2885 3084 amplius
2915 3013 3189 3085 tenerior,
3222 3033 3340 3086 quo
3364 3032 3462 3087 pro
3494 3015 3650 3070 modo
3683 3013 3843 3069 virium

2262 3100 2528 3172 oppressi
2553 3101 2700 3156 ferre
2722 3117 2837 3155 non
2870 3107 3131 3174 possent.
3164 3103 3278 3158 Lex
3311 3110 3501 3158 autem
3537 3101 3842 3174 postmodum

503 3213 771 3269 doctrina
800 3217 1109 3284 prestat,"
1141 3229 1153 3268 ε
1189 3213 1343 3282 quod
1379 3218 1442 3267 ut
1466 3189 1654 3268 ne'ﬁat
1683 3215 2003 3268 cavendum
2037 3219 2145 3270 est.
2180 3212 2222 3278 ρ
2265 3189 2580 3244 subsecuta
2610 3189 2773 3245 cibos
2803 3192 2998 3246 carnis
3029 3209 3160 3248 cum
3195 3189 3842 3264 discretionetdisposuit:

501 3302 701 3359 Caveri
731 3306 928 3357 autem
953 3305 1161 3374 potest,
1193 3300 1243 3356 si
1275 3319 1400 3372 quae
1434 3318 1468 3356 a
1499 3306 1612 3357 Deo
1670 3309 1956 3374 praecepta
2015 3310 2155 3360 sunt

503 3392 586 3450 sic
615 3395 958 3460 tractentur,
990 3408 1062 3446 ne
1091 3390 1493 3446 auctoritatem
1518 3393 1644 3461 ejus
1672 3391 2029 3448 imminuent
2060 3409 2154 3449 as-

505 3483 776 3554 sumpta;
810 3497 882 3536 ne
912 3481 1054 3535 dum
1085 3480 1442 3551 (6)queadam
1476 3479 1708 3551 impura
1725 3487 1781 3536 et
1798 3498 1911 3536 non
1933 3483 2156 3538 munda

503 3570 803 3637 dicuntur,
833 3568 1123 3625 institutio
1151 3569 1384 3624 illorum
1416 3569 1695 3624 infamem
1719 3571 2036 3626 reddiderit
2064 3572 2152 3626 in-

503 3659 862 3714 stitutorem.
896 3657 1203 3713 Videbitur
1232 3657 1411 3726 enim,
1445 3659 1806 3730 reprobando
1837 3675 1964 3730 quae
1997 3660 2152 3724 fecit,

500 3764 678 3820 opera
705 3746 940 3819 propria
968 3748 1301 3817 damnasse,
1337 3763 1466 3818 quae
1495 3747 1664 3818 quasi
1692 3748 1846 3803 bona
1875 3749 2155 3820 probave-

500 3842 627 3892 rat:
652 3841 707 3892 et
728 3835 787 3891 in
813 3841 1060 3908 utroque
1083 3835 1443 3905 inconstans,
1469 3837 1622 3907 quod
1644 3837 1894 3892 haeretici
1914 3838 2152 3909 quidem

497 3924 702 3982 volunt
724 3925 826 3996 (7),
855 3924 1039 3980 videri
1069 3925 1221 3982 955
1257 3924 1667 3980 denotahitur:
1703 3925 1844 3980 dum
1877 3931 1980 3980 aut
2026 3943 2151 3998 quis

499 4030 613 4070 non
645 4018 812 4070 erant
840 4014 1064 4069 munda
1092 4013 1406 4080 benedixit,
1465 4017 1566 4068 aut
1595 4029 1722 4084 quas
1780 4013 2154 4071 benedixerat

501 4102 641 4175 quia
661 4106 719 4157 et
751 4102 970 4157 munda
991 4106 1049 4157 et
1072 4101 1242 4168 bona,
1268 4104 1469 4172 postea
1494 4101 1826 4173 reprobavit
1846 4104 2012 4174 quasi
2037 4121 2152 4160 non

499 4192 674 4264 bona,
708 4191 922 4265 quippe
955 4190 1094 4262 quia
1125 4207 1240 4246 non
1263 4190 1483 4245 munda
1509 4191 1712 4261 ;cujus
1733 4197 2156 4264 consequenter

2264 3287 2531 3356 quaedam
2566 3287 2719 3342 enim
2753 3288 2825 3343 ad
2858 3305 3033 3344 usum
3068 3291 3199 3357 (14),
3236 3291 3406 3362 quasi
3439 3293 3641 3345 munda
3677 3287 3843 3349 contri-

2265 3375 2393 3429 buit
2448 3380 2504 3429 et
2564 3376 2853 3432 concessit
2907 3377 3214 3445 animalia;
3261 3380 3524 3451 quaedam
3592 3375 3842 3438 interdixit,

2265 3463 2434 3536 quasi
2466 3480 2582 3519 non
2617 3466 2860 3529 munda,
2891 3471 2948 3521 et
2971 3466 3126 3538 ipsos
3165 3468 3406 3524 edentes
3429 3467 3778 3538 inquinaturs.
3801 3463 3845 3518 Et

2265 3554 2616 3608 mundorum
2641 3554 2877 3626 quidem
2909 3554 3060 3611 hanc
3092 3557 3343 3612 formam
3373 3557 3548 3627 dedit,
3578 3561 3637 3611 ut
3664 3568 3844 3627 quern-

2265 3639 2586 3696 minatione
2615 3642 2914 3697 ruminent
2934 3648 2991 3697 et
3050 3644 3308 3714 ungulas
3353 3645 3588 3712 ﬁndant,
3639 3640 3847 3703 munda;

2264 3738 2593 3804 immunda,
2627 3755 2755 3811 quae
2787 3744 3061 3795 neutrum
3082 3741 3295 3797 horum
3321 3743 3406 3798 vel
3437 3741 3664 3797 alterum
3687 3738 3847 3793 faciant

2261 3827 2458 3898 (Levii.
2517 3844 2596 3893 x1,
2655 3829 2708 3896 3,
2760 3829 2834 3896 4).
2889 3828 2981 3884 Sic
3035 3830 3092 3883 in
3121 3830 3392 3900 piscibus
3422 3846 3640 3902 quoque
3681 3843 3737 3882 ea
3778 3825 3846 3878 de-

2263 3933 2427 3971 mum
2467 3917 2580 3987 (15)
2614 3917 2835 3973 munda
2863 3923 3060 3973 essent
3080 3935 3206 3988 quae
3240 3925 3512 3991 cooperta
3539 3916 3766 3988 squamis
3807 3916 3846 3966 et

2264 4009 2489 4060 armata
2515 4006 2670 4062 956
2701 4005 2963 4077 remigiis
2995 4007 3183 4076 (Levit.
3210 4025 3289 4078 ιχ,
3315 4010 3432 4078 10);
3482 4013 3538 4063 at
3557 4023 3670 4079 quea
3697 4007 3849 4060 contra

2263 4103 2385 4158 haec
2415 4119 2543 4158 esse
2567 4119 2682 4157 non
2715 4105 2956 4158 munda.
2990 4103 3209 4159 Alitum
3234 4121 3464 4177 quoque
3485 4098 3846 4160 discrimenin-

2263 4191 2430 4246 duxit
2485 4191 2562 4264 (Ib
2621 4191 2815 4263 v.13),
2874 4191 3130 4264 quidque
3154 4195 3271 4266 (16)
3298 4200 3402 4250 aut
3465 4193 3744 4266 reprobum
3780 4189 3845 4258 ju-

1787 4299 2100 4360 Gallandii
2128 4299 2641 4361 commentarius.

572 4399 649 4470 (4)
681 4399 900 4470 Duabus
918 4395 1160 4470 epistolis
1188 4395 1589 4470 superioribus.
1633 4396 1828 4452 Altera
1877 4397 2158 4455 nimirum

499 4469 562 4527 de
580 4467 866 4534 ‘Sabblato,
900 4467 1081 4524 altera
1105 4467 1172 4523 de
1195 4468 1640 4536 Circumcisione,
1665 4485 1912 4539 quarum
1950 4471 2158 4525 memi-

501 4541 590 4598 nit
645 4542 1032 4613 Hieronymus
1087 4542 1160 4596 de
1211 4541 1320 4596 Vir.
1373 4541 1578 4596 Illustr.
1611 4557 1738 4612 cap.
1771 4542 1860 4596 70.
1895 4542 2005 4596 Sed
2065 4543 2151 4597 bis

491 4612 726 4684 jamdiu
765 4611 1204 4668 interciderunt.

575 4682 650 4755 (5)
675 4684 1001 4750 Devitantcs,
1036 4683 1131 4739 Sic
1161 4685 1314 4738 recte
1344 4681 1486 4755 legit
1518 4683 1808 4739 Pamelius
1849 4699 1999 4755 cum
2055 4685 2158 4739 Ge-

503 4754 677 4810 lenio.
710 4755 1055 4827 Corruptam
1098 4770 1294 4809 vocem
1343 4754 1659 4812 denotantes
1705 4754 1887 4810 edidit
1925 4755 2161 4811 Welch-

503 4843 731 4900 manus,
746 4842 814 4900 ex
843 4829 1123 4900 Gagntso:
1142 4827 1404 4900 JAcsiios.

577 4895 1386 4971 (6)Nedum.'lta_Pamelius
1442 4896 1677 4969 aliique.
1737 4895 2160 4953 Welchmanus

504 4969 874 5042 ex'Gagnaao.
904 4970 996 5024 sed
1024 4969 1184 5042 (dumt

575 5043 650 5113 (7)
686 5037 905 5109 Volunt,
938 5041 1115 5096 videri
1155 5038 1521 5113 denotabitur,
1585 5037 1679 5113 Sic
1737 5038 2159 5113 distinguimus

503 5109 638 5168 cum
667 5113 999 5168 Jacksono:
1035 5112 1188 5180 quod
1223 5110 1570 5180 conjiciebat
1605 5111 1784 5166 etiam
1835 5109 2156 5167 Welchma-

503 5201 634 5244 nus.
669 5183 754 5238 Al.
804 5185 992 5238 volunt
1030 5182 1227 5245 videri,
1268 5181 1638 5237 denotubitur.

576 5257 649 5325 (8)
723 5257 785 5310 Ut
842 5255 970 5308 dum
1029 5253 1181 5323 quid.
1244 5253 1548 5307 Existimat
1600 5252 2023 5307 Welchmanus
2074 5253 2158 5307 le-

505 5328 780 5450 genddumi.
816 5331 879 5380 ut
919 5325 1062 5396 quod
1118 5327 1440 5391 enormiter,
1490 5325 1819 5380 Jacksonus
1877 5341 2030 5393 vero,
2098 5330 2157 5379 ut

505 5414 595 5450 aut
639 5414 730 5450 au:
776 5439 786 5450 .

538 5399 786 5452 uidauid.

503 5414 861 5540 quigiﬂgfés.
897 5468 988 5522 Sic
1004 5468 1242 5523 Pamelii
1261 5467 1437 5540 editio
1459 5468 1614 5540 1655.
1647 5466 1788 5522 Aliis
1813 5467 1999 5537 placet
2021 5468 2153 5535 legi.

507 5539 638 5594 Mox
669 5538 772 5596 oro
801 5542 1117 5596 remittatur
1147 5538 1416 5595 rescribit
1473 5539 1737 5594 Latinius
1790 5541 2106 5594 retinentur
2137 5557 2150 5595 :

505 5626 633 5683 quis
665 5610 832 5668 lectio
864 5613 1143 5683 probatur
1166 5611 1480 5683 Jacksono,

576 5682 690 5754 (10)
720 5680 946 5740 Primis.
1005 5689 1092 5740 Ita
1148 5681 1436 5739 editiones
1459 5680 1725 5737 Pamelius
1781 5680 1939 5747 1617,
1993 5682 2149 5754 1635,

2271 4399 2445 4472 1662,
2479 4413 2602 4467 quis
2635 4413 2768 4453 vera
2793 4397 3025 4472 videtur
3054 4397 3245 4472 lectio.
3275 4399 3366 4454 Al.
3399 4399 3622 4472 primus.

2339 4462 2600 4540 (11)Situ
2629 4471 2894 4540 corporis.
2942 4470 3225 4536 Quoniam
3294 4462 3495 4527 versus
3542 4462 3846 4540 terram__de-

2267 4536 2411 4596 olive
2433 4536 2528 4596 est
2558 4536 2768 4612 corpus
2799 4542 2858 4596 in
2891 4543 3158 4598 serendis
3187 4549 3242 4598 et
3277 4542 3558 4599 metendis
3586 4536 3844 4668 Jfrugibus.

3618 4625 3781 4667 scxso.

3618 4623 3798 4667 ACKSON

2342 4685 2447 4750 (12)
2485 4688 2714 4738 Prorsus
2741 4686 3081 4755 opportunis.
3101 4684 3193 4739 Sic
3215 4683 3505 4742 Pamelius
3534 4683 3739 4754 aliique.
3765 4672 3845 4730 Alii

2271 4771 2404 4810 vero
2434 4771 2654 4826 prorsus
2677 4755 2975 4811 omittunt.
3719 4819 3732 4826 _
3793 4815 3818 4826 ,,

2342 4819 2446 4895 (13)
2479 4828 2543 4880 Et
2563 4842 2670 4882 non
2695 4829 2816 4882 sine
2871 4827 3055 4882 labore
3117 4828 3389 4897 confectus
3437 4827 3559 4882 Haec
3602 4826 3680 4880 est
3719 4819 3844 4874 lectio

2271 4897 2623 4953 Pameliana.
2658 4898 2765 4953 Sed
2801 4897 3020 4968 aliquid
3051 4898 3254 4954 deesse
3283 4900 3528 4967 videtur,
3557 4911 3660 4967 quo
3684 4901 3844 4968 sons?!

2269 4974 2495 5025 constet
2528 4987 2540 5034 ;
2575 4969 2658 5025 sic
2690 4972 2834 5024 t'orte
2863 4959 3152 5041 supplend
3165 4987 3282 5035 um,
3305 4974 3356 5026 et
3379 4959 3834 5041 provec:iiores(sub'

2269 5042 2404 5096 audi
2431 5042 2582 5096 alere
2609 5041 2833 5097 debedat
2860 5041 3034 5114 cibus)
3055 5057 3165 5114 non
3193 5044 3380 5097 sine...
3583 5108 3595 5114 _
3699 5105 3708 5114 ,
3833 5097 3840 5105 .

2340 5114 2445 5181 (14)
2482 5114 2665 5169 Usum.
2702 5117 2867 5169 Esum
2897 5108 3036 5183 legit
3089 5113 3349 5168 Isidorus
3410 5108 3738 5183 Hispalensis
3770 5114 3842 5172 qm

2268 5184 2454 5238 multa
2474 5202 2542 5238 ex
2573 5184 2680 5239 hoc
2712 5181 3012 5239 Novatiani
3072 5200 3243 5254 opere
3301 5181 3615 5254 exscripsit,
3652 5192 3755 5246 cap.
3784 5186 3843 5254 _11

2269 5255 2546 5310 Comment
2579 5258 2634 5310 in
2671 5257 2836 5311 Leuit.
2870 5257 2964 5311 Sic
2996 5248 3170 5310 etiam
3207 5255 3291 5310 bis
3325 5248 3654 5326 legit'Bcda
3694 5248 3842 5326 ροβέθτ

2273 5327 2663 5399 Venerabilis:
2699 5332 2755 5381 et
2783 5344 3064 5399 germana
3095 5327 3321 5382 videtur
3352 5314 3535 5382 lectio.
3568 5323 3683 5378 Mox
3701 5314 3841 5374 Isido-

2268 5416 2367 5453 rus
2399 5398 2616 5471 Hispal.
2651 5398 2910 5468 qua’dam
2941 5416 3063 5455 vero
3095 5399 3402 5471 interdixit,
3430 5399 3690 5471 Jscxsonh

2338 5471 2447 5536 (15)
2475 5464 2549 5524 Ea
2575 5464 2810 5525 demum.
2848 5471 3036 5525 Secuti
3071 5487 3277 5524 sumus
3310 5470 3652 5524 Jacksonum
3678 5464 3746 5516 ita
3769 5470 3837 5511 re-

2264 5543 2615 5596 scribentem
2639 5558 2707 5596 ex
2738 5559 2848 5596 ms.
2882 5541 3250 5597 Woweri.A1
3276 5541 3488 5597 eadem.
3670 5605 3678 5608 Α
3761 5597 3790 5608 ,,

2332 5615 2456 5686 (46),
2473 5613 2756 5686 Quidque,
2771 5615 3105 5686 Legendum
3138 5617 3376 5670 censent
3399 5612 3633 5668 editores
3653 5597 3833 5672 Anglic-

2262 5692 2342 5753 ut,
2375 5684 2461 5742 vel
2492 5701 2596 5757 quo
2625 5684 2878 5757 quidque“.
