4102 6180
275 329 392 391 985

1376 333 1479 393 DE
1521 332 1719 394 CIBIS
1765 331 2118 395 JUDAICIS
2163 332 2572 394 EPISTOLA.

274 463 582 530 dicaretur,
599 467 700 518 aut
723 464 1031 520 mundum.
1058 465 1142 520 Ita
1157 466 1268 519 Lex
1288 463 1578 521 solertiam
1609 466 1918 522 maximam
1953 469 2007 535 Α
2035 470 2232 521 autem
2265 467 2534 538 poterant
2563 463 2856 520 intellecto
2891 463 3022 533 plus
3052 463 3110 518 in
3160 463 3496 520 hominibus
3542 465 3681 522 vitia

274 552 550 608 facienda
579 551 924 609 animalium
958 553 1343 625 separationis
1374 554 1650 624 instituit,
1679 572 1812 627 quae
1860 555 1920 611 in

271 658 448 698 unam
509 641 932 698 benedictionis
990 644 1236 698 formam
1287 644 1628 699 constitutio
1682 645 1923 716 antiqua

269 732 575 786 contraxit.
611 731 756 796 Quid
792 730 973 802 igitur
1003 732 1268 787 dicemus
1291 731 1319 785 ?
1377 733 1759 788 immundane
1807 734 1920 804 (17)

267 836 404 891 ergo
436 819 716 874 animalia
739 818 766 872 ‘l
799 818 946 885 Quid
979 825 1070 874 est
1099 821 1253 874 enim
1287 820 1471 887 aliud,
1503 837 1617 875 non
1679 822 1921 892 munda,

263 925 437 980 quam
466 925 597 979 quae
631 908 743 963 Lex
775 925 806 963 a
839 909 1100 964 ciborum
1153 909 1360 964 usibus
1409 909 1741 981 separavit?
1771 910 1918 974 Quid

264 999 420 1053 enim
445 1003 502 1052 et
522 997 662 1052 illud
685 997 836 1068 quod
855 999 978 1067 jam
1004 997 1296 1052 diximus?
1320 999 1783 1069 Ergoinstitutor
1804 1017 1918 1054 non

266 1087 622 1141 mundorum
652 1086 829 1150 Deus,
862 1091 920 1141 et
937 1086 1111 1157 culpa
1129 1087 1412 1142 factorum
1437 1087 1494 1142 in
1519 1089 1800 1143 artificem
1825 1105 1919 1143 re-

267 1175 575 1239 dundabit,
609 1177 710 1247 qui
743 1192 857 1230 non
893 1176 1112 1230 munda
1141 1176 1415 1248 produxit
1447 1193 1460 1232 :
1513 1177 1666 1248 quod
1719 1177 1918 1248 utique

267 1264 458 1318 dicere
479 1269 746 1319 extremes
795 1280 1159 1336 summisque
1207 1265 1514 1322 dementiae
1573 1270 1679 1333 est,
1732 1267 1917 1322 Deum

266 1368 543 1408 accusare
565 1352 731 1424 quasi
763 1353 1087 1410 instituerit
1115 1354 1442 1422 immunda,
1469 1359 1524 1409 et
1554 1354 1762 1410 divinae
1794 1373 1917 1410 ma-

257 1442 458 1512 jestati
491 1443 711 1498 crimen
744 1442 980 1508 inferre,
1012 1443 1181 1514 quasi
1214 1445 1409 1498 fecerit
1443 1445 1727 1516 reproba:
1773 1462 1917 1515 prte-

264 1535 467 1586 sertim
501 1547 634 1586 cum
666 1536 723 1586 et
752 1531 1129 1603 pronuntiata
1158 1532 1279 1587 sint
1303 1532 1464 1588 valde
1493 1533 1634 1588 bona
1691 1532 1842 1604 (Gen.
1876 1549 1914 1600 ι,

259 1620 376 1690 24),
409 1625 464 1675 et
494 1636 622 1691 qua;
655 1621 808 1676 bona
839 1624 901 1676 ut
929 1629 1231 1677 crescerent
1285 1624 1335 1677 et
1389 1622 1915 1694 multiplicarentur,

262 1709 726 1766 benedictionem
762 1710 834 1766 ab
863 1709 990 1782 ipso
1026 1717 1135 1766 er
1162 1711 1280 1766 sint
1309 1717 1652 1778 consecuta;
1676 1712 1920 1784 insuper

260 1801 431 1856 etiam
467 1801 623 1872 (Ibid.
658 1819 759 1868 v11,
782 1802 839 1872 2)
863 1803 920 1856 in
944 1819 1078 1856 arca
1097 1802 1151 1856 in
1181 1802 1297 1858 Noe
1321 1808 1606 1875 praecepto
1630 1803 1917 1859 Creatoris

261 1889 525 1964 ipsorum
563 1893 634 1947 ad
666 1892 925 1948 sobolem
981 1898 1305 1948 reservata:
1367 1897 1431 1949 ut
1479 1899 1538 1949 et
1587 1894 1918 1950 necessaria

264 1983 674 2053 probarentur,
709 1982 850 2038 dum
885 1982 1331 2049 custodiuntur;
1361 1987 1418 2038 et
1446 1983 1620 2052 bona,
1652 1983 1790 2037 dum
1822 1999 1919 2037 ne-

266 2072 542 2136 cessaria,
579 2072 1006 2142 probarentur:
1038 2070 1174 2126 licet
1202 2071 1280 2126 ibi
1315 2087 1544 2142 quoque
1585 2071 1662 2126 sit
1705 2071 1916 2126 discri-

268 2175 403 2215 men
433 2160 728 2228 adjectum
760 2160 894 2231 (18).
927 2161 1036 2215 Sed
1077 2165 1274 2216 tamen
1311 2159 1400 2214 vel
1447 2164 1586 2215 tunc
1625 2159 1916 2215 institutio

266 2249 515 2304 istorum
549 2266 663 2304 non
700 2250 1054 2304 mundorum
1092 2249 1355 2305 funditus
1372 2249 1657 2322 potuisset
1677 2249 1917 2318 auferri,

271 2337 320 2393 si
352 2341 590 2409 propter
648 2338 1162 2409 inquinamentum
1222 2355 1396 2394 suum
1452 2338 1748 2394 debuisset
1804 2338 1917 2408 (19)

268 2426 504 2482 aboleri.

905 2516 1138 2572 CAPUT
1180 2517 1275 2573 III.

261 2604 382 2660 Non
412 2605 685 2676 culpanda
709 2606 893 2675 itaque
925 2606 1212 2661 immunda
1241 2607 1540 2675 animalia,
1591 2623 1659 2662 ne
1703 2607 1763 2661 in
1807 2606 1914 2660 Au-

330 2681 536 2732 ctorem
591 2678 752 2747 culpa
802 2681 1120 2732 revocetur:
1175 2677 1267 2733 sed
1323 2677 1537 2748 quando
1590 2678 1917 2733 irrationale

334 2750 550 2804 animal
578 2751 646 2804 ob
677 2749 897 2819 aliquid
936 2750 1214 2821 rejicitur,
1248 2752 1423 2820 magis
1453 2750 1599 2805 illud
1627 2751 1809 2820 ipsum
1854 2751 1913 2803 in

332 2836 393 2875 eo
424 2822 521 2902 qui
560 2821 855 2902 rationalis
911 2830 988 2876 est
1044 2822 1264 2902 homine
1319 2821 1610 2876 damnari:
1657 2824 1723 2902 in
1786 2822 1913 2902 ani-

334 2891 575 2948 maiibus
598 2891 831 2963 proinde
865 2908 1042 2949 mores
1085 2893 1370 2960 humanos,
1421 2901 1568 2947 actus
1616 2896 1669 2947 et
1727 2891 1915 2946 uolun-

333 2965 470 3018 tate:
497 2963 744 3034 depingi.

335 3053 633 3118 Quatenus
665 3068 804 3123 ergo
829 3053 918 3124 (ut
945 3052 1222 3125 Apostolo
1281 3055 1516 3108 auctore
1565 3052 1911 3108 monstravi‘

264 3142 420 3210 mus)
453 3141 731 3214 spiritalis
761 3141 872 3197 Lex
900 3141 1016 3197 ista
1045 3141 1388 3215 spiritaliter
1418 3141 1751 3214 recipienda
1799 3145 1910 3212 est,

2033 555 2324 626 fugienda,
2358 572 2486 628 quae
2518 555 2636 610 Lex
2666 555 3005 609 damnasset
3033 554 3206 609 etiam
3241 553 3300 609 in
3349 553 3680 626 pecoribus.

2029 645 2174 700 Nam
2202 646 2437 717 quando
2466 643 2802 700 irrationale
2821 643 3037 699 animal
3059 645 3130 699 ob
3155 643 3375 716 aliquid
3399 643 3682 717 rejicitur,

2031 736 2222 807 magis
2251 734 2398 790 illud
2430 735 2628 806 ipsum
2660 734 2717 787 in
2751 750 2815 788 eo
2849 733 2944 804 qui
2979 733 3280 788 rationalis
3312 738 3401 788 est
3445 734 3683 792 homine

2031 823 2363 877 damnatur.
2397 826 2464 876 Et
2494 821 2547 877 si
2581 821 2638 875 in
2667 837 2732 875 eo
2763 820 2985 892 aliquid
3019 822 3173 892 quod
3206 839 3272 876 ex
3316 826 3526 878 natura
3574 822 3680 880 ha-

2029 911 2127 966 bet
2155 911 2322 982 quasi
2352 910 2864 982 inquinamentum
2898 913 3130 965 notatur
3155 929 3167 966 :
3204 910 3337 983 plus
3367 911 3678 983 culpabile,

2029 1016 2162 1055 cum
2204 998 2349 1055 illud
2406 1003 2608 1055 contra
2657 1003 2927 1054 naturam
2989 998 3045 1053 in
3106 999 3344 1055 homine
3401 1003 3683 1073 comperi-

2027 1092 2124 1143 tur
2153 1089 2285 1160 (21).
2319 1089 2490 1159 Ergo,
2539 1092 2606 1142 ut
2655 1087 2924 1143 homines
2973 1089 3421 1160 mundarentur,
3474 1107 3682 1162 pecora

2027 1177 2259 1248 culpata
2282 1181 2420 1233 sunt
2443 1195 2456 1244 ;
2482 1176 2707 1232 scilicet
2731 1181 2794 1232 ut
2814 1181 2869 1232 et
2893 1177 3158 1232 homines
3180 1179 3281 1249 qui
3307 1181 3506 1232 eadem
3543 1180 3684 1235 vitia

2026 1265 2326 1334 baberent,
2349 1265 2602 1338 aequales
2625 1265 2929 1338 pecoribus
2952 1266 3383 1322 aestimarentur
3405 1268 3541 1339 (22).
3557 1269 3679 1332 Quo

2027 1358 2195 1427 pacto
2221 1356 2435 1410 factum
2469 1359 2578 1421 est,
2613 1360 2676 1411 ut
2707 1371 2811 1410 nec
2843 1354 3126 1410 animalia
3155 1356 3578 1412 damnarentur
3605 1359 3678 1412 ab

2028 1445 2386 1513 Institutore,
2423 1444 2514 1500 sui
2573 1443 2779 1516 culpa;
2840 1448 2896 1499 et
2953 1444 3221 1500 homines
3268 1445 3328 1500 in
3373 1446 3679 1518 pecoribus

2027 1535 2237 1590 eruditi
2269 1535 2338 1590 ad
2372 1533 2814 1589 immoculatam
2847 1533 3236 1589 institutionis
3269 1552 3388 1589 sua:
3440 1540 3680 1606 possent

2029 1624 2216 1680 redire
2233 1628 2524 1679 naturam.
2548 1611 3051 1680 Considerandum
3075 1624 3229 1680 enim
3249 1625 3540 1696 quomodo
3564 1627 3680 1682 Lex

2029 1713 2250 1768 munda
2280 1717 2336 1768 et
2358 1730 2472 1769 non
2529 1713 2753 1768 munda
2803 1712 3115 1768 discernit:
3171 1715 3409 1780 Munda,
3462 1713 3675 1787 inquit,

2026 1806 2078 1858 et
2109 1804 2395 1858 ruminant
2420 1806 2471 1858 et
2500 1803 2768 1872 ungulam
2798 1801 3050 1873 ﬁndunt;
3083 1803 3372 1858 immunda
3403 1810 3676 1859 neutrum

2028 1891 2270 1959 faciunt,
2305 1895 2406 1946 aut
2435 1907 2501 1946 ex
2533 1891 2764 1946 duobus
2796 1907 2980 1948 unum
3023 1891 3264 1962 aliquid.
3312 1891 3524 1948 Omnia
3562 1893 3680 1949 ista

2025 1998 2183 2036 unus
2209 1979 2413 2036 artifex
2443 1979 2609 2047 fecit;
2643 1986 2693 2035 et
2727 1979 2826 2051 qui
2885 1979 3018 2035 fecit
3053 1979 3178 2052 ipse
3225 1980 3539 2038 benedixit.
3592 1981 3680 2037 In-

2027 2069 2391 2124 stitutionem
2423 2068 2605 2141 igitur
2648 2069 2929 2124 mundam
2981 2069 3288 2140 utriusque
3335 2070 3671 2142 conspicio;

2027 2157 2166 2230 quia
2195 2161 2252 2212 et
2282 2157 2382 2230 qui
2416 2158 2671 2213 instituit
2701 2163 2942 2214 sanctus
2979 2163 3086 2222 est,
3128 2162 3185 2213 et
3231 2175 3356 2230 quae
3406 2159 3677 2216 instituta

2026 2250 2165 2301 sunt
2195 2245 2426 2317 culpam
2457 2263 2572 2302 non
2604 2246 2841 2318 habent,
2875 2247 3011 2302 dum
3047 2247 3154 2303 hoc
3185 2251 3322 2302 sunt
3342 2249 3496 2320 quod
3528 2249 3677 2306 facta

2024 2340 2184 2392 sunt.
2219 2334 2449 2391 Crimen
2481 2337 2636 2392 enim
2665 2353 2969 2409 nunquam
3001 2340 3231 2405 natura,
3264 2338 3365 2392 sed
3405 2336 3675 2393 voluntas

2025 2440 2294 2497 perversa
2349 2425 2609 2498 excipere
2658 2428 2976 2482 consuevit.
3027 2426 3172 2492 Quid
3225 2443 3361 2498 ergo
3419 2427 3552 2482 est?
3608 2428 3672 2483 In

2025 2513 2381 2570 animalibus
2404 2531 2596 2571 mores
2621 2515 3022 2588 depinguntur
3044 2515 3314 2582 humani,
3344 2520 3401 2570 et
3422 2519 3672 2581 actus,et

2021 2601 2348 2658 voluntates
2377 2603 2507 2675 (23).
2543 2604 2746 2660 Mundi
2777 2609 2936 2676 sunt,
2969 2604 3017 2659 si
3050 2605 3366 2670 rumincnt,
3402 2605 3457 2660 id
3491 2609 3582 2660 est
3610 2605 3672 2660 in

2025 2709 2121 2748 ore
2150 2709 2380 2765 semper
2439 2693 2692 2749 habeant
2749 2695 2917 2766 quasi
2972 2693 3167 2750 cibum
3228 2698 3516 2767 praecepta
3583 2695 3672 2749 di-

2024 2780 2158 2834 vina
2189 2781 2323 2852 (24).
2357 2781 2646 2853 Ungulam
2679 2782 2930 2853 ﬁndunt,
2964 2783 3011 2838 si
3042 2783 3219 2838 ’firmo
3268 2784 3453 2855 gradu
3502 2783 3672 2838 inno-

2023 2869 2246 2940 centies,
2271 2870 2516 2940 justitiae
2550 2871 2855 2943 omnisque
2885 2871 3117 2926 virtutis
3143 2872 3271 2926 vitm
3305 2873 3511 2928 itinera
3541 2888 3673 2928 con-

2023 2958 2245 3016 ficiant.
2287 2960 2498 3015 Eorum
2528 2960 2683 3015 enim
2717 2977 2843 3031 quae
2876 2961 2932 3015 in
2973 2962 3121 3016 duas
3167 2960 3418 3033 ungulas
3461 2962 3669 3033 pedem

2021 3049 2310 3117 dividunt,
2344 3049 2620 3106 robustus
2642 3066 2876 3123 semper
2903 3050 3194 3105 incessus:
3217 3051 3356 3105 dum
3375 3049 3668 3106 lubricum

2021 3138 2200 3209 partis
2231 3138 2472 3196 alterius
2502 3140 2738 3212 ungulae
2793 3140 3159 3196 ﬁrmamento
3207 3139 3462 3206 fulcitur,
3511 3143 3567 3196 et
3610 3140 3669 3195 in

265 3234 330 3284 ut
366 3231 526 3302 Legis
559 3231 702 3286 ratio
735 3231 931 3286 divina
978 3235 1034 3286 et
1091 3237 1247 3308 certa
1302 3235 1610 3304 praestetur
1635 3231 1663 3285 ‘I
1720 3230 1913 3287 Primo
1945 3223 1986 3289 C
2023 3228 2558 3301 vestigiisolidilate
2579 3231 2880 3285 retinetur.
2907 3228 3000 3285 Sic
3022 3229 3407 3300 quineutrum
3429 3228 3670 3298 faciunt,

260 3319 618 3374 credendum
642 3323 731 3375 est
761 3320 1044 3392 quidquid
1069 3324 1158 3377 est
1178 3338 1210 3376 a
1231 3321 1346 3376 Deo
1372 3321 1912 3387 institutum,mun-

263 3407 406 3462 dum
439 3423 588 3474 esse,
622 3413 678 3463 et
707 3409 835 3480 ipsa
859 3409 1249 3465 institutionis
1308 3413 1654 3465 auctoritate
1701 3426 1913 3482 purga-

258 3500 428 3552 tum:
459 3513 643 3566 neque
674 3498 1058 3570 culpandum,
1091 3515 1162 3554 ne
1191 3497 1252 3553 in
1285 3504 1593 3554 Auctorem
1623 3497 1795 3570 culpa
1825 3515 1913 3555 re-

259 3590 516 3642 vocetur.
550 3587 769 3643 Deinde
800 3587 1011 3660 Legem
1044 3589 1115 3643 ad
1148 3586 1255 3643 hoc
1287 3588 1424 3643 filiis
1475 3587 1649 3644 Israel
1692 3588 1914 3657 datam,

263 3679 328 3730 ut
351 3691 450 3747 per
474 3675 633 3731 illam
659 3676 1005 3748 proficerent
1025 3681 1082 3733 et
1109 3677 1366 3733 redirent
1387 3677 1457 3732 ad
1488 3693 1680 3732 mores
1707 3677 1913 3743 bonos,

262 3781 409 3838 quos
440 3781 573 3820 cum
615 3781 649 3820 a
678 3765 951 3822 Patribus
981 3767 1094 3838 (20)
1148 3766 1530 3839 accepissent,
1561 3766 1620 3819 in
1673 3766 1914 3838 [Egypto

259 3857 497 3927 propter
509 3855 988 3911 consuetudinem
1013 3856 1270 3912 barbarae
1292 3856 1482 3928 gentis
1511 3857 1912 3926 corruperant.

259 3943 523 4015 Denique
553 3949 609 3998 et
636 3945 835 4000 decem
885 3945 1194 4000 Sermones
1241 3943 1322 3999 illi
1373 3945 1430 3998 in
1489 3943 1709 3999 tabulis
1769 3941 1915 3997 nihil

259 4049 478 4088 novum
512 4033 720 4088 docent
748 4034 899 4091 057
943 4034 1045 4089 sed
1103 4033 1258 4104 quod
1306 4032 1678 4088 obliteratum
1728 4031 1917 4087 fuerat

259 4121 618 4177 admonent:
651 4127 716 4176 ut
739 4121 975 4192 justitia
1005 4122 1061 4176 in
1096 4121 1235 4190 illis,
1270 4121 1495 4193 ignium
1530 4137 1712 4189 more,
1747 4118 1916 4190 quasi

258 4210 461 4266 afﬂatu
480 4211 735 4282 quodam
759 4210 948 4283 Legis,
974 4211 1163 4284 sopita
1199 4210 1590 4268 recalesceret.
1634 4210 1915 4265 Proﬁcere

2023 3315 2314 3373 immundi
2344 3322 2520 3374 sunt:
2556 3335 2802 3390 quorum
2836 3335 2942 3373 nec
2990 3318 3048 3372 in
3097 3317 3410 3373 virtutibus
3465 3320 3672 3374 ﬁrmus

2022 3404 2326 3477 ingressus
2360 3407 2470 3479 (25)
2504 3413 2610 3476 est,
2674 3424 2779 3463 nec
2833 3407 3162 3464 divinorum
3224 3411 3670 3479 praceptorum,

2025 3511 2185 3549 more
2217 3493 2375 3550 illius
2407 3496 2822 3552 ruminationis
2853 3497 2988 3569 (26),
3047 3497 3255 3552 teritur
3283 3496 3436 3554 958
3468 3497 3661 3556 cibus.

2023 3583 2170 3638 Nam
2203 3588 2259 3639 et
2290 3584 2388 3656 qui
2420 3586 2667 3641 alterum
2711 3587 2951 3654 faciunt,
2986 3602 3092 3641 nec
3121 3584 3234 3658 ipsi
3269 3585 3496 3656 mundi,
3529 3587 3671 3642 dum

2023 3677 2164 3728 sunt
2192 3689 2260 3728 ex
2291 3671 2471 3730 altero
2494 3674 2734 3742 debiles,
2769 3691 2874 3730 nec
2906 3675 2966 3730 in
2999 3679 3245 3747 utroque
3295 3675 3550 3748 perfecti.
3601 3677 3672 3732 Hi

2027 3767 2219 3818 autem
2245 3766 2384 3818 sunt
2415 3768 2516 3818 aut
2547 3768 2862 3836 utrumque
2885 3764 3184 3832 facientes,
3217 3769 3282 3820 ut
3301 3763 3546 3834 Fideles,
3572 3767 3673 3838 qui

2027 3850 2408 3918 mundi;aut
2437 3852 2712 3920 alterum,
2765 3857 2827 3908 ut
2881 3853 3066 3909 Judaei
3124 3857 3180 3910 et
3227 3853 3510 3924 Haeretici,
3570 3855 3674 3926 qui

2025 3946 2162 3996 sunt
2190 3938 2517 4011 inquinati;
2550 3945 2650 3996 aut
2677 3946 2972 4010 neutrum,
3006 3945 3072 3997 ut
3100 3941 3335 4008 ethnici,
3386 3941 3487 4012 qui
3537 3946 3676 3996 sunt

2025 4034 2450 4101 consequenter
2480 4031 2793 4087 immundi.
2827 4033 2912 4088 Ita
2941 4033 2999 4087 in
3034 4030 3417 4096 animalibus,
3450 4046 3552 4102 per
3581 4035 3677 4086 Le-

2025 4134 2156 4191 gem
2188 4120 2355 4190 quasi
2399 4122 2692 4190 quoddam
2723 4121 2994 4177 humana-
3025 4122 3154 4174 vitae
3185 4118 3490 4191 speculum
3536 4135 3676 4175 con-

2027 4207 2301 4264 stitutum
2333 4215 2440 4280 est,
2475 4211 2534 4266 in
2569 4227 2684 4282 quo
2721 4211 3006 4284 imagines
3021 4209 3392 4266 sonctionum
3415 4208 3678 4264 conside-

1538 4309 1850 4372 Gallandii
1880 4309 2394 4381 commentarius.

333 4407 447 4478 (17)
478 4409 853 4464 lmmundane.
890 4411 975 4464 ita
1005 4425 1072 4464 ex
1104 4408 1331 4464 Latinio
1357 4408 1651 4464 Pamelius
1671 4412 1729 4462 et
1748 4407 1914 4463 Jack-

258 4495 461 4534 sonus.
479 4486 551 4534 At
569 4480 992 4536 Welchmanus
1012 4481 1166 4536 edito
1199 4480 1556 4535 Frobeniano
1587 4480 1910 4534 adhaerens:

2094 4407 2206 4478 (22)
2228 4409 2691 4464 Mundarentur...
2711 4410 3186 4464 existimarentur.
3212 4406 3470 4462 Isidorus
3491 4423 3680 4463 emun-

2023 4478 2357 4534 darentur...
2389 4482 2618 4549 scilicet,
2651 4485 2710 4534 ut
2740 4496 2925 4535 omnes
2953 4481 3049 4550 qui
3092 4479 3279 4534 eadem
3329 4480 3462 4533 vitia
3510 4479 3675 4535 habe-

256 4553 616 4608 lmmundane
644 4567 772 4619 ergo
827 4553 1100 4607 animalia
1139 4553 1295 4624 (quid
1315 4561 1398 4607 est
1429 4553 1578 4607 enim
1607 4551 1761 4624 aliud
1804 4566 1915 4624 non
1946 4620 1977 4624 Α
2026 4550 2450 4624 bant,_$quales
2476 4554 2758 4624 pecoribus
2787 4553 3189 4624 existimentur.
3211 4551 3492 4606 Jacxsou.

255 4625 522 4690 munda?)
550 4639 676 4695 quae
700 4625 852 4678 Lexa
875 4624 1120 4678 ciborum
1147 4620 1344 4679 usibus
1381 4625 1706 4695 separauit?
1734 4621 1913 4677 Paulo
1944 4620 1990 4684 D

256 4699 392 4764 post
419 4695 573 4748 idem
635 4695 1050 4766 Welchmanus
1099 4695 1398 4766 ediditex
1451 4699 1745 4766 praecepto,
1799 4697 1915 4748 Ga-

254 4782 492 4838 gnzeum
523 4765 877 4838 exscribens.
911 4767 1058 4822 Sede
1078 4765 1374 4822 xPamelio
1406 4765 1658 4838 aliisque
1690 4781 1914 4836 praepo-

254 4837 531 4892 sitionem
564 4837 894 4894 omisimus.

325 4909 780 4990 (l8)._Discrime_n
819 4911 1110 4990 adjectum.
1181 4909 1266 4990 l_ta
1303 4908 1718 4990 rescripsimus
1772 4921 1908 4962 cum

248 4979 580 5053 editoribus
608 4979 966 5053 Anglicanis.
1003 4981 1091 5036 Al.
1123 4983 1336 5036 crimen
1365 4981 1656 5053 adjectum.

324 5052 436 5122 (19)
491 5051 788 5108 Debuisset.
854 5057 1059 5109 Censet
1107 5051 1531 5108 Welchmanus
1592 5051 1904 5124 legendum

245 5123 587 5180 debuissent.
619 5126 915 5180 Consentit
943 5126 1287 5181 Jacksonus.

323 5196 436 5266 (20)
463 5198 603 5253 Cum
631 5215 662 5252 a
693 5197 975 5253 Patribus.
1031 5196 1314 5264 Isidorus,
1345 5212 1471 5251 cum
1501 5200 1628 5250 ante
1651 5213 1686 5250 a
1716 5196 1900 5250 Patri-

247 5266 369 5323 bus.
403 5267 678 5324 Jacasou.

319 5340 432 5410 (21)
465 5343 528 5396 Et
557 5342 609 5395 si
637 5341 697 5393 in
728 5356 860 5394 eo...
908 5341 1258 5410 comperitur.
1309 5343 1468 5393 Hanc
1519 5337 1785 5409 peridum
1837 5337 1896 5410 in

239 5409 522 5466 omnibus
569 5411 746 5466 editis
801 5409 1159 5482 corruptam,
1219 5412 1277 5465 in
1328 5410 1640 5466 sanitatem
1693 5409 1896 5482 reduxi

236 5495 308 5534 ex
345 5499 454 5537 ms.
488 5483 768 5538 Woweri.
803 5479 1378 5538 Edittfhabuerunt:
1413 5483 1478 5536 Et
1506 5482 1556 5536 si
1584 5483 1645 5535 in
1673 5496 1734 5535 eo
1755 5479 1896 5552 quod

232 5567 309 5606 ex
336 5562 543 5608 natura
570 5553 785 5626 aliquid
813 5554 991 5621 habet,
1050 5555 1223 5626 quasi
1264 5555 1746 5626 inquinamentum
1793 5567 1892 5626 no-

229 5627 421 5698 tatur;
436 5626 562 5696 plus
595 5624 889 5698 culpabite,
919 5642 1044 5698 cum
1067 5624 1228 5680 illud
1273 5624 1463 5683 contra
1508 5631 1778 5681 naturam
1827 5624 1894 5679 in

272 5697 520 5752 nminem
546 5698 916 5769 conqueritur.
946 5697 1227 5755 Jacxsou.

2089 4621 2202 4695 (23)
2267 4623 2595 4678 Voluntates.
2655 4623 2746 4678 Sic
2804 4622 3135 4678 Pamelius:
3197 4640 3374 4695 quam
3435 4621 3673 4692 quidem

2024 4690 2332 4748 lectionem
2365 4695 2714 4750 conﬁrmant
2744 4695 3004 4750 Isidorus
3055 4690 3348 4751 Comment.
3399 4690 3468 4748 in
3503 4695 3670 4749 Leuit.

2023 4779 2149 4834 cap.
2210 4781 2286 4831 1x,
2351 4766 2497 4820 Beda
2549 4783 2681 4836 opp.
2738 4771 2888 4827 tum.
2947 4766 3034 4830 ιν,
3096 4768 3336 4836 Exposit.
3387 4768 3449 4819 in
3500 4767 3670 4820 Leuit.

2021 4849 2147 4910 cap.
2179 4851 2256 4904 x1,
2291 4840 2346 4890 et
2377 4837 2435 4890 in
2497 4839 2669 4910 Leuit.
2720 4838 2921 4906 Quaest.
2981 4854 3108 4910 cap.
3149 4839 3222 4902 9;
3281 4844 3338 4894 et
3395 4837 3673 4910 Rabanus

2020 4909 2277 4975 Maurus,
2310 4912 2451 4962 tom.
2487 4909 2554 4973 II,
2599 4908 2657 4963 in
2717 4905 2884 4965 Leuit.
2938 4905 3261 4974 Comment,
3322 4913 3386 4963 ut
3443 4905 3674 4961 monuit

2014 4976 2332 5033 Jaksonus.
2363 4983 2648 5050 Gagnaeus
2678 4997 2810 5037 vero
2843 4985 2900 5036 et
2959 4981 3274 5036 Frobenius
3328 4979 3664 5049 uoluptates:

2014 5053 2190 5120 atque
2220 5050 2369 5106 hanc
2401 5050 2709 5107 lectionem
2741 5053 2984 5109 retinuit
3005 5051 3448 5107 Welchmanus.

2085 5121 2608 5196 (24)_Quasicibum
2635 5129 2904 5196 praecepta
2933 5125 3144 5180 divina.
3182 5125 3282 5196 Ita~
3303 5123 3506 5196 legunt
3529 5135 3668 5196 cum

2011 5191 2584 5263 Pamelioilsidorus,
2636 5191 2894 5251 Beda'et
2940 5196 3220 5251 Rabanus
3265 5194 3528 5250 Maurus.
3572 5191 3665 5249 Al.

2009 5266 2170 5334 quasi
2218 5268 2404 5322 cibum
2458 5265 2765 5338 quemdam.
2819 5266 2910 5321 Al.
2971 5283 3023 5336 q.
3083 5282 3128 5320 c.
3191 5265 3452 5338 quaedam
3490 5281 3550 5336 p.
3607 5264 3660 5319 d.

3301 5337 3564 5392 ἔλακεοΝ

3338 5353 3408 5392 ΔΟ
3419 5352 3564 5392 ΚΒΟΝ

2075 5409 2191 5476 (25)
2221 5411 2499 5479 Ingressus
2559 5408 2760 5463 Malim
2820 5409 3084 5478 incessus,
3143 5410 3209 5463 ut
3255 5407 3430 5480 paulo
3484 5422 3660 5479 supe-

2004 5477 2145 5533 rius.
2187 5483 2267 5535 In.
2288 5477 2300 5479 ⁷
3068 5477 3073 5478 7
3223 5515 3228 5520 -

2071 5550 2181 5629 (26)
2242 5551 2389 5633 ,Μονᾳ
2440 5548 2604 5633 illius
2637 5551 2937 5633 ‘ruminat.
2998 5550 3129 5606 Haec
3185 5549 3355 5633 posui
3411 5566 3480 5606 ex
3545 5567 3660 5633 ms.

2001 5622 2254 5695 Wovveri
2277 5638 2299 5695 :_
2322 5625 2495 5693 atque
2525 5620 2948 5695 itailegendum
3007 5620 3294 5695 sagaciter
3335 5630 3662 5695 auguratus

1999 5695 2088 5750 est
2121 5691 2562 5751 Welchmanus.
2593 5691 2786 5752 Editi:
2824 5695 2887 5752 In
2933 5709 3026 5752 ore
3055 5691 3212 5750 illius
3256 5691 3529 5752 ruminat.
3563 5697 3656 5752 In.

3129 5878 3140 5886 α

3565 333 3684 394 986
3757 398 3760 400 ν
