4102 6180
248 381 358 439 989

1346 381 1448 441 DE
1493 380 1692 441 CIBIS
1739 379 2094 441 JUDAICIS
2140 377 2551 439 EPISTULA.

3531 377 3652 436 990

248 514 396 569 960
427 512 551 567 ista:
583 512 803 568 umbras
825 511 911 568 vel
939 513 1136 586 figuras
1167 514 1521 579 exercendas,
1581 517 1647 568 ut
1703 511 1885 568 absti-
1916 515 1965 581 Α
1999 512 2117 584 ejus
2172 512 2271 584 qui
2339 527 2428 565 me
2481 512 2658 580 misit,
2701 513 2754 565 et
2807 518 2870 565 ut
2913 523 3282 565 consummem
3335 524 3470 580 opus
3510 500 3651 578 eius'

249 603 501 658 nendum
523 606 678 657 esset
710 603 928 672 scibis,
963 619 1109 674 quos
1140 603 1431 658 institutio
1463 603 1698 674 quidem
1731 618 1888 658 com-

251 691 646 757 mendaverat,
697 692 796 747 sed
859 697 966 746 Lex
1015 692 1408 747 interdixerat.
1493 691 1708 747 Verum
1766 694 1887 760 jam

249 785 423 849 (Rom.
461 798 516 849 x,
541 781 594 849 4)
623 781 752 850 ﬁnis
799 782 933 850 legis
989 781 1230 835 Christus
1278 781 1632 853 supervenit,
1681 784 1889 836 cuncta

256 870 398 941 legis
428 870 676 925 obscura
707 886 992 932 reserans,
1019 869 1215 926 omnia
1237 887 1364 942 quas
1386 874 1886 926 sacramentorum

251 958 478 1014 nebulis
509 959 618 1029 (38)
639 957 965 1030 antiquitas
985 963 1221 1014 texerat.
1254 959 1528 1029 Magister
1557 959 1710 1014 enim
1736 958 1889 1013 venit

245 1048 514 1119 insignis,
544 1048 823 1103 etDoctor
853 1047 1124 1115 caelestis,
1185 1053 1242 1103 et
1281 1048 1584 1103 Institutor
1613 1064 1888 1103 consum-

244 1144 414 1194 matae
471 1137 756 1202 veritatis,
831 1137 940 1192 sub
1008 1153 1122 1207 quo
1181 1136 1386 1192 merito
1438 1139 1559 1207 jam
1636 1137 1887 1192 dicitur:

241 1225 365 1296 (Tit.
419 1243 455 1292 ι,
509 1225 578 1279 15
629 1241 640 1280 :
695 1224 892 1280 Omnia
959 1225 1168 1280 munda
1258 1225 1498 1293 mundis,
1582 1227 1892 1298 inquinatis

239 1318 430 1370 autem
481 1318 533 1368 et
591 1313 918 1384 infidelibus
997 1315 1141 1369 nihil
1195 1316 1483 1380 mundum,
1539 1315 1630 1370 sed
1682 1315 1892 1386 polluta

237 1412 363 1458 sunt
383 1418 574 1458 eorum
610 1412 661 1458 et
691 1419 847 1458 mens
904 1411 958 1459 et
1001 1405 1354 1460 conscientia.
1409 1405 1552 1458 Item
1610 1402 1722 1459 alio
1767 1403 1890 1458 loco

237 1493 282 1561 (ι
309 1492 447 1547 Tim.
480 1508 554 1556 ιν,
613 1492 668 1559 4,
697 1493 754 1563 5)
786 1507 800 1547 :
837 1493 978 1559 Quia
1016 1493 1203 1548 omnia
1248 1496 1507 1548 creatura
1563 1494 1668 1548 Dei
1730 1493 1891 1563 bona,

237 1585 286 1638 et
339 1582 487 1637 nihil
535 1582 899 1653 rejicicndum
958 1581 1098 1654 quod
1151 1599 1276 1637 cum
1321 1584 1632 1652 gratiarum
1675 1584 1899 1638 actione

237 1672 548 1743 percipitur
575 1689 595 1727 :
626 1673 1007 1743 sanctiﬁcatur
1061 1673 1210 1726 enim
1253 1688 1356 1744 per
1407 1674 1635 1727 verbum
1686 1673 1784 1728 Dei
1841 1657 1898 1727 et

242 1763 569 1816 arationem.
632 1760 886 1814 Rursum
938 1758 1078 1815 alibi
1131 1760 1201 1829 (Ι
1250 1761 1382 1815 Tim.
1436 1777 1511 1828 ιν,
1573 1761 1624 1828 1,
1691 1762 1746 1826 2,
1787 1760 1892 1831 3):

243 1851 492 1921 Spiritus
519 1851 822 1921 manifeste
839 1848 994 1916 dicit,
1037 1850 1186 1921 quod
1230 1850 1289 1904 in
1334 1851 1644 1904 novissimis
1700 1849 1891 1904 diebus
1920 1886 1968 1951 Β

239 1941 492 1996 recedent
519 1939 746 2012 quidam
775 1956 810 1994 a
836 1937 948 2009 ﬁde
967 1938 1305 1995 attendentes
1335 1940 1622 2010 spiritibus
1642 1939 1886 1995 seducto-

236 2030 412 2098 ribus,
451 2030 713 2084 doctrinis
761 2028 1159 2084 daemoniorum
1207 2030 1265 2083 in
1324 2029 1604 2102 hypocrisi
1656 2029 1886 2084 menda-

234 2118 593 2190 ciloquorum
670 2119 1041 2172 cauteriotam
1113 2117 1428 2172 habentium
1499 2121 1889 2174 conscientiam

231 2224 414 2275 suam,
443 2206 855 2278 prohibentium
882 2207 1110 2275 nubere,
1143 2210 1194 2261 et
1214 2206 1490 2262 abstinere
1518 2225 1548 2262 a
1595 2210 1732 2264 cibis
1760 2224 1889 2280 quos

243 2302 395 2354 Deus
423 2297 628 2352 creavit
659 2295 729 2350 ad
747 2294 1160 2366 percipiendum
1183 2311 1304 2350 cum
1335 2297 1643 2366 gratiarum
1678 2299 1890 2353 actione

235 2385 516 2458 ﬁdelibus,
549 2393 600 2440 et
659 2383 744 2438 his
793 2384 890 2456 qui
932 2388 1292 2454 cognoverunt
1348 2386 1536 2441 Deum.
1595 2386 1797 2441 Adhuc
1828 2385 1885 2441 in

237 2474 427 2530 altera
454 2477 616 2545 parte
646 2474 695 2539 (1
716 2472 836 2528 Cor.
861 2488 916 2538 Χ,
957 2473 1048 2544 25)
1085 2489 1098 2526 :
1132 2473 1298 2528 Omne
1344 2474 1489 2546 quod
1547 2476 1607 2529 in
1658 2477 1888 2530 macello

235 2565 393 2620 venit
422 2564 537 2634 (39)
559 2562 904 2628 manducate,
949 2562 1098 2617 nihil
1148 2565 1500 2633 requirentes.
1553 2564 1631 2619 Ex
1676 2567 1890 2636 quibus

236 2656 471 2708 constat
500 2651 698 2706 omnia
727 2651 842 2706 ista
898 2651 1023 2706 suis
1084 2651 1589 2708 benedictionibus
1638 2655 1886 2725 reddita,

228 2742 360 2813 jam
396 2741 542 2810 Lege
573 2740 738 2794 finita
768 2756 781 2794 :
808 2756 913 2794 nec
945 2740 1016 2794 ad
1030 2739 1434 2796 solemnitates
1465 2742 1726 2798 ciborum
1761 2759 1888 2799 esse

235 2829 628 2889 redeundum,
668 2845 816 2900 quas
849 2833 904 2882 et
951 2832 1107 2883 certa
1153 2829 1536 2901 imperaverat
1584 2848 1778 2900 causa,
1834 2837 1890 2888 et

225 2919 362 2989 jam
397 2916 640 2972 sustulit
709 2916 949 2973 libertas
1004 2917 1350 2990 Evangelica
1422 2920 1888 2977 manumissione

230 3010 529 3062 revocata.
561 3003 786 3061 Clamat
834 3005 1146 3077 Apostolus
1196 3009 1367 3074 (Rom.
1410 3024 1502 3062 xw
1556 3009 1642 3079 17)
1700 3025 1712 3064 :
1773 3011 1889 3065 Non

235 3098 316 3152 est
341 3111 582 3166 regnum
616 3095 712 3150 Dei
728 3099 888 3167 potus
916 3099 968 3150 et
1004 3096 1178 3162 cibus,
1221 3096 1317 3152 sed
1346 3097 1575 3168 justitia
1603 3105 1654 3154 et
1695 3116 1809 3170 pax
1837 3103 1890 3155 et

229 3183 532 3258 gaudium.
579 3185 720 3240 Item
773 3183 887 3240 alio
942 3183 1068 3240 loco
1127 3184 1174 3256 (Ι
1231 3186 1354 3241 Cor.
1413 3203 1492 3252 v1,
1554 3187 1690 3256 13):
1747 3190 1888 3244 Esca

227 3274 420 3330 ventri
447 3281 498 3329 et
515 3281 702 3329 venter
725 3275 906 3334 escis;
945 3277 1087 3329 Deus
1134 3276 1318 3329 autem
1366 3278 1416 3330 et
1464 3274 1610 3331 hunc
1653 3285 1706 3332 et
1750 3277 1892 3332 hanc

231 3363 529 3420 evacuabit
582 3381 596 3420 :
662 3378 856 3434 corpus
912 3371 1096 3418 autem
1161 3379 1272 3419 non
1343 3366 1723 3436 fornicationi,
1800 3367 1893 3422 sed

237 3451 502 3518 Domino,
579 3453 634 3504 et
689 3451 952 3506 Dominus
1008 3453 1242 3522 corpori.
1303 3452 1458 3508 Deus
1527 3458 1724 3509 ventre
1777 3472 1893 3512 non

235 3538 477 3606 colitur,
510 3555 615 3595 nec
646 3538 790 3595 cibis
833 3540 1042 3612 (Matth.
1076 3557 1166 3608 xv,
1230 3541 1335 3610 i7;
1394 3541 1556 3597 Marc.
1615 3560 1714 3610 vn,
1781 3545 1887 3617 19),

235 3645 388 3698 quos
412 3627 697 3684 Dominus
736 3628 876 3684 dicit
898 3629 1102 3700 perire,
1129 3634 1186 3685 et
1231 3629 1289 3685 in
1344 3647 1579 3687 secessu
1639 3633 1892 3688 naturali

233 3717 371 3790 lege
401 3717 660 3789 purgari.
694 3717 840 3772 Nam
873 3717 974 3789 qui
1009 3735 1109 3790 per
1152 3735 1317 3774 escas
1374 3719 1692 3776 Dominum
1733 3721 1890 3790 colit,

229 3822 421 3878 prope
459 3809 567 3870 est,
632 3809 697 3860 ut
743 3805 1057 3862 Dominum
1115 3806 1324 3863 habeat
1377 3813 1638 3865 ventrem
1693 3828 1887 3866 suum.

231 3895 440 3965 Cibus,
473 3895 736 3966 inquam,
769 3911 962 3966 verus,
995 3904 1052 3951 et
1082 3902 1341 3964 sanctus,
1403 3903 1460 3953 et
1493 3899 1750 3955 mundus
1779 3906 1889 3967 est,

231 3985 387 4040 ﬁdes
419 3990 594 4054 recta,
627 3984 1010 4041 immaculata
1067 3987 1443 4054 conscientia,
1503 3993 1560 4043 et
1613 3990 1892 4046 innocens

232 4074 441 4129 anima
473 4089 486 4127 :
523 4073 795 4144 quisquis
830 4073 912 4128 sic
945 4073 1227 4144 pascitur,
1251 4075 1890 4146 Christoconvescitur;

231 4162 379 4219 talis
412 4163 676 4234 epulator
715 4162 961 4218 conviva
1009 4167 1098 4218 est
1154 4163 1252 4219 Dei
1290 4181 1304 4220 ι
1337 4165 1463 4219 istas
1521 4172 1659 4221 sunt
1711 4167 1894 4240 epulis

235 4269 374 4323 qua
410 4251 660 4325 Angelos
693 4255 944 4323 pascunt
975 4269 990 4320 ;
1022 4253 1145 4307 ista;
1177 4256 1317 4308 sunt
1338 4270 1552 4310 mensas
1583 4272 1710 4326 quas
1744 4257 1897 4313 Mar-

232 4346 402 4412 tyres
428 4341 669 4396 faciunt.
693 4341 840 4397 Hinc
873 4345 962 4396 est
991 4359 1099 4397 vox
1128 4341 1226 4396 illa
1258 4343 1428 4414 Legls
1447 4343 1625 4414 (Deut.
1649 4362 1767 4417 vm,
1800 4347 1855 4419 3)
1881 4354 1894 4392 ε

2003 601 2148 656 Hinc
2179 601 2355 672 [Joan.
2407 617 2484 667 v1,
2530 601 2678 656 961
2732 600 2824 664 26,
2883 599 3016 670 27):
3081 600 3342 668 Quwritis
3393 613 3500 662 me,
3544 614 3650 653 non

2000 692 2132 762 quia
2153 693 2316 759 signa
2347 691 2584 760 vidistis,
2614 690 2710 746 sed
2741 690 2880 761 quia
2911 689 3287 744 manducastis
3326 689 3390 743 de
3417 689 3652 758 panibus

1997 781 2159 849 meis,
2187 787 2240 835 et
2279 781 2519 834 saturati
2573 783 2722 834 estis.
2772 777 3100 847 Operamini
3134 787 3316 832 autem
3380 794 3487 832 non
3528 793 3650 832 eam

1998 883 2175 924 escam
2198 884 2317 940 qua?
2344 870 2510 940 perit,
2561 868 2652 922 sed
2689 884 2871 923 escam
2930 871 3340 938 permanentem
3389 868 3649 921 invitam

1999 965 2266 1014 aeternam
2310 974 2473 1030 quam
2515 959 2691 1012 Filius
2737 959 2976 1012 hominis
3040 956 3190 1012 vobis
3235 957 3388 1011 dabit
3435 973 3454 1010 :
3502 956 3650 1010 hunc

1999 1047 2150 1101 enim
2201 1048 2370 1101 Pater
2413 1049 2652 1118 signavit
2711 1048 2866 1101 Deus.
2945 1045 3212 1110 Justitia,
3268 1044 3532 1116 inquam,
3592 1049 3648 1100 et

2001 1135 2359 1191 continentia
2408 1140 2465 1192 et
2519 1135 2760 1207 reliquis
2826 1136 2982 1191 Deus
3038 1133 3356 1189 virtutibus
3415 1133 3643 1189 colitur.

2002 1225 2150 1281 Nam
2180 1230 2232 1280 et
2266 1226 2377 1297 [40]
2421 1225 2729 1281 Zacharias
2785 1225 2959 1280 refert
3016 1224 3223 1295 [Zaeh.,
3283 1239 3384 1290 vn,
3432 1223 3527 1293 6];
3586 1225 3650 1276 Si

2000 1314 2360 1385 manducetis,
2447 1313 2654 1385 inquit,
2714 1321 2809 1369 aut
2861 1313 3086 1381 bibatis,
3145 1328 3330 1368 nonne
3383 1327 3474 1366 vos
3532 1311 3645 1382 [41]

2003 1403 2347 1459 manducatis
2367 1408 2463 1458 aut
2487 1405 2670 1459 bibitis
2690 1403 2718 1458 ?
2747 1403 3094 1474 Exprimcns
3119 1401 3280 1458 cibos
3314 1405 3413 1456 aut
3447 1404 3644 1472 potus,

2006 1509 2120 1549 non
2163 1493 2233 1548 ad
2269 1492 2450 1548 Deum
2503 1492 2818 1564 pervenire.
2878 1493 2980 1546 sed
3040 1492 3110 1546 ad
3165 1490 3508 1545 hominem:
3541 1506 3646 1544 nec

2005 1582 2159 1638 enim
2194 1599 2441 1638 carneus
2474 1587 2623 1638 Deus
2654 1586 2760 1650 est,
2795 1585 2860 1637 ut
2888 1597 3060 1637 carne
3094 1579 3354 1652 placetur
3385 1596 3398 1645 ;
3431 1595 3538 1634 nec
3587 1579 3646 1633 in

2004 1672 2112 1727 has
2141 1670 2472 1742 voluptates
2502 1671 2789 1726 attonitus
2818 1670 2955 1742 [42],
3009 1675 3074 1724 ut
3132 1668 3348 1724 nostris
3396 1668 3647 1738 gaudeat

2005 1760 2170 1818 cibis.
2205 1765 2356 1816 Deus
2388 1759 2506 1817 sola
2538 1760 2878 1833 gaudetflde
2900 1757 3258 1821 nostra,sola
3286 1757 3642 1821 innocentia,

2004 1849 2129 1905 sola
2155 1848 2413 1916 veritate,
2447 1848 2589 1904 solis
2613 1847 2930 1904 virtutibus
2950 1848 3186 1918 nostris,
3221 1864 3345 1918 qua
3375 1846 3647 1901 habitant

1998 1955 2113 1994 non
2170 1938 2230 1993 in
2276 1942 2493 2006 ventre,
2541 1938 2641 1994 sed
2717 1937 2776 1993 in
2832 1936 3030 1992 animo
3082 1952 3095 1990 :
3153 1951 3416 2006 quasque
3475 1935 3645 1990 nobis

1996 2027 2251 2099 acquirit
2309 2026 2543 2082 divinus
2610 2026 2790 2082 timor
2831 2030 2889 2080 et
2945 2025 3200 2081 caelestis
3254 2028 3467 2089 metus,
3528 2041 3643 2079 non

1994 2121 2263 2172 terrenus
2296 2116 2480 2171 cibus.
2518 2117 2598 2170 Ex
2629 2115 2848 2187 quibus
2903 2119 3293 2188 congruenter
3323 2114 3645 2168 insectatus

1997 2209 2087 2261 est
2133 2205 2450 2278 Apostolus
2503 2204 2723 2276 [Colosn
2775 2221 2838 2269 ιι,
2893 2205 2979 2270 18,
3030 2204 3116 2274 19]
3166 2203 3646 2274 superstitionibus

1996 2295 2333 2366 Angelorum
2388 2296 2701 2359 servientes,
2744 2296 2965 2364 inﬂatos
3003 2311 3036 2348 a
3083 2309 3248 2349 sensu
3279 2294 3467 2348 carnis
3504 2306 3642 2356 suae,

1997 2389 2158 2456 caput
2189 2383 2473 2440 Christum
2529 2399 2639 2439 non
2669 2385 2943 2450 tenentes;
2991 2398 3060 2438 ea:
3093 2397 3196 2454 quo
3257 2397 3415 2436 omne
3449 2396 3647 2452 corpus

1997 2490 2094 2544 per
2125 2488 2334 2542 nexum
2375 2475 2809 2537 concatenatum,
2846 2474 2899 2528 et
2934 2471 3106 2542 ﬁbula
3133 2471 3420 2527 charitatis
3463 2486 3640 2524 mem-

2000 2563 2112 2617 bris
2154 2564 2360 2616 mutuis
2407 2564 2674 2617 innexum
2739 2565 2904 2633 atque
2962 2569 3279 2616 concretum
3339 2561 3531 2614 crescit
3581 2561 3640 2612 in.

1997 2651 2205 2707 Deum:
2245 2651 2344 2706 sed
2394 2649 2497 2706 illa
2539 2655 2837 2706 servantes
2887 2649 3046 2717 (Ibid.
3089 2650 3181 2716 21,
3233 2650 3364 2708 23):
3415 2650 3489 2704 Ne
3525 2649 3642 2703 teti-

1997 2741 2214 2812 geritis,
2253 2756 2428 2812 neque
2472 2742 2830 2811 gustaveritis
2875 2739 3012 2806 (43),
3059 2753 3236 2812 neque
3274 2741 3644 2794 contrectare-

1997 2832 2292 2902 ritis;quw
2336 2831 2640 2900 imaginem
2675 2829 2897 2901 quidem
2935 2829 3236 2884 videantur
3273 2828 3471 2882 habere
3508 2827 3644 2881 reli-

1997 2919 2197 2988 gionis,
2261 2919 2390 2972 dum
2433 2919 2647 2990 corpori
2689 2935 2804 2971 non
2843 2919 3138 2989 parcitur;
3177 2915 3406 2970 nullum
3445 2918 3642 2970 tamen

1997 3007 2459 3063 emolumentum
2492 3007 2731 3063 omnino
2755 3005 3022 3077 justitize,
3059 3007 3196 3061 dum
3241 3006 3310 3060 ad
3362 3003 3648 3060 elementa

1997 3097 2212 3169 quibus
2270 3113 2373 3169 per
2429 3096 2732 3168 Baptisms
2791 3095 3007 3152 mortui
3059 3111 3288 3167 sumus,
3321 3093 3648 3150 voluntaria

2002 3186 2278 3244 servitute
2301 3203 2662 3244 revocamur.

2641 3319 2874 3376 CAPUT
2905 3320 3002 3374 VI.

2004 3411 2106 3467 Sed
2139 3427 2247 3467 non
2283 3427 2353 3467 ex
2390 3411 2488 3466 hoc
2526 3413 2661 3481 quia
2719 3411 2948 3466 libertas
2975 3409 3223 3464 ciborum
3277 3422 3546 3481 concessa,
3566 3407 3649 3481 lu-

2072 3484 2304 3538 xuriam
2355 3478 2676 3553 permissam
2709 3498 2848 3550 esse,
2886 3487 2999 3553 aut,
3032 3480 3428 3553 continentium
3459 3478 3644 3553 subla-

2070 3557 2248 3610 tamet
2288 3551 2538 3622 ieiunia:
2583 3554 2692 3609 hac
2726 3556 2878 3609 enim
2916 3552 3001 3608 vel
3053 3554 3298 3608 maxime
3334 3551 3518 3607 decere
3552 3551 3645 3604 Fi-

2072 3627 2242 3690 deles,
2274 3629 2522 3680 oraturos
2568 3626 2778 3680 scilicet
2826 3626 3011 3688 Deum,
3072 3633 3124 3679 et
3179 3632 3394 3680 acturos
3436 3623 3648 3691 gratias

2073 3714 2184 3752 non
2209 3697 2402 3752 diebus
2434 3700 2678 3764 tantum,
2716 3696 2879 3752 sedet
2913 3697 3182 3751 noctibus.

2073 3814 2184 3869 Sed
2217 3829 2331 3868 non
2362 3830 2430 3869 ex
2485 3813 2594 3868 hoc
2640 3812 2841 3868 statim
2897 3812 3035 3884 quia
3083 3811 3327 3866 libertas
3385 3809 3647 3865 ciborum

2002 3919 2298 3968 concessa,
2337 3901 2559 3957 luxuria
2592 3901 2980 3974 permissaest
3011 3919 3024 3956 :
3058 3917 3162 3956 nec
3190 3899 3328 3972 quia
3351 3896 3650 3954 liberalius

2003 3992 2310 4047 nobiscum
2360 3991 2732 4064 Evangelium
2803 3992 2986 4064 gessit
3035 3991 3168 4062 (44),
3229 3986 3649 4044 continentiam

2003 4081 2264 4137 sustulit.
2298 4081 2443 4146 Non,
2474 4081 2739 4153 inquam,
2767 4098 2835 4135 ex
2890 4081 2998 4136 hoc
3055 4078 3235 4134 ventri
3274 4079 3646 4148 procuratum

2006 4173 2113 4236 est,
2148 4169 2248 4226 sed
2273 4169 2532 4225 ciborum
2571 4170 2757 4224 forma
2814 4173 3138 4224 monstrata
3168 4170 3258 4223 est
3291 4183 3303 4221 :
3346 4169 3648 4220 ostensum

2009 4265 2097 4315 est
2126 4259 2265 4330 quid
2292 4258 2447 4330 juris
2467 4263 2640 4324 esset,
2677 4275 2790 4314 non
2817 4275 2930 4330 quo
2961 4257 3020 4312 in
3048 4255 3339 4328 gurgitem
3363 4252 3649 4326 cupidita-

2011 4348 2084 4404 tis
2115 4349 2316 4415 iretur,
2348 4349 2446 4404 sed
2483 4364 2597 4419 quo
2643 4347 2810 4420 Legis
2857 4346 3006 4401 ratio
3064 4346 3424 4400 redderetur.
3473 4342 3650 4396 Ciste-

229 4432 356 4486 Non
390 4432 448 4484 in
472 4447 614 4500 pane
631 4436 848 4486 tantum
892 4432 1030 4486 vivit
1079 4429 1256 4500 homo,
1317 4433 1413 4486 sed
1468 4434 1526 4488 in
1558 4437 1711 4489 omni
1741 4439 1900 4492 verbo
2011 4455 2141 4491 rum
2176 4435 2321 4491 nihil
2343 4436 2424 4490 ita
2457 4435 2964 4505 intemperantiam
2986 4432 3241 4489 coercuit
3269 4448 3443 4503 quam
3469 4431 3652 4484 Evan-

229 4518 378 4591 quod
423 4521 794 4591 proﬁciscitur
842 4536 912 4575 ea:
956 4535 1049 4574 ore
1124 4521 1238 4576 Dei.
1290 4521 1434 4576 Hinc
1493 4522 1592 4578 illa
1631 4525 1841 4580 Christi
1883 4529 1897 4568 ι

2013 4525 2227 4597 gelium
2265 4541 2277 4579 :
2312 4540 2416 4578 nec
2445 4524 2528 4578 ita
2574 4523 2918 4578 constrictas
2957 4521 3267 4594 quisquam
3305 4519 3452 4591 gulae
3492 4517 3650 4590 leges

228 4611 417 4676 (Joan.
455 4625 529 4678 IV,
562 4609 652 4677 34)
687 4609 836 4664 :Mea
883 4625 1003 4665 esca
1051 4613 1152 4674 est,
1205 4617 1266 4664 ut
1317 4612 1526 4680 faciam
1567 4613 1902 4670 voluntatem
1930 4602 1978 4666 D
2011 4613 2170 4670 dedit
2206 4612 2342 4685 (45),
2393 4628 2570 4682 quam
2621 4611 2925 4666 Christus:
2979 4611 3076 4682 qui
3137 4609 3361 4682 (Matth.
3417 4625 3470 4674 v,
3504 4609 3557 4674 3,
3589 4608 3645 4675 6)

1521 4710 1829 4772 Gallandii
1862 4711 2372 4776 commentarius.

306 4804 419 4873 (38)
452 4805 649 4860 Omnia
679 4820 803 4876 quae
827 4810 1296 4862 sacramentorum
1315 4807 1553 4863 nebulis.
1589 4807 1880 4866 Isidorus:

228 4877 406 4948 Atque
431 4881 616 4948 omnia
639 4883 984 4932 sacramenta
1015 4892 1142 4948 quae
1170 4877 1346 4932 nobis.
1371 4880 1591 4933 Sensus
1625 4881 1882 4938 auctoris

228 4946 334 5021 hic
412 4946 638 5002 videtur
698 4946 1090 5021 imperfectus
1150 4966 1164 5014 ;
1226 4954 1282 5003 et
1339 4967 1656 5021 possumus
1714 4951 1885 5008 aliter

227 5018 425 5083 legere
454 5035 521 5074 ex
552 5018 823 5092 citatione
873 5021 1035 5074 Beda:
1085 5021 1192 5074 hoc
1252 5018 1421 5077 modo
1468 5038 1482 5077 :
1521 5022 1710 5078 Verum
1771 5025 1883 5092 iam

229 5092 368 5161 ﬁnis
422 5091 584 5163 Legis
641 5090 884 5146 Christus
959 5092 1292 5162 supervenit,
1363 5097 1619 5163 aperiens
1689 5090 1883 5151 cuncta

228 5163 396 5230 Legis
424 5172 477 5216 et
497 5162 738 5217 ’obscura
763 5234 766 5235 ν
790 5178 1042 5217 reserans
1071 5181 1092 5217 ,ο
1121 5166 1282 5233 atque
1331 5162 1515 5218 omnia
1545 5180 1669 5235 quae
1697 5182 1882 5222 sacra-

227 5237 548 5287 mentorum
576 5234 794 5289 nebulis
821 5235 1130 5304 antiquitas
1159 5237 1391 5304 texerat,
1449 5234 1700 5303 Magister
1743 5239 1882 5294 insi-

225 5305 361 5376 gnis
407 5312 462 5358 et
512 5306 700 5359 Doctor
756 5306 991 5361 catastis
1043 5310 1095 5360 et
1150 5307 1438 5360 Institutor
1491 5313 1884 5367 consummatae

226 5377 485 5430 veritatis
513 5378 773 5446 patefacit
801 5395 819 5430 :
849 5378 947 5431 sub
977 5392 1082 5447 quo
1120 5379 1336 5430 merito.
1377 5378 1457 5431 Io.

313 5447 419 5516 (39)
460 5449 639 5522 Venit.
666 5449 748 5522 Ita
780 5449 1100 5522 Frobenius
1130 5453 1186 5502 et
1228 5448 1466 5522 Pams‘lii
1513 5449 1690 5504 editio
1728 5451 1881 5522 1639,

227 5532 344 5572 nec
376 5534 487 5572 non
519 5517 956 5575 Welcbmanus.
990 5519 1075 5574 Al.
1112 5520 1293 5573 vzenit.
1333 5519 1526 5574 Minus
1567 5524 1740 5575 recte.

313 5588 590 5663 (40)_t_Vam
610 5594 682 5645 et.
716 5593 858 5663 Nam
906 5600 965 5646 ut
995 5590 1306 5663 legendum
1365 5591 1700 5663 suspicatur
1729 5595 1884 5648 uter-

229 5675 360 5733 que
384 5661 569 5733 editor
599 5660 826 5733 Anglic.

315 5730 426 5805 (41)
459 5732 572 5789 Vos.
624 5730 721 5790 Sié
765 5733 984 5792 habent
1014 5731 1177 5806 LXX,
1233 5732 1356 5806 Syr.
1415 5737 1473 5790 et
1512 5733 1684 5790 Arab.
1722 5736 1884 5793 Vobis

1996 4809 2138 4865 IIeb.
2172 4811 2229 4863 et
2247 4807 2418 4878 Vulg.
2452 4809 2516 4861 ut
2553 4811 2794 4877 apparet
2835 4823 2901 4861 ex
2953 4804 3284 4878 Hieronymi
3317 4805 3641 4860 Comment.

1995 4883 2053 4937 in
2086 4879 2300 4934 locum.
2331 4878 2605 4932 Jscxson.

2064 4952 2176 5021 (42)
2211 4952 2498 5006 Attonitus.
2526 4955 2600 5003 b‘x
2623 4950 2956 5018 conjectura
2978 4949 3306 5021 utriusque
3339 4944 3643 5017 Anglicani

1993 5020 2233 5079 editoris
2269 5022 2578 5092 legendum
2604 5027 2868 5084 attentus,
2901 5020 2985 5075 vel
3018 5023 3282 5075 intentus.

2064 5095 2175 5164 (43)
2207 5087 2386 5164 Neque
2419 5094 2796 5161 gustaveritis.
2831 5097 2959 5146 Hth
3019 5092 3336 5148 Novatiano
3368 5087 3638 5142 restitue-

1993 5171 2131 5220 runt
2160 5165 2410 5221 editores
2440 5165 2765 5235 Anglicani,
2802 5180 2832 5218 e
2879 5166 3052 5234 cujus
3096 5166 3638 5235 textuipropterne-

1992 5254 2098 5308 que
2128 5238 2462 5309 repetitum,
2485 5231 2855 5290 librariorum
2883 5231 3110 5288 incuria
3125 5231 3407 5289 excidisse
3445 5231 3638 5284 viden-

1996 5315 2110 5363 tur.

2065 5381 2176 5451 (44)
2216 5380 2403 5435 Gessit.
2479 5378 2785 5434 Existimat
2847 5375 3261 5432 Welchmanus
3319 5372 3630 5446 legendum

1994 5453 2129 5508 eait.

2023 5469 2176 5593 9:25)
2211 5520 2386 5576 Dedit.
2421 5520 2542 5593 Vox
2574 5520 2655 5574 ita
2681 5519 2842 5576 deest
2899 5521 2972 5593 in,
3005 5519 3174 5593 editis
3211 5517 3445 5572 Pamelii
3481 5534 3494 5571 :
3530 5518 3630 5570 sc-d

1993 5591 2121 5649 eam
2155 5591 2480 5663 agnoscunt
2510 5592 2796 5663 Gagumus
2847 5596 2904 5646 et
2939 5591 3254 5646 Frobenius
3289 5607 3302 5655 ;
3336 5595 3392 5643 et
3421 5604 3633 5643 sensus

1993 5681 2121 5721 eam
2156 5662 2449 5736 postulare
2473 5662 2724 5719 videtur.
2752 5663 3024 5720 Jszasou.
