4102 6180
535 369 649 430 991
1320 403 1328 410 -
1586 369 2014 432 NOVATIANI
2060 369 2554 434 PRESBYTERI
2601 373 2908 435 ROMANI
3759 391 3844 450 992

538 501 744 556 beatos
773 498 988 572 legitur
1019 500 1450 572 pronuntiasse,
1481 503 1580 558 sed
1608 503 1762 560 962
1795 519 2008 575 egenos
2042 504 2184 573 (46);
2221 505 2273 568 Α
2303 503 2648 561 detestanda
2677 511 2841 577 sunt,
2868 523 2982 562 non
3013 510 3152 562 sunt
3169 507 3332 564 nobis
3362 511 3603 583 exempla
3621 515 3843 576 ducenda.

541 593 599 646 et
640 587 833 644 felices
863 589 1194 644 esurientes
1218 593 1391 662 atque
1421 591 1688 646 sitientes
1737 594 1889 662 (Luc.
1924 609 2000 660 v1,
2049 593 2138 665 24)
2174 612 2187 661 ;
2301 590 2602 648 Sumenda
2624 599 2765 651 sunt
2794 594 2950 651 enim
2990 611 3058 650 ea
3089 596 3212 652 sola
3241 597 3445 668 quibus
3473 599 3678 658 animus
3701 612 3847 665 noster

545 678 792 735 miseros
829 677 1058 745 divites,
1113 679 1329 750 quibus
1384 680 1454 734 ad
1504 679 1814 752 imperium
1861 681 2080 737 ventris
2137 685 2194 738 et
2303 680 2509 738 melior
2538 683 2817 740 reddatur
2849 701 2863 753 ;
2890 689 2945 740 et
2974 684 3108 740 licet
3139 685 3194 739 in
3241 687 3532 759 Evangelio
3571 707 3660 761 per
3698 697 3846 754 omnia

541 766 691 840 gula:
749 766 1134 822 servientium
1214 769 1574 840 wisptatum
1636 788 1937 843 nunquam
1997 775 2194 842 posset
2301 769 2561 826 ciborum
2596 773 2858 828 redditus
2892 774 3058 829 nobis
3087 775 3546 836 usussitztamen
3575 778 3848 854 intelligitur

540 856 784 911 materia
816 857 925 928 (47)
953 857 1219 923 deﬁcere,
1255 875 1327 912 ne
1370 858 1633 914 desinere
1663 860 1915 916 servitus
1948 865 2142 932 posset
2175 879 2188 929 ;
2302 860 2585 928 redditus,
2620 862 2721 917 sed
2753 879 2886 918 cum
2917 861 3042 934 lege
3074 863 3416 936 frugalitatis
3456 871 3509 921 et
3535 869 3845 928 continentiae.

536 949 950 1017 argumentum
1040 945 1330 1004 felicitatis
1402 953 1696 1020 putantes,
1781 950 2191 1021 concupiscere
2301 948 2429 1004 Hrec
2461 950 2618 1005 enim
2678 950 2766 1006 vel
2824 952 3076 1007 maxime
3121 952 3323 1008 decent
3375 953 3600 1022 Fideles,
3646 963 3850 1017 oraturos

537 1038 819 1108 quantum
858 1035 1108 1107 possint,
1149 1035 1261 1090 nisi
1295 1037 1448 1107 quod
1483 1041 1539 1092 et
1587 1038 1671 1092 sic
1710 1037 1907 1093 minus
1939 1039 2186 1110 possint,
2299 1038 2521 1094 scilicet
2549 1039 2754 1108 Deum,
2802 1045 2858 1096 et
2905 1046 3140 1098 acturos
3171 1041 3219 1098 ei
3262 1042 3488 1114 quidem
3541 1046 3744 1117 gratias,
3769 1067 3851 1105 non

538 1140 720 1196 quam
747 1124 1190 1195 concupiscunt.
1222 1125 1367 1180 Nam
1425 1129 1481 1180 et
1511 1127 1666 1198 (Ibid.
1727 1144 1842 1195 XVI,
1904 1129 1990 1198 19)
2024 1128 2191 1182 Laza-
2300 1125 2506 1181 diebus
2536 1130 2788 1196 tantum,
2832 1129 2932 1183 sed
2977 1133 3035 1183 et
3085 1128 3228 1200 ipsis
3281 1129 3540 1186 noctibus
3567 1146 3580 1185 :
3612 1133 3739 1203 quod
3765 1133 3852 1190 ﬁeri

536 1230 669 1268 rum
711 1213 770 1268 in
821 1213 948 1286 ipsa
979 1214 1130 1268 fame
1178 1214 1439 1288 ipsisque
1480 1215 1769 1271 ulceribus
1823 1220 1880 1272 et
1945 1216 2188 1273 canibus
2301 1231 2414 1270 non
2448 1215 2680 1286 poterit,
2713 1215 2762 1271 si
2793 1234 3064 1272 somnum
3111 1233 3346 1290 gravem
3394 1222 3449 1274 et
3477 1218 3666 1275 molem
3695 1224 3853 1292 pectori

533 1301 729 1358 divitis
763 1303 1074 1375 praeferens
1107 1304 1242 1374 (48).
1269 1304 1572 1360 carniﬁces
1605 1305 1812 1362 salutis
1841 1314 2099 1361 ventrem
2133 1310 2191 1362 et
2298 1302 2634 1375 impositam
2668 1321 2837 1360 mens
2859 1305 2986 1362 cibo
3018 1305 3267 1377 vinoque
3301 1307 3485 1378 sopita
3527 1324 3630 1363 non
3671 1307 3856 1366 valuerit

533 1391 735 1466 gulam
761 1393 1062 1448 coercebat
1104 1393 1386 1464 exemplis
1415 1397 1467 1463 (Ι
1497 1397 1631 1450 Tim.
1667 1396 1844 1465 vr,8).
1878 1394 2188 1466 Apostolus
2296 1400 2587 1448 excutere.

533 1498 771 1575 quoque
790 1481 1390 1575 Habentes,_dicon_do,_
1440 1486 1641 1538 victum
1698 1489 1753 1539 et
1804 1485 2075 1575 vestitum,
2100 1485 2188 1539 his
2831 1519 2988 1575 963
3019 1519 3250 1575 CAPUT
3286 1519 3382 1575 νη

531 1572 772 1626 contenti
801 1585 1010 1636 sumus,
1073 1571 1424 1642 frugalitatis
1472 1578 1530 1628 et
1581 1573 1953 1628 continentiae
1998 1574 2185 1645 legem
2303 1625 2602 1645 ημωληω

534 1659 748 1725 dabat;
783 1675 989 1730 parum
1024 1659 1368 1717 existimans
1409 1662 1781 1734 profuturum
1840 1679 1970 1718 esse
2027 1663 2183 1734 quod
2299 1625 2608 1734 “38353?
2640 1629 3104 1734 f.‘.'.‘li"..ffif..f.€
3155 1628 3854 1734 qfff’..ff“i’.’.‘.i€‘.’3.3‘”?3.f.-’f

2367 1706 2591 1752 tantum
2639 1702 2792 1767 putet
2825 1701 3128 1768 profusam,
3185 1701 3246 1753 ut
3298 1700 3369 1752 ad
3425 1699 3687 1754 immolata
3733 1701 3854 1756 idoli:

533 1747 870 1818 scripserat,
900 1748 1077 1803 etiam
1111 1749 1440 1821 exemplum
1471 1767 1531 1806 se
1553 1751 1904 1822 scriptorum
1940 1768 2184 1806 suorum

536 1837 733 1938 dabat,
767 1836 1085 1941 subjiciens
1119 1833 1233 1893 non
1263 1839 1554 1894 immerito
1601 1855 1728 1896 esse
1760 1841 1916 1909 (Ibid.
1955 1841 2039 1911 10)
2069 1857 2184 1896 om-
2220 1877 2263 1941 Β

535 1927 696 1982 nium
736 1927 1005 1982 malorum
1059 1929 1366 1983 avaritiam
1414 1929 1672 2000 radicem,
1724 1929 1992 2001 sequitur
2028 1931 2184 1985 enim
2222 1927 2262 1941 “’
2367 1928 2477 1983 Sed
2511 1928 2665 2000 quod
2690 1929 2747 1983 in
2779 1945 2888 1984 usu
2923 1929 3031 2000 (53)
3063 1927 3328 1984 ciborum
3360 1927 3442 1983 vel
3477 1927 3703 1984 maxime
3721 1934 3860 1984 custo-

538 2020 987 2088 praacurrentem
1017 2017 1332 2074 luxuriam.
1390 2018 1682 2090 Quidquid
1731 2019 1854 2074 haec
1903 2034 2006 2090 per
2048 2019 2186 2075 vitia
2295 2017 2576 2073 diendum
2610 2018 2706 2084 sit,
2730 2017 3052 2073 cavendum
3085 2022 3171 2073 est
3203 2017 3420 2090 nequis
3450 2017 3715 2072 licentiam
3731 2017 3855 2073 istam

534 2105 987 2176 consumpserit,
1021 2104 1120 2161 illa
1168 2123 1270 2179 per
1300 2106 1520 2163 scelera
1552 2107 1827 2176 restituit,
1885 2108 2023 2164 orbe
2080 2108 2186 2164 cri-
2296 2110 2465 2179 putet
2496 2106 2550 2162 in
2584 2110 2811 2162 tantum
2844 2107 3144 2179 profusam
3177 2107 3313 2179 (54),
3338 2111 3404 2162 ut
3441 2110 3496 2162 et
3534 2106 3600 2162 ad
3629 2106 3860 2162 immolata

536 2194 762 2250 minum
797 2211 1051 2265 recurso,
1093 2199 1158 2250 ut
1211 2212 1444 2251 rursum
1504 2197 1616 2266 (49)
1667 2195 1897 2251 luxuria
1946 2196 2183 2267 eximat,
2299 2195 2629 2252 simulacris
2652 2195 2836 2268 possit
2867 2197 3159 2251 accedere.
3193 2196 3488 2260 Quantum
3510 2195 3652 2251 enim
3679 2197 3735 2251 ad
3752 2211 3861 2250 crea-

540 2282 825 2354 quidquid
851 2283 1091 2339 avaritia
1123 2289 1513 2356 congesserat.
1551 2285 1665 2342 Nec
1723 2290 1916 2341 tamen
1973 2286 2188 2342 desunt
2297 2289 2486 2341 turam
2519 2284 2616 2340 Dei
2637 2287 2944 2357 pertineat,
2978 2285 3168 2341 omnis
3201 2285 3423 2342 munda
3451 2290 3538 2341 est
3567 2301 3580 2341 :
3611 2285 3752 2356 sed(l
3775 2284 3858 2340 Cor.

543 2371 829 2427 interista
858 2373 981 2444 qui,
1012 2389 1146 2428 cum
1199 2373 1311 2428 sibi
1352 2373 1607 2429 nominis
1640 2373 1956 2430 Christiani
1985 2391 2185 2431 vocem
2295 2393 2350 2443 x,
2373 2377 2462 2442 20,
2494 2375 2586 2444 21)
2636 2391 2768 2430 cum
2813 2375 3116 2430 demoniis
3164 2373 3472 2430 immolata
3515 2374 3690 2444 fuerit,
3714 2373 3859 2445 inqui-

541 2461 863 2532 induerint,
923 2462 1187 2534 exempla
1266 2463 1563 2535 przebeant
1623 2463 2084 2536 intemperantia
2131 2469 2190 2522 et
2297 2467 2433 2519 nata
2456 2467 2544 2519 est
2591 2463 2838 2531 tamdiu,
2895 2464 3178 2535 quamdiu
3237 2463 3560 2520 simulacris
3609 2463 3858 2520 offeratur:

550 2550 937 2623 magisteria:
971 2569 1222 2623 quorum
1257 2569 1442 2624 usque
1480 2569 1546 2609 eo
1595 2553 1732 2608 vitia
1759 2559 2062 2623 venerunt,
2126 2559 2189 2611 ut
2299 2553 2454 2626 quod
2507 2569 2640 2608 mox
2685 2553 2842 2608 964
2891 2557 3069 2624 atque
3123 2553 3339 2608 factum
3392 2557 3497 2618 est,
3538 2569 3641 2608 non
3683 2556 3756 2606 est
3774 2552 3856 2621 jam

548 2640 939 2712 etjejuni(50)
966 2641 1252 2697 matutino
1274 2645 1531 2714 tempore
1563 2643 1787 2710 bibant,
1821 2660 1934 2699 non
1978 2648 2189 2715 putan-
2299 2641 2420 2707 Dei,
2445 2642 2544 2696 sed
2577 2641 2749 2709 idoli;
2794 2659 2920 2713 quas
2952 2643 3093 2696 dum
3152 2643 3212 2697 in
3273 2641 3468 2697 cibum
3524 2640 3764 2706 sumitur,
3785 2656 3859 2695 su-

549 2735 638 2786 tes
665 2729 1059 2786 Christianum
1089 2747 1216 2786 esse
1257 2735 1455 2802 potare
1501 2735 1633 2804 post
1689 2733 1906 2800 cibum,
1955 2733 2069 2788 nisi
2129 2734 2188 2788 in
2304 2736 2559 2788 mentem
2593 2731 2882 2786 daemonio
2911 2731 3118 2799 nutrit,
3147 2747 3265 2786 non
3293 2731 3429 2800 Deo,
3462 2731 3728 2788 convivam
3742 2729 3859 2784 illum

547 2835 761 2875 vacuas
791 2823 849 2874 et
877 2819 1081 2874 inanes
1109 2820 1300 2874 adhuc
1323 2837 1500 2876 venas
1549 2820 1744 2876 infusa
1799 2822 1994 2877 statim
2059 2826 2192 2894 post
2300 2820 2618 2876 simulacro
2651 2820 2967 2884 reddendo,
3009 2837 3127 2875 non
3157 2819 3436 2876 Christo:
3487 2825 3549 2874 ut
3594 2818 3766 2874 merito
3808 2816 3863 2871 fa-

546 2923 822 2965 somnum
855 2908 989 2964 vina
1023 2909 1466 2965 descenderint:
1503 2910 1701 2966 minus
1731 2910 1886 2966 enim
1945 2927 2072 2982 qua
2104 2911 2191 2965 bi-
2301 2910 2465 2966 ciunt
2493 2914 2550 2964 et
2577 2909 2762 2964 Judaei
2795 2910 2904 2980 (55)
2942 2925 3230 2980 :quorum
3263 2908 3521 2965 ciborum
3559 2907 3749 2964 ratione
3778 2921 3866 2977 per-

553 2998 702 3055 bunt
730 2997 1068 3070 (51)sapere
1098 2999 1389 3069 videntur,
1422 2999 1470 3054 si
1505 2999 1656 3055 inter
1675 2998 1811 3054 vina
1840 2999 1951 3054 cibi
1982 3000 2192 3072 permi-
2302 3003 2521 3072 specta,
2551 3003 2607 3055 et
2642 2997 2884 3055 consilio
2942 2998 3107 3070 Legis
3159 2997 3545 3064 considerato,
3593 3001 3644 3052 et
3684 2996 3869 3066 Evange-

545 3091 838 3144 sceantur.
872 3087 1082 3144 Videas
1113 3104 1249 3159 ergo
1279 3088 1423 3144 tales
1445 3105 1591 3145 novo
1620 3104 1828 3162 genere
1845 3090 2196 3161 adhucjeju-
2302 3088 2426 3144 lica
2475 3089 2673 3160 gratia:
2715 3086 2994 3144 beneficio
3037 3087 3296 3160 cognito,
3345 3093 3402 3144 et
3440 3084 3788 3159 temperantis
3824 3082 3872 3137 ri-

551 3193 657 3233 nos
686 3181 743 3232 et
760 3177 884 3247 jam
917 3177 1130 3246 ebrios,
1163 3193 1278 3231 non
1310 3178 1383 3232 ad
1427 3177 1701 3250 popinam
1735 3183 2056 3247 currentes,
2091 3179 2192 3236 sed
2305 3194 2442 3251 gore
2473 3181 2721 3245 servato,
2761 3180 2817 3232 et
2870 3175 3205 3232 simulacris
3263 3177 3684 3232 ilnmolatorum
3731 3170 3869 3244 inqui-

547 3265 826 3338 popinam
887 3281 1084 3320 secum
1140 3265 1615 3322 circumferentes
1657 3283 1670 3321 :
1719 3283 1969 3338 quorum
2027 3269 2186 3340 quis-
2224 3251 2266 3319 C
2305 3270 2579 3322 namento
2628 3264 2883 3338 repulso,
2945 3265 3206 3338 regulam
3257 3265 3518 3322 veritatis
3584 3281 3674 3338 per
3732 3257 3872 3318 omnia

547 3355 680 3426 quis
711 3354 824 3427 (52)
847 3353 1082 3422 salutat,
1117 3371 1232 3411 non
1263 3355 1529 3411 osculum
1571 3357 1692 3428 dat,
1750 3357 1850 3412 sed
1904 3357 2192 3430 propinat.
2306 3355 2725 3420 custodientes,
2756 3355 2871 3410 Deo
2903 3355 3123 3428 gratias
3153 3371 3328 3429 agere
3379 3355 3646 3412 debemus
3695 3368 3776 3425 per
3807 3352 3870 3402 Je-

546 3443 693 3508 Quid
725 3441 822 3498 isti
859 3448 990 3516 post
1020 3443 1218 3498 cibum
1253 3443 1486 3514 faciant,
1521 3462 1668 3518 quos
1727 3445 1919 3501 ebrios
1977 3445 2198 3503 invenit
2307 3462 2440 3502 sum
2471 3444 2768 3501 Christum
2808 3443 3010 3500 Filium
3034 3445 3163 3515 ejus
3193 3444 3514 3501 Dominum
3533 3435 3872 3506 nostrum;cui

546 3531 758 3588 cibus?
787 3537 892 3587 ant
921 3532 1124 3604 quales
1174 3533 1318 3589 istos
1375 3533 1461 3589 sol
1515 3533 1572 3588 in
1633 3551 1843 3591 occasu
1894 3534 2195 3608 relinquit,
2311 3535 2438 3591 laus
2461 3538 2518 3590 et
2575 3533 2766 3589 honor
2809 3539 2866 3589 et
2929 3533 3165 3590 claritas
3210 3534 3274 3590 in
3324 3533 3535 3590 alecula
3581 3529 3868 3590 saeculorum.

549 3637 698 3694 quos
719 3621 846 3691 jam
881 3620 1174 3676 marcidos
1194 3621 1326 3676 vino
1358 3623 1553 3678 oriens
1583 3623 1794 3696 aspicit
1825 3625 1852 3680 ?
1900 3625 2008 3681 Sed
2069 3641 2196 3696 quis
2307 3628 2510 3681 Amen.

1827 3770 2138 3830 Gallandii
2159 3767 2671 3832 commentarius.

623 3891 738 3963 (46)
767 3889 869 3963 Sed
896 3888 1492 3963 egenos._Particulam
1514 3890 1603 3946 sed
1634 3891 1912 3963 expunxit
1952 3891 2199 3948 Jackso-
2306 3897 2588 3963 Gagnaaus
2618 3895 2675 3947 et
2707 3891 3044 3963 Frobenius,
3071 3895 3123 3949 si
3138 3895 3408 3951 intestina
3437 3910 3556 3950 cum
3575 3891 3694 3948 cibis
3714 3900 3870 3963 :_qnaln

553 3960 855 4037 nus._Quid
889 3958 1043 4029 vero,
1078 3961 1126 4016 si
1180 3958 1490 4037 ἐμφατικῶς
1546 3978 1672 4017 eam
1707 3958 2031 4034 ‘scripserit
2061 3980 2198 4020 auc-
2308 3958 2642 4035 corruptam
2667 3963 2973 4020 lectionem
3011 3958 3237 4021 recudit
3267 3961 3787 4037 Welchmanus._lo.

554 4033 705 4106 ίοιῖῗ
970 4104 977 4106 Α
1069 4102 1113 4106 __
1215 4030 1220 4032 ⁷
1265 4030 1274 4037 ’
1622 4104 1630 4106 _
1715 4105 1721 4106 ί
1852 4030 1867 4034 ’
1911 4105 1921 4106 ί
2000 4105 2003 4106 ν
2380 4030 2754 4106 (52)(2αοναγη
2776 4037 3046 4106 quisquis,
3082 4037 3214 4092 Haec
3245 4043 3338 4094 est
3374 4037 3544 4094 lectio
3596 4030 3873 4090 Froberiana

627 4105 735 4172 (47)
780 4104 1033 4182 Materia:
1068 4102 1228 4158 Hanc
1250 4119 1448 4182 vocem
1474 4104 1726 4182 restitui
1758 4120 1821 4159 ex
1881 4105 2088 4162 Ursino
2145 4111 2202 4163 et
2309 4102 2488 4178 quam
2519 4102 2808 4182 expressit
2839 4102 3280 4182 Welchmanus,
3316 4127 3420 4182 pro
3466 4107 3764 4182 Pamelians
3783 4114 3871 4182 ιζυο·

551 4175 846 4251 Ψοᾼνγ-θινρ.
883 4174 1034 4230 Editi
1065 4179 1336 4251 corrupte
1367 4179 1897 4251 m:ter_._JAcxsou._
2307 4174 2433 4234 rum
2461 4174 2705 4251 quisoue.
2732 4178 2919 4251 Nimis
2975 4180 3128 4251 enim
3171 4174 3334 4236 dura.
3372 4196 3498 4238 esse
3553 4178 3644 4235 illa
3663 4174 3871 4251 __videtut.

625 4248 738 4319 (48)
785 4247 1138 4322 Lagarum._.._
1180 4241 1500 4318 piae/arens.
1546 4248 1671 4302 llaec
1734 4247 1900 4318 posui
1965 4265 2034 4304 ex
2089 4266 2198 4322 ms.
2309 4241 2485 4322 quani
2519 4241 2824 4306 intextum
2855 4249 3053 4307 intulit
3080 4253 3417 4310 Jacksonus
3446 4268 3633 4308 exms.
3662 4241 3870 4305 Woweri.

551 4319 843 4395 Woweri,
866 4319 1017 4373 Editi
1039 4318 1264 4395 vitiose,
1326 4324 1648 4395 petasus...
1669 4322 1956 4390 per/arens
1986 4341 2005 4387 ;
2037 4321 2203 4395 omit-
2308 4318 2540 4394 q'uorum
2571 4338 2702 4392 quos
2724 4324 2992 4395 quisquis.

551 4395 802 4464 tuntque
830 4390 1282 4464 interme_dia._et
1316 4390 1550 4446 divitiis.
1586 4387 1678 4445 Al.
1714 4387 1846 4446 vero
1879 4408 1982 4463 pro
2011 4394 2198 4446 rarni-
2316 4387 2331 4394 ’
2379 4395 2492 4464 (53)
2529 4387 2653 4450 Usu.
2681 4387 2771 4448 Sic
2795 4387 2872 4449 ex'
2896 4410 3006 4448 ms.
3037 4394 3291 4451 Woweri
3323 4397 3606 4452 editorum
3644 4387 3871 4464 lectionem

555 4458 874 4539 buslegunt
893 4462 1274 4539 carnibusln.
1433 4534 1492 4539 __r
1793 4534 1829 4539 __
1880 4458 1896 4463 ⁷
1995 4535 2003 4539 _
2105 4534 2140 4539 η
2237 4538 2240 4539 ν
2309 4458 2838 4539 τιείιτήθωθιιάθγὶζ
2863 4466 3194 4523 Jacksonus
3227 4485 3240 4524 :
3278 4473 3457 4539 atque
3513 4468 3588 4522 ita
3637 4458 3872 4534 legendum

625 4534 737 4605 (49)
767 4534 1001 4592 0rbe....
1035 4538 1096 4588 ut
1151 4550 1398 4588 rursum.
1433 4534 1685 4605 Uterque
1741 4534 1928 4588 editor
1977 4534 2198 4604 Anglic.
2233 4538 2279 4601 D
2311 4539 2640 4605 conjecerat
2663 4536 3103 4593 Welchmanus.

556 4604 873 4681 ωυρμ-με
905 4606 1098 4681 orbe...
1131 4621 1371 4660 rursum.
1406 4679 1411 4681 Α
1591 4604 1626 4681 λ
1839 4679 1845 4681 _
2312 4679 2323 4681 _
2381 4609 2494 4680 (54)
2524 4609 2837 4680 Profusam.
2873 4611 3208 4666 Permissum
3238 4611 3520 4681 Isidorus,
3551 4607 3644 4680 qui
3693 4607 3742 4659 et
3785 4610 3874 4654 mox

628 4677 738 4745 (50)
769 4677 971 4746 Jriuni.
1006 4681 1137 4752 Haec
1192 4675 1750 4752 vox_est_genuina,_
1790 4679 1855 4752 ut
1904 4681 2198 4752 monstrat
2311 4675 2730 4752 legitpertiuet.
2757 4684 3028 4737 Jacasoa.
3506 4675 3529 4752 Ἀ
3566 4675 3582 4680 ’
3612 4747 3641 4752 __
3669 4745 3697 4752 __
3762 4742 3774 4752 _
3831 4736 3838 4746 ,

556 4739 690 4823 mox
721 4739 974 4823 sequens
1007 4751 1238 4823 iejunos.
1282 4749 1349 4823 Et
1405 4739 1488 4802 sic
1546 4739 2012 4823 legitJLatinius.
2050 4747 2200 4805 Male
2367 4739 2496 4823 (55')
2522 4753 2583 4808 Ut
2621 4753 2821 4808 merito
2854 4752 3080 4822 faciunt
3128 4759 3182 4807 et
3218 4752 3425 4810 Judaei.
3479 4750 3533 4806 Si
3571 4745 3726 4823 nihil.
3749 4739 3873 4823 desit,

553 4816 842 4894 Pamelju's
865 4816 1080 4891 jejunii
1105 4836 1126 4880 :
1158 4821 1308 4890 apud
1328 4835 1501 4890 quem
1533 4816 1914 4874 maleiterum
1925 4835 2032 4890 per
2060 4836 2201 4876 som-
2313 4816 2687 4894 qu'od'tamen
2721 4816 3011 4894 suspicor,
3060 4839 3270 4880 sensus
3300 4837 3393 4880 est
3423 4839 3435 4878 :
3471 4826 3532 4878 ut
3563 4816 3727 4894 1υὰγεὶ
3751 4816 3873 4894 etiam

553 4907 706 4967 num.
723 4891 1011 4967 demisere;
1116 4964 1124 4967 _
1215 4960 1268 4967 __
1559 4960 1568 4967 _
1921 4965 1990 4967 ψ
2164 4962 2173 4967 _
2312 4891 2347 4950 εἰ
2377 4895 2523 4951 cibis
2556 4891 2855 4951 abstinent
2872 4895 2972 4967 qui
2992 4893 3162 4952 idolis
3185 4895 3640 4952 immolatisunt.
3664 4891 3872 4942 Wst.ch-

624 4962 739 5033 (51)
771 4964 910 5039 Qua;
923 4961 1153 5039 bibunt.
1211 4960 1305 5016 Sic
1339 4960 1571 5039 reposui
1628 4977 1709 5039 ex.
1753 4977 1864 5039 ms.
1921 4962 2199 5039 Woweri.
2309 4995 2382 5008 —
2410 4967 2611 5039 Neque
2635 4960 3170 5038 aliterlacksonus.

554 5034 685 5092 Mox
715 5032 1042 5092 Pamelium
1074 5048 1290 5105 sequor
1310 5032 1710 5099 rescribens,si
1744 5034 1889 5089 inter
1916 5037 2046 5090 vina
2067 5035 2199 5090 cibi.
