4102 6180
199 240 302 305 997

1308 240 1412 305 AD
1454 245 1520 306 S.
1569 243 2030 309 CYPRIANUM
2077 247 2489 310 EPISTULA.

3475 253 3592 318 998

194 377 454 434 tenebras
475 374 826 431 litteristuis
850 374 1216 444 illuminasti,
1242 378 1396 448 quod
1420 379 1489 432 ad
1515 377 1644 433 illos
1668 379 1827 433 veni-
1859 383 1910 448 Α
1942 385 2221 452 tanquam
2256 381 2481 436 irritum
2517 383 2588 437 ab
2625 383 3234 455 omnibusjudicetur.
3261 386 3383 442 Uno
3415 387 3596 458 igitur

193 467 259 522 sti
291 468 580 538 quomodo
605 464 849 520 introire
872 465 1134 536 potuisti,
1163 466 1317 536 quod
1343 467 1579 522 illorum
1602 471 1833 524 animos

195 571 294 611 sua
323 555 433 608 ﬁde
465 559 521 609 et
545 553 914 609 confessione
945 555 1213 609 robustos
1237 555 1354 609 tuis
1381 555 1834 612 allocutionibus

196 643 516 713 litterisque
549 643 842 707 recreasti,
877 643 1030 713 quod
1066 643 1369 698 felicitates
1397 660 1596 699 eorum
1630 647 1831 701 condi-

193 732 316 803 guis
347 732 624 786 laudibus
658 737 1000 801 persecutus
1031 733 1143 802 (2t)
1177 734 1493 787 accendisti
1524 735 1596 788 ad
1647 735 1831 790 multo

193 819 572 874 ardentiorem
598 819 851 874 scelestis
871 818 1068 890 gloriae
1091 821 1494 891 cupiditatem,
1521 825 1672 893 quod
1700 841 1831 894 pro-

191 925 290 964 nos
323 905 629 978 impulisti,
664 907 842 977 quod,
901 912 966 962 ut
1013 909 1312 962 credimus
1341 913 1398 962 et
1424 914 1716 980 optamus,
1751 911 1830 965 vi-

191 1001 372 1050 ctores
405 996 633 1048 l'uturos
665 994 888 1048 viribus
919 994 1005 1047 tui
1037 994 1326 1049 sermonis
1359 995 1636 1051 animasti
1679 997 1826 1065 (22):

189 1089 248 1139 ut
275 1099 616 1154 quanquam
649 1083 758 1137 hoc
791 1087 979 1136 totum
1006 1083 1076 1138 de
1097 1083 1210 1138 ﬁde
1241 1085 1645 1139 conﬁtentium
1679 1087 1832 1141 etde

189 1172 376 1227 divina
407 1171 771 1244 indulgentia
803 1172 998 1227 venire
1029 1172 1312 1237 videatur,
1346 1178 1541 1229 tamen
1573 1175 1633 1229 in
1677 1193 1830 1231 mar-

187 1263 328 1334 tyrio
361 1279 465 1317 suo
495 1261 601 1316 tibi
633 1278 701 1316 ex
730 1261 926 1332 aliquo
958 1262 1248 1319 debitores
1275 1263 1407 1318 facti
1441 1280 1569 1319 esse
1602 1266 1834 1321 videan-

187 1356 292 1406 tur.
327 1352 435 1406 Sed
489 1358 553 1406 ut
583 1351 652 1406 ad
685 1353 742 1404 id
775 1351 930 1406 unde
962 1351 1266 1423 digressus
1309 1369 1500 1408 sermo
1532 1354 1832 1410 videbatur

189 1457 332 1508 esse,
366 1459 569 1497 rursus
601 1445 943 1512 revertatur,
976 1446 1180 1512 quales
1223 1442 1445 1498 litteras
1475 1443 1534 1498 in
1570 1444 1832 1501 Siciliam

189 1547 412 1604 quoque
445 1529 812 1600 miserimus,
847 1529 1143 1600 subjectas
1171 1529 1413 1585 habebis
1445 1531 1578 1602 (23).

255 1621 350 1674 VI.
381 1620 726 1690 Quanquam
777 1618 947 1672 nobis
997 1618 1328 1674 dili'ereudee
1369 1620 1547 1690 hujus
1597 1621 1678 1676 rei
1730 1637 1830 1676 ne-

186 1711 428 1766 cessitas
459 1709 648 1778 major
698 1707 1023 1777 incumbat,
1071 1708 1312 1779 quibus,
1363 1714 1495 1780 post
1523 1726 1827 1766 excessum

187 1797 563 1853 nobilissimae
595 1797 890 1852 memoriae
923 1796 1027 1851 viri
1081 1797 1316 1852 Fabiani
1374 1799 1508 1869 (24),
1565 1800 1826 1855 nondum

185 1893 265 1942 est
296 1887 610 1958 episcopus
641 1891 877 1957 pr0pter
907 1901 1100 1940 rerum
1132 1890 1190 1941 et
1220 1890 1550 1958 temporum
1581 1888 1830 1944 difﬁcul-

183 1983 327 2031 tates
358 1974 735 2038 constitutus,
797 1975 897 2044 qui
956 1975 1156 2028 omnia
1213 1976 1324 2029 ista
1383 1977 1738 2047 moderetur,
1772 1981 1830 2032 et

181 2082 380 2120 eorum
414 2064 510 2134 qui
544 2063 690 2133 lapsi
723 2069 862 2117 sunt
897 2063 1051 2118 968
1085 2064 1274 2134 possit
1322 2080 1455 2119 cum
1487 2065 1829 2121 auctoritate

182 2160 235 2210 et
265 2152 516 2208 consilio
540 2151 752 2206 habere
775 2152 1080 2207 rationem.

247 2245 619 2314 Quamquam
655 2242 822 2297 nobis
853 2243 910 2296 in
943 2247 1063 2297 tam
1096 2243 1319 2315 ingenti
1352 2245 1582 2316 negotio
1605 2244 1830 2317 placeat

183 2334 340 2404 quod
372 2338 431 2387 et
457 2336 520 2386 tu
551 2331 676 2402 ipse
704 2331 967 2386 tractasti
1021 2332 1166 2404 (25):
1224 2334 1386 2404 prius
1419 2333 1682 2389 Ecclesiae
1715 2335 1828 2406 (26)

182 2438 386 2494 pacem
419 2420 850 2487 sustinendam,
873 2419 1081 2475 deinde
1113 2421 1197 2476 sic
1227 2420 1534 2478 collatione
1563 2423 1830 2479 consilio-

182 2527 315 2566 rum
351 2525 486 2566 cum
517 2509 825 2581 episcopis,
859 2509 1233 2580 presbyteris,
1287 2510 1569 2578 diaconis,
1604 2513 1828 2568 confes-

181 2601 419 2656 soribus
451 2598 668 2671 pariter
697 2615 764 2653 ac
796 2597 1091 2653 stantibus
1120 2598 1286 2654 laicis
1319 2601 1494 2666 facta,
1528 2602 1824 2672 lapsorum

179 2693 435 2744 tractare
466 2688 770 2742 rationem.
811 2691 1093 2758 Perquam
1127 2688 1284 2743 enim
1318 2690 1488 2744 nobis
1509 2694 1567 2745 et
1587 2689 1830 2745 invidio-

179 2795 313 2833 sum
347 2783 404 2832 et
432 2793 740 2832 onerosum
773 2776 1022 2842 videtur,
1058 2793 1172 2832 non
1207 2793 1309 2848 per
1361 2778 1580 2834 multos
1610 2779 1828 2834 exami-

175 2883 320 2923 nare
351 2867 502 2937 quod
534 2883 636 2938 per
667 2866 881 2920 multos
912 2865 1295 2921 commissum
1327 2867 1592 2923 videatur
1625 2869 1826 2936 fuisse,

174 2962 229 3010 et
258 2971 444 3010 unam
475 2953 824 3010 sententiam
850 2952 1042 3009 dicere
1063 2971 1197 3008 cum
1222 2959 1340 3008 tam
1363 2955 1582 3026 grande
1605 2955 1826 3011 crimen

174 3061 276 3116 per
312 3043 529 3098 multos
556 3043 836 3098 diffusum
871 3047 1104 3097 notetur
1152 3042 1378 3113 exisse;
1413 3044 1691 3115 quoniam
1721 3061 1826 3101 nec

1943 470 2264 540 eodemque
2296 473 2560 536 consilio,
2587 473 2792 527 iisdem
2828 475 3097 544 precibus
3123 479 3179 530 et
3211 475 3592 545 ﬁetibus,tam

1945 575 2049 613 nos
2077 560 2177 630 qui
2209 576 2396 630 usque
2427 561 2618 615 adhuc
2652 562 2917 616 videmur
2956 560 3233 634 temporis
3266 565 3437 620 istius
3467 567 3592 620 rui-

1944 664 2049 702 nas
2082 649 2528 718 subterl'ugisse,
2563 667 2738 719 quam
2788 649 2872 704 illi
2921 651 3024 721 qui
3082 653 3140 706 in
3174 653 3280 707 has
3315 655 3590 724 temporis

1941 736 2211 791 videntur
2241 736 2434 792 clades
2464 737 2762 804 incidisse,
2793 739 3052 794 divinam
3086 744 3456 811 majestatem
3489 745 3587 797 de-

1942 831 2244 895 precantes
2284 842 2487 896 pacem
2533 825 2927 882 ecclesiastico
2975 829 3195 884 nomini
3245 831 3356 901 (29)
3389 837 3586 901 postu-

1941 912 2169 970 lemus:
2205 916 2425 969 mutuis
2461 915 2608 970 votis
2637 932 2743 970 nos
2776 916 3027 972 invicem
3059 918 3379 988 i‘oveamus,
3405 928 3592 976 custo-

1941 1001 2196 1072 diamus,
2221 1019 2552 1059 armemus:
2577 1019 2811 1059 oremus
2835 1022 2938 1076 pro
2960 1005 3164 1077 lapsis,
3189 1014 3250 1061 ut
3268 1008 3588 1079 erigantur:

1941 1107 2174 1146 oremus
2208 1108 2310 1162 pro
2343 1093 2660 1163 stantibus,
2687 1109 2800 1147 non
2825 1093 2896 1147 ad
2922 1095 3123 1149 ruinas
3156 1113 3338 1166 usque
3371 1103 3591 1153 tenten-

1940 1184 2068 1237 tur:
2103 1198 2336 1238 oremus
2389 1189 2453 1237 ut
2509 1183 2610 1253 qui
2673 1183 2952 1239 cecidisse
3009 1185 3360 1256 referuntur,
3395 1188 3588 1243 delicti

1941 1269 2032 1326 sui
2066 1271 2528 1342 magnitudinem
2553 1279 2956 1343 agnoscentes,
2980 1274 3308 1345 intelligant
3334 1294 3444 1330 non
3470 1295 3590 1332 mo-

1942 1364 2311 1414 mentaneam
2343 1377 2529 1432 neque
2560 1377 2954 1433 praepoperani
2979 1364 3310 1419 desiderare
3334 1367 3444 1435 (30)
3471 1384 3589 1421 me-

1939 1447 2196 1501 dicinam
2223 1464 2236 1502 :
2267 1464 2504 1502 oremus
2531 1452 2594 1502 ut
2615 1448 2856 1504 effectus
2885 1449 3262 1523 indulgentia:
3288 1455 3588 1523 lapsorum

1940 1540 2337 1606 subsequatur
2383 1543 2439 1590 et
2492 1535 2839 1607 poenitentiae
2885 1540 3019 1610 (3i),
3065 1546 3129 1595 ut
3159 1541 3449 1597 intellecto
3481 1560 3587 1598 suo

1939 1624 2184 1678 crimine
2215 1624 2393 1679 velint
2424 1625 2593 1680 nobis
2627 1625 2862 1681 interim
2915 1633 3189 1698 praestare
3219 1631 3585 1700 patientiam,

1940 1729 2045 1768 nec
2077 1713 2268 1769 adhuc
2313 1714 2692 1769 ﬂuctuantem
2738 1715 2975 1771 turbent
3019 1718 3281 1773 Ecclesiae
3325 1727 3582 1790 statum;

1940 1818 2010 1857 ne
2040 1801 2375 1858 interiorem
2415 1802 2584 1858 nobis
2635 1805 3097 1874 persecutionem
3144 1807 3297 1862 969
3351 1810 3458 1879 ipsi
3496 1810 3585 1864 in-

1937 1890 2204 1946 cendisse
2233 1890 2560 1958 videantur,
2593 1896 2650 1946 et
2677 1894 2916 1948 accedat
2936 1895 3007 1949 ad
3031 1896 3346 1952 criminum
3381 1914 3588 1952 cumu-

1936 1977 2060 2034 lum
2090 1979 2240 2049 quod
2293 1979 2468 2034 etiam
2524 1980 2769 2052 inquieti
2820 1982 3073 2038 fuerunt.
3135 1984 3382 2040 Maxime
3424 1987 3582 2042 enim

1936 2067 2054 2122 illis
2085 2068 2358 2140 congruit
2387 2069 2754 2135 verecundia,
2789 2087 3039 2141 quorum
3073 2073 3130 2128 in
3165 2075 3389 2129 delictis
3419 2077 3584 2132 dam-

1938 2164 2115 2211 natur
2147 2173 2312 2212 mens
2344 2156 2758 2214 inverecunda.

2009 2244 2129 2299 νη.
2161 2244 2402 2300 Pulsent
2431 2262 2572 2300 sane
2601 2246 2775 2310 fores,
2809 2248 2910 2302 sed
2947 2265 3057 2303 non
3094 2250 3295 2321 utique
3328 2254 3583 2308 confrin-

1939 2338 2097 2406 gant.
2132 2334 2360 2388 Adeant
2389 2334 2462 2388 ad
2514 2333 2694 2389 limen
2744 2335 3034 2405 Ecclesiae,
3083 2339 3184 2393 sed
3233 2357 3346 2394 non
3383 2343 3582 2412 utique

1937 2421 2290 2477 transiliant.
2325 2421 2663 2477 Castrorum
2696 2423 3022 2480 ccelestium
3053 2429 3340 2484 excubent
3374 2433 3584 2502 portis,

1939 2511 2038 2566 sed
2070 2510 2279 2566 armati
2311 2511 2616 2583 modestia,
2648 2530 2765 2583 qua
2797 2513 3127 2587 intelligant
3165 2532 3226 2571 se
3261 2519 3584 2576 desertores

1938 2597 2138 2654 fuisse.
2174 2599 2498 2655 Resumant
2528 2617 2766 2670 precum
2799 2618 3041 2658 suarum
3078 2606 3301 2673 tubam,
3339 2611 3435 2662 sed
3469 2627 3586 2680 qua

1938 2703 2051 2742 non
2086 2687 2363 2742 bellicum
2407 2687 2700 2761 clangant.
2746 2696 2992 2746 Arment
3021 2709 3083 2748 se
3114 2693 3349 2764 quidem
3387 2700 3582 2754 mode-

1938 2776 2061 2830 stizc
2096 2776 2247 2845 telis,
2270 2781 2328 2831 et
2358 2793 2531 2847 quem
2556 2781 2821 2850 negando
2845 2781 3050 2836 mortis
3073 2789 3227 2838 metu
3255 2785 3384 2838 ﬁdei
3419 2787 3586 2840 dimi-

1937 2871 2136 2920 serant
2163 2865 2430 2936 clypeum
2489 2871 2828 2935 resumant;
2880 2869 2983 2924 sed
3030 2875 3094 2925 ut
3124 2879 3324 2927 contra
3354 2874 3584 2931 hostem

1937 2953 2237 3009 diabolum
2268 2952 2353 3010 vel
2385 2971 2539 3010 nunc
2571 2957 2808 3026 armati,
2859 2974 2973 3012 non
3032 2965 3232 3016 contra
3268 2962 3582 3020 EccleSiam

1937 3060 2062 3113 quae
2095 3042 2330 3097 illorum
2361 3043 2516 3098 dolet
2545 3062 2737 3114 casus,
2780 3053 3039 3103 armatos
3068 3065 3196 3104 esse
3225 3067 3286 3105 se
3318 3053 3579 3110 credant.

173 3136 418 3188 ﬁrmum
451 3132 746 3187 decretum
784 3136 970 3202 potest
997 3148 1144 3200 esse,
1190 3132 1344 3201 quod
1385 3149 1498 3187 non
1541 3133 1826 3204 plurimo-
1857 3116 1898 3182 C
1939 3131 2187 3186 Multum
2221 3131 2338 3186 illis
2388 3133 2649 3204 proﬁciet
2689 3134 2889 3205 petitio
2939 3137 3220 3206 modesta,
3268 3141 3580 3210 postulatio

177 3240 313 3278 rum
348 3221 636 3276 videbitur
663 3219 944 3275 habuisse
996 3236 1370 3276 consensum.
1402 3221 1608 3292 Aspice
1639 3227 1827 3278 totum

178 3313 384 3367 orbem
421 3327 565 3380 pene
590 3314 902 3373 vastatum,
937 3313 992 3363 et
1016 3309 1233 3379 ubique
1257 3310 1449 3378 jacere
1469 3311 1825 3382 dejectorum

179 3401 465 3471 reliquias
497 3403 555 3454 et
611 3399 814 3453 ruinas
843 3398 978 3469 (27),
1035 3403 1094 3452 et
1150 3398 1365 3454 idcirco
1423 3403 1542 3453 tam
1609 3400 1829 3470 grande

178 3489 375 3560 expeti
408 3486 716 3542 consilium
771 3502 948 3556 quam
1017 3484 1130 3540 late
1187 3492 1573 3558 propagatum
1603 3487 1832 3544 videtur

175 3595 310 3634 esse
344 3577 639 3632 delictum.
675 3575 799 3630 Non
832 3575 910 3630 sit
942 3575 1133 3629 minor
1184 3575 1474 3631 medicina
1503 3593 1676 3645 quam
1704 3578 1828 3632 vul-

173 3685 290 3723 nus
327 3673 434 3735 est,
458 3682 572 3720 non
591 3666 711 3719 sint
732 3665 961 3718 minora
985 3663 1242 3718 remedia
1262 3681 1440 3732 quam
1467 3665 1671 3719 funera
1691 3667 1826 3736 (28):

172 3763 238 3811 ut
269 3772 392 3828 quo
441 3755 612 3808 modo
661 3752 760 3824 qui
812 3756 1076 3821 ruerunt,
1128 3754 1201 3807 ob
1251 3751 1360 3806 hoc
1398 3759 1643 3808 ruerunt
1673 3755 1829 3825 quod

170 3862 330 3901 caeca
378 3843 706 3898 temeritate
746 3841 922 3896 nimis
973 3841 1194 3896 incauti
1264 3841 1541 3908 fuerunt;
1588 3842 1669 3897 ita
1727 3843 1827 3914 qui

171 3937 283 3991 hoc
320 3936 628 4007 disponere
661 3933 949 3997 nituntur,
983 3933 1142 3987 omni
1196 3932 1574 3988 consiliorum
1630 3935 1828 3990 mode-

167 4024 408 4082 ramine
436 4026 694 4087 utantur,
726 4037 799 4076 ne
829 4019 991 4091 quid,
1041 4037 1156 4076 non
1210 4026 1274 4075 ut
1319 4026 1547 4092 oportet
1586 4021 1826 4090 factum,

1936 3220 2282 3285 verecunda,
2313 3220 2617 3278 humilitas
2649 3224 2996 3290 necessaria,
3026 3229 3305 3297 patientia
3327 3230 3436 3301 (32)
3466 3250 3578 3287 non

1939 3309 2144 3364 otiosa.
2177 3309 2414 3365 Mittant
2432 3310 2654 3382 legatos
2676 3328 2779 3383 pro
2802 3314 2927 3368 suis
2945 3313 3246 3371 doloribus
3265 3317 3574 3390 lacrymas;

1939 3397 2314 3454 advocatione
2347 3401 2664 3471 fungantur
2703 3418 2771 3456 ex
2826 3401 3032 3458 intimo
3093 3412 3321 3476 pectore
3368 3410 3579 3480 prolati

1939 3487 2214 3558 gemitus,
2243 3487 2502 3544 dolorem
2533 3491 2850 3560 probantes
2893 3495 3196 3550 commissi
3235 3498 3498 3552 criminis
3529 3505 3585 3554 et

1940 3577 2242 3647 pudorem.
2277 3579 2396 3632 lmo
2428 3579 2475 3634 si
2509 3579 2807 3634 dedecoris
2837 3583 3081 3638 admissi
3114 3587 3580 3655 magnitudinem

1942 3665 2407 3736 perhorrescunt,
2468 3670 2517 3720 si
2578 3669 2830 3738 pectoris
2903 3675 2961 3724 et
3036 3674 3403 3729 conscientia:
3463 3695 3579 3732 suae

1940 3751 2214 3806 lethalem
2248 3752 2475 3824 plagam
2509 3759 2564 3809 et
2595 3755 2819 3810 sinuosi
2854 3757 3109 3814 vulneris
3131 3759 3281 3815 altos
3314 3779 3581 3821 recessus

1939 3857 2070 3896 vere
2101 3841 2324 3896 medica
2356 3859 2531 3897 manu
2577 3849 2849 3908 tractant.
2880 3848 3227 3903 erubescant
3257 3857 3312 3903 et
3344 3857 3536 3920 petere
3565 3873 3578 3921 ;

1941 3930 2054 3984 nisi
2086 3929 2224 4001 quia
2255 3931 2492 4001 majoris
2514 3937 2602 3986 est
2623 3949 2859 3988 rursum
2883 3939 2940 3989 et
2960 3936 3199 4006 periculi
3230 3945 3286 3991 et
3320 3941 3578 4010 pudoris,

1935 4019 2224 4074 auxilium
2300 4020 2458 4091 pacis
2515 4037 2626 4074 non
2674 4022 2929 4093 petiisse.
2977 4024 3090 4080 Sed
3141 4025 3248 4081 hoc
3298 4034 3483 4084 totum
3522 4030 3583 4085 in

1578 4129 1906 4191 Variorum
1961 4132 2148 4189 notae.

246 4239 365 4309 (2|)
398 4237 736 4309 Per-secutas.
783 4234 920 4290 Cod.
983 4232 1143 4309 Bodl.
1168 4249 1220 4309 nx
1257 4237 1583 4309 prosecutus
1594 4252 1618 4309 ε
1653 4240 1827 4307 atque

167 4304 672 4364 hanc—lectionem
703 4307 764 4360 in
790 4310 1011 4360 textum
1036 4304 1235 4359 intulit
1257 4305 1546 4361 Baluzius.
1582 4304 1753 4362 (ἶλωιῖ

269 4380 366 4448 22)
398 4380 685 4433 Animasti.
722 4376 877 4432 Bodl.
913 4393 952 4442 1,
984 4381 1040 4430 et
1069 4376 1196 4430 Vat.
1229 4377 1489 4432 Armasti.
1524 4377 1695 4433 GALL.

244 4382 372 4522 223)
401 4453 631 4522 Litteras
689 4451 956 4519 subjectus
1014 4447 1258 4502 habebis.
1319 4448 1669 4522 liujusmodi

1937 4235 2130 4315 habet.
2165 4233 2287 4315 Dpo
2320 4233 2418 4288 alii
2465 4235 2598 4289 libri
2637 4241 2858 4292 veteres
2888 4239 3201 4309 praeferunt
3232 4243 3448 4314 laqueos
3483 4259 3585 4315 pro

1937 4308 2157 4361 ruinas.
2193 4305 2398 4360 BALUZ.

2009 4378 2119 4444 (28)
2136 4378 2368 4451 Funera.
2391 4377 2580 4451 Codex
2599 4378 2790 4451 sancti
2819 4381 3098 4451 Arnulphi
3122 4381 3298 4438 habet
3321 4388 3581 4442 vulnera.

269 4447 631 4529 23)_L}'tteras
689 4451 956 4519 subjectus
1014 4447 1272 4529 habebis.
1319 4448 1669 4529 iiujusmodi
1719 4449 1828 4506 No-
1864 4453 1907 4516 Ι)
1940 4449 2312 4529 Ουωλθοιὶο.
2361 4449 2515 4529 mihi
2564 4450 2792 4529 videtur
2847 4447 3273 4529 esse-melior:
3337 4473 3583 4529 eamque

167 4519 400 4578 vatiani
438 4521 641 4576 litterae
677 4537 969 4591 nusquam
1002 4523 1300 4591 apparent.
1335 4519 1507 4575 GALL.

245 4595 369 4665 (24)
407 4593 672 4665 Fabiani.
737 4589 1011 4665 Martyrio
1042 4589 1479 4665 :Sublatusgest
1539 4591 1832 4665 Fabianus

166 4661 360 4721 anno
393 4663 602 4718 Christi
663 4679 782 4718 CCL.
847 4661 912 4716 13
966 4661 1109 4734 kal,
1141 4663 1286 4716 febr.
1320 4663 1490 4734 eique
1548 4662 1833 4717 successit

165 4737 484 4792 Cornelius
512 4735 753 4789 ineunte
776 4734 945 4804 junio
976 4733 1112 4788 anni
1139 4749 1283 4800 CCLI,
1316 4739 1380 4789 ut
1408 4751 1477 4789 ex
1507 4734 1682 4804 Pagio
1706 4750 1834 4789 eru-

162 4812 399 4865 dimur.
433 4808 604 4862 GALL.

243 4882 368 4951 (25)
399 4879 789 4951 Quanquam...
825 4878 1067 4951 tractare
1114 4877 1405 4951 rationem.
1439 4875 1605 4951 Hunc
1637 4873 1830 4951 locum

163 4947 390 5007 recitat
417 4947 740 5020 Cyprianus
771 4949 827 5001 in
870 4947 1038 5020 epist.
1093 4965 1164 5002 Lll
1210 4949 1349 5002 edit.
1386 4947 1573 5020 Baluz.
1609 4947 1828 5020 adAn—

161 5018 513 5080 tonianum.
569 5021 702 5076 Eam
773 5021 953 5074 habes
1015 5019 1166 5073 infra
1234 5019 1626 5074 Cornelianas.
1679 5018 1828 5073 Sub-

159 5098 387 5166 ditque
417 5091 957 5166 sanctusuMartyrg:
1012 5091 1279 5166 Additum
1313 5099 1404 5166 est
1449 5091 1618 5166 etiam
1649 5091 1828 5145 Nova-

160 5162 338 5222 timio
387 5176 520 5219 tunc
571 5163 862 5226 scribente,
899 5164 952 5216 et
1008 5162 1145 5233 quod
1208 5163 1500 5231 scripserat
1551 5177 1651 5215 sua
1703 5176 1829 5216 voce

158 5239 462 5306 recitante,
495 5240 604 5290 etc.
637 5237 771 5300 Quas
829 5233 1098 5306 Cypriani
1151 5235 1325 5306 verba
1381 5233 1692 5306 descripsit
1719 5233 1826 5288 Pa-

159 5311 385 5397 ciantu‘s
416 5303 474 5397 ira
500 5306 824 5397 epistolam
849 5305 928 5387 ad
959 5303 1473 5397 Stympronianu‘m.
1505 5303 1676 5385 GAnL.

241 5381 364 5450 (26)
424 5376 587 5433 Prius
643 5377 930 5450 Ecclesiae.
982 5376 1334 5450 (Cyprianus,
1371 5377 1411 5430 ι.
1446 5391 1495 5431 c.
1525 5377 1682 5446 prius
1713 5390 1827 5432 esse

159 5447 454 5509 Ecclesmz.
482 5450 552 5504 Et
583 5465 735 5512 mox,
767 5447 1108 5502 diaconibus.
1140 5450 1308 5502 GALL.

243 5523 367 5596 (27)
401 5524 473 5577 Et
502 5523 719 5596 ruinas.
756 5519 954 5596 _Editio
1001 5518 1382 5596 Spirensiset
1408 5521 1531 5596 tres
1564 5515 1698 5596 libri
1729 5533 1822 5596 ve-

155 5587 480 5657 teres'non
509 5591 728 5651 habent
755 5590 875 5648 hinc
913 5589 1030 5649 duo
1047 5587 1380 5657 'vooabula,
1408 5587 1628 5647 Veneta
1654 5593 1824 5650 vetus

1945 4519 2267 4586 posuissem
2299 4518 2357 4573 in
2389 4525 2687 4585 contextu,
2709 4522 2755 4575 si
2785 4527 2906 4576 tum
2932 4540 3064 4578 cum
3095 4525 3184 4581 hic
3217 4526 3378 4582 locus
3412 4518 3582 4585 cude-

1944 4591 2134 4670 batu_r,
2167 4590 2507 4670 habuissem
2554 4593 2808 4670 codicem
2845 4593 3030 4670 illum.
3078 4599 3149 4651 At
3200 4599 3248 4652 si
3280 4601 3410 4670 quis
3443 4601 3584 4656 reti-

1943 4663 2194 4742 nendum
2248 4667 2671 4742 putat-vocem
2726 4667 2948 4734 funera,
3003 4663 3324 4740 intelligere
3357 4677 3582 4742 oportet

1943 4740 2177 4797 mortes,
2212 4749 2311 4787 seu
2349 4733 2541 4802 potius
2572 4735 2850 4790 cadavera
2879 4733 3263 4796 mortuorum.
3303 4733 3508 4799 Baiuz.

2011 4805 2121 4885 (29)
2154 4805 2532 4885 Ecclesiastico
2587 4809 2822 4862 nomini.
2880 4807 2978 4885 ita
3029 4828 3132 4866 nos
3192 4817 3580 4885 reposuimus,

1939 4875 2266 4954 editionem
2283 4875 2661 4954 anglicanam
2684 4885 2740 4933 et
2760 4881 3164 4954 auctoritatem
3190 4875 3580 4954 quorumdam

1940 4953 2196 5026 veterum
2254 4947 2538 5026 librorum
2588 4951 2793 5004 secuti.
2971 4954 3103 5022 quis
3157 4947 3350 5009 tamen
3393 4957 3582 5028 legere

1940 5021 2106 5073 malit
2135 5022 2376 5091 nomine,
2410 5037 2523 5076 non
2557 5037 2836 5091 repugno.
2872 5021 3079 5078 BALCZ.

2011 5092 2124 5160 (30)
2152 5090 2488 5164 Desiderare.
2546 5090 2663 5146 Duo
2722 5093 2852 5146 libri
2911 5101 3129 5150 veteres
3160 5096 3397 5164 habent,
3433 5100 3580 5153 desi-

1936 5161 2132 5216 derare
2158 5163 2357 5216 debere
2383 5164 2746 5219 medicinam.
2781 5165 2983 5219 BALUZ.

2007 5235 2121 5304 (31)
2161 5235 2510 5310 Paenitentia.
2569 5241 2756 5310 Antea
2812 5235 3112 5307 legebatur
3167 5243 3578 5310 paenitentiam:

1935 5320 2182 5376 eamque
2208 5303 2515 5361 lectionem
2548 5303 2897 5362 conﬁrmant
2945 5303 3174 5363 veteres
3215 5311 3496 5366 editiones
3527 5318 3584 5368 et

1935 5381 2408 5450 septem-(vetera
2460 5377 2841 5450 exemplaria.
2893 5377 3165 5434 Nostram
3198 5398 3323 5450 quaa
3355 5383 3583 5439 videtur

1933 5446 2062 5504 esse
2084 5446 2309 5514 melior,
2335 5446 2684 5504 conﬁrmant
2707 5453 2825 5503 tres
2847 5450 3072 5520 antiqui
3097 5446 3342 5509 codices.
3369 5454 3578 5516 BALUZ.

2003 5520 2131 5593 (32)
2163 5521 2466 5576 Patientia.
2497 5521 2831 5580 Pwnitentia
2859 5520 2999 5580 Cod.
3033 5522 3292 5587 Lincoln.
