4102 6180
17 77 74 98 Α.
113 103 118 108 ς

23 149 92 170 ,σι

29 211 38 226 ρ

17 251 26 266 ο

17 319 28 344 ὶ

25 361 32 368 .

17 393 24 406 1

17 425 26 446 ὲ

115 525 123 536 ι

25 577 66 586 ,.

117 637 123 644 .

15 703 48 744 ια

23 749 32 754 -
73 749 80 756 .

29 837 58 848 ³ο

61 903 86 926 ’χ

103 1013 106 1020 .

73 1033 86 1044 \

27 1303 36 1310 .
93 1293 102 1298 .

33 1315 60 1332 λ.

19 1365 26 1372 .

37 1487 80 1500 ,ν

31 1627 40 1638 ‘
113 1619 116 1622 .

23 1793 46 1808 ῃ

97 1925 110 1942 ο

29 2047 40 2054 .

55 2071 68 2082 δ
103 2079 106 2082 .

79 2103 98 2112 ο

29 2267 36 2276 .

49 2639 54 2646 .

89 2681 118 2702 ὀ

29 2909 38 2922 ὶ

113 2933 122 2944 1

47 2957 70 2978 ’θ

53 3187 110 3208 .-

55 3267 64 3276 ..

47 3297 78 3314 -.:

83 3449 100 3456 -

85 3595 96 3604 ε

31 3635 38 3644 .
93 3619 106 3624 _

55 3655 62 3662 .

65 3751 68 3760 .

89 4013 110 4020 ,ρ

49 4063 64 4082 ἡ.

39 4445 44 4452 ’
97 4451 114 4468 π’

89 4607 118 4620 ἰ

87 5001 90 5008 .

41 5103 48 5110 .

61 5123 72 5132 ρ

43 5163 48 5170 .

67 5303 78 5314 ι

73 5527 82 5536 ο

93 5653 106 5660 ρ

115 5663 123 5679 1

413 326 535 389 999
1519 325 1586 386 S.
1633 325 1914 388 LUCIUS
1960 319 2169 386 PAPA
2213 323 2314 386 ET
2358 325 2709 389 MABTYR.
3663 326 3829 390 1000

410 460 800 524 sacramento,
831 456 931 512 sed
965 455 1023 512 in
1066 454 1254 529 ipsius
1302 456 1721 529 postulationis
1747 457 1872 530 lege
1902 462 2055 513 tem-
2084 459 2139 525 Α
2167 458 2588 530 persecutionis
2618 458 2795 515 istius
2835 459 3008 515 ardor
3064 461 3336 531 ejecerat,
3369 463 3503 515 ante
3533 459 3828 514 constitu-

409 547 569 620 poris
591 547 741 603 facto
766 546 1363 618 temperamento,sed
1389 546 1779 618 postulatione
1801 547 2058 602 demissa

325 675 330 682 -
409 637 512 693 sed
543 653 712 710 prece
744 637 1012 692 subdita:
1047 637 1322 709 quoniam
1347 643 1404 692 et
1424 637 1521 707 qui
1547 637 1764 707 petitur
1783 636 1934 692 ﬂecti
1957 637 2055 692 de-

410 726 529 795 bet,
589 742 704 781 non
757 724 1030 797 incitari;
1087 729 1145 780 et
1203 724 1358 779 sicut
1397 725 1604 796 respici
1663 725 1836 780 debet
1862 724 2058 780 divina

411 813 739 882 clementia,
760 814 844 869 sic
867 813 1074 885 respici
1099 814 1272 868 debet
1293 818 1349 868 et
1371 814 1570 868 divina
1591 830 1838 868 censura
1861 831 1874 882 ;
1909 817 1965 868 et
1987 813 2059 869 si-

412 908 513 960 cut
541 904 831 976 scriptum
861 908 949 959 est
969 903 1181 974 (Matth.
1215 919 1376 971 xvm,
1407 904 1530 973 32):
1556 904 1762 958 Donavi
1781 903 1882 957 tibi
1900 918 2059 958 omne

404 992 658 1058 (debitum
681 993 813 1063 quia
839 1008 928 1046 me
960 994 1194 1062 rogasti;
1224 991 1307 1046 sic
1337 991 1620 1061 scriptum
1652 998 1741 1046 est
1771 991 1921 1062 (Luc.
1953 1007 2052 1058 xu,

410 1081 465 1153 9)
499 1099 511 1136 :
543 1084 655 1152 Qui
685 1097 768 1136 me
824 1083 1107 1152 negaverit
1166 1097 1351 1136 coram
1407 1082 1722 1135 hominibus
1774 1081 1975 1151 negabo
2005 1083 2056 1134 et

410 1187 508 1240 ego
537 1186 662 1226 eum
706 1187 890 1226 coram
937 1171 1092 1225 970
1133 1174 1300 1226 Patre
1327 1185 1444 1225 meo
1502 1173 1552 1246 et
1605 1186 1790 1224 coram
1837 1170 2058 1237 Angelis

410 1261 546 1328 eius.
579 1259 735 1315 Deus
779 1259 937 1314 enim
992 1263 1055 1314 ut
1106 1264 1196 1314 est
1253 1258 1586 1330 indulgens,
1619 1259 1699 1312 ita
1731 1263 1819 1312 est
1849 1273 2058 1330 praece-

411 1353 647 1420 ptorum
670 1364 912 1403 suorum
933 1352 1247 1414 exactor,et
1269 1346 1504 1417 quidem
1526 1345 1806 1418 diligens;
1830 1351 1888 1400 et
1907 1344 2060 1400 sicut

413 1437 622 1507 (Matth.
653 1454 792 1503 xxn,
823 1436 878 1503 3)
911 1436 983 1490 ad
1015 1435 1345 1491 convivium
1403 1439 1588 1504 vocat,
1649 1435 1733 1489 sic
1790 1433 2056 1488 habitum

413 1526 754 1598 nuptiarum
787 1542 900 1580 non
935 1523 1267 1589 habentem,
1299 1522 1494 1595 ligatis
1525 1523 1800 1578 manibus
1821 1527 1878 1577 et
1897 1522 2056 1594 pedi-

411 1617 524 1672 bus
555 1619 717 1671 extra
750 1619 1085 1670 sanctorum
1122 1618 1335 1668 ccntum
1394 1613 1550 1667 foras
1592 1613 1796 1682 jactat.
1831 1611 2060 1666 Paravit

414 1704 645 1770 cmlum,
679 1704 777 1758 sed
810 1703 1034 1773 paravit
1060 1708 1118 1757 et
1145 1707 1451 1757 tartarum.
1483 1701 1714 1756 Paravit
1737 1701 2056 1772 refrigeria,

413 1795 514 1852 sed
549 1792 773 1865 paravit
803 1793 980 1847 etiam
1022 1797 1238 1847 aeterna
1289 1791 1555 1862 suplicia.
1613 1791 1843 1845 Paravit
1900 1790 2056 1847 inac-

416 1881 745 1939 cessibilem
804 1880 1017 1950 lucem,
1096 1881 1196 1935 sed
1255 1880 1478 1952 paravit
1533 1880 1708 1935 etiam
1769 1885 2058 1952 perpetuae

419 1971 610 2027 noctis
642 1974 867 2026 vastam
901 1975 1294 2040 aiternamque
1343 1969 1454 2039 (33)
1515 1968 1844 2040 caliginem.
1881 1971 2063 2038 Cujus

415 2059 866 2132 temperamenti
925 2059 1300 2114 moderamen
1354 2075 1461 2113 nos
1519 2059 1609 2111 hic
1659 2064 1853 2113 tenere
1905 2075 2063 2129 quaa-

413 2156 608 2206 rentes
631 2150 752 2213 diu,
773 2154 829 2203 ct
855 2148 1090 2219 quidem
1118 2146 1308 2217 inulti,
1326 2154 1380 2201 et
1399 2147 1636 2216 quidem
1661 2164 1793 2201 cum
1826 2149 2066 2218 quibus-

414 2239 551 2294 dam
583 2238 875 2310 episcopis
913 2236 1115 2292 vicinis
1147 2237 1316 2291 nobis
1367 2236 1476 2306 (34)
1505 2240 1563 2290 et
1594 2236 2066 2307 appropinquan-

413 2328 596 2396 tibus,
628 2331 685 2383 et
715 2343 862 2398 quos
891 2326 1006 2398 (35)
1045 2342 1114 2381 ex
1143 2323 1274 2381 aliis
1305 2325 1621 2397 provinciis
1651 2325 1822 2397 longe
1862 2325 2068 2397 positis

2166 547 2384 603 tionem
2419 547 2677 619 episcopi
2711 547 2859 602 nihil
2893 548 3292 604 innovandum
3322 547 3680 620 putavimus,
3717 549 3823 603 sed

2165 634 2464 707 lapsorum
2525 653 2725 692 curam
2789 637 3160 693 mediocriter
3216 639 3658 710 temperandam
3693 653 3828 692 esse

2167 725 2524 780 credidimus
2555 724 2702 796 (36);
2736 732 2801 781 ut
2840 726 3101 792 interim,
3152 727 3294 780 dum
3348 726 3662 798 episcopus
3695 726 3827 781 dari

2167 818 2344 868 aDeo
2403 813 2571 868 nobis
2627 813 2971 882 sustinetur,
3031 814 3090 868 in
3142 831 3429 887 suspenso
3485 833 3688 872 eorum
3720 815 3824 886 qui

2167 917 2362 956 moras
2420 906 2669 973 possunt
2725 902 3020 960 dilationis
3091 904 3384 960 sustinere
3445 905 3582 978 (37),
3640 922 3827 962 causa

2167 993 2470 1057 teneatur;
2503 1006 2704 1045 eorum
2757 996 2954 1046 autem
3007 1008 3257 1063 quorum
3310 993 3440 1047 vitae
3486 1010 3608 1049 suae
3637 994 3824 1049 finem

2169 1091 2386 1147 urgens
2423 1075 2612 1130 exitus
2667 1076 3006 1133 dilationem
3065 1095 3181 1134 non
3240 1084 3432 1152 potest
3488 1081 3826 1148 ferre,acta

2167 1164 2509 1236 paenitentia
2537 1168 2593 1220 et
2623 1165 2884 1236 professa
2914 1169 3249 1238 frequenter
3293 1185 3537 1224 suorum
3565 1171 3825 1226 detesta-

2165 1253 2324 1308 tione
2349 1254 2658 1321 l‘actorum,
2710 1255 2759 1310 si
2810 1254 3110 1328 lacrymis,
3159 1257 3207 1313 si
3257 1258 3598 1330 gemitibus,
3631 1260 3679 1315 si
3711 1260 3828 1315 ﬂe-

2165 1343 2326 1397 tibus
2354 1342 2606 1418 dolentis
2635 1360 2702 1399 ac
2725 1360 2858 1400 vere
2889 1346 3227 1416 pcenitentis
3277 1347 3460 1402 animi
3491 1347 3659 1420 signa
3689 1365 3831 1420 pro-

2167 1431 2442 1500 diderint,
2476 1449 2610 1487 cum
2651 1448 2786 1504 spes
2841 1433 3071 1490 vivendi
3129 1438 3460 1492 secundum
3517 1435 3829 1494 hominem

2167 1519 2331 1576 nulla
2373 1521 2724 1590 substiterit,
2785 1522 2866 1578 ita
2926 1523 3166 1579 demum
3227 1530 3397 1581 caute
3455 1530 3512 1582 et
3567 1526 3830 1582 sollicite

2168 1609 2485 1678 subveniri,
2517 1609 2632 1666 Deo
2663 1611 2788 1681 ipso
2821 1611 3041 1668 sciente
3074 1614 3217 1685 quid
3252 1614 3324 1670 de
3368 1613 3588 1670 talibus
3618 1615 3826 1681 faciat,

2168 1703 2224 1754 et
2252 1698 2502 1770 qualiter
2535 1697 2748 1768 judicii
2807 1700 2897 1754 sui
2959 1704 3253 1757 examinet
3301 1704 3596 1774 pondera;
3646 1703 3829 1760 nobis

2168 1792 2362 1842 tamen
2394 1786 2562 1842 anxie
2592 1788 2955 1858 curantibus,
3006 1795 3072 1845 ut
3117 1808 3223 1847 nec
3278 1808 3521 1864 pronam
3553 1799 3828 1849 nostram

2169 1875 2420 1947 improbi
2476 1875 2747 1931 homines
2813 1877 3054 1934 laudent
3107 1881 3470 1950 facilitatem,
3529 1897 3633 1937 nec
3683 1899 3832 1938 vere

2172 1965 2516 2038 paenitentes
2547 1973 2823 2020 accusent
2850 1973 3112 2024 nostram
3139 1970 3309 2041 quasi
3330 1970 3541 2025 duram
3569 1971 3831 2027 crudeli-

2172 2059 2370 2108 tatem.
2404 2054 2688 2124 Optamus
2739 2057 2817 2123 te,
2877 2057 3215 2112 beatissime
3273 2075 3340 2113 ac
3397 2059 3834 2131 gloriosissime

2174 2147 2351 2214 Papa,
2385 2142 2443 2196 in
2476 2141 2723 2196 Domino
2753 2159 2982 2216 semper
3012 2147 3157 2202 bene
3188 2148 3377 2203 valere
3407 2154 3464 2203 et
3493 2148 3673 2204 nostri
3703 2165 3810 2205 me

2176 2234 2441 2290 minisse.

2191 2324 2212 2356 ν

1832 2443 2164 2504 Variorum
2219 2449 2405 2505 notae.

498 2549 610 2620 (33)
640 2549 1048 2621 Elernamgue.
1107 2546 1213 2621 Sic
1259 2546 1397 2621 edit.
1458 2547 1638 2621 ferme
1668 2563 1892 2621 omnes.
1927 2549 2064 2605 Cod.

426 2618 612 2675 Vatic.
643 2629 698 2675 et
725 2618 967 2675 tetram':
1002 2635 1177 2689 quam
1201 2618 1506 2674 lectionem
1531 2620 1586 2673 in
1612 2623 1832 2675 textum
1855 2620 2067 2677 inferre

427 2709 544 2746 non
577 2691 924 2747 dubitarunt
953 2692 1205 2746 editores
1237 2691 1557 2748 Anglicani.
1593 2693 1763 2748 GALL.

495 2763 608 2834 (34)
642 2765 858 2818 Vicinis
886 2762 1064 2817 nobis.
1120 2762 1203 2816 Ita
1252 2761 1446 2817 Fellus
1476 2768 1533 2816 et
1561 2763 1849 2819 Baluzius.
1881 2765 2064 2820 Omit-

422 2833 557 2889 tunt
585 2833 746 2889 nobis
775 2833 1196 2889 Welchmanus
1224 2839 1282 2889 et
1310 2833 1658 2890 Jacksonus.

499 2907 610 2978 (35)
644 2909 707 2960 Et
732 2922 880 2977 quos.
931 2905 1413 2976 Conjunctionem
1445 2914 1498 2960 et
1543 2906 1868 2962 redundare
1900 2911 2068 2978 putat

423 2975 869 3033 Wélchmanus.
909 2975 1198 3031 JackSono
1256 2982 1452 3033 autem
1507 2994 1718 3033 sensus
1761 2975 1990 3034 videtur
2016 2983 2068 3033 et

421 3065 547 3173 cupi
576 3049 904 3173 qgibusttum
930 3065 1078 3119 quos.
1113 3049 1242 3104 Mox
1271 3050 1433 3105 deest
1466 3051 1658 3119 positis
1688 3050 1747 3104 in
1778 3053 1904 3106 cod.
1939 3051 2068 3107 Lin-

423 3137 488 3173 co
519 3137 577 3173 n.
657 3135 778 3173 ALL.

423 3135 577 3176 00"].
608 3135 778 3176 UALL.

2248 2551 2360 2624 (36)
2420 2548 2938 2624 Credidimusslta
2992 2566 3061 2606 ex
3117 2549 3247 2624 cod.
3307 2547 3470 2624 Bodl.
3529 2567 3565 2624 ιΔ
3599 2550 3840 2624 Fellus,

2177 2621 2595 2678 Welchmanus
2623 2627 2679 2677 et
2708 2622 3055 2678 Jacksonus.
3090 2621 3180 2676 Al.
3212 2622 3504 2676 credimus.
3536 2622 3708 2677 αλιι..

2248 2693 2361 2764 (37)
2393 2694 2455 2747 In
2475 2696 2820 2765 suspensio...
2867 2709 3120 2749 moras...
3150 2695 3443 2748 sustinere.
3479 2695 3534 2749 In
3566 2710 3842 2765 suspenso

2177 2765 2507 2819 emendavit
2538 2764 2834 2820 Morellius
2865 2781 2968 2836 pro
3017 2781 3084 2820 eo
3138 2765 3289 2834 quod
3323 2771 3492 2820 antea
3521 2765 3844 2836 legebatur

2176 2837 2237 2908 in
2265 2836 2570 2906 suspendio.
2607 2838 2763 2893 Unus
2793 2836 2940 2908 liber
2969 2852 3138 2892 meus
3191 2836 3365 2891 habet
3394 2845 3510 2892 voto
3536 2853 3836 2908 suspenso.

2178 2907 2308 2962 Mox
2338 2909 2464 2963 cod.
2499 2907 3100 2979 GratianOpolilanus,
3125 2909 3224 2978 qui
3241 2910 3380 2977 foris
3406 2907 3636 2978 possunt
3651 2909 3838 2964 dilec—

2178 2981 2380 3052 tionem
2403 2982 2692 3036 sustinere.
2715 2979 3078 3052 vetustiores
3108 2979 3414 3049 editiones,
3436 2981 3570 3051 foris
3597 2985 3839 3052 possunt

2177 3051 2442 3107 dilatione
2469 3055 2754 3107 sustineri.
2791 3051 3004 3107 BALUZ.

421 3294 3845 3342 ’Μ

1736 3479 1890 3519 ANNO
1918 3479 2125 3520 DOMINI
2154 3480 2518 3520 CCLII-CCLIII.

958 3691 2004 3896 SANCTUS
2136 3695 2994 3899 LUCIUS
3129 3695 3281 3937 Ι,

1616 4039 1874 4123 ΡΛΡΑ
1934 4041 2078 4125 ΕΤ
2132 4040 2283 4128 MA
2301 4041 2612 4129 RTYB
2639 4098 2661 4122 .

1491 4365 1999 4462 NOTITIA
2067 4368 2777 4466 HISTOBICA.

501 4728 704 4785 Lucius
734 4728 1002 4800 Pontifex
1056 4729 1345 4786 ordinatur
1371 4747 1506 4786 ann.
1560 4729 1687 4796 252,
1719 4747 1904 4787 mense
1946 4731 2083 4804 Sep-
2113 4744 2156 4810 ρ
2194 4731 2492 4804 perierint,
2526 4749 2596 4788 ex
2625 4731 2807 4788 altera
2835 4735 3059 4798 tamen,
3113 4749 3240 4804 quae
3293 4693 3489 4788 adhuc
3536 4734 3746 4796 exstat,
3773 4727 3843 4784 ad

429 4818 636 4873 tembri
649 4817 732 4872 vel
750 4818 970 4874 Octobri
977 4849 1064 4871 .-—
1080 4823 1218 4873 Post
1232 4819 1481 4875 Cornelii
1499 4819 2088 4890 martyrium,Lucius

429 4907 490 4962 in
521 4907 651 4974 ejus
691 4906 882 4962 locum
915 4907 1218 4962 ordinatus
1246 4907 1318 4961 25
1348 4908 1724 4979 septembris,
1759 4911 1842 4964 uti
1875 4908 2088 4982 Pagius

427 4999 484 5050 et
513 4995 767 5051 Maurini
794 4995 1154 5051 arbitrantur
1201 4997 1299 5066 (ί),
1362 4996 1451 5050 vel
1507 4998 1577 5050 28
1637 4997 2088 5068 octobrisjuxta

429 5083 774 5152 Bianchini;
815 5085 1138 5140 Romanam
1171 5085 1369 5140 sedem
1419 5085 1513 5139 vix
1560 5086 1826 5157 adeptus,
1878 5089 2088 5158 jussus

433 5177 526 5227 est
555 5172 842 5228 exsulare.
871 5173 1018 5228 Hinc
1049 5189 1182 5229 cum
1233 5173 1559 5245 Cyprianus
1590 5175 1793 5230 eodem
1827 5181 2089 5248 tempore

433 5260 860 5316 ordinationem
893 5263 1041 5334 ejus,
1092 5278 1157 5317 ac
1199 5261 1470 5318 exsilium
1505 5262 1788 5332 audisset,
1822 5279 2086 5320 commu-

434 5348 748 5404 nicatorias
773 5366 836 5406 ac
857 5351 1293 5424 gratulatorias,
1318 5368 1425 5407 suo
1452 5351 1929 5425 collegarumque
1959 5371 2089 5410 suo-

435 5453 568 5492 rum
599 5438 855 5508 nomine,
913 5440 1192 5513 epistolas
1251 5441 1322 5495 ad
1382 5455 1517 5495 eum
1575 5439 1760 5511 misit,
1794 5457 1923 5512 quae
1977 5443 2087 5500 etsi

507 5579 583 5657 (1)
614 5580 753 5661 ᾔτεε.
799 5584 891 5644 ed.
952 5601 1090 5644 ann.
1147 5583 1340 5659 252,§
1399 5583 1502 5656 14;
1537 5581 1672 5640 l’Art
1719 5584 1786 5642 de
1838 5587 2086 5661 veriﬁer,

85 5629 133 5695 ζ’
185 5637 350 5727 “in;
432 5627 557 5711 106?
565 5627 679 5712 lci-tt

2197 4822 2467 4877 eumdem
2520 4825 2651 4894 post
2695 4822 2946 4876 reditum
3010 4822 3169 4888 data,
3231 4821 3290 4877 id
3341 4825 3530 4876 totum
3585 4822 3842 4876 constat:

2199 4913 2453 4981 «Nuper
2481 4909 2738 4980 quidem,
2775 4932 2804 4959 »
2863 4911 3069 4966 scribit
3123 4911 3445 4984 Cyprianus
3506 4911 3607 4981 (2),
3658 4932 3685 4959 (ι
3718 4906 3841 4971 tibi.

2197 5000 2374 5054 frater
2402 4999 2768 5065 charissima,
2801 4998 3077 5071 gratulati
3108 5017 3341 5068 sumus,
3377 5016 3510 5055 cum
3545 5005 3602 5054 te
3631 4998 3838 5052 honore

2198 5087 2491 5161 geminato
2529 5087 2588 5142 in
2633 5087 2899 5143 Ecclesia
2933 5105 3051 5144 sum
3081 5088 3592 5145 administratione
3624 5087 3835 5142 confes-

2198 5193 2388 5232 sorem
2422 5177 2639 5248 pariter
2666 5181 2724 5232 et
2752 5177 3116 5233 sacerdotem
3149 5177 3458 5234 constituit
3488 5177 3685 5232 divina
3714 5174 3831 5244 dig-

2198 5266 2378 5332 natio,
2403 5266 2502 5320 sed
2537 5270 2593 5320 et
2615 5281 2769 5321 nunc
2794 5283 2907 5321 non
2934 5267 3133 5322 minus
3155 5267 3261 5322 tibi
3282 5272 3338 5322 et
3365 5265 3678 5322 comitibus
3704 5261 3825 5326 tuis,

2198 5360 2373 5426 atque
2405 5355 2687 5411 universae
2718 5353 3066 5411 fraternitati
3097 5355 3487 5428 gratulamur,
3520 5355 3674 5426 quod
3707 5365 3826 5407 cum

2198 5444 2402 5500 eadem
2433 5443 2640 5514 gloria,
2671 5446 2729 5498 et
2774 5442 3051 5500 laudibus
3098 5443 3306 5500 vestris
3338 5445 3579 5500 reduces
3607 5457 3704 5497 vos
3733 5439 3819 5494 de-

2269 5585 2345 5661 (2)
2375 5585 2671 5660 Cyprian.,
2702 5584 2806 5660 Ep.
2835 5585 2929 5660 6t,
2960 5586 3037 5644 ad
3063 5587 3314 5660 Lucium,
3347 5584 3423 5644 al.
3454 5584 3544 5646 58.
