2051 3090
109 124 180 156 1001

754 125 914 155 ΝΟΤΙἸἹΔ
938 124 1158 154 HISTORICA.

1730 124 1809 155 1002

105 198 159 219 nuo
173 189 210 217 ad
226 197 296 218 suos
310 189 410 217 fecerit
424 189 551 225 benigna
579 190 694 218 Domini
713 192 742 218 et
756 190 838 226 larga
859 198 924 226 pro-
939 191 965 224 Α
981 190 1156 218 exstinctum
1172 197 1237 218 esse
1252 190 1413 226 imperante
1428 189 1724 226 Valeriano,quorum
1741 199 1810 219 sen-

103 234 195 269 tectio,
218 235 252 262 ut
275 234 420 270 pascendo
444 234 524 270 gregi
551 236 660 270 pastor,
686 239 711 262 et
727 235 923 271 gubernanda

104 280 166 308 navi
187 279 373 315 gubernator,
394 280 423 306 et
445 279 577 315 regendas
602 278 678 314 plebi
704 281 796 307 rector
820 279 923 307 redde-

106 326 190 359 retur,
214 324 289 351 971
314 325 343 351 et
374 325 527 359 appareret
563 323 769 359 relegationem
798 326 923 351 vestram

105 368 143 396 sic
165 368 305 395 divinitus
327 376 392 395 esse
415 367 600 403 dispositam,
628 376 685 395 non
709 371 741 395 ut
770 368 924 404 episcopus

106 413 258 448 relegatus,
279 414 308 440 et
331 412 434 448 pulsus
455 412 588 440 Ecclesiae
614 413 737 445 deesset,
761 413 811 440 sed
834 415 867 440 ut
889 412 924 440 ad

105 457 260 485 Ecclesium
277 457 371 492 major
387 457 526 484 rediret.»
542 456 607 484 Hec
623 457 658 484 de
674 457 774 485 exsilio
787 459 815 484 et
831 457 925 484 reditu

105 501 182 528 Lucii
208 501 354 536 pontiﬁcis
378 501 540 537 Cyprianus
557 509 564 528 :
581 509 668 537 quem
691 510 767 529 anno
792 501 927 537 sequenti

103 545 224 573 rediisse
249 545 415 573 verosimile
438 548 492 581 est,
513 554 570 581 quo
594 548 623 574 et
648 546 819 582 martyrium
838 545 928 574 subiit

102 590 147 618 die
163 592 267 626 quarta
280 589 324 618 vel
340 590 443 626 quinta
458 589 563 618 Martii.
580 590 712 618 Violenta
734 592 827 618 morte
843 599 926 618 occu-

102 634 200 662 buisse
220 642 254 662 ex
269 642 325 663 LVII
339 637 366 662 S.
384 634 518 671 Cypriani
542 635 577 662 ad
600 635 781 670 Stephanum
805 635 929 671 epistola

103 686 203 707 eruere
217 678 284 707 licet
301 687 307 706 :
324 690 338 704 «
356 679 400 707 Illi
415 679 513 715 (verba
537 679 595 707 divi
623 680 661 715 (3)
677 684 746 707 sunt
769 679 847 716 pleni
863 680 927 716 Spi-

101 723 156 750 ritu
168 723 219 751 Dei
231 726 261 751 et
272 723 302 750 in
313 722 439 759 glorioso
451 724 588 760 martyrio
597 724 758 760 constituti)
768 725 928 752 servandus

101 769 144 795 est
160 779 174 792 «
190 769 403 796 antecessorrm
419 768 753 802 nostrorum,beatorum
765 771 927 805 martyrum

101 811 222 840 Cornelii
238 814 267 839 et
280 812 361 840 Lucii
377 812 470 840 honor
484 812 640 849 gloriosus,
657 815 715 842 etc.
736 824 750 838 »

134 856 176 884 De
199 858 330 892 tempore
356 857 486 892 quidem,
515 866 572 892 quo
595 857 700 885 Lucius
725 858 926 894 pontiﬁcatum

99 901 205 934 tenuit,
227 901 374 929 dissident
401 902 517 929 eruditi.
547 902 667 930 Biennio
696 902 808 931 sedisse
838 902 930 937 aliqui

102 945 226 972 tradunt
242 953 250 973 ε
285 945 372 981 longe
387 947 487 974 tamen
502 946 628 974 breviori
643 949 773 983 tempore
788 955 855 975 eum
871 947 929 974 Ro-

100 997 194 1017 mani:
210 989 343 1018 Ecclesia:
359 990 510 1025 praefuisse
532 991 665 1019 Bucberii
689 991 839 1027 catalogus
854 991 928 1019 indi-

98 1036 154 1066 cat,
172 1034 242 1061 dum
256 1033 415 1062 Volusiano
435 1044 477 1070 ur,
503 1037 531 1063 et
554 1036 679 1063 Maximo
704 1044 779 1064 coss.
804 1036 926 1072 Stepha-

95 1086 172 1105 num
202 1079 267 1114 ejus
291 1078 353 1107 loco
378 1079 545 1107 ordinatum
570 1081 658 1108 refert
683 1088 689 1108 :
714 1081 792 1116 quod
818 1080 925 1108 clarius

93 1125 226 1150 testatur
250 1123 393 1151 Eusebius
425 1124 474 1160 (4),
500 1125 550 1160 qui
586 1133 703 1153 menses
734 1127 799 1153 octo
829 1125 924 1153 eidem

95 1166 413 1204 ascribit.Nicephorus
420 1168 466 1196 vix
476 1171 588 1205 septem
597 1178 713 1197 menses
722 1169 923 1206 pontiﬁcatum

91 1211 227 1239 tenuisse
242 1211 371 1240 afﬁrmat
387 1213 423 1249 (5)
439 1221 446 1241 :
465 1213 668 1242 Henscbenius
688 1222 754 1242 vero
768 1214 797 1241 in
813 1215 922 1242 Conatu

89 1255 304 1293 Chronologico
325 1257 462 1285 historico
478 1258 527 1294 (ὃ),
550 1267 626 1286 anno
651 1259 716 1291 253,
741 1258 860 1294 quidem
876 1267 922 1287 or-

91 1300 231 1328 dinatum
238 1301 328 1329 fuisse
336 1301 425 1330 tradit
441 1302 633 1338 Stephanum,
646 1303 697 1331 sed
707 1311 757 1338 per
767 1303 919 1331 biennium

90 1347 237 1380 tanquam
253 1345 336 1374 Lucii
351 1346 503 1380 vicarium,
521 1347 682 1375 Romanam
699 1347 922 1375 administrasse

90 1389 256 1417 Ecclesium
274 1399 385 1427 :quare
400 1391 551 1419 biennium
577 1400 694 1428 quoque
721 1392 800 1419 Lucii
817 1395 923 1428 marty-

87 1434 175 1462 rium
191 1435 296 1464 dit‘fert.
313 1437 348 1464 At
362 1445 428 1465 cum
444 1438 614 1472 pontiﬁcum
631 1437 828 1465 Romanorum
843 1437 922 1465 vica-

88 1479 140 1511 rii,
154 1479 257 1515 judice
276 1480 363 1517 Pagio
388 1481 437 1517 (7),
459 1482 590 1518 antiquis
614 1482 805 1518 scriptoribus
830 1482 921 1518 ignoti

87 1523 215 1559 fuerint,
231 1526 260 1552 et
273 1526 442 1553 eorumdem
455 1526 625 1562 pontiﬁcum
645 1526 851 1554 Chronotaxim
866 1526 920 1553 dif-

982 234 1102 262 tentiam
1128 234 1233 262 refellit
1264 234 1416 271 Dionysius
1444 234 1670 268 Alexandrinus,
1696 235 1747 271 qui
1773 235 1808 263 de

979 278 1134 306 Valeriano
1150 279 1222 307 illud
1239 279 1471 307 memoriaa912
1484 279 1579 314 prodit
1594 280 1633 315 (9)
1650 289 1657 307 :
1674 291 1688 304 «
1703 279 1806 307 Nullus

980 324 1163 359 superiorum
1188 323 1429 360 Principum,'nc
1452 323 1493 351 illi
1526 324 1645 360 quidem
1674 324 1730 360 ipsi
1755 327 1807 360 qu!

981 367 1077 404 palam
1093 368 1251 396 Christiani
1268 368 1358 396 fuisse
1369 367 1607 403 dicuntur,tanta
1622 368 1806 397 humanitate

981 414 1008 439 et
1025 412 1225 440 benevolentia
1249 414 1364 440 nostros
1389 412 1558 448 complexus
1582 415 1637 448 est,
1663 416 1806 449 quantam

982 456 1030 484 ille
1046 466 1103 492 prae
1120 466 1150 485 se
1167 457 1278 485 ferebat
1292 457 1375 484 initio
1392 457 1574 493 principatus
1589 458 1635 485 sui
1651 458 1718 494 (10).
1736 469 1751 483 ››

1019 502 1094 528 Lucn’
1108 502 1274 530 Drecrelali:
1289 501 1408 529 subdita.
1422 517 1453 522 -
1470 501 1532 529 Una
1548 501 1701 530 decretalis
1719 503 1807 531 Lucio

985 545 1143 573 ascribitur
1185 545 1317 582 epistola,
1359 555 1421 582 quas
1454 545 1545 574 multa
1573 546 1806 582 complectitur:

1019 591 1047 617 1ο
1061 589 1097 617 Ut
1111 590 1265 626 episcopus
1281 598 1397 626 semper
1407 592 1497 618 testes
1512 598 1612 618 secum
1623 591 1808 627 presbyteros

983 642 1016 662 ac
1032 634 1171 662 diaconos
1187 634 1302 668 habeat,
1319 635 1348 661 2ο
1364 635 1401 662 De
1426 634 1681 663 criminationibus
1696 635 1807 672 episco-

981 687 1097 714 porum,
1114 679 1173 707 sive
1188 679 1334 714 majorum
1350 682 1432 713 natu,
1448 681 1477 707 et
1491 682 1521 707 ut
1537 679 1683 708 audientis
1693 680 1728 708 ad
1745 689 1807 709 ma-

980 724 1058 759 jores
1070 732 1209 760 personas
1223 723 1440 760 appellantibus
1456 732 1514 752 non
1523 725 1688 761 nagetur.3°
1704 725 1739 753 Ut
1749 734 1808 754 me-

983 767 1177 803 tropolitanus
1193 767 1256 796 sine
1272 768 1393 796 consilio
1408 768 1613 805 episcoporum
1639 769 1714 797 nihil
1729 772 1805 806 agat,

984 821 1036 840 nec
1050 813 1106 849 ipsi
1123 813 1188 841 sine
1202 812 1291 849 illius,
1309 813 1365 841 nisi
1381 813 1459 849 quod
1475 813 1510 841 ad
1522 814 1655 850 proprias
1668 814 1807 843 ecclesias

984 858 1119 894 pertinet.
1136 858 1164 885 4’
1177 857 1214 885 Ut
1226 858 1472 894 metropolitanus
1495 858 1559 886 sine
1578 858 1722 895 episcopis
1738 867 1806 887 cau-

986 911 1048 930 sam
1064 910 1166 930 eorum
1180 911 1238 930 non
1255 903 1364 931 audiat.
1376 903 1406 931 5°
1420 903 1461 931 Ne
1486 903 1662 939 posteriores
1675 903 1806 940 episcopi

984 947 1132 983 prioribus
1145 955 1176 975 se
1191 947 1354 983 praeferant,
1372 955 1424 975 nec
1439 947 1481 975 eis
1498 947 1672 976 inconsultis
1695 947 1806 984 aliquid

983 995 1081 1028 agant.
1105 993 1136 1019 ὃυ
1154 994 1191 1020 De
1214 992 1251 1019 iis
1277 991 1327 1028 qui
1352 1000 1398 1019 res
1418 992 1550 1020 Ecclesia
1575 992 1619 1021 vel
1644 992 1807 1020 oblationes

982 1036 1112 1064 ﬁdelium
1138 1037 1285 1070 auferunt,
1321 1037 1350 1064 et
1385 1036 1585 1064 auferentibus
1607 1037 1804 1065 consentiunt.

981 1081 1072 1109 Missa
1085 1083 1130 1109 est
1144 1080 1266 1116 epistola
1277 1081 1313 1108 ad
1329 1080 1428 1108 Gallis
1439 1083 1526 1116 atque
1537 1081 1684 1117 Hispania:
1693 1081 1805 1117 episco-

980 1134 1032 1161 pos
1048 1134 1055 1153 :
1074 1126 1143 1153 Data
1154 1125 1282 1153 Kalendis
1295 1125 1409 1160 Aprilis,
1427 1124 1506 1153 Gallo
1520 1127 1546 1153 et
1565 1126 1714 1154 Volusiano
1730 1126 1801 1153 Cass.
1855 1151 1858 1153 .

979 1170 1050 1198 Viris
1062 1170 1238 1198 clarissimis.
1253 1171 1320 1203 Quae.
1335 1169 1511 1206 subscriptio
1526 1169 1715 1205 impostorem
1730 1170 1803 1198 satis

982 1214 1088 1250 prodit.
1118 1214 1215 1242 Vitam
1237 1214 1315 1242 enim
1345 1214 1440 1242 adhuc
1475 1214 1621 1242 retinebat
1649 1214 1801 1242 Cornelius

978 1258 1114 1286 Kalendis
1137 1258 1256 1295 Aprilis,
1273 1258 1354 1286 Gallo
1377 1260 1405 1286 et
1429 1258 1585 1287 Volusiano
1609 1267 1686 1287 coss.
1702 1259 1800 1295 Neque

977 1306 1036 1331 tam
1055 1303 1165 1331 bardus
1190 1306 1240 1330 aut
1254 1303 1409 1339 imperitus
1424 1303 1479 1330 fuit
1495 1303 1613 1336 Lucius,
1629 1307 1661 1331 ut
1676 1303 1799 1338 impera-

977 1351 1054 1376 tores
1069 1348 1216 1375 Romanos
1232 1347 1317 1375 titulo
1335 1348 1460 1376 Virorum
1473 1347 1803 1376 clarissimorumindue-

977 1392 1025 1420 rit.
1052 1392 1147 1420 Verba
1173 1392 1234 1419 haec
1263 1391 1368 1427 capitis
1385 1392 1426 1420 6:
1448 1403 1463 1417 «
1489 1394 1594 1420 Hortor
1615 1391 1802 1420 dilectionem

976 1439 1115 1471 vestram,
1140 1436 1270 1464 obtestor
1284 1438 1312 1464 et
1342 1444 1457 1471 moneo,
1487 1438 1520 1464 ut
1548 1445 1607 1472 qua
1635 1436 1748 1464 debetis
1776 1438 1805 1464 et

977 1481 1097 1517 potestis
1123 1480 1319 1509 sollicitudine
1354 1479 1482 1516 vigiletis
1515 1481 1551 1508 ad
1587 1480 1804 1516 investigandos

976 1525 1138 1558 hereticos,
1150 1536 1164 1550 η
1177 1524 1280 1553 Leonis
1295 1533 1305 1553 1
1319 1533 1354 1553 ex
1368 1524 1493 1561 epistola
1504 1525 1633 1553 secunda
1643 1525 1804 1561 desumpta

85 1567 278 1597 ﬁcultatibus
302 1577 378 1606 saepe
406 1570 592 1606 tenebrisque
616 1571 794 1605 obvolutam,
821 1570 963 1604 obscu--C
978 1572 1058 1598 sunt.
1074 1569 1223 1597 Psalmum
1241 1577 1335 1597 Luxu
1351 1568 1452 1597 laudat
1466 1578 1501 1597 ex
1515 1570 1647 1597 versione
1662 1569 1806 1606 Hierony-

85 1612 202 1640 riorem
218 1621 252 1641 ac
266 1613 475 1642 intricatiorem
492 1615 735 1651 reddant,idcirco
745 1616 781 1643 ab
797 1615 920 1643 eruditis

83 1657 138 1684 vix
154 1657 319 1693 probantur
336 1666 343 1692 ;
359 1659 437 1687 unde
452 1661 563 1694 septem
578 1662 629 1687 aut
648 1662 713 1688 octo
729 1668 845 1688 menses
864 1660 920 1687 Ro-

86 1709 215 1730 manam
231 1702 340 1730 rexisse
354 1703 523 1738 Ecclesiam,
541 1712 608 1731 cum
625 1705 749 1733 Eusebio
764 1707 921 1732 annotasse

83 1745 227 1774 contenti
242 1754 347 1775 sumus
362 1747 412 1783 (8).
434 1748 577 1776 Caeterum
593 1748 623 1776 in
647 1757 743 1776 errore
767 1751 922 1777 versantur

82 1790 305 1827 martyrologia
326 1795 528 1828 auctoresque,
553 1792 661 1828 quibus
686 1792 781 1829 placet
802 1793 921 1821 Lucium

976 1614 1017 1642 mi
1034 1622 1041 1641 :
1057 1622 1091 1642 ex
1102 1613 1232 1650 Gregorii
1258 1613 1355 1650 Magni
1378 1613 1453 1642 libro
1474 1622 1525 1648 xu,
1547 1613 1671 1650 epistola
1693 1615 1738 1649 32,
1755 1623 1805 1651 pe-

975 1658 1044 1686 titas
1059 1658 1177 1686 adhibet
1192 1658 1441 1693 sententias.Ejus
1453 1658 1508 1686 sub
1522 1658 1692 1694 pontiﬁcatu
1708 1659 1806 1686 saevis-

976 1703 1051 1731 sima
1066 1702 1156 1739 pestis
1171 1703 1200 1730 in
1216 1704 1358 1730 autumno
1373 1702 1470 1739 coepit,
1482 1705 1511 1730 et
1525 1702 1694 1738 quindecim
1711 1711 1804 1732 annos

976 1749 1119 1783 grassata,
1136 1746 1298 1783 permultas
1313 1747 1435 1775 Rsmani
1445 1747 1560 1781 imperii
1571 1747 1736 1783 provincias
1753 1748 1803 1776 de-

976 1793 1116 1828 populata
1129 1793 1184 1819 est.

825 1864 989 1894 Variorum
1006 1866 1099 1893 notae.

137 1928 171 1963 3)
188 1927 334 1963 Cyprian.,
351 1929 401 1963 Ep.
417 1928 462 1961 78,
478 1928 514 1955 ad
529 1927 707 1962 Slepnanum,
724 1926 761 1953 al.
777 1927 821 1953 67.

137 1962 171 1997 4)
189 1962 292 1990 Euseb.
309 1962 500 1996 Histfeccles.,
515 1963 566 1990 lib.
579 1971 628 1996 vn,
645 1970 707 1997 cap.
723 1963 749 1989 2.

134 1998 169 2034 5)
186 1999 351 2034 Nicephor.,
367 1999 434 2026 Hist.
451 2000 568 2031 eccless.,
585 1998 635 2025 lib.
651 2006 690 2029 v1,
707 2006 770 2033 cap.
786 1998 813 2024 7.

132 2034 169 2070 6)
186 2034 367 2070 Propylisum
382 2035 418 2062 ad
434 2035 497 2062 Acta
512 2035 636 2062 Sanelor.
653 2034 729 2070 Μαίἱ.

118 2071 169 2106 (7)
188 2069 270 2106 Ρειέ.ς
287 2073 348 2098 not.
369 2070 404 2097 ad
421 2079 488 2098 ann.
504 2070 636 2103 253.2,3;
652 2069 801 2102 Pearson.,
818 2069 920 2096 Annal.

76 2106 234 2143 Cyprisn.
250 2114 319 2143 ang.
335 2106 398 2143 253.

119 2140 172 2177 (8)
190 2142 261 2169 Cum
283 2141 444 2178 Cyprianus
469 2141 650 2178 Stephanum
677 2140 755 2168 Lucii
782 2140 923 2178 vicarium

73 2176 358 2213 successoremque
373 2177 512 2212 dicit,alio
523 2176 613 2213 plane
622 2185 710 2213 sensu
723 2177 822 2204 vicarii
837 2176 922 2213 phra-

71 2214 133 2242 sin
155 2212 296 2242 adhibuit
310 2211 357 2241 ‘ab
379 2221 412 2242 eo
436 2211 500 2249 quas
522 2211 607 2249 vulgo
629 2212 703 2241 solet
729 2211 875 2248 usurpari,
892 2213 925 2238 ut

270 2853 401 2882 ΡΑτιοι.
424 2849 478 2880 111.

976 1933 1080 1960 nempe
1096 1924 1179 1952 illum
1204 1924 1359 1959 signiﬁcet,
1383 1924 1433 1959 qui
1455 1924 1576 1952 alterius
1599 1924 1677 1952 vices
1706 1925 1802 1960 gerit:

977 1969 1046 1988 nam
1061 1960 1187 1987 vicarius
1202 1962 1230 1996 et
1246 1968 1397 1996 successor
1410 1960 1487 1987 idem
1508 1963 1557 1996 Vest
1580 1961 1656 1995 apud
1689 1960 1805 1996 Cypria-

977 2004 1059 2027 num,
1076 1996 1200 2031 ideoque
1210 1995 1392 2031 Stephanum
1403 2004 1460 2023 non
1474 1995 1568 2023 solum
1580 1995 1721 2022 vicarium
1735 1995 1806 2022 dicit

977 2032 1027 2060 sed
1044 2034 1072 2059 et
1084 2030 1308 2065 Cornelii.cujus
1324 2039 1394 2059 sane
1410 2031 1551 2059 vicarium
1563 2031 1619 2057 dici
1637 2039 1692 2058 non
1709 2033 1804 2066 potest

1012 2068 1050 2102 (9)
1068 2067 1184 2101 Euseb.,
1202 2068 1277 2095 Hist.
1294 2067 1359 2095 eccl.
1377 2067 1429 2094 lib.
1447 2068 1496 2099 vri,
1513 2074 1577 2101 cap.
1594 2066 1639 2094 40.

1013 2103 1069 2138 (10)
1090 2102 1156 2131 Vid.
1181 2104 1256 2130 Petr.
1284 2102 1448 2135 Coustant.,
1484 2102 1630 2137 Epistolar.
1665 2109 1803 2129 romanor.

976 2138 1236 2180 pontiﬁcum,‘pag.
1262 2138 1315 2180 209
1336 2140 1367 2180 et
1387 2138 1453 2180 ξο7ζ
1478 2137 1527 2180 ubi
1556 2138 1697 2180 ostendit,
1713 2145 1803 2180 quam

978 2172 1146 2202 immaniter
1160 2172 1262 2210 lapsus
1276 2173 1317 2210 sit
1335 2173 1364 2210 in
1387 2174 1473 2202 Lucio
1499 2172 1698 2201 Bucherianus
1719 2172 1803 2201 Cata-

979 2210 1063 2246 logus
1079 2213 1106 2237 et
1121 2209 1377 2238 libri’Pontiﬁcalis
1393 2211 1504 2237 auctor.

1635 2842 1673 2870 32
