4098 6178
253 234 405 295 1005

1513 235 1613 294 ΔΙ)
1657 231 2028 295 SANCTUM
2071 231 2393 294 LUGlUM.

3496 235 3654 297 1006

255 366 344 421 dis
372 366 394 401 ⁸
419 363 606 420 nostri
631 363 761 420 luce
791 363 1181 435 perspicimus
1198 363 1410 421 divinis
1440 364 1769 435 maiestatis
1801 380 1890 420 sa-
1917 368 1978 435 Α
2076 364 2172 418 IV.
2195 364 2383 434 Atque
2415 362 2639 418 utinam
2670 379 2828 420 nunc
2871 363 3115 421 facultas
3161 367 3420 433 daretur,
3478 367 3656 424 frater

250 453 460 510 lutarla
479 457 536 509 et
564 458 770 508 sancta
788 452 1064 520 consilia;
1108 454 1262 509 unde
1293 453 1413 509 illic
1445 453 1748 524 repentina
1767 468 1895 524 per-

253 542 518 599 secutio7
576 542 688 613 (16)
767 557 953 613 nuper
1026 547 1224 598 exorta
1270 542 1350 598 sit
1377 542 1419 613 ⁸,
1484 542 1639 596 unde
1696 547 1900 598 contra

251 631 568 688 Ecclesiam
627 630 840 686 Christi
897 635 954 686 et
1009 631 1350 702 episcopum
1401 630 1515 702 (17)
1562 629 1896 686 Cornelium

251 721 488 776 beatum
518 724 833 791 martyrem
863 721 885 755 θ
905 735 1122 791 vosque
1161 735 1367 776 omnes
1397 718 1693 775 saecularis
1745 723 1900 790 pote-

254 814 376 865 stas
406 809 600 865 subito
632 809 962 880 proruperit
991 825 1005 862 :
1041 813 1105 862 ut
1133 809 1207 864 ad
1236 807 1680 864 confundendos
1711 807 1918 864 ᾔθεοι

252 899 400 954 ticos
431 902 490 953 et
520 897 917 953 retundendos
947 899 1280 952 ostenderet
1309 896 1594 953 Dominus
1620 911 1748 968 quis
1807 913 1897 954 es-

253 990 342 1043 set
375 985 648 1052 Ecclesia,
679 987 813 1057 quis
835 986 1145 1057 episcopus
1173 986 1302 1056 ejus
1336 1003 1489 1041 unus
1527 985 1724 1039 divina
1744 986 1901 1040 ordi-

252 1074 487 1129 natione
507 1074 789 1141 deleetus,
808 1075 1058 1145 quicum
1081 1074 1379 1146 episcOpo(
1389 1074 1476 1145 18)
1493 1074 1815 1146 presbyteri
1834 1075 1897 1128 ¹⁰.

253 1161 597 1219 sacerdotali
629 1162 848 1218 honore
869 1163 1188 1234 conjuncti,
1219 1164 1350 1234 quis
1380 1163 1674 1218 adunatus
1712 1167 1768 1218 et
1806 1181 1900 1220 ve-

253 1269 355 1307 rus
386 1250 599 1306 Christi
629 1250 882 1323 populus
899 1251 1215 1307 Dominicis
1245 1252 1440 1324 gregis
1462 1251 1745 1306 charitate
1762 1267 1901 1307 con-

253 1357 468 1406 nexus;
501 1339 602 1412 qui
631 1344 830 1396 essent
854 1357 1002 1411 quos
1032 1339 1310 1396 inimicus
1330 1339 1639 1396 lacesseret
1670 1342 1739 1408 ιι,
1799 1340 1901 1412 qui

250 1435 310 1485 et
347 1433 550 1484 contra
578 1429 796 1501 quibus
852 1427 1122 1485 diabolus
1178 1433 1246 1484 ut
1291 1428 1415 1485 suis
1446 1433 1710 1501 parceret
1762 1428 1898 1501 (19).

254 1517 453 1590 Neque
483 1518 637 1574 enim
669 1517 1040 1590 persequitur
1067 1522 1126 1573 et
1164 1517 1472 1590 impugnat
1527 1516 1739 1574 Christi
1797 1518 1900 1574 ad-

252 1607 551 1663 versarius
580 1604 694 1662 nisi
717 1611 908 1663 castra
962 1611 1020 1663 et
1049 1603 1266 1663 milites
1297 1606 1530 1663 Christi.
1589 1605 1900 1663 Hereticos

254 1700 580 1768 prostratos
607 1695 786 1751 semel
816 1697 931 1764 (20)
958 1699 1017 1751 et
1046 1696 1204 1767 ipsos
1237 1713 1377 1752 suos
1420 1697 1534 1768 (21)
1589 1696 1772 1752 factos
1831 1697 1900 1766 η,

253 1784 578 1840 contemnit
604 1789 661 1839 et
691 1784 978 1856 praeterit:
1020 1801 1119 1841 eos
1159 1786 1369 1857 quaerit
1415 1786 1685 1856 dejicere,
1753 1800 1903 1856 quos

253 1874 416 1929 videt
444 1878 621 1930 stare.

1931 1749 1980 1814 B

2007 449 2373 515 charissima,
2406 451 2768 507 utinteresse
2797 449 2916 506 illic
2940 451 3102 507 vobis
3136 453 3657 524 regredientibus18

2007 555 2338 611 possemus,
2372 539 2472 611 qui
2503 556 2603 595 vos
2635 544 2841 595 mutuo
2873 540 3158 597 charitate
3215 541 3540 612 diligimus,
3594 546 3660 598 ut

2005 629 2291 684 adventus
2319 628 2501 684 vestri
2514 628 2884 685 laetissimum
2907 629 3162 685 fructum
3187 635 3500 702 praesentes
3522 647 3656 686 cum

2007 715 2999 790 caeterisipsiquoquecaperemusl
3048 719 3183 782 Quis
3239 719 3362 776 illic
3399 719 3652 776 exsulta-

2006 805 2085 861 tio
2098 805 2365 861 omnium
2378 807 2626 862 fratrum
2643 809 2654 863 ι
2673 805 2774 878 qui
2794 823 3117 864 concursus
3132 813 3306 879 atque
3317 809 3656 881 complexus

2005 894 2408 950 occurentium
2437 893 2805 966 singulorum
2829 895 2902 950 ιιι
2927 897 3076 953 075
3112 896 3220 952 Vix
3238 897 3455 953 osculis
3480 897 3522 932 ¹⁸
3541 898 3656 968 (22)

2007 983 2430 1038 αάὴωιιθῐηὶυω
2462 988 2656 1054 potest
2684 985 2979 1052 satisfieri,
2998 984 3090 1039 vix
3103 985 3306 1041 vultus
3335 985 3448 1058 ipsi
3479 991 3655 1058 atque

2007 1070 2160 1127 oculi
2182 1071 2367 1144 plebis
2399 1078 2647 1144 possunt
2683 1073 2929 1128 videndo
2961 1073 3180 1128 satiari.
3241 1075 3321 1129 De
3368 1076 3650 1131 adventus

2004 1161 2185 1216 vestri
2213 1161 2327 1233 (23)
2357 1162 2570 1233 gaudio
2601 1161 3076 1234 cognoscereillic
3095 1163 3426 1219 fraternitas
3457 1166 3653 1237 coepit,

2007 1249 2198 1320 qualis
2229 1255 2283 1305 et
2314 1255 2538 1321 quanta
2567 1251 2643 1306 sit
2667 1256 2941 1307 secutura
2969 1251 3199 1308 Christo
3236 1254 3506 1309 veniente
3556 1253 3652 1308 la:-

2005 1338 2156 1406 titia,
2200 1340 2372 1410 cujus
2428 1339 2568 1410 quia
2621 1339 2734 1395 cito
2788 1341 3285 1413 apprOpinquabit
3341 1343 3649 1399 adventus.

2005 1426 2202 1500 imago
2226 1429 2354 1499 jam
2382 1429 2649 1500 quedam
2663 1429 3030 1502 praecessitin
3057 1431 3220 1487 vobis
3242 1449 3254 1487 :
3281 1435 3345 1487 ut
3360 1432 3655 1504 quomodo

2007 1517 2264 1573 Joannes
2293 1533 2619 1588 praecursor
2647 1519 2774 1589 ejus
2805 1523 2862 1575 et
2891 1520 3142 1592 praevius
3173 1519 3412 1577 veniens
3441 1519 3652 1593 praadi-

2008 1607 2159 1662 cavit
2180 1605 2478 1662 Christum
2508 1606 2759 1675 venisse,
2786 1609 2871 1664 sic
2901 1626 3058 1664 nunc
3087 1610 3360 1682 episcopo
3419 1609 3651 1666 confes-

2009 1711 2140 1751 sore
2167 1696 2400 1751 Domini
2429 1699 2487 1751 et
2516 1697 2814 1752 sacerdote
2842 1698 3125 1755 redeunte
3154 1705 3430 1772 appareat
3458 1705 3515 1754 et
3536 1699 3656 1754 Do-

2013 1785 2240 1839 minum
2259 1785 2385 1854 jam
2417 1784 2625 1840 redire.
2656 1783 2918 1841 Vicarias
2947 1803 3080 1842 vero
3111 1802 3215 1858 pro
3247 1787 3415 1843 nobis
3471 1803 3576 1859 ego
3612 1788 3655 1823 ιθ

2011 1876 2069 1928 et
2099 1871 2331 1943 collega:
2359 1877 2416 1928 et
2443 1873 2782 1929 fraternitas
2807 1874 3002 1930 omnis
3032 1875 3138 1930 has
3182 1875 3256 1930 ad
3285 1892 3390 1931 vos
3431 1875 3656 1930 litteras

1685 1973 1888 2034 Variae
1916 1971 2232 2032 lectiones.

326 2071 349 2104 ⁶
383 2073 450 2142 Et
481 2073 639 2142 certa
668 2068 861 2142 cordis
906 2071 1058 2124 Pem.
1133 2070 1152 2103 ⁷
1175 2069 1498 2140 Repentina
1523 2073 1899 2142 tempestas
1925 2066 2034 2124 NG.
2091 2071 2144 2142 2.

249 2141 450 2196 omnis
479 2141 608 2212 7N6.
638 2143 690 2194 2.
744 2140 1158 2212 Reliquosque,
1191 2138 1382 2196 omnis
1425 2140 1557 2195 Bod.
1593 2143 1644 2212 ι.
1675 2138 1695 2142 ’
1720 2143 1766 2176 ¹⁰
1797 2139 2060 2206 Quicum
2091 2138 2394 2212 Episcopis
2424 2145 2482 2212 et
2511 2139 2870 2212 Presbyteris
2901 2142 3050 2195 Lam.
3106 2138 3240 2196 Bod.
3302 2142 3356 2207 l,

2248 2066 2504 2122 'Exorta
2550 2068 2660 2122 fuit
2708 2070 2864 2124 Pem.
2941 2070 2963 2104 ’
3002 2069 3310 2142 Martyrem
3370 2069 3430 2124 in
3481 2086 3657 2142 quem

2248 2138 2394 2197 :oois
2424 2145 2482 2192 et
2511 2139 2870 2197 Presbvteris
2901 2142 3050 2195 Lam.
3106 2142 3240 2196 Bod.
3302 2142 3356 2197 4.
3435 2143 3486 2197 1.
3521 2142 3657 2196 Ebor

3473 2184 3486 2196 .
3521 2157 3662 2196 EDOf

243 2214 377 2270 Lin.
411 2211 515 2268 NG.
552 2213 601 2266 1.
682 2212 1096 2283 “,Lacesseret
1124 2212 1222 2283 qui
1255 2217 1458 2268 contra
1488 2211 1620 2267 Bod.
1683 2213 1732 2279 1,
1789 2216 1844 2266 2.
1897 2216 2132 2283 Contra,
2161 2211 2377 2283 quibus
2405 2211 2580 2283 APe‘m.
2612 2211 2781 2283 Voss.
2840 2213 2903 2283 2._
2949 2216 3100 2267 Lam.
3157 2213 3315 2268 Ebor.
3385 2213 3490 2268 Lin
3544 2213 3655 2268 NG.

247 2285 302 2348 1,
337 2287 394 2338 2.

499 2283 544 2317 ¹²
574 2281 764 2337 Semel
796 2299 934 2337 suos
974 2280 1158 2337 factos
1186 2283 1340 2338 Pem.
1374 2283 1538 2339 Ebor.
1572 2285 1720 2338 Lam.
1762 2288 1911 2338 Voss.
1955 2283 2009 2336 2.
2070 2280 2198 2336 Lini
2253 2281 2360 2336 ΝΟ.
2395 2281 2444 2345 1,
2487 2280 2540 2334 2.
2603 2281 2733 2336 Bod.
2770 2282 2822 2347 1,
2878 2281 2932 2337 2.

2997 2284 3041 2355 ίξ
3093 2285 3409 2338 Vobiscum
3469 2300 3658 2355 regre-

249 2353 552 2426 dientibus
607 2356 732 2410 Lin.
759 2353 864 2409 ΝΟ.
895 2357 949 2407 2.
1041 2355 1084 2387 ¹⁴
1112 2353 1559 2410 Occursantium
1590 2354 1961 2426 singulorum
1992 2354 2149 2408 Lam.
2189 2354 2347 2408 Ebor.
2385 2354 2505 2407 Lin.
2540 2352 2668 2407 Bod.
2699 2355 2751 2420 1,
2776 2354 2830 2408 2.
2911 2354 2954 2388 ¹⁶
3014 2354 3105 2408 Sic
3162 2355 3292 2410 Βοιι.
3349 2355 3400 2408 1.
3454 2352 3654 2410 Oculis

252 2429 398 2497 Imp.
446 2425 554 2480 ΝΟ.
583 2426 639 2479 2.
746 2426 878 2480 “Et
907 2440 1012 2496 ego
1053 2429 1110 2480 et
1132 2426 1264 2481 Bod.
1296 2427 1350 2480 2.

1687 2506 2018 2567 Variorum
2049 2510 2237 2565 notae.

295 2611 315 2682 (
331 2612 418 2680 t6)
454 2611 777 2682 Repeﬁntinar
793 2612 1129 2682 persecutio.
1163 2611 1284 2666 Sub
1305 2610 1466 2667 Gallo
1483 2615 1540 2667 et
1567 2610 1898 2679 Valeriano,

243 2681 312 2738 ut
343 2687 540 2737 censet
569 2681 1008 2754 illustrissimus
1038 2683 1350 2754 episcopus
1406 2682 1772 2754 Oxoniensis.
1832 2684 1902 2739 Hi

239 2755 409 2809 enim
445 2760 507 2808 ut
531 2753 843 2825 numinum
865 2751 1107 2808 suorum
1138 2751 1284 2808 iram
1316 2751 1582 2822 lenirent,
1608 2761 1663 2808 et
1678 2759 1902 2825 pestem

246 2827 308 2879 in
364 2824 663 2896 republica
692 2829 1060 2896 grassantem
1093 2830 1438 2891 averterent,
1481 2825 1651 2896 cujus
1680 2824 1794 2879 iuti
1848 2830 1905 2880 et

240 2897 501 2951 aliorum
527 2895 815 2951 malorum
845 2911 1082 2950 causam
1131 2896 1475 2965 rejiciebant
1523 2895 1582 2950 in
1623 2896 1901 2951 Christia-

242 2985 384 3031 nos,
421 2967 885 3037 persecutionem
902 2971 1134 3038 repente
1149 2969 1430 3022 adversus
1443 2983 1542 3023 eos
1573 2973 1898 3022 moverunt.

238 3040 463 3094 Contra
493 3039 648 3110 apud
681 3039 1098 3106 Hieronymum
1129 3038 1188 3092 in
1223 3039 1480 3110 Epistola
1509 3039 1589 3094 ad
1645 3044 1899 3094 Pamma-

241 3112 442 3166 chium
471 3108 860 3164 (st—Marcellam
892 3125 1004 3179 pax
1034 3108 1374 3180 repentina:
1429 3111 1573 3180 Belli
1625 3113 1901 3166 rationem

241 3198 366 3252 pax
389 3184 680 3254 repentina
702 3183 1028 3254 commutat.
1063 3179 1134 3234 Et
1157 3180 1311 3251 apud
1344 3179 1676 3236 Petronium
1707 3198 1898 3254 repen-

246 3256 381 3307 tina
410 3253 810 3323 tranquillitas.
844 3252 1076 3306 BALLUZ.

329 3325 446 3393 (17)
477 3321 919 3394 Et‘episcopum.
977 3321 1268 3394 Particula
1318 3329 1371 3376 et
1424 3338 1536 3378 ms.
1585 3324 1753 3379 Corb.
1814 3325 1907 3380 deo

247 3404 368 3461 est,
400 3395 560 3450 nulla
589 3393 800 3450 sensus
833 3393 1174 3450 mutatione.
1207 3398 1517 3449 Cous'rm'r.

321 3457 440 3536 (i8)
474 3465 605 3520 Cum
640 3468 904 3537 episcopo.
939 3465 1098 3520 Idem
1139 3469 1360 3537 ms.__et
1387 3463 1484 3537 alii
1536 3481 1632 3520 sex
1680 3457 1906 3537 Anglic.

242 3553 383 3591 cum
411 3534 692 3608 episcopis]
744 3534 974 3592 Rectius
1029 3535 1229 3608 caeteri
1271 3534 1613 3608 libri,cum_
1642 3534 1906 3608 episcopo,

243 3606 450 3679 quem‘
469 3606 654 3663 unum
680 3607 739 3661 in
774 3625 890 3663 una
920 3606 1174 3662 Ecclesia
1194 3623 1324 3662 esse
1352 3606 1563 3661 debere
1585 3606 1910 3679 Cyprianus

241 3679 522 3751 proxime
550 3679 766 3747 docuit,
798 3685 857 3735 et
884 3679 1023 3734 alibi
1055 3683 1393 3734 constanter
1429 3679 1706 3748 praedicat
1753 3680 1907 3736 (Ξου-

247 3767 457 3807 ΒΤΔΝΤ.

322 3822 439 3893 (19)
467 3822 731 3877 Diabolus
759 3830 820 3877 ut
845 3822 962 3876 suis
987 3822 1260 3893 parceret.
1301 3819 1602 3893 Decuisset
1643 3819 1907 3893 Novatia-

243 3889 495 3949 num'et
519 3894 644 3962 eius
675 3889 1364 3965 sequaces_ad_Martyria
1395 3889 1702 3965 subeunda
1729 3891 1909 3946 fuisse

241 3961 891 4036 promptissimos—qui
922 3963 994 4018 ab
1044 3961 1322 4036 Ecclesiae
1375 3961 1786 4036 communione
1843 3977 1909 4017 eo

241 4033 499 4091 nomine
531 4033 922 4098 recesserunt,
957 4034 1095 4104 quia
1125 4033 1227 4089 illa
1256 4049 1391 4087 cum
1425 4033 1604 4104 lapsis
1647 4048 1912 4089 commu-

241 4108 504 4173 nicaret,
537 4112 596 4162 et
623 4107 831 4162 exinde
853 4105 1217 4162 Orthodoxos
1242 4104 1637 4175 appellabant,
1664 4105 1910 4162 Paciano

236 4183 428 4241 teste,
501 4180 827 4250 Apostaticos
879 4177 1232 4250 Capitolinos,
1291 4185 1342 4231 et
1388 4177 1700 4250 .iyuedrios.
1761 4177 1914 4250 Dicit

231 4250 501 4322 quidem
535 4243 798 4322 Socrates
830 4243 985 4322 quod
1009 4247 1364 4322 Novatianus
1410 4243 1496 4322 {si
1547 4245 1911 4322 Odaaepiavoﬁ

233 4315 357 4393 ’ξοῦ
423 4315 968 4393 βᾳσιλὲωςᾉὸιωῆμὸν
1019 4316 1154 4370 κατὰ
1204 4319 1561 4393 Χριστιᾳγῶγ-
1591 4315 1910 4393 κινήὸ-αντος

243 4388 853 4464 ὶμαρὲῦρησενλΗὶεζί
873 4388 977 4445 lib.
1014 4406 1175 4464 iv_,_c.
1205 4392 1297 4456 28,
1330 4389 1641 4464 etlibellus
1671 4391 1916 4464 circum-

237 4461 559 4519 ferebatur
588 4462 680 4518 cui
697 4462 898 4518 titulas
919 4466 1040 4533 erat
1057 4461 1386 4533 Martyrium
1401 4463 1716 4529 Novatiani,
1738 4479 1913 4533 quem

235 4534 585 4616 confutavit
620 4533 898 4616 Eulogius
957 4532 1266 4616 episcopus
1322 4532 1770 4616 Alexandrinus
1806 4534 1910 4616 lib.

2016 2625 2106 2664 res
2139 2609 2354 2683 quibus
2385 2607 2482 2683 ille
2517 2625 2662 2664 usus
2691 2614 2798 2664 est.
2834 2609 3034 2679 Itaque
3056 2610 3239 2665 delevi
3268 2615 3319 2665 et
3349 2613 3512 2682 ipsos,
3559 2628 3663 2683 pu-

2013 2686 2148 2753 tans
2177 2696 2292 2753 non
2323 2681 2534 2753 debere
2567 2695 2658 2734 me
2689 2697 2902 2753 ponere
2932 2683 2990 2736 in
3037 2696 3169 2736 mea
3197 2681 3450 2738 editione
3509 2681 3664 2753 quod

2012 2751 2132 2832 illic
2161 2756 2231 2832 et
2266 2751 2325 2806 in
2349 2751 2673 2832 Anglicana
2696 2751 2994 2832 scriptum
3026 2757 3119 2832 est
3140 2753 3370 2832 absque
3421 2751 3666 2832 auctori-

2011 2827 2151 2878 tate.
2186 2822 2331 2877 Nam
2363 2825 2420 2878 et
2445 2821 2682 2895 ipsimet
2711 2821 2882 2895 Angli
2913 2821 3157 2878 laudant
3215 2821 3420 2879 novem
3484 2824 3666 2878 libros

2009 2899 2232 2967 veteres
2262 2896 2322 2947 in
2336 2894 2607 2967 ‘quibuas
2627 2910 2696 2949 ea
2711 2894 2925 2949 desunt
2954 2911 3085 2966 quae
3102 2912 3135 2950 a
3164 2912 3254 2950 me
3272 2895 3666 2967 praetermissa

2009 2971 2169 3020 sunt.
2200 2964 2563 3020 Conﬁrmant
2594 2982 2783 3020 meam
2814 2964 3289 3021 emendationem
3313 2967 3434 3022 haec
3486 2967 3663 3021 verba

2009 3035 2348 3108 Tertulliani
2381 3052 2450 3090 ex
2477 3036 2626 3091 libro
2659 3039 2730 3090 ad
2770 3038 3084 3108 Martyres:
3155 3039 3276 3092 Non
3333 3053 3461 3106 ergo
3516 3036 3664 3093 dicat

2009 3107 2345 3179 [diabolus],
2379 3108 2449 3179 In,
2469 3123 2587 3162 mea
2608 3113 2758 3172 sunt,
2791 3107 3009 3164 tentabo
3041 3110 3165 3164 illo:
3187 3110 3388 3164 vilibus
3412 3109 3662 3164 discidiis

2007 3177 2104 3234 aut
2149 3181 2388 3251 finier‘se
2417 3177 2847 3235 desensionibus.
2882 3180 2951 3233 Et
2984 3181 3041 3235 in
3077 3179 3659 3251 librodeSpectaculis

1938 3253 1980 3320 α
2019 3251 2101 3306 ait
2126 3248 2622 3322 diabolum,cum
2654 3255 2995 3306 oneraretur
3023 3251 3097 3322 in
3123 3248 3444 3306 exorcismo
3505 3252 3658 3322 quod

2021 3320 2323 3376 mulierem
2355 3321 2585 3376 ﬁdelem
2609 3338 2736 3392 quis
2795 3323 3015 3376 adierat
3063 3321 3359 3377 theatrum
3418 3320 3657 3394 aggredi

2019 3408 2201 3448 ausus
2230 3397 2404 3460 esset,
2434 3394 2808 3465 respondlsse
2830 3409 2844 3448 :
2866 3395 3416 3464 Justinimequidem
3439 3395 3568 3465 feci,
3600 3395 3664 3447 in

2018 3481 2142 3520 meo
2171 3480 2292 3518 eam
2320 3465 2529 3519 inveni.
2562 3464 2761 3520 waz.

2092 3535 2206 3606 (21)
2238 3535 2300 3588 Et
2332 3536 2476 3606 ipsos
2504 3551 2648 3591 suos.
2686 3536 2832 3590 Edit.
2866 3535 3074 3600 Oxon._.
3108 3535 3305 3590 minus
3363 3535 3668 3591 concinne.

2020 3605 2237 3661 Horum
2269 3606 2394 3660 loco
2419 3605 2478 3660 in
2511 3622 2718 3661 novem
2749 3623 2892 3662 mss.
2928 3611 3117 3662 exstat
3137 3610 3367 3661 tantum
3419 3623 3563 3675 suos,
3614 3607 3672 3660 in

2017 3676 2186 3732 Corb.
2217 3682 2268 3731 et
2286 3691 2441 3748 suos.
2477 3675 2784 3732 Diabolum
2820 3678 2880 3732 in
2928 3677 3029 3733 Dei
3069 3693 3266 3733 servos
3325 3679 3544 3748 saevire,
3606 3694 3672 3733 ac

2019 3748 2131 3803 sibi
2161 3747 2422 3821 addictos
2453 3749 2696 3804 minime
2754 3751 2996 3821 fatigare
3055 3748 3254 3821 solere
3314 3749 3667 3821 Cyprianus,

2019 3837 2218 3891 supra,
2249 3819 2432 3890 Epist.
2466 3821 2554 3886 13,
2590 3838 2646 3874 n.
2679 3821 2733 3888 3,
2767 3820 2837 3875 ad
2867 3819 3185 3876 Cornelium
3232 3819 3424 3876 fusius
3454 3822 3677 3876 edisse-

2023 3890 2117 3945 rit.
2142 3890 2445 3946 Consum.

2090 3962 2200 4032 (22)
2240 3962 2336 4016 Via:
2365 3961 2584 4015 osculis.
2620 3960 2794 4015 Error
2826 3961 3210 4027 certissimus,
3263 3961 3360 4032 qui
3399 3966 3585 4018 exstat
3615 3961 3673 4016 in

2020 4033 2296 4087 omnibus
2337 4032 2454 4087 fere
2484 4032 2648 4086 libris
2693 4033 2984 4088 veteribus
3010 4038 3068 4087 et
3097 4032 3472 4100 editionibus,
3504 4033 3676 4088 oculis

2023 4105 2143 4170 dat,
2167 4119 2300 4158 cum
2313 4104 2581 4158 seribsnd
2593 4118 2688 4157 um
2703 4105 2918 4160 osculis.
2936 4108 2972 4157 Δ
2986 4103 3104 4175 ngli
3121 4108 3271 4158 recte
3288 4105 3676 4159 amendarunt

2022 4193 2091 4231 ex
2124 4176 2379 4246 ingenio,
2414 4192 2529 4230 non
2564 4176 2929 4230 auctoritate.
2961 4175 3198 4230 Nullum
3232 4175 3390 4229 enim
3419 4180 3672 4230 veterem

2027 4247 2287 4303 codicem
2311 4246 2555 4317 laudant
2575 4253 2870 4302 auctorem
2889 4246 3068 4317 hujus
3084 4247 3530 4302 emendationis.
3559 4248 3672 4317 Ego

2024 4317 2183 4373 illam
2214 4315 2486 4389 nuspiam
2519 4315 2708 4389 inseni
2736 4333 2910 4389 quam
2941 4315 2999 4371 in
3032 4317 3276 4389 Metensi
3324 4317 3509 4389 sancti
3567 4315 3671 4372 Ar-

2031 4390 2261 4475 pulphi,
2296 4385 2861 4475 quem‘tardiuscule
2891 4388 3105 4475 accepi.
3158 4389 3312 4475 intra
3335 4385 3396 4475 in
3425 4386 3574 4475 libro.
3606 4389 3676 4443 de

2028 4459 2257 4532 Lapsis,
2289 4459 2424 4531 pag.
2461 4460 2557 4514 181
2583 4459 2842 4532 :VSauctis
2868 4459 3068 4516 osculis
3097 4460 3467 4532 adhaerentes.
3500 4460 3679 4516 Miror

2029 4531 2224 4588 autem
2255 4547 2350 4586 me
2381 4547 2496 4586 non
2528 4531 3014 4588 animadvertisse
3044 4532 3257 4588 bonam
3286 4531 3596 4588 lectionem
3616 4532 3676 4587 in

242 4610 429 4689 sexto
461 4611 662 4689 contra
690 4600 1044 4689 lflo'vatianp's
1071 4621 1083 4672 ;
1118 4600 1287 4689 cujus
1307 4608 1604 4689 excerpta
1632 4603 1926 4689 habentur
1957 4625 2002 4689 Β
2036 4603 2291 4689 editione
2318 4600 2658 4689 Anglicana.
2691 4601 2882 4689 B‘Anuz'.

236 4679 316 4733 in
359 4676 547 4732 Photii
578 4675 952 4732 Bibliotheca.
977 4674 1244 4730 Narratio
1303 4674 1418 4730 ista
1465 4674 1606 4730 dicit
1653 4675 1927 4732 Novatia-

2107 4674 2220 4745 (23)
2250 4674 2324 4727 De
2351 4673 2610 4728 adventus
2630 4675 2818 4729 vestri.
2845 4673 3175 4746 Lectionem
3193 4678 3468 4746 veterem,
3502 4689 3679 4746 quam

240 4763 412 4820 num
448 4748 755 4820 Martyrem
790 4748 910 4803 sive
936 4747 1337 4802 Confessorem
1371 4746 1925 4820 fuisse,‘antequam
2029 4761 2535 4820 nosgrevocamus,
2569 4761 2746 4816 quam
2772 4762 2982 4820 gmnes
3006 4747 3122 4801 fere
3157 4745 3291 4801 libri
3341 4745 3563 4820 veteres
3619 4749 3679 4800 et

232 4821 331 4878 ad
369 4817 781 4891 Episcopatum
815 4823 1251 4891 promoveretur
1276 4836 1288 4884 ;
1309 4817 1733 4891 iquodgquidem
1748 4817 1914 4891 aper-

232 4837 331 4878 aa
370 4837 781 4944 episcopatum
815 4837 1288 4889 promoveretur;
1322 4837 1477 4888 quoa
1497 4837 1733 4889 quidem
1748 4837 1914 4891 aper-

229 4891 493 4948 tissime
526 4891 580 4944 fa
606 4907 758 4946 sum.
791 4891 956 4946 Certe
979 4890 1267 4945 Pacianus
1290 4889 1701 4945 disertissimis
1727 4893 1917 4946 verbis

233 4963 584 5033 aittquod
635 4964 978 5018 Novatianus
1035 4977 1322 5032 nunquam
1386 4961 1714 5033 Martyrium
1766 4963 1916 5018 tulit.

230 5032 443 5090 Addit
462 5049 654 5104 porro,
691 5035 818 5091 ideo
847 5036 915 5090 ab
958 5033 1212 5104 Ecclesia
1265 5032 1584 5104 recesserat,
1634 5049 1704 5089 ne
1759 5034 1915 5089 illum

233 5105 435 5176 labor
456 5099 820 5176 confessioni:
848 5112 1094 5174 urgeret.
1125 5101 1240 5158 Nec
1271 5101 1482 5174 puduit
1527 5099 1712 5176 illum,
1772 5110 1920 5161 teste

233 5172 578 5248 Cypriane,
607 5175 900 5232 afﬁrmem
923 5172 1249 5248 ingruente
1272 5172 1729 5248 'persecutione,
1763 5177 1917 5248 quod

233 5194 290 5235 υ
349 5194 578 5246 priano,
607 5194 900 5232 amrmare
941 5194 1249 5248 ingruente
1306 5194 1729 5246 pBI‘SBCULlone,
1763 5194 1917 5248 quoa

232 5194 343 5306 αἶ
379 5247 808 5328 philosophiam
829 5248 1018 5328 redire
1059 5245 1248 5314 vellet,
1280 5245 1475 5317 potius
1505 5263 1683 5318 quam
1715 5247 1921 5320 capitis

235 5319 816 5394 perieuium’adire.
849 5320 1014 5394 Ριξξι..

324 5390 450 5461 (20)
481 5391 659 5447 Semel
687 5397 739 5448 et
767 5409 894 5448 suo:
938 5389 1126 5446 Editio
1165 5386 1402 5461 Rigaltii
1455 5387 1631 5443 semet
1672 5397 1736 5461 et
1777 5392 1923 5461 ipso:

219 5468 295 5520 et
333 5459 469 5516 suos
511 5464 702 5532 factos.
757 5462 963 5519 Nescio
992 5465 1189 5518 autem
1217 5459 1394 5532 unde,
1425 5459 1714 5532 acceperit
1771 5459 1921 5518 hanc

219 5529 747 5618 lectionemﬁgo
779 5535 996 5618 quippe
1026 5533 1191 5588 illam
1225 5529 1496 5618 nuspiam
1531 5529 1716 5618 reperi
1740 5548 1921 5618 quam

214 5609 303 5663 in
349 5602 517 5660 illius
564 5599 840 5664 editione.
870 5599 944 5663 Et
964 5611 1162 5663 tamen
1191 5602 1311 5660 vidi
1342 5599 1546 5659 omnes
1563 5599 1920 5660 librosvete-

2025 4817 2314 4899 editiones
2343 4817 2716 4879 conﬁrmant.
2767 4817 3062 4899 Pamelius
3087 4817 3676 4899 .pro‘nuntiavitnnon

2028 4905 2156 4960 esse
2186 4889 2400 4960 bonam
2432 4904 2699 4944 asserens
2728 4905 2963 4960 pravam
2988 4887 3423 4944 distinctionem
3457 4904 3491 4941 a
3513 4887 3682 4942 Rem-

2027 4959 2186 5016 bolto
2207 4959 2530 5026 inductam,
2552 4959 2609 5014 id
2641 4959 2887 5015 est’eam
2919 4959 3226 5015 lectionem
3254 4975 3425 5029 quam
3459 4974 3680 5029 nosgre-

2025 5047 2327 5098 vocamus,
2358 5031 2670 5086 obscurare
2693 5047 2957 5088 sensum.
3012 5035 3086 5086 At
3131 5031 3182 5086 si
3239 5027 3497 5084 erratum
3556 5027 3676 5082 illic

2029 5102 2501 5185 esthculpandus
2523 5107 2791 5185 nouerat
2821 5101 3192 5185 Piemboltus.
3218 5099 3445 5185 Quippe
3470 5099 3675 5185 eadem

2029 5169 2325 5230 distinctio
2356 5177 2544 5228 exstat
2564 5171 2814 5230 editione
2843 5172 3105 5245 Spirensi
3143 5175 3208 5245 et
3258 5169 3351 5245 in—
3364 5169 3540 5245 veteri
3569 5170 3678 5228 Ve-

2032 5251 2184 5311 neta,
2219 5262 2344 5314 quae
2364 5261 2491 5299 eam
2516 5241 2954 5302 antecesserunt
2975 5260 3152 5314 quam
3178 5241 3521 5314 Remboltus
3535 5247 3681 5314 emi-

2033 5319 2128 5374 sit.
2150 5311 2432 5372 Caeterum
2461 5314 2752 5372 Pamelius
2783 5317 2864 5371 ait
2893 5331 2956 5372 se
2984 5311 3066 5370 ita
3090 5311 3452 5382 distinxisse,
3479 5313 3562 5369 uti
3590 5314 3686 5370 di-

2032 5388 2238 5446 stinxit
2267 5386 2968 5459 secundumscripturam
3001 5387 3251 5442 duorum
3299 5392 3559 5459 veterum
3605 5384 3687 5459 _li-

2031 5461 2270 5516 brorum
2303 5474 2449 5531 quos
2481 5456 2700 5531 laudat,
2735 5456 2907 5531 sicuti
2947 5475 3053 5531 nos
3073 5459 3341 5531 eamdem
3361 5456 3686 5514 distinctio-

2034 5547 2168 5588 nem
2196 5528 2522 5601 reperimus
2551 5528 2726 5585 etiam
2758 5529 2816 5584 in
2859 5529 3090 5588 duobus
3119 5528 3420 5586 codicibus
3479 5545 3688 5586 manu-

2034 5600 2291 5674 scriptis.
2323 5600 2514 5655 BALUZ.
