  <div class='ocr_page' id='page_1' title='image "/cluster/home/n/w/nwhite01/storage/ocr_20150623/3/hvd.32044073549586/558.png"; bbox 0 0 4098 6178; ppageno 0'>
   <div class='ocr_carea' id='block_1_1' title="bbox 246 332 402 394">
    <p class='ocr_par' dir='ltr' id='par_1_1' title="bbox 246 332 402 394">
     <span class='ocr_line' id='line_1_1' title="bbox 246 332 402 394; baseline 0.013 -1"><span class='ocrx_word' id='word_1_1' title='bbox 246 332 402 394; x_wconf 79' lang='grc'>1009</span> 
     </span>
    </p>
   </div>
   <div class='ocr_carea' id='block_1_2' title="bbox 1300 326 2577 392">
    <p class='ocr_par' dir='ltr' id='par_1_2' title="bbox 1300 326 2577 392">
     <span class='ocr_line' id='line_1_2' title="bbox 1300 326 2577 392; baseline 0.001 -3"><span class='ocrx_word' id='word_1_2' title='bbox 1300 327 1713 391; x_wconf 69' lang='lat' dir='ltr'><strong>EPISTOLE</strong></span> <span class='ocrx_word' id='word_1_3' title='bbox 1754 328 1856 388; x_wconf 85' lang='lat' dir='ltr'><strong>ET</strong></span> <span class='ocrx_word' id='word_1_4' title='bbox 1900 326 2261 389; x_wconf 77' lang='lat' dir='ltr'><strong>DECRETA</strong></span> <span class='ocrx_word' id='word_1_5' title='bbox 2312 330 2577 392; x_wconf 77' lang='lat' dir='ltr'><strong>DUBIA.</strong></span> 
     </span>
    </p>
   </div>
   <div class='ocr_carea' id='block_1_3' title="bbox 3507 338 3662 397">
    <p class='ocr_par' dir='ltr' id='par_1_3' title="bbox 3507 338 3662 397">
     <span class='ocr_line' id='line_1_3' title="bbox 3507 338 3662 397; baseline 0.006 -2"><span class='ocrx_word' id='word_1_6' title='bbox 3507 338 3662 397; x_wconf 89' lang='grc'>1010</span> 
     </span>
    </p>
   </div>
   <div class='ocr_carea' id='block_1_4' title="bbox 244 457 3661 536">
    <p class='ocr_par' dir='ltr' id='par_1_4' title="bbox 244 457 3661 536">
     <span class='ocr_line' id='line_1_4' title="bbox 244 457 3661 536; baseline 0.001 -19"><span class='ocrx_word' id='word_1_7' title='bbox 244 463 348 533; x_wconf 88' lang='lat' dir='ltr'><strong>qui</strong></span> <span class='ocrx_word' id='word_1_8' title='bbox 373 461 514 529; x_wconf 82' lang='lat' dir='ltr'><strong>toris</strong></span> <span class='ocrx_word' id='word_1_9' title='bbox 541 462 670 515; x_wconf 89' lang='lat' dir='ltr'><strong>sunt</strong></span> <span class='ocrx_word' id='word_1_10' title='bbox 692 460 740 529; x_wconf 88' lang='grc'>(1</span> <span class='ocrx_word' id='word_1_11' title='bbox 770 459 902 514; x_wconf 78' lang='lat' dir='ltr'><strong>Tim.</strong></span> <span class='ocrx_word' id='word_1_12' title='bbox 936 457 1044 529; x_wconf 89' lang='lat' dir='ltr'><strong>m).</strong></span> <span class='ocrx_word' id='word_1_13' title='bbox 1075 457 1361 522; x_wconf 79' lang='lat' dir='ltr'><strong>Quoniam</strong></span> <span class='ocrx_word' id='word_1_14' title='bbox 1392 462 1449 515; x_wconf 88' lang='lat' dir='ltr'><strong>et</strong></span> <span class='ocrx_word' id='word_1_15' title='bbox 1482 458 1542 514; x_wconf 93' lang='lat' dir='ltr'><strong>in</strong></span> <span class='ocrx_word' id='word_1_16' title='bbox 1602 458 1709 513; x_wconf 88' lang='lat' dir='ltr'><strong>hac</strong></span> <span class='ocrx_word' id='word_1_17' title='bbox 1765 474 1896 513; x_wconf 89' lang='lat' dir='ltr'><strong>san-</strong></span> <span class='ocrx_word' id='word_1_18' title='bbox 1926 458 1983 524; x_wconf 76' lang='grc' dir='ltr'><strong>Α</strong></span> <span class='ocrx_word' id='word_1_19' title='bbox 2083 457 2149 513; x_wconf 83' lang='grc' dir='ltr'><strong>ν.</strong></span> <span class='ocrx_word' id='word_1_20' title='bbox 2181 458 2449 532; x_wconf 84' lang='lat' dir='ltr'><strong>Episcopi</strong></span> <span class='ocrx_word' id='word_1_21' title='bbox 2478 477 2611 517; x_wconf 89' lang='lat' dir='ltr'><strong>vero</strong></span> <span class='ocrx_word' id='word_1_22' title='bbox 2641 477 2745 533; x_wconf 90' lang='lat' dir='ltr'><strong>per</strong></span> <span class='ocrx_word' id='word_1_23' title='bbox 2773 462 3036 535; x_wconf 89' lang='lat' dir='ltr'><strong>singulas</strong></span> <span class='ocrx_word' id='word_1_24' title='bbox 3080 464 3408 536; x_wconf 81' lang='lat' dir='ltr'><strong>provincias</strong></span> <span class='ocrx_word' id='word_1_25' title='bbox 3465 465 3661 521; x_wconf 85' lang='lat' dir='ltr'><strong>obser-</strong></span> 
     </span>
    </p>
   </div>
   <div class='ocr_carea' id='block_1_5' title="bbox 245 546 1899 620">
    <p class='ocr_par' dir='ltr' id='par_1_5' title="bbox 245 546 1899 620">
     <span class='ocr_line' id='line_1_5' title="bbox 245 546 1899 620; baseline -0.003 -14"><span class='ocrx_word' id='word_1_26' title='bbox 245 555 339 607; x_wconf 91' lang='lat' dir='ltr'><strong>cta</strong></span> <span class='ocrx_word' id='word_1_27' title='bbox 362 550 505 605; x_wconf 84' lang='lat' dir='ltr'><strong>Sede</strong></span> <span class='ocrx_word' id='word_1_28' title='bbox 532 548 915 604; x_wconf 84' lang='lat' dir='ltr'><strong>constitutum</strong></span> <span class='ocrx_word' id='word_1_29' title='bbox 950 547 1258 615; x_wconf 82' lang='lat' dir='ltr'><strong>habemus,</strong></span> <span class='ocrx_word' id='word_1_30' title='bbox 1292 551 1358 603; x_wconf 89' lang='lat' dir='ltr'><strong>ut</strong></span> <span class='ocrx_word' id='word_1_31' title='bbox 1403 548 1519 604; x_wconf 91' lang='lat' dir='ltr'><strong>duo</strong></span> <span class='ocrx_word' id='word_1_32' title='bbox 1577 546 1899 620; x_wconf 77' lang='lat' dir='ltr'><strong>presbyteri</strong></span> 
     </span>
    </p>
   </div>
   <div class='ocr_carea' id='block_1_6' title="bbox 244 635 1898 709">
    <p class='ocr_par' dir='ltr' id='par_1_6' title="bbox 244 635 1898 709">
     <span class='ocr_line' id='line_1_6' title="bbox 244 635 1898 709; baseline -0.003 -14"><span class='ocrx_word' id='word_1_33' title='bbox 244 639 330 695; x_wconf 86' lang='lat' dir='ltr'><strong>vel</strong></span> <span class='ocrx_word' id='word_1_34' title='bbox 364 644 482 694; x_wconf 90' lang='lat' dir='ltr'><strong>tres</strong></span> <span class='ocrx_word' id='word_1_35' title='bbox 512 636 744 693; x_wconf 90' lang='lat' dir='ltr'><strong>diaconi</strong></span> <span class='ocrx_word' id='word_1_36' title='bbox 773 636 833 693; x_wconf 92' lang='lat' dir='ltr'><strong>in</strong></span> <span class='ocrx_word' id='word_1_37' title='bbox 866 636 1027 692; x_wconf 92' lang='lat' dir='ltr'><strong>omni</strong></span> <span class='ocrx_word' id='word_1_38' title='bbox 1080 635 1205 693; x_wconf 94' lang='lat' dir='ltr'><strong>loco</strong></span> <span class='ocrx_word' id='word_1_39' title='bbox 1254 636 1594 709; x_wconf 81' lang='lat' dir='ltr'><strong>episcopum</strong></span> <span class='ocrx_word' id='word_1_40' title='bbox 1639 652 1755 691; x_wconf 92' lang='lat' dir='ltr'><strong>non</strong></span> <span class='ocrx_word' id='word_1_41' title='bbox 1798 636 1898 690; x_wconf 89' lang='lat' dir='ltr'><strong>de-</strong></span> 
     </span>
    </p>
   </div>
   <div class='ocr_carea' id='block_1_7' title="bbox 243 724 1785 799">
    <p class='ocr_par' dir='ltr' id='par_1_7' title="bbox 243 724 1785 799">
     <span class='ocr_line' id='line_1_7' title="bbox 243 724 1785 799; baseline -0.003 -14"><span class='ocrx_word' id='word_1_42' title='bbox 243 733 445 785; x_wconf 88' lang='lat' dir='ltr'><strong>serant</strong></span> <span class='ocrx_word' id='word_1_43' title='bbox 468 726 568 799; x_wconf 86' lang='lat'><strong>(2),</strong></span> <span class='ocrx_word' id='word_1_44' title='bbox 604 730 839 799; x_wconf 81' lang='lat' dir='ltr'><strong>propter</strong></span> <span class='ocrx_word' id='word_1_45' title='bbox 866 724 1273 781; x_wconf 88' lang='lat' dir='ltr'><strong>testimonium</strong></span> <span class='ocrx_word' id='word_1_46' title='bbox 1299 724 1785 781; x_wconf 89' lang='lat' dir='ltr'><strong>ecclesiasticum.</strong></span> 
     </span>
    </p>
   </div>
   <div class='ocr_carea' id='block_1_8' title="bbox 316 812 1897 887">
    <p class='ocr_par' dir='ltr' id='par_1_8' title="bbox 316 812 1897 887">
     <span class='ocr_line' id='line_1_8' title="bbox 316 812 1897 887; baseline -0.004 -14"><span class='ocrx_word' id='word_1_47' title='bbox 316 818 384 873; x_wconf 90' lang='lat' dir='ltr'><strong>II.</strong></span> <span class='ocrx_word' id='word_1_48' title='bbox 444 814 711 887; x_wconf 83' lang='lat' dir='ltr'><strong>EpiscOpi</strong></span> <span class='ocrx_word' id='word_1_49' title='bbox 759 830 897 887; x_wconf 86' lang='lat' dir='ltr'><strong>ergo</strong></span> <span class='ocrx_word' id='word_1_50' title='bbox 949 829 1067 869; x_wconf 93' lang='lat' dir='ltr'><strong>non</strong></span> <span class='ocrx_word' id='word_1_51' title='bbox 1125 817 1266 869; x_wconf 88' lang='lat' dir='ltr'><strong>sunt</strong></span> <span class='ocrx_word' id='word_1_52' title='bbox 1320 813 1524 870; x_wconf 82' lang='lat' dir='ltr'><strong>leviter</strong></span> <span class='ocrx_word' id='word_1_53' title='bbox 1582 812 1897 869; x_wconf 78' lang='lat' dir='ltr'><strong>accusandi</strong></span> 
     </span>
    </p>
   </div>
   <div class='ocr_carea' id='block_1_9' title="bbox 237 900 1893 974">
    <p class='ocr_par' dir='ltr' id='par_1_9' title="bbox 237 900 1893 974">
     <span class='ocr_line' id='line_1_9' title="bbox 237 900 1893 974; baseline -0.002 -13"><span class='ocrx_word' id='word_1_54' title='bbox 237 904 329 961; x_wconf 92' lang='lat' dir='ltr'><strong>vel</strong></span> <span class='ocrx_word' id='word_1_55' title='bbox 361 903 726 970; x_wconf 79' lang='lat' dir='ltr'><strong>detrahendi,</strong></span> <span class='ocrx_word' id='word_1_56' title='bbox 761 901 901 974; x_wconf 93' lang='lat' dir='ltr'><strong>quia</strong></span> <span class='ocrx_word' id='word_1_57' title='bbox 945 901 1165 974; x_wconf 83' lang='lat' dir='ltr'><strong>injuria</strong></span> <span class='ocrx_word' id='word_1_58' title='bbox 1219 918 1421 958; x_wconf 92' lang='lat' dir='ltr'><strong>eorum</strong></span> <span class='ocrx_word' id='word_1_59' title='bbox 1473 900 1655 972; x_wconf 87' lang='lat' dir='ltr'><strong>(Greg.</strong></span> <span class='ocrx_word' id='word_1_60' title='bbox 1713 903 1893 974; x_wconf 85' lang='lat' dir='ltr'><strong>Epist.</strong></span> 
     </span>
    </p>
   </div>
   <div class='ocr_carea' id='block_1_10' title="bbox 239 988 1892 1065">
    <p class='ocr_par' dir='ltr' id='par_1_10' title="bbox 239 988 1892 1065">
     <span class='ocr_line' id='line_1_10' title="bbox 239 988 1892 1065; baseline -0.003 -15"><span class='ocrx_word' id='word_1_61' title='bbox 239 996 331 1051; x_wconf 86' lang='lat'><strong>32.</strong></span> <span class='ocrx_word' id='word_1_62' title='bbox 365 995 461 1049; x_wconf 90' lang='lat' dir='ltr'><strong>lib.</strong></span> <span class='ocrx_word' id='word_1_63' title='bbox 494 992 597 1065; x_wconf 84' lang='lat' dir='ltr'><strong>xu)</strong></span> <span class='ocrx_word' id='word_1_64' title='bbox 630 992 701 1047; x_wconf 90' lang='lat' dir='ltr'><strong>ad</strong></span> <span class='ocrx_word' id='word_1_65' title='bbox 732 990 1027 1048; x_wconf 74' lang='lat' dir='ltr'><strong>Christum</strong></span> <span class='ocrx_word' id='word_1_66' title='bbox 1049 991 1323 1064; x_wconf 84' lang='lat' dir='ltr'><strong>pertinet,</strong></span> <span class='ocrx_word' id='word_1_67' title='bbox 1355 991 1526 1062; x_wconf 91' lang='lat' dir='ltr'><strong>cujus</strong></span> <span class='ocrx_word' id='word_1_68' title='bbox 1548 990 1671 1045; x_wconf 91' lang='lat' dir='ltr'><strong>vice</strong></span> <span class='ocrx_word' id='word_1_69' title='bbox 1700 993 1758 1045; x_wconf 92' lang='lat' dir='ltr'><strong>et</strong></span> <span class='ocrx_word' id='word_1_70' title='bbox 1812 988 1892 1045; x_wconf 91' lang='lat' dir='ltr'><strong>le-</strong></span> 
     </span>
    </p>
   </div>
   <div class='ocr_carea' id='block_1_11' title="bbox 242 1078 1890 1156">
    <p class='ocr_par' dir='ltr' id='par_1_11' title="bbox 242 1078 1890 1156">
     <span class='ocr_line' id='line_1_11' title="bbox 242 1078 1890 1156; baseline -0.003 -18"><span class='ocrx_word' id='word_1_71' title='bbox 242 1084 481 1156; x_wconf 88' lang='lat' dir='ltr'><strong>gatione</strong></span> <span class='ocrx_word' id='word_1_72' title='bbox 511 1082 841 1153; x_wconf 83' lang='lat' dir='ltr'><strong>funguntur</strong></span> <span class='ocrx_word' id='word_1_73' title='bbox 864 1080 925 1134; x_wconf 92' lang='lat' dir='ltr'><strong>in</strong></span> <span class='ocrx_word' id='word_1_74' title='bbox 957 1080 1234 1137; x_wconf 75' lang='lat' dir='ltr'><strong>Ecclesia.</strong></span> <span class='ocrx_word' id='word_1_75' title='bbox 1267 1078 1430 1135; x_wconf 90' lang='lat' dir='ltr'><strong>Unde</strong></span> <span class='ocrx_word' id='word_1_76' title='bbox 1461 1078 1631 1134; x_wconf 91' lang='lat' dir='ltr'><strong>nobis</strong></span> <span class='ocrx_word' id='word_1_77' title='bbox 1661 1082 1719 1133; x_wconf 91' lang='lat' dir='ltr'><strong>et</strong></span> <span class='ocrx_word' id='word_1_78' title='bbox 1767 1093 1890 1133; x_wconf 91' lang='lat' dir='ltr'><strong>om-</strong></span> 
     </span>
    </p>
   </div>
   <div class='ocr_carea' id='block_1_12' title="bbox 242 1165 1896 1242">
    <p class='ocr_par' dir='ltr' id='par_1_12' title="bbox 242 1165 1896 1242">
     <span class='ocr_line' id='line_1_12' title="bbox 242 1165 1896 1242; baseline -0.003 -16"><span class='ocrx_word' id='word_1_79' title='bbox 242 1172 419 1226; x_wconf 81' lang='lat' dir='ltr'><strong>nibus</strong></span> <span class='ocrx_word' id='word_1_80' title='bbox 449 1169 548 1242; x_wconf 87' lang='lat' dir='ltr'><strong>qui</strong></span> <span class='ocrx_word' id='word_1_81' title='bbox 580 1168 888 1225; x_wconf 93' lang='lat' dir='ltr'><strong>nobiscum</strong></span> <span class='ocrx_word' id='word_1_82' title='bbox 914 1172 1055 1225; x_wconf 91' lang='lat' dir='ltr'><strong>sunt</strong></span> <span class='ocrx_word' id='word_1_83' title='bbox 1083 1168 1143 1224; x_wconf 92' lang='lat' dir='ltr'><strong>in</strong></span> <span class='ocrx_word' id='word_1_84' title='bbox 1202 1170 1399 1224; x_wconf 90' lang='lat' dir='ltr'><strong>nostro</strong></span> <span class='ocrx_word' id='word_1_85' title='bbox 1451 1166 1680 1233; x_wconf 90' lang='lat' dir='ltr'><strong>solatio,</strong></span> <span class='ocrx_word' id='word_1_86' title='bbox 1741 1165 1896 1222; x_wconf 86' lang='lat' dir='ltr'><strong>sicut</strong></span> 
     </span>
    </p>
   </div>
   <div class='ocr_carea' id='block_1_13' title="bbox 238 1254 1895 1327">
    <p class='ocr_par' dir='ltr' id='par_1_13' title="bbox 238 1254 1895 1327">
     <span class='ocr_line' id='line_1_13' title="bbox 238 1254 1895 1327; baseline -0.004 -12"><span class='ocrx_word' id='word_1_87' title='bbox 238 1264 296 1315; x_wconf 90' lang='lat' dir='ltr'><strong>et</strong></span> <span class='ocrx_word' id='word_1_88' title='bbox 324 1258 467 1315; x_wconf 92' lang='lat' dir='ltr'><strong>olim</strong></span> <span class='ocrx_word' id='word_1_89' title='bbox 524 1258 741 1313; x_wconf 84' lang='lat' dir='ltr'><strong>factum</strong></span> <span class='ocrx_word' id='word_1_90' title='bbox 800 1257 1156 1322; x_wconf 81' lang='lat' dir='ltr'><strong>invenimus,</strong></span> <span class='ocrx_word' id='word_1_91' title='bbox 1215 1255 1496 1312; x_wconf 86' lang='lat' dir='ltr'><strong>constitui</strong></span> <span class='ocrx_word' id='word_1_92' title='bbox 1555 1254 1773 1327; x_wconf 88' lang='lat' dir='ltr'><strong>placuit</strong></span> <span class='ocrx_word' id='word_1_93' title='bbox 1828 1258 1895 1309; x_wconf 94' lang='lat' dir='ltr'><strong>ut</strong></span> 
     </span>
    </p>
   </div>
   <div class='ocr_carea' id='block_1_14' title="bbox 236 1342 1893 1417">
    <p class='ocr_par' dir='ltr' id='par_1_14' title="bbox 236 1342 1893 1417">
     <span class='ocr_line' id='line_1_14' title="bbox 236 1342 1893 1417; baseline -0.002 -14"><span class='ocrx_word' id='word_1_94' title='bbox 236 1347 681 1403; x_wconf 81' lang='lat' dir='ltr'><strong>criminationes</strong></span> <span class='ocrx_word' id='word_1_95' title='bbox 712 1346 1003 1417; x_wconf 88' lang='lat' dir='ltr'><strong>majorum</strong></span> <span class='ocrx_word' id='word_1_96' title='bbox 1036 1348 1179 1401; x_wconf 92' lang='lat' dir='ltr'><strong>natu</strong></span> <span class='ocrx_word' id='word_1_97' title='bbox 1220 1361 1323 1416; x_wconf 90' lang='lat' dir='ltr'><strong>per</strong></span> <span class='ocrx_word' id='word_1_98' title='bbox 1380 1343 1525 1399; x_wconf 89' lang='lat' dir='ltr'><strong>alios</strong></span> <span class='ocrx_word' id='word_1_99' title='bbox 1574 1360 1689 1399; x_wconf 94' lang='lat' dir='ltr'><strong>non</strong></span> <span class='ocrx_word' id='word_1_100' title='bbox 1748 1342 1893 1399; x_wconf 85' lang='lat' dir='ltr'><strong>ﬂant</strong></span> 
     </span>
    </p>
   </div>
   <div class='ocr_carea' id='block_1_15' title="bbox 236 1431 1893 1509">
    <p class='ocr_par' dir='ltr' id='par_1_15' title="bbox 236 1431 1893 1509">
     <span class='ocr_line' id='line_1_15' title="bbox 236 1431 1893 1509; baseline -0.003 -19"><span class='ocrx_word' id='word_1_101' title='bbox 236 1437 313 1509; x_wconf 87' lang='lat'><strong>(2.</strong></span> <span class='ocrx_word' id='word_1_102' title='bbox 351 1454 402 1508; x_wconf 93' lang='lat' dir='ltr'><strong>q.</strong></span> <span class='ocrx_word' id='word_1_103' title='bbox 443 1436 521 1507; x_wconf 89' lang='lat'><strong>7,)</strong></span> <span class='ocrx_word' id='word_1_104' title='bbox 580 1434 695 1491; x_wconf 91' lang='lat' dir='ltr'><strong>nisi</strong></span> <span class='ocrx_word' id='word_1_105' title='bbox 751 1450 853 1507; x_wconf 89' lang='lat' dir='ltr'><strong>per</strong></span> <span class='ocrx_word' id='word_1_106' title='bbox 912 1436 1071 1506; x_wconf 90' lang='lat' dir='ltr'><strong>ipsos</strong></span> <span class='ocrx_word' id='word_1_107' title='bbox 1120 1433 1221 1506; x_wconf 87' lang='lat' dir='ltr'><strong>qui</strong></span> <span class='ocrx_word' id='word_1_108' title='bbox 1273 1432 1522 1488; x_wconf 91' lang='lat' dir='ltr'><strong>crimina</strong></span> <span class='ocrx_word' id='word_1_109' title='bbox 1576 1431 1893 1487; x_wconf 88' lang='lat' dir='ltr'><strong>intendunt</strong></span> 
     </span>
    </p>
   </div>
   <div class='ocr_carea' id='block_1_16' title="bbox 235 1519 1888 1597">
    <p class='ocr_par' dir='ltr' id='par_1_16' title="bbox 235 1519 1888 1597">
     <span class='ocr_line' id='line_1_16' title="bbox 235 1519 1888 1597; baseline -0.005 -16"><span class='ocrx_word' id='word_1_110' title='bbox 235 1526 532 1597; x_wconf 78' lang='lat' dir='ltr'><strong>(Anianus,</strong></span> <span class='ocrx_word' id='word_1_111' title='bbox 555 1524 646 1593; x_wconf 87' lang='lat'><strong>25,</strong></span> <span class='ocrx_word' id='word_1_112' title='bbox 675 1526 762 1579; x_wconf 87' lang='lat' dir='ltr'><strong>tit.</strong></span> <span class='ocrx_word' id='word_1_113' title='bbox 797 1524 972 1579; x_wconf 77' lang='lat' dir='ltr'><strong>ilibri</strong></span> <span class='ocrx_word' id='word_1_114' title='bbox 1000 1539 1076 1591; x_wconf 79' lang='grc' dir='ltr'><strong>ιν,</strong></span> <span class='ocrx_word' id='word_1_115' title='bbox 1110 1521 1234 1578; x_wconf 83' lang='lat' dir='ltr'><strong>Cod.</strong></span> <span class='ocrx_word' id='word_1_116' title='bbox 1282 1521 1525 1593; x_wconf 83' lang='lat' dir='ltr'><strong>Theod.),</strong></span> <span class='ocrx_word' id='word_1_117' title='bbox 1583 1519 1634 1576; x_wconf 89' lang='lat' dir='ltr'><strong>si</strong></span> <span class='ocrx_word' id='word_1_118' title='bbox 1690 1524 1888 1575; x_wconf 90' lang='lat' dir='ltr'><strong>tamen</strong></span> 
     </span>
    </p>
   </div>
   <div class='ocr_carea' id='block_1_17' title="bbox 235 1606 1889 1688">
    <p class='ocr_par' dir='ltr' id='par_1_17' title="bbox 235 1606 1889 1688">
     <span class='ocr_line' id='line_1_17' title="bbox 235 1606 1889 1688; baseline -0.004 -18"><span class='ocrx_word' id='word_1_119' title='bbox 235 1615 353 1688; x_wconf 89' lang='lat' dir='ltr'><strong>ipsi</strong></span> <span class='ocrx_word' id='word_1_120' title='bbox 384 1613 546 1686; x_wconf 82' lang='lat' dir='ltr'><strong>digni</strong></span> <span class='ocrx_word' id='word_1_121' title='bbox 576 1616 635 1668; x_wconf 94' lang='lat' dir='ltr'><strong>et</strong></span> <span class='ocrx_word' id='word_1_122' title='bbox 654 1609 1200 1684; x_wconf 89' lang='lat' dir='ltr'><strong>irreprehensibiles</strong></span> <span class='ocrx_word' id='word_1_123' title='bbox 1221 1608 1620 1682; x_wconf 85' lang='lat' dir='ltr'><strong>apparuerint,</strong></span> <span class='ocrx_word' id='word_1_124' title='bbox 1650 1611 1707 1664; x_wconf 91' lang='lat' dir='ltr'><strong>et</strong></span> <span class='ocrx_word' id='word_1_125' title='bbox 1743 1606 1889 1663; x_wconf 86' lang='lat' dir='ltr'><strong>actis</strong></span> 
     </span>
    </p>
   </div>
   <div class='ocr_carea' id='block_1_18' title="bbox 236 1697 1887 1774">
    <p class='ocr_par' dir='ltr' id='par_1_18' title="bbox 236 1697 1887 1774">
     <span class='ocr_line' id='line_1_18' title="bbox 236 1697 1887 1774; baseline -0.005 -15"><span class='ocrx_word' id='word_1_126' title='bbox 236 1703 546 1759; x_wconf 89' lang='lat' dir='ltr'><strong>docuerint</strong></span> <span class='ocrx_word' id='word_1_127' title='bbox 577 1700 829 1774; x_wconf 89' lang='lat' dir='ltr'><strong>publicis</strong></span> <span class='ocrx_word' id='word_1_128' title='bbox 859 1700 1042 1769; x_wconf 84' lang='lat' dir='ltr'><strong>(Cone.</strong></span> <span class='ocrx_word' id='word_1_129' title='bbox 1065 1700 1266 1755; x_wconf 82' lang='lat' dir='ltr'><strong>Arelat.</strong></span> <span class='ocrx_word' id='word_1_130' title='bbox 1297 1715 1345 1754; x_wconf 90' lang='lat' dir='ltr'><strong>c.</strong></span> <span class='ocrx_word' id='word_1_131' title='bbox 1377 1698 1463 1769; x_wconf 77' lang='grc'>13)</span> <span class='ocrx_word' id='word_1_132' title='bbox 1496 1697 1657 1753; x_wconf 94' lang='lat' dir='ltr'><strong>omni</strong></span> <span class='ocrx_word' id='word_1_133' title='bbox 1688 1713 1750 1753; x_wconf 90' lang='lat' dir='ltr'><strong>se</strong></span> <span class='ocrx_word' id='word_1_134' title='bbox 1787 1713 1887 1752; x_wconf 90' lang='lat' dir='ltr'><strong>ca-</strong></span> 
     </span>
    </p>
   </div>
   <div class='ocr_carea' id='block_1_19' title="bbox 2007 549 3654 625">
    <p class='ocr_par' dir='ltr' id='par_1_19' title="bbox 2007 549 3654 625">
     <span class='ocr_line' id='line_1_19' title="bbox 2007 549 3654 625; baseline 0.007 -27"><span class='ocrx_word' id='word_1_135' title='bbox 2007 550 2141 602; x_wconf 89' lang='lat' dir='ltr'><strong>vent</strong></span> <span class='ocrx_word' id='word_1_136' title='bbox 2176 563 2246 602; x_wconf 87' lang='lat' dir='ltr'><strong>nu</strong></span> <span class='ocrx_word' id='word_1_137' title='bbox 2278 549 2630 620; x_wconf 89' lang='lat' dir='ltr'><strong>posteriores</strong></span> <span class='ocrx_word' id='word_1_138' title='bbox 2662 566 2723 605; x_wconf 91' lang='lat' dir='ltr'><strong>se</strong></span> <span class='ocrx_word' id='word_1_139' title='bbox 2782 552 3076 622; x_wconf 87' lang='lat' dir='ltr'><strong>prioribus</strong></span> <span class='ocrx_word' id='word_1_140' title='bbox 3125 554 3250 609; x_wconf 90' lang='lat' dir='ltr'><strong>suis</strong></span> <span class='ocrx_word' id='word_1_141' title='bbox 3308 554 3654 625; x_wconf 65' lang='lat' dir='ltr'><strong>praeferant;</strong></span> 
     </span>
    </p>
   </div>
   <div class='ocr_carea' id='block_1_20' title="bbox 2009 634 3656 713">
    <p class='ocr_par' dir='ltr' id='par_1_20' title="bbox 2009 634 3656 713">
     <span class='ocr_line' id='line_1_20' title="bbox 2009 634 3656 713; baseline 0.007 -24"><span class='ocrx_word' id='word_1_142' title='bbox 2009 650 2113 690; x_wconf 92' lang='lat' dir='ltr'><strong>nec</strong></span> <span class='ocrx_word' id='word_1_143' title='bbox 2142 634 2227 690; x_wconf 89' lang='lat' dir='ltr'><strong>eis</strong></span> <span class='ocrx_word' id='word_1_144' title='bbox 2258 636 2605 694; x_wconf 89' lang='lat' dir='ltr'><strong>inconsultis</strong></span> <span class='ocrx_word' id='word_1_145' title='bbox 2636 638 2871 711; x_wconf 83' lang='lat' dir='ltr'><strong>(Concil.</strong></span> <span class='ocrx_word' id='word_1_146' title='bbox 2903 642 3092 697; x_wconf 80' lang='lat' dir='ltr'><strong>Milev.</strong></span> <span class='ocrx_word' id='word_1_147' title='bbox 3126 658 3245 713; x_wconf 89' lang='lat' dir='ltr'><strong>cap.</strong></span> <span class='ocrx_word' id='word_1_148' title='bbox 3316 642 3417 709; x_wconf 78' lang='lat' dir='ltr'><strong>l3;</strong></span> <span class='ocrx_word' id='word_1_149' title='bbox 3479 642 3656 700; x_wconf 65' lang='lat' dir='ltr'><strong>Codex</strong></span> 
     </span>
    </p>
   </div>
   <div class='ocr_carea' id='block_1_21' title="bbox 2006 724 3654 803">
    <p class='ocr_par' dir='ltr' id='par_1_21' title="bbox 2006 724 3654 803">
     <span class='ocr_line' id='line_1_21' title="bbox 2006 724 3654 803; baseline 0.005 -24"><span class='ocrx_word' id='word_1_150' title='bbox 2006 724 2178 795; x_wconf 78' lang='lat' dir='ltr'><strong>Afric.</strong></span> <span class='ocrx_word' id='word_1_151' title='bbox 2210 742 2330 797; x_wconf 86' lang='lat' dir='ltr'><strong>cap.</strong></span> <span class='ocrx_word' id='word_1_152' title='bbox 2356 727 2469 799; x_wconf 88' lang='lat'><strong>86),</strong></span> <span class='ocrx_word' id='word_1_153' title='bbox 2499 727 2612 782; x_wconf 91' lang='lat' dir='ltr'><strong>nisi</strong></span> <span class='ocrx_word' id='word_1_154' title='bbox 2644 733 2931 800; x_wconf 90' lang='lat' dir='ltr'><strong>quantum</strong></span> <span class='ocrx_word' id='word_1_155' title='bbox 2960 731 3031 785; x_wconf 89' lang='lat' dir='ltr'><strong>ad</strong></span> <span class='ocrx_word' id='word_1_156' title='bbox 3066 730 3361 802; x_wconf 89' lang='lat' dir='ltr'><strong>propriam</strong></span> <span class='ocrx_word' id='word_1_157' title='bbox 3402 732 3654 803; x_wconf 87' lang='lat' dir='ltr'><strong>pertinet</strong></span> 
     </span>
    </p>
   </div>
   <div class='ocr_carea' id='block_1_22' title="bbox 2006 816 3649 890">
    <p class='ocr_par' dir='ltr' id='par_1_22' title="bbox 2006 816 3649 890">
     <span class='ocr_line' id='line_1_22' title="bbox 2006 816 3649 890; baseline 0.005 -21"><span class='ocrx_word' id='word_1_158' title='bbox 2006 816 2367 885; x_wconf 87' lang='lat' dir='ltr'><strong>parochiam,</strong></span> <span class='ocrx_word' id='word_1_159' title='bbox 2390 817 2610 889; x_wconf 90' lang='lat' dir='ltr'><strong>aliquid</strong></span> <span class='ocrx_word' id='word_1_160' title='bbox 2634 823 2812 890; x_wconf 81' lang='lat' dir='ltr'><strong>agant</strong></span> <span class='ocrx_word' id='word_1_161' title='bbox 2843 835 2855 875; x_wconf 92' lang='lat'><strong>:</strong></span> <span class='ocrx_word' id='word_1_162' title='bbox 2888 823 2989 876; x_wconf 90' lang='lat' dir='ltr'><strong>sed</strong></span> <span class='ocrx_word' id='word_1_163' title='bbox 3020 837 3224 877; x_wconf 87' lang='lat' dir='ltr'><strong>omnes</strong></span> <span class='ocrx_word' id='word_1_164' title='bbox 3272 822 3342 877; x_wconf 92' lang='lat' dir='ltr'><strong>de</strong></span> <span class='ocrx_word' id='word_1_165' title='bbox 3392 838 3649 877; x_wconf 92' lang='lat' dir='ltr'><strong>commu-</strong></span> 
     </span>
    </p>
   </div>
   <div class='ocr_carea' id='block_1_23' title="bbox 2005 902 3649 980">
    <p class='ocr_par' dir='ltr' id='par_1_23' title="bbox 2005 902 3649 980">
     <span class='ocr_line' id='line_1_23' title="bbox 2005 902 3649 980; baseline 0.004 -23"><span class='ocrx_word' id='word_1_166' title='bbox 2005 902 2181 958; x_wconf 90' lang='lat' dir='ltr'><strong>nibus</strong></span> <span class='ocrx_word' id='word_1_167' title='bbox 2213 919 2415 959; x_wconf 89' lang='lat' dir='ltr'><strong>eorum</strong></span> <span class='ocrx_word' id='word_1_168' title='bbox 2454 904 2650 960; x_wconf 87' lang='lat' dir='ltr'><strong>causis</strong></span> <span class='ocrx_word' id='word_1_169' title='bbox 2680 921 2998 961; x_wconf 89' lang='lat' dir='ltr'><strong>consonam</strong></span> <span class='ocrx_word' id='word_1_170' title='bbox 3044 907 3394 963; x_wconf 88' lang='lat' dir='ltr'><strong>sententiam</strong></span> <span class='ocrx_word' id='word_1_171' title='bbox 3460 907 3649 980; x_wconf 83' lang='lat' dir='ltr'><strong>profe-</strong></span> 
     </span>
    </p>
   </div>
   <div class='ocr_carea' id='block_1_24' title="bbox 2003 992 3651 1065">
    <p class='ocr_par' dir='ltr' id='par_1_24' title="bbox 2003 992 3651 1065">
     <span class='ocr_line' id='line_1_24' title="bbox 2003 992 3651 1065; baseline 0.004 -20"><span class='ocrx_word' id='word_1_172' title='bbox 2003 995 2137 1046; x_wconf 88' lang='lat' dir='ltr'><strong>rant</strong></span> <span class='ocrx_word' id='word_1_173' title='bbox 2165 996 2223 1046; x_wconf 90' lang='lat' dir='ltr'><strong>et</strong></span> <span class='ocrx_word' id='word_1_174' title='bbox 2252 992 2661 1060; x_wconf 87' lang='lat' dir='ltr'><strong>determinent,</strong></span> <span class='ocrx_word' id='word_1_175' title='bbox 2712 994 2989 1065; x_wconf 90' lang='lat' dir='ltr'><strong>quoniam</strong></span> <span class='ocrx_word' id='word_1_176' title='bbox 3049 993 3217 1051; x_wconf 90' lang='lat' dir='ltr'><strong>aliter</strong></span> <span class='ocrx_word' id='word_1_177' title='bbox 3272 1001 3401 1051; x_wconf 85' lang='lat' dir='ltr'><strong>acta</strong></span> <span class='ocrx_word' id='word_1_178' title='bbox 3458 995 3651 1053; x_wconf 91' lang='lat' dir='ltr'><strong>nullas</strong></span> 
     </span>
    </p>
   </div>
   <div class='ocr_carea' id='block_1_25' title="bbox 2000 1079 3653 1157">
    <p class='ocr_par' dir='ltr' id='par_1_25' title="bbox 2000 1079 3653 1157">
     <span class='ocr_line' id='line_1_25' title="bbox 2000 1079 3653 1157; baseline 0.004 -23"><span class='ocrx_word' id='word_1_179' title='bbox 2000 1079 2152 1135; x_wconf 88' lang='lat' dir='ltr'><strong>vires</strong></span> <span class='ocrx_word' id='word_1_180' title='bbox 2201 1080 2519 1147; x_wconf 84' lang='lat' dir='ltr'><strong>habebunt,</strong></span> <span class='ocrx_word' id='word_1_181' title='bbox 2579 1098 2683 1137; x_wconf 92' lang='lat' dir='ltr'><strong>nec</strong></span> <span class='ocrx_word' id='word_1_182' title='bbox 2739 1081 3135 1139; x_wconf 89' lang='lat' dir='ltr'><strong>ecclesiastica</strong></span> <span class='ocrx_word' id='word_1_183' title='bbox 3219 1085 3653 1157; x_wconf 88' lang='lat' dir='ltr'><strong>reputabuntur</strong></span> 
     </span>
    </p>
   </div>
   <div class='ocr_carea' id='block_1_26' title="bbox 2002 1166 3653 1241">
    <p class='ocr_par' dir='ltr' id='par_1_26' title="bbox 2002 1166 3653 1241">
     <span class='ocr_line' id='line_1_26' title="bbox 2002 1166 3653 1241; baseline 0.004 -19"><span class='ocrx_word' id='word_1_184' title='bbox 2002 1166 2191 1238; x_wconf 83' lang='lat' dir='ltr'><strong>(Hard.</strong></span> <span class='ocrx_word' id='word_1_185' title='bbox 2227 1170 2373 1225; x_wconf 86' lang='lat' dir='ltr'><strong>Coll.</strong></span> <span class='ocrx_word' id='word_1_186' title='bbox 2401 1186 2525 1238; x_wconf 90' lang='lat' dir='ltr'><strong>cap.</strong></span> <span class='ocrx_word' id='word_1_187' title='bbox 2548 1170 2625 1241; x_wconf 88' lang='lat'><strong>3).</strong></span> <span class='ocrx_word' id='word_1_188' title='bbox 2660 1171 2881 1226; x_wconf 92' lang='lat' dir='ltr'><strong>Bonum</strong></span> <span class='ocrx_word' id='word_1_189' title='bbox 2911 1176 3085 1239; x_wconf 89' lang='lat' dir='ltr'><strong>esset,</strong></span> <span class='ocrx_word' id='word_1_190' title='bbox 3115 1172 3351 1240; x_wconf 86' lang='lat' dir='ltr'><strong>fratres,</strong></span> <span class='ocrx_word' id='word_1_191' title='bbox 3382 1177 3439 1228; x_wconf 91' lang='lat' dir='ltr'><strong>et</strong></span> <span class='ocrx_word' id='word_1_192' title='bbox 3486 1173 3653 1230; x_wconf 89' lang='lat' dir='ltr'><strong>valde</strong></span> 
     </span>
    </p>
   </div>
   <div class='ocr_carea' id='block_1_27' title="bbox 2002 1256 3647 1330">
    <p class='ocr_par' dir='ltr' id='par_1_27' title="bbox 2002 1256 3647 1330">
     <span class='ocr_line' id='line_1_27' title="bbox 2002 1256 3647 1330; baseline 0.005 -20"><span class='ocrx_word' id='word_1_193' title='bbox 2002 1256 2186 1312; x_wconf 92' lang='lat' dir='ltr'><strong>Deum</strong></span> <span class='ocrx_word' id='word_1_194' title='bbox 2218 1256 2561 1314; x_wconf 87' lang='lat' dir='ltr'><strong>timentibus</strong></span> <span class='ocrx_word' id='word_1_195' title='bbox 2588 1262 2645 1314; x_wconf 91' lang='lat' dir='ltr'><strong>et</strong></span> <span class='ocrx_word' id='word_1_196' title='bbox 2675 1259 2768 1330; x_wconf 92' lang='lat' dir='ltr'><strong>pie</strong></span> <span class='ocrx_word' id='word_1_197' title='bbox 2794 1259 2986 1315; x_wconf 90' lang='lat' dir='ltr'><strong>vivere</strong></span> <span class='ocrx_word' id='word_1_198' title='bbox 3006 1260 3337 1316; x_wconf 89' lang='lat' dir='ltr'><strong>volentibus</strong></span> <span class='ocrx_word' id='word_1_199' title='bbox 3380 1278 3647 1318; x_wconf 85' lang='lat' dir='ltr'><strong>necessa-</strong></span> 
     </span>
    </p>
   </div>
   <div class='ocr_carea' id='block_1_28' title="bbox 2001 1344 3646 1417">
    <p class='ocr_par' dir='ltr' id='par_1_28' title="bbox 2001 1344 3646 1417">
     <span class='ocr_line' id='line_1_28' title="bbox 2001 1344 3646 1417; baseline 0.004 -17"><span class='ocrx_word' id='word_1_200' title='bbox 2001 1344 2175 1413; x_wconf 89' lang='lat' dir='ltr'><strong>rium,</strong></span> <span class='ocrx_word' id='word_1_201' title='bbox 2206 1346 2253 1401; x_wconf 93' lang='lat' dir='ltr'><strong>si</strong></span> <span class='ocrx_word' id='word_1_202' title='bbox 2284 1346 2441 1402; x_wconf 88' lang='lat' dir='ltr'><strong>intra</strong></span> <span class='ocrx_word' id='word_1_203' title='bbox 2468 1346 2815 1403; x_wconf 89' lang='lat' dir='ltr'><strong>catholicam</strong></span> <span class='ocrx_word' id='word_1_204' title='bbox 2846 1347 3163 1404; x_wconf 87' lang='lat' dir='ltr'><strong>Ecclesiam</strong></span> <span class='ocrx_word' id='word_1_205' title='bbox 3226 1348 3445 1406; x_wconf 81' lang='lat' dir='ltr'><strong>nullius</strong></span> <span class='ocrx_word' id='word_1_206' title='bbox 3486 1350 3646 1417; x_wconf 92' lang='lat' dir='ltr'><strong>mali,</strong></span> 
     </span>
    </p>
   </div>
   <div class='ocr_carea' id='block_1_29' title="bbox 2001 1434 3642 1510">
    <p class='ocr_par' dir='ltr' id='par_1_29' title="bbox 2001 1434 3642 1510">
     <span class='ocr_line' id='line_1_29' title="bbox 2001 1434 3642 1510; baseline 0.005 -22"><span class='ocrx_word' id='word_1_207' title='bbox 2001 1434 2507 1491; x_wconf 85' lang='lat' dir='ltr'><strong>autinfestationis</strong></span> <span class='ocrx_word' id='word_1_208' title='bbox 2536 1434 2807 1507; x_wconf 89' lang='lat' dir='ltr'><strong>alicujus,</strong></span> <span class='ocrx_word' id='word_1_209' title='bbox 2840 1453 2977 1510; x_wconf 90' lang='lat' dir='ltr'><strong>erga</strong></span> <span class='ocrx_word' id='word_1_210' title='bbox 3004 1436 3236 1493; x_wconf 92' lang='lat' dir='ltr'><strong>Domini</strong></span> <span class='ocrx_word' id='word_1_211' title='bbox 3288 1440 3642 1507; x_wconf 89' lang='lat' dir='ltr'><strong>sacerdotes,</strong></span> 
     </span>
    </p>
   </div>
   <div class='ocr_carea' id='block_1_30' title="bbox 2000 1523 3640 1600">
    <p class='ocr_par' dir='ltr' id='par_1_30' title="bbox 2000 1523 3640 1600">
     <span class='ocr_line' id='line_1_30' title="bbox 2000 1523 3640 1600; baseline 0.005 -23"><span class='ocrx_word' id='word_1_212' title='bbox 2000 1527 2102 1578; x_wconf 89' lang='lat' dir='ltr'><strong>aut</strong></span> <span class='ocrx_word' id='word_1_213' title='bbox 2125 1524 2287 1593; x_wconf 88' lang='lat' dir='ltr'><strong>juste</strong></span> <span class='ocrx_word' id='word_1_214' title='bbox 2312 1527 2371 1579; x_wconf 89' lang='lat' dir='ltr'><strong>et</strong></span> <span class='ocrx_word' id='word_1_215' title='bbox 2400 1523 2491 1595; x_wconf 91' lang='lat' dir='ltr'><strong>pie</strong></span> <span class='ocrx_word' id='word_1_216' title='bbox 2521 1523 2778 1581; x_wconf 91' lang='lat' dir='ltr'><strong>volentes</strong></span> <span class='ocrx_word' id='word_1_217' title='bbox 2797 1524 3003 1593; x_wconf 84' lang='lat' dir='ltr'><strong>vivere,</strong></span> <span class='ocrx_word' id='word_1_218' title='bbox 3027 1541 3264 1598; x_wconf 81' lang='lat' dir='ltr'><strong>germen</strong></span> <span class='ocrx_word' id='word_1_219' title='bbox 3286 1534 3640 1600; x_wconf 82' lang='lat' dir='ltr'><strong>exsurgeret,</strong></span> 
     </span>
    </p>
   </div>
   <div class='ocr_carea' id='block_1_31' title="bbox 1998 1610 3643 1685">
    <p class='ocr_par' dir='ltr' id='par_1_31' title="bbox 1998 1610 3643 1685">
     <span class='ocr_line' id='line_1_31' title="bbox 1998 1610 3643 1685; baseline 0.004 -18"><span class='ocrx_word' id='word_1_220' title='bbox 1998 1611 2109 1667; x_wconf 91' lang='lat' dir='ltr'><strong>Sed</strong></span> <span class='ocrx_word' id='word_1_221' title='bbox 2143 1610 2301 1682; x_wconf 88' lang='lat' dir='ltr'><strong>quia,</strong></span> <span class='ocrx_word' id='word_1_222' title='bbox 2340 1612 2687 1683; x_wconf 63' lang='lat' dir='ltr'><strong>praevalente</strong></span> <span class='ocrx_word' id='word_1_223' title='bbox 2733 1612 2971 1683; x_wconf 90' lang='lat' dir='ltr'><strong>invidia,</strong></span> <span class='ocrx_word' id='word_1_224' title='bbox 3030 1615 3186 1685; x_wconf 91' lang='lat' dir='ltr'><strong>quod</strong></span> <span class='ocrx_word' id='word_1_225' title='bbox 3244 1616 3497 1672; x_wconf 89' lang='lat' dir='ltr'><strong>deterius</strong></span> <span class='ocrx_word' id='word_1_226' title='bbox 3554 1623 3643 1673; x_wconf 90' lang='lat' dir='ltr'><strong>est</strong></span> 
     </span>
    </p>
   </div>
   <div class='ocr_carea' id='block_1_32' title="bbox 1998 1699 3642 1776">
    <p class='ocr_par' dir='ltr' id='par_1_32' title="bbox 1998 1699 3642 1776">
     <span class='ocr_line' id='line_1_32' title="bbox 1998 1699 3642 1776; baseline 0.004 -21"><span class='ocrx_word' id='word_1_227' title='bbox 1998 1699 2186 1772; x_wconf 87' lang='lat' dir='ltr'><strong>surgit</strong></span> <span class='ocrx_word' id='word_1_228' title='bbox 2214 1704 2271 1756; x_wconf 90' lang='lat' dir='ltr'><strong>et</strong></span> <span class='ocrx_word' id='word_1_229' title='bbox 2290 1700 2517 1772; x_wconf 86' lang='lat' dir='ltr'><strong>crescit,</strong></span> <span class='ocrx_word' id='word_1_230' title='bbox 2546 1705 2720 1772; x_wconf 89' lang='lat' dir='ltr'><strong>atque</strong></span> <span class='ocrx_word' id='word_1_231' title='bbox 2748 1700 2926 1757; x_wconf 90' lang='lat' dir='ltr'><strong>nimis</strong></span> <span class='ocrx_word' id='word_1_232' title='bbox 2956 1717 3019 1757; x_wconf 90' lang='lat' dir='ltr'><strong>se</strong></span> <span class='ocrx_word' id='word_1_233' title='bbox 3066 1702 3127 1758; x_wconf 92' lang='lat' dir='ltr'><strong>in</strong></span> <span class='ocrx_word' id='word_1_234' title='bbox 3186 1719 3389 1760; x_wconf 90' lang='lat' dir='ltr'><strong>omnes</strong></span> <span class='ocrx_word' id='word_1_235' title='bbox 3447 1710 3642 1776; x_wconf 90' lang='lat' dir='ltr'><strong>partes</strong></span> 
     </span>
    </p>
   </div>
   <div class='ocr_carea' id='block_1_33' title="bbox 238 1785 3641 1882">
    <p class='ocr_par' dir='ltr' id='par_1_33' title="bbox 238 1785 3641 1882">
     <span class='ocr_line' id='line_1_33' title="bbox 238 1785 3641 1882; baseline 0 -34"><span class='ocrx_word' id='word_1_236' title='bbox 238 1810 365 1848; x_wconf 89' lang='lat' dir='ltr'><strong>rere</strong></span> <span class='ocrx_word' id='word_1_237' title='bbox 396 1792 729 1864; x_wconf 87' lang='lat' dir='ltr'><strong>suspicione</strong></span> <span class='ocrx_word' id='word_1_238' title='bbox 767 1794 942 1862; x_wconf 91' lang='lat' dir='ltr'><strong>atque</strong></span> <span class='ocrx_word' id='word_1_239' title='bbox 970 1788 1299 1854; x_wconf 86' lang='lat' dir='ltr'><strong>inimicitia,</strong></span> <span class='ocrx_word' id='word_1_240' title='bbox 1326 1793 1384 1843; x_wconf 90' lang='lat' dir='ltr'><strong>et</strong></span> <span class='ocrx_word' id='word_1_241' title='bbox 1404 1785 1885 1882; x_wconf 65' lang='lat' dir='ltr'><strong>irreprehensibi-</strong></span> <span class='ocrx_word' id='word_1_242' title='bbox 1919 1816 1968 1882; x_wconf 83' lang='lat' dir='ltr'><strong>B</strong></span> <span class='ocrx_word' id='word_1_243' title='bbox 1997 1788 2273 1854; x_wconf 77' lang='lat' dir='ltr'><strong>extendit,</strong></span> <span class='ocrx_word' id='word_1_244' title='bbox 2305 1788 2519 1845; x_wconf 91' lang='lat' dir='ltr'><strong>idcirco</strong></span> <span class='ocrx_word' id='word_1_245' title='bbox 2550 1804 2788 1846; x_wconf 89' lang='lat' dir='ltr'><strong>necesse</strong></span> <span class='ocrx_word' id='word_1_246' title='bbox 2818 1794 2907 1845; x_wconf 90' lang='lat' dir='ltr'><strong>est</strong></span> <span class='ocrx_word' id='word_1_247' title='bbox 2935 1789 3079 1846; x_wconf 90' lang='lat' dir='ltr'><strong>illud</strong></span> <span class='ocrx_word' id='word_1_248' title='bbox 3136 1791 3527 1851; x_wconf 85' lang='lat' dir='ltr'><strong>ecclesiastico</strong></span> <span class='ocrx_word' id='word_1_249' title='bbox 3585 1800 3641 1850; x_wconf 92' lang='lat' dir='ltr'><strong>et</strong></span> 
     </span>
    </p>
   </div>
   <div class='ocr_carea' id='block_1_34' title="bbox 235 1874 1885 1948">
    <p class='ocr_par' dir='ltr' id='par_1_34' title="bbox 235 1874 1885 1948">
     <span class='ocr_line' id='line_1_34' title="bbox 235 1874 1885 1948; baseline -0.003 -12"><span class='ocrx_word' id='word_1_250' title='bbox 235 1881 354 1937; x_wconf 89' lang='lat' dir='ltr'><strong>lem</strong></span> <span class='ocrx_word' id='word_1_251' title='bbox 396 1881 569 1935; x_wconf 82' lang='lat' dir='ltr'><strong>ﬁdem</strong></span> <span class='ocrx_word' id='word_1_252' title='bbox 601 1897 667 1936; x_wconf 93' lang='lat' dir='ltr'><strong>ac</strong></span> <span class='ocrx_word' id='word_1_253' title='bbox 698 1878 1193 1935; x_wconf 89' lang='lat' dir='ltr'><strong>conversationem</strong></span> <span class='ocrx_word' id='word_1_254' title='bbox 1224 1877 1460 1947; x_wconf 73' lang='lat' dir='ltr'><strong>{ducere</strong></span> <span class='ocrx_word' id='word_1_255' title='bbox 1509 1876 1696 1948; x_wconf 86' lang='lat' dir='ltr'><strong>(Hard.</strong></span> <span class='ocrx_word' id='word_1_256' title='bbox 1749 1874 1885 1931; x_wconf 84' lang='lat' dir='ltr'><strong>Coll.</strong></span> 
     </span>
    </p>
   </div>
   <div class='ocr_carea' id='block_1_35' title="bbox 236 1964 1886 2041">
    <p class='ocr_par' dir='ltr' id='par_1_35' title="bbox 236 1964 1886 2041">
     <span class='ocr_line' id='line_1_35' title="bbox 236 1964 1886 2041; baseline -0.003 -17"><span class='ocrx_word' id='word_1_257' title='bbox 236 1986 359 2040; x_wconf 87' lang='lat' dir='ltr'><strong>cap.</strong></span> <span class='ocrx_word' id='word_1_258' title='bbox 390 1970 468 2041; x_wconf 90' lang='lat'><strong>9).</strong></span> <span class='ocrx_word' id='word_1_259' title='bbox 493 1968 655 2024; x_wconf 91' lang='lat' dir='ltr'><strong>Unde</strong></span> <span class='ocrx_word' id='word_1_260' title='bbox 677 1967 895 2040; x_wconf 89' lang='lat' dir='ltr'><strong>placuit</strong></span> <span class='ocrx_word' id='word_1_261' title='bbox 925 1971 989 2023; x_wconf 92' lang='lat' dir='ltr'><strong>ut</strong></span> <span class='ocrx_word' id='word_1_262' title='bbox 1018 1983 1052 2022; x_wconf 87' lang='lat' dir='ltr'><strong>a</strong></span> <span class='ocrx_word' id='word_1_263' title='bbox 1082 1965 1533 2038; x_wconf 90' lang='lat' dir='ltr'><strong>quibuscunque</strong></span> <span class='ocrx_word' id='word_1_264' title='bbox 1580 1964 1886 2035; x_wconf 90' lang='lat' dir='ltr'><strong>judicibus</strong></span> 
     </span>
    </p>
   </div>
   <div class='ocr_carea' id='block_1_36' title="bbox 238 2053 1884 2127">
    <p class='ocr_par' dir='ltr' id='par_1_36' title="bbox 238 2053 1884 2127">
     <span class='ocr_line' id='line_1_36' title="bbox 238 2053 1884 2127; baseline -0.001 -15"><span class='ocrx_word' id='word_1_265' title='bbox 238 2058 655 2113; x_wconf 89' lang='lat' dir='ltr'><strong>ecclesiasticis</strong></span> <span class='ocrx_word' id='word_1_266' title='bbox 688 2056 871 2127; x_wconf 86' lang='lat' dir='ltr'><strong>(Cone.</strong></span> <span class='ocrx_word' id='word_1_267' title='bbox 900 2055 1161 2125; x_wconf 84' lang='lat' dir='ltr'><strong>Carthag.</strong></span> <span class='ocrx_word' id='word_1_268' title='bbox 1194 2071 1279 2125; x_wconf 79' lang='lat' dir='ltr'><strong>Ill,</strong></span> <span class='ocrx_word' id='word_1_269' title='bbox 1310 2070 1434 2125; x_wconf 85' lang='lat' dir='ltr'><strong>cap.</strong></span> <span class='ocrx_word' id='word_1_270' title='bbox 1464 2054 1551 2125; x_wconf 91' lang='grc'><strong>10)</strong></span> <span class='ocrx_word' id='word_1_271' title='bbox 1608 2054 1679 2109; x_wconf 90' lang='lat' dir='ltr'><strong>ad</strong></span> <span class='ocrx_word' id='word_1_272' title='bbox 1738 2053 1884 2110; x_wconf 91' lang='lat' dir='ltr'><strong>alios</strong></span> 
     </span>
    </p>
   </div>
   <div class='ocr_carea' id='block_1_37' title="bbox 224 2142 1883 2218">
    <p class='ocr_par' dir='ltr' id='par_1_37' title="bbox 224 2142 1883 2218">
     <span class='ocr_line' id='line_1_37' title="bbox 224 2142 1883 2218; baseline -0.002 -17"><span class='ocrx_word' id='word_1_273' title='bbox 224 2147 463 2218; x_wconf 87' lang='lat' dir='ltr'><strong>judices</strong></span> <span class='ocrx_word' id='word_1_274' title='bbox 492 2145 935 2215; x_wconf 80' lang='lat' dir='ltr'><strong>ecclesiasticos,</strong></span> <span class='ocrx_word' id='word_1_275' title='bbox 968 2144 1069 2200; x_wconf 92' lang='lat' dir='ltr'><strong>ubi</strong></span> <span class='ocrx_word' id='word_1_276' title='bbox 1091 2152 1177 2200; x_wconf 78' lang='lat' dir='ltr'><strong>est</strong></span> <span class='ocrx_word' id='word_1_277' title='bbox 1207 2144 1391 2214; x_wconf 85' lang='lat' dir='ltr'><strong>major</strong></span> <span class='ocrx_word' id='word_1_278' title='bbox 1439 2143 1778 2210; x_wconf 85' lang='lat' dir='ltr'><strong>auctoritas,</strong></span> <span class='ocrx_word' id='word_1_279' title='bbox 1833 2142 1883 2198; x_wconf 91' lang='lat' dir='ltr'><strong>si</strong></span> 
     </span>
    </p>
   </div>
   <div class='ocr_carea' id='block_1_38' title="bbox 229 2232 1603 2305">
    <p class='ocr_par' dir='ltr' id='par_1_38' title="bbox 229 2232 1603 2305">
     <span class='ocr_line' id='line_1_38' title="bbox 229 2232 1603 2305; baseline -0.003 -16"><span class='ocrx_word' id='word_1_280' title='bbox 229 2235 409 2290; x_wconf 84' lang='lat' dir='ltr'><strong>fuerit</strong></span> <span class='ocrx_word' id='word_1_281' title='bbox 438 2238 833 2305; x_wconf 89' lang='lat' dir='ltr'><strong>provocatum,</strong></span> <span class='ocrx_word' id='word_1_282' title='bbox 866 2232 1165 2288; x_wconf 87' lang='lat' dir='ltr'><strong>audientia</strong></span> <span class='ocrx_word' id='word_1_283' title='bbox 1196 2248 1309 2287; x_wconf 91' lang='lat' dir='ltr'><strong>non</strong></span> <span class='ocrx_word' id='word_1_284' title='bbox 1341 2235 1603 2304; x_wconf 89' lang='lat' dir='ltr'><strong>negetur.</strong></span> 
     </span>
    </p>
   </div>
   <div class='ocr_carea' id='block_1_39' title="bbox 303 2320 1883 2393">
    <p class='ocr_par' dir='ltr' id='par_1_39' title="bbox 303 2320 1883 2393">
     <span class='ocr_line' id='line_1_39' title="bbox 303 2320 1883 2393; baseline -0.001 -17"><span class='ocrx_word' id='word_1_285' title='bbox 303 2324 404 2380; x_wconf 90' lang='lat' dir='ltr'><strong>IlI.</strong></span> <span class='ocrx_word' id='word_1_286' title='bbox 460 2324 600 2378; x_wconf 87' lang='lat' dir='ltr'><strong>Item</strong></span> <span class='ocrx_word' id='word_1_287' title='bbox 654 2322 1071 2378; x_wconf 88' lang='lat' dir='ltr'><strong>constituimus</strong></span> <span class='ocrx_word' id='word_1_288' title='bbox 1120 2322 1197 2393; x_wconf 89' lang='lat'><strong>(2,</strong></span> <span class='ocrx_word' id='word_1_289' title='bbox 1249 2338 1301 2392; x_wconf 91' lang='lat' dir='ltr'><strong>q.</strong></span> <span class='ocrx_word' id='word_1_290' title='bbox 1351 2320 1424 2388; x_wconf 89' lang='lat'><strong>3;</strong></span> <span class='ocrx_word' id='word_1_291' title='bbox 1468 2320 1659 2376; x_wconf 89' lang='lat' dir='ltr'><strong>nullus</strong></span> <span class='ocrx_word' id='word_1_292' title='bbox 1699 2327 1883 2375; x_wconf 85' lang='lat' dir='ltr'><strong>autem</strong></span> 
     </span>
    </p>
   </div>
   <div class='ocr_carea' id='block_1_40' title="bbox 215 2409 1881 2484">
    <p class='ocr_par' dir='ltr' id='par_1_40' title="bbox 215 2409 1881 2484">
     <span class='ocr_line' id='line_1_40' title="bbox 215 2409 1881 2484; baseline -0.002 -17"><span class='ocrx_word' id='word_1_293' title='bbox 215 2414 436 2484; x_wconf 90' lang='lat' dir='ltr'><strong>primas</strong></span> <span class='ocrx_word' id='word_1_294' title='bbox 456 2414 555 2467; x_wconf 90' lang='lat' dir='ltr'><strong>sub</strong></span> <span class='ocrx_word' id='word_1_295' title='bbox 585 2414 810 2466; x_wconf 80' lang='lat' dir='ltr'><strong>nomine</strong></span> <span class='ocrx_word' id='word_1_296' title='bbox 832 2409 1047 2466; x_wconf 77' lang='lat' dir='ltr'><strong>Callisti</strong></span> <span class='ocrx_word' id='word_1_297' title='bbox 1076 2411 1306 2481; x_wconf 78' lang='lat' dir='ltr'><strong>ponitur</strong></span> <span class='ocrx_word' id='word_1_298' title='bbox 1351 2410 1474 2478; x_wconf 92' lang='lat' dir='ltr'><strong>ibi),</strong></span> <span class='ocrx_word' id='word_1_299' title='bbox 1524 2409 1679 2465; x_wconf 89' lang='lat' dir='ltr'><strong>sicut</strong></span> <span class='ocrx_word' id='word_1_300' title='bbox 1733 2413 1789 2464; x_wconf 89' lang='lat' dir='ltr'><strong>et</strong></span> <span class='ocrx_word' id='word_1_301' title='bbox 1847 2425 1881 2464; x_wconf 90' lang='lat' dir='ltr'><strong>a</strong></span> 
     </span>
    </p>
   </div>
   <div class='ocr_carea' id='block_1_41' title="bbox 221 2498 1878 2572">
    <p class='ocr_par' dir='ltr' id='par_1_41' title="bbox 221 2498 1878 2572">
     <span class='ocr_line' id='line_1_41' title="bbox 221 2498 1878 2572; baseline -0.002 -16"><span class='ocrx_word' id='word_1_302' title='bbox 221 2500 447 2556; x_wconf 87' lang='lat' dir='ltr'><strong>sanctis</strong></span> <span class='ocrx_word' id='word_1_303' title='bbox 467 2500 759 2572; x_wconf 80' lang='lat' dir='ltr'><strong>Apostolis</strong></span> <span class='ocrx_word' id='word_1_304' title='bbox 780 2515 1099 2571; x_wconf 89' lang='lat' dir='ltr'><strong>eorumque</strong></span> <span class='ocrx_word' id='word_1_305' title='bbox 1120 2498 1561 2555; x_wconf 90' lang='lat' dir='ltr'><strong>successoribus</strong></span> <span class='ocrx_word' id='word_1_306' title='bbox 1581 2499 1878 2554; x_wconf 88' lang='lat' dir='ltr'><strong>decretum</strong></span> 
     </span>
    </p>
   </div>
   <div class='ocr_carea' id='block_1_42' title="bbox 222 2586 1877 2661">
    <p class='ocr_par' dir='ltr' id='par_1_42' title="bbox 222 2586 1877 2661">
     <span class='ocr_line' id='line_1_42' title="bbox 222 2586 1877 2661; baseline -0.002 -18"><span class='ocrx_word' id='word_1_307' title='bbox 222 2589 578 2661; x_wconf 87' lang='lat' dir='ltr'><strong>reperimus,</strong></span> <span class='ocrx_word' id='word_1_308' title='bbox 612 2588 661 2644; x_wconf 90' lang='lat' dir='ltr'><strong>si</strong></span> <span class='ocrx_word' id='word_1_309' title='bbox 684 2588 817 2659; x_wconf 90' lang='lat' dir='ltr'><strong>quis</strong></span> <span class='ocrx_word' id='word_1_310' title='bbox 850 2586 1331 2659; x_wconf 83' lang='lat' dir='ltr'><strong>metropolitanus</strong></span> <span class='ocrx_word' id='word_1_311' title='bbox 1383 2586 1714 2658; x_wconf 90' lang='lat' dir='ltr'><strong>episcopus,</strong></span> <span class='ocrx_word' id='word_1_312' title='bbox 1765 2586 1877 2641; x_wconf 91' lang='lat' dir='ltr'><strong>nisi</strong></span> 
     </span>
    </p>
   </div>
   <div class='ocr_carea' id='block_1_43' title="bbox 221 2674 1875 2749">
    <p class='ocr_par' dir='ltr' id='par_1_43' title="bbox 221 2674 1875 2749">
     <span class='ocr_line' id='line_1_43' title="bbox 221 2674 1875 2749; baseline -0.001 -18"><span class='ocrx_word' id='word_1_313' title='bbox 221 2677 381 2749; x_wconf 90' lang='lat' dir='ltr'><strong>quod</strong></span> <span class='ocrx_word' id='word_1_314' title='bbox 417 2675 786 2732; x_wconf 90' lang='lat' dir='ltr'><strong>solummodo</strong></span> <span class='ocrx_word' id='word_1_315' title='bbox 818 2676 889 2731; x_wconf 92' lang='lat' dir='ltr'><strong>ad</strong></span> <span class='ocrx_word' id='word_1_316' title='bbox 915 2675 1211 2748; x_wconf 89' lang='lat' dir='ltr'><strong>propriam</strong></span> <span class='ocrx_word' id='word_1_317' title='bbox 1235 2674 1486 2746; x_wconf 87' lang='lat' dir='ltr'><strong>pertinet</strong></span> <span class='ocrx_word' id='word_1_318' title='bbox 1516 2675 1875 2746; x_wconf 88' lang='lat' dir='ltr'><strong>parochiam,</strong></span> 
     </span>
    </p>
   </div>
   <div class='ocr_carea' id='block_1_44' title="bbox 220 2763 1875 2833">
    <p class='ocr_par' dir='ltr' id='par_1_44' title="bbox 220 2763 1875 2833">
     <span class='ocr_line' id='line_1_44' title="bbox 220 2763 1875 2833; baseline -0.002 -13"><span class='ocrx_word' id='word_1_319' title='bbox 220 2765 354 2820; x_wconf 74' lang='lat' dir='ltr'><strong>sine</strong></span> <span class='ocrx_word' id='word_1_320' title='bbox 382 2765 624 2821; x_wconf 90' lang='lat' dir='ltr'><strong>consilio</strong></span> <span class='ocrx_word' id='word_1_321' title='bbox 663 2770 721 2821; x_wconf 92' lang='lat' dir='ltr'><strong>et</strong></span> <span class='ocrx_word' id='word_1_322' title='bbox 766 2764 1061 2820; x_wconf 86' lang='lat' dir='ltr'><strong>voluntate</strong></span> <span class='ocrx_word' id='word_1_323' title='bbox 1098 2765 1362 2819; x_wconf 89' lang='lat' dir='ltr'><strong>omnium</strong></span> <span class='ocrx_word' id='word_1_324' title='bbox 1420 2763 1875 2833; x_wconf 87' lang='lat' dir='ltr'><strong>comprovincia-</strong></span> 
     </span>
    </p>
   </div>
   <div class='ocr_carea' id='block_1_45' title="bbox 218 2851 1883 2926">
    <p class='ocr_par' dir='ltr' id='par_1_45' title="bbox 218 2851 1883 2926">
     <span class='ocr_line' id='line_1_45' title="bbox 218 2851 1883 2926; baseline -0.001 -17"><span class='ocrx_word' id='word_1_325' title='bbox 218 2854 371 2909; x_wconf 91' lang='lat' dir='ltr'><strong>lium</strong></span> <span class='ocrx_word' id='word_1_326' title='bbox 402 2854 808 2926; x_wconf 87' lang='lat' dir='ltr'><strong>episcoporum</strong></span> <span class='ocrx_word' id='word_1_327' title='bbox 844 2851 1181 2921; x_wconf 86' lang='lat' dir='ltr'><strong>(Hard.coll.</strong></span> <span class='ocrx_word' id='word_1_328' title='bbox 1209 2869 1259 2907; x_wconf 91' lang='lat' dir='ltr'><strong>c.</strong></span> <span class='ocrx_word' id='word_1_329' title='bbox 1294 2853 1401 2918; x_wconf 85' lang='grc'><strong>46),</strong></span> <span class='ocrx_word' id='word_1_330' title='bbox 1439 2856 1601 2906; x_wconf 83' lang='lat' dir='ltr'><strong>extra</strong></span> <span class='ocrx_word' id='word_1_331' title='bbox 1655 2851 1883 2922; x_wconf 83' lang='lat' dir='ltr'><strong>aliquid</strong></span> 
     </span>
    </p>
   </div>
   <div class='ocr_carea' id='block_1_46' title="bbox 218 2939 1876 3015">
    <p class='ocr_par' dir='ltr' id='par_1_46' title="bbox 218 2939 1876 3015">
     <span class='ocr_line' id='line_1_46' title="bbox 218 2939 1876 3015; baseline -0.001 -17"><span class='ocrx_word' id='word_1_332' title='bbox 218 2959 396 3015; x_wconf 86' lang='lat' dir='ltr'><strong>agere</strong></span> <span class='ocrx_word' id='word_1_333' title='bbox 426 2943 752 3007; x_wconf 87' lang='lat' dir='ltr'><strong>tentaverit,</strong></span> <span class='ocrx_word' id='word_1_334' title='bbox 773 2942 991 3014; x_wconf 79' lang='lat' dir='ltr'><strong>gradus</strong></span> <span class='ocrx_word' id='word_1_335' title='bbox 1012 2942 1104 2997; x_wconf 91' lang='lat' dir='ltr'><strong>sui</strong></span> <span class='ocrx_word' id='word_1_336' title='bbox 1138 2939 1392 3014; x_wconf 90' lang='lat' dir='ltr'><strong>periculo</strong></span> <span class='ocrx_word' id='word_1_337' title='bbox 1422 2940 1786 3011; x_wconf 78' lang='lat' dir='ltr'><strong>subjacebit;</strong></span> <span class='ocrx_word' id='word_1_338' title='bbox 1819 2946 1876 2997; x_wconf 90' lang='lat' dir='ltr'><strong>et</strong></span> 
     </span>
    </p>
   </div>
   <div class='ocr_carea' id='block_1_47' title="bbox 219 3029 1874 3104">
    <p class='ocr_par' dir='ltr' id='par_1_47' title="bbox 219 3029 1874 3104">
     <span class='ocr_line' id='line_1_47' title="bbox 219 3029 1874 3104; baseline -0.001 -17"><span class='ocrx_word' id='word_1_339' title='bbox 219 3032 381 3104; x_wconf 89' lang='lat' dir='ltr'><strong>quod</strong></span> <span class='ocrx_word' id='word_1_340' title='bbox 413 3031 596 3103; x_wconf 88' lang='lat' dir='ltr'><strong>egerit</strong></span> <span class='ocrx_word' id='word_1_341' title='bbox 626 3030 858 3086; x_wconf 80' lang='lat' dir='ltr'><strong>irritum</strong></span> <span class='ocrx_word' id='word_1_342' title='bbox 890 3031 1174 3086; x_wconf 86' lang='lat' dir='ltr'><strong>habeatur</strong></span> <span class='ocrx_word' id='word_1_343' title='bbox 1201 3034 1257 3085; x_wconf 91' lang='lat' dir='ltr'><strong>et</strong></span> <span class='ocrx_word' id='word_1_344' title='bbox 1273 3046 1543 3085; x_wconf 90' lang='lat' dir='ltr'><strong>vacuum.</strong></span> <span class='ocrx_word' id='word_1_345' title='bbox 1575 3029 1684 3084; x_wconf 88' lang='lat' dir='ltr'><strong>Sed</strong></span> <span class='ocrx_word' id='word_1_346' title='bbox 1706 3029 1874 3101; x_wconf 91' lang='lat' dir='ltr'><strong>quid-</strong></span> 
     </span>
    </p>
   </div>
   <div class='ocr_carea' id='block_1_48' title="bbox 214 3118 1871 3192">
    <p class='ocr_par' dir='ltr' id='par_1_48' title="bbox 214 3118 1871 3192">
     <span class='ocr_line' id='line_1_48' title="bbox 214 3118 1871 3192; baseline -0.001 -17"><span class='ocrx_word' id='word_1_347' title='bbox 214 3119 361 3192; x_wconf 89' lang='lat' dir='ltr'><strong>quid</strong></span> <span class='ocrx_word' id='word_1_348' title='bbox 394 3120 462 3175; x_wconf 91' lang='lat' dir='ltr'><strong>de</strong></span> <span class='ocrx_word' id='word_1_349' title='bbox 488 3118 1063 3192; x_wconf 88' lang='lat' dir='ltr'><strong>comprovincialium</strong></span> <span class='ocrx_word' id='word_1_350' title='bbox 1122 3118 1598 3190; x_wconf 89' lang='lat' dir='ltr'><strong>coepiscoporum</strong></span> <span class='ocrx_word' id='word_1_351' title='bbox 1656 3118 1871 3185; x_wconf 90' lang='lat' dir='ltr'><strong>causis,</strong></span> 
     </span>
    </p>
   </div>
   <div class='ocr_carea' id='block_1_49' title="bbox 1996 1876 3641 1949">
    <p class='ocr_par' dir='ltr' id='par_1_49' title="bbox 1996 1876 3641 1949">
     <span class='ocr_line' id='line_1_49' title="bbox 1996 1876 3641 1949; baseline 0.004 -18"><span class='ocrx_word' id='word_1_352' title='bbox 1996 1876 2314 1949; x_wconf 89' lang='lat' dir='ltr'><strong>apostolico</strong></span> <span class='ocrx_word' id='word_1_353' title='bbox 2354 1878 2619 1934; x_wconf 89' lang='lat' dir='ltr'><strong>abscindi</strong></span> <span class='ocrx_word' id='word_1_354' title='bbox 2666 1894 2961 1947; x_wconf 89' lang='lat' dir='ltr'><strong>mucrone,</strong></span> <span class='ocrx_word' id='word_1_355' title='bbox 3010 1896 3083 1935; x_wconf 92' lang='lat' dir='ltr'><strong>ne</strong></span> <span class='ocrx_word' id='word_1_356' title='bbox 3114 1883 3130 1916; x_wconf 75' lang='grc' dir='ltr'><strong><em>ι</em></strong></span> <span class='ocrx_word' id='word_1_357' title='bbox 3188 1881 3371 1937; x_wconf 90' lang='lat' dir='ltr'><strong>servis</strong></span> <span class='ocrx_word' id='word_1_358' title='bbox 3422 1882 3518 1938; x_wconf 91' lang='lat' dir='ltr'><strong>Dei</strong></span> <span class='ocrx_word' id='word_1_359' title='bbox 3575 1899 3641 1938; x_wconf 90' lang='lat' dir='ltr'><strong>ac</strong></span> 
     </span>
    </p>
   </div>
   <div class='ocr_carea' id='block_1_50' title="bbox 1999 1966 3637 2041">
    <p class='ocr_par' dir='ltr' id='par_1_50' title="bbox 1999 1966 3637 2041">
     <span class='ocr_line' id='line_1_50' title="bbox 1999 1966 3637 2041; baseline 0.004 -21"><span class='ocrx_word' id='word_1_360' title='bbox 1999 1966 2269 2021; x_wconf 70' lang='lat' dir='ltr'><strong>Domini‘I</strong></span> <span class='ocrx_word' id='word_1_361' title='bbox 2300 1967 2702 2024; x_wconf 88' lang='lat' dir='ltr'><strong>sacerdotibus</strong></span> <span class='ocrx_word' id='word_1_362' title='bbox 2738 1966 2929 2023; x_wconf 89' lang='lat' dir='ltr'><strong>valeat</strong></span> <span class='ocrx_word' id='word_1_363' title='bbox 2980 1984 3188 2024; x_wconf 90' lang='lat' dir='ltr'><strong>nocere</strong></span> <span class='ocrx_word' id='word_1_364' title='bbox 3233 1974 3334 2025; x_wconf 90' lang='lat' dir='ltr'><strong>aut</strong></span> <span class='ocrx_word' id='word_1_365' title='bbox 3381 1973 3637 2041; x_wconf 87' lang='lat' dir='ltr'><strong>perdere.</strong></span> 
     </span>
    </p>
   </div>
   <div class='ocr_carea' id='block_1_51' title="bbox 1992 2056 3643 2123">
    <p class='ocr_par' dir='ltr' id='par_1_51' title="bbox 1992 2056 3643 2123">
     <span class='ocr_line' id='line_1_51' title="bbox 1992 2056 3643 2123; baseline 0.002 -12"><span class='ocrx_word' id='word_1_366' title='bbox 1992 2057 2366 2111; x_wconf 76' lang='lat' dir='ltr'><strong>Exhonoravit</strong></span> <span class='ocrx_word' id='word_1_367' title='bbox 2395 2058 2545 2112; x_wconf 89' lang='lat' dir='ltr'><strong>enim</strong></span> <span class='ocrx_word' id='word_1_368' title='bbox 2572 2057 2855 2123; x_wconf 91' lang='lat' dir='ltr'><strong>Dominus,</strong></span> <span class='ocrx_word' id='word_1_369' title='bbox 2886 2060 2952 2111; x_wconf 89' lang='lat' dir='ltr'><strong>ut</strong></span> <span class='ocrx_word' id='word_1_370' title='bbox 2992 2056 3052 2111; x_wconf 91' lang='lat' dir='ltr'><strong>in</strong></span> <span class='ocrx_word' id='word_1_371' title='bbox 3108 2057 3512 2113; x_wconf 86' lang='lat' dir='ltr'><strong>Ecclesiastico</strong></span> <span class='ocrx_word' id='word_1_372' title='bbox 3569 2058 3643 2115; x_wconf 88' lang='lat' dir='ltr'><strong>le-</strong></span> 
     </span>
    </p>
   </div>
   <div class='ocr_carea' id='block_1_52' title="bbox 1993 2144 3643 2216">
    <p class='ocr_par' dir='ltr' id='par_1_52' title="bbox 1993 2144 3643 2216">
     <span class='ocr_line' id='line_1_52' title="bbox 1993 2144 3643 2216; baseline 0.002 -17"><span class='ocrx_word' id='word_1_373' title='bbox 1993 2145 2149 2216; x_wconf 89' lang='lat' dir='ltr'><strong>gitur</strong></span> <span class='ocrx_word' id='word_1_374' title='bbox 2179 2144 2347 2211; x_wconf 88' lang='lat' dir='ltr'><strong>libro,</strong></span> <span class='ocrx_word' id='word_1_375' title='bbox 2378 2153 2677 2201; x_wconf 85' lang='lat' dir='ltr'><strong>conventus</strong></span> <span class='ocrx_word' id='word_1_376' title='bbox 2704 2145 3004 2213; x_wconf 88' lang='lat' dir='ltr'><strong>malorum,</strong></span> <span class='ocrx_word' id='word_1_377' title='bbox 3053 2149 3105 2202; x_wconf 86' lang='lat' dir='ltr'><strong>et</strong></span> <span class='ocrx_word' id='word_1_378' title='bbox 3159 2146 3425 2202; x_wconf 70' lang='lat' dir='ltr'><strong>destruxit</strong></span> <span class='ocrx_word' id='word_1_379' title='bbox 3496 2153 3643 2203; x_wconf 86' lang='lat' dir='ltr'><strong>Deus</strong></span> 
     </span>
    </p>
   </div>
   <div class='ocr_carea' id='block_1_53' title="bbox 1990 2232 3637 2306">
    <p class='ocr_par' dir='ltr' id='par_1_53' title="bbox 1990 2232 3637 2306">
     <span class='ocr_line' id='line_1_53' title="bbox 1990 2232 3637 2306; baseline 0.001 -16"><span class='ocrx_word' id='word_1_380' title='bbox 1990 2250 2081 2290; x_wconf 89' lang='lat' dir='ltr'><strong>eos</strong></span> <span class='ocrx_word' id='word_1_381' title='bbox 2110 2249 2280 2305; x_wconf 87' lang='lat' dir='ltr'><strong>usque</strong></span> <span class='ocrx_word' id='word_1_382' title='bbox 2308 2235 2368 2288; x_wconf 89' lang='lat' dir='ltr'><strong>in</strong></span> <span class='ocrx_word' id='word_1_383' title='bbox 2396 2233 2582 2304; x_wconf 78' lang='lat' dir='ltr'><strong>ﬁnem.</strong></span> <span class='ocrx_word' id='word_1_384' title='bbox 2604 2232 2768 2289; x_wconf 81' lang='lat' dir='ltr'><strong>Sedes</strong></span> <span class='ocrx_word' id='word_1_385' title='bbox 2797 2233 2997 2288; x_wconf 89' lang='lat' dir='ltr'><strong>ducum</strong></span> <span class='ocrx_word' id='word_1_386' title='bbox 3032 2238 3387 2306; x_wconf 85' lang='lat' dir='ltr'><strong>superborum</strong></span> <span class='ocrx_word' id='word_1_387' title='bbox 3424 2236 3637 2292; x_wconf 88' lang='lat' dir='ltr'><strong>destru-</strong></span> 
     </span>
    </p>
   </div>
   <div class='ocr_carea' id='block_1_54' title="bbox 1989 2320 3634 2396">
    <p class='ocr_par' dir='ltr' id='par_1_54' title="bbox 1989 2320 3634 2396">
     <span class='ocr_line' id='line_1_54' title="bbox 1989 2320 3634 2396; baseline 0.002 -19"><span class='ocrx_word' id='word_1_388' title='bbox 1989 2325 2078 2378; x_wconf 72' lang='lat' dir='ltr'><strong>xit</strong></span> <span class='ocrx_word' id='word_1_389' title='bbox 2096 2324 2258 2388; x_wconf 90' lang='lat' dir='ltr'><strong>Deus,</strong></span> <span class='ocrx_word' id='word_1_390' title='bbox 2286 2324 2338 2377; x_wconf 88' lang='lat' dir='ltr'><strong>et</strong></span> <span class='ocrx_word' id='word_1_391' title='bbox 2366 2320 2549 2377; x_wconf 86' lang='lat' dir='ltr'><strong>sedere</strong></span> <span class='ocrx_word' id='word_1_392' title='bbox 2576 2322 2708 2392; x_wconf 80' lang='lat' dir='ltr'><strong>fecit</strong></span> <span class='ocrx_word' id='word_1_393' title='bbox 2726 2324 2885 2377; x_wconf 85' lang='lat' dir='ltr'><strong>mites</strong></span> <span class='ocrx_word' id='word_1_394' title='bbox 2930 2339 3030 2394; x_wconf 87' lang='lat' dir='ltr'><strong>pro</strong></span> <span class='ocrx_word' id='word_1_395' title='bbox 3076 2326 3175 2379; x_wconf 87' lang='lat' dir='ltr'><strong>eis.</strong></span> <span class='ocrx_word' id='word_1_396' title='bbox 3228 2325 3455 2380; x_wconf 81' lang='lat' dir='ltr'><strong>Radices</strong></span> <span class='ocrx_word' id='word_1_397' title='bbox 3505 2342 3634 2396; x_wconf 86' lang='lat' dir='ltr'><strong>gen-</strong></span> 
     </span>
    </p>
   </div>
   <div class='ocr_carea' id='block_1_55' title="bbox 1988 2410 3637 2483">
    <p class='ocr_par' dir='ltr' id='par_1_55' title="bbox 1988 2410 3637 2483">
     <span class='ocr_line' id='line_1_55' title="bbox 1988 2410 3637 2483; baseline 0.002 -17"><span class='ocrx_word' id='word_1_398' title='bbox 1988 2412 2131 2466; x_wconf 87' lang='lat' dir='ltr'><strong>tium</strong></span> <span class='ocrx_word' id='word_1_399' title='bbox 2158 2410 2517 2482; x_wconf 89' lang='lat' dir='ltr'><strong>superbarum</strong></span> <span class='ocrx_word' id='word_1_400' title='bbox 2546 2412 2776 2481; x_wconf 82' lang='lat' dir='ltr'><strong>arefecit</strong></span> <span class='ocrx_word' id='word_1_401' title='bbox 2803 2412 2965 2480; x_wconf 90' lang='lat' dir='ltr'><strong>Deus,</strong></span> <span class='ocrx_word' id='word_1_402' title='bbox 2998 2419 3049 2466; x_wconf 89' lang='lat' dir='ltr'><strong>et</strong></span> <span class='ocrx_word' id='word_1_403' title='bbox 3083 2414 3355 2483; x_wconf 74' lang='lat' dir='ltr'><strong>plantavit</strong></span> <span class='ocrx_word' id='word_1_404' title='bbox 3403 2414 3637 2470; x_wconf 86' lang='lat' dir='ltr'><strong>humiles</strong></span> 
     </span>
    </p>
   </div>
   <div class='ocr_carea' id='block_1_56' title="bbox 1987 2501 3634 2571">
    <p class='ocr_par' dir='ltr' id='par_1_56' title="bbox 1987 2501 3634 2571">
     <span class='ocr_line' id='line_1_56' title="bbox 1987 2501 3634 2571; baseline 0.002 -16"><span class='ocrx_word' id='word_1_405' title='bbox 1987 2516 2059 2555; x_wconf 76' lang='lat' dir='ltr'><strong>ea:</strong></span> <span class='ocrx_word' id='word_1_406' title='bbox 2088 2502 2220 2570; x_wconf 86' lang='lat' dir='ltr'><strong>ipsis</strong></span> <span class='ocrx_word' id='word_1_407' title='bbox 2249 2501 2519 2569; x_wconf 82' lang='lat' dir='ltr'><strong>gentibus.</strong></span> <span class='ocrx_word' id='word_1_408' title='bbox 2558 2501 2751 2555; x_wconf 85' lang='lat' dir='ltr'><strong>Terras</strong></span> <span class='ocrx_word' id='word_1_409' title='bbox 2778 2502 3026 2571; x_wconf 86' lang='lat' dir='ltr'><strong>gentium</strong></span> <span class='ocrx_word' id='word_1_410' title='bbox 3055 2504 3259 2557; x_wconf 76' lang='lat' dir='ltr'><strong>evertit</strong></span> <span class='ocrx_word' id='word_1_411' title='bbox 3292 2504 3634 2571; x_wconf 87' lang='lat' dir='ltr'><strong>Dominus,et</strong></span> 
     </span>
    </p>
   </div>
   <div class='ocr_carea' id='block_1_57' title="bbox 1984 2586 3635 2660">
    <p class='ocr_par' dir='ltr' id='par_1_57' title="bbox 1984 2586 3635 2660">
     <span class='ocr_line' id='line_1_57' title="bbox 1984 2586 3635 2660; baseline 0.001 -16"><span class='ocrx_word' id='word_1_412' title='bbox 1984 2589 2227 2660; x_wconf 86' lang='lat' dir='ltr'><strong>perdidit</strong></span> <span class='ocrx_word' id='word_1_413' title='bbox 2279 2604 2370 2643; x_wconf 88' lang='lat' dir='ltr'><strong>eas</strong></span> <span class='ocrx_word' id='word_1_414' title='bbox 2426 2604 2594 2659; x_wconf 88' lang='lat' dir='ltr'><strong>usque</strong></span> <span class='ocrx_word' id='word_1_415' title='bbox 2642 2586 2713 2642; x_wconf 89' lang='lat' dir='ltr'><strong>ad</strong></span> <span class='ocrx_word' id='word_1_416' title='bbox 2775 2587 3211 2658; x_wconf 84' lang='lat' dir='ltr'><strong>fundamentum.</strong></span> <span class='ocrx_word' id='word_1_417' title='bbox 3272 2591 3505 2655; x_wconf 78' lang='lat' dir='ltr'><strong>Are/ecit</strong></span> <span class='ocrx_word' id='word_1_418' title='bbox 3562 2608 3635 2646; x_wconf 75' lang='lat' dir='ltr'><strong>ex</strong></span> 
     </span>
    </p>
   </div>
   <div class='ocr_carea' id='block_1_58' title="bbox 1987 2675 3634 2749">
    <p class='ocr_par' dir='ltr' id='par_1_58' title="bbox 1987 2675 3634 2749">
     <span class='ocr_line' id='line_1_58' title="bbox 1987 2675 3634 2749; baseline 0.001 -17"><span class='ocrx_word' id='word_1_419' title='bbox 1987 2679 2144 2749; x_wconf 83' lang='lat' dir='ltr'><strong>ipsis,</strong></span> <span class='ocrx_word' id='word_1_420' title='bbox 2178 2681 2227 2732; x_wconf 88' lang='lat' dir='ltr'><strong>et</strong></span> <span class='ocrx_word' id='word_1_421' title='bbox 2257 2675 2593 2748; x_wconf 80' lang='lat' dir='ltr'><strong>disperdidit</strong></span> <span class='ocrx_word' id='word_1_422' title='bbox 2631 2691 2738 2742; x_wconf 89' lang='lat' dir='ltr'><strong>eos,</strong></span> <span class='ocrx_word' id='word_1_423' title='bbox 2769 2681 2821 2731; x_wconf 91' lang='lat' dir='ltr'><strong>et</strong></span> <span class='ocrx_word' id='word_1_424' title='bbox 2874 2692 3086 2732; x_wconf 85' lang='lat' dir='ltr'><strong>cessare</strong></span> <span class='ocrx_word' id='word_1_425' title='bbox 3138 2680 3267 2748; x_wconf 85' lang='lat' dir='ltr'><strong>fecit</strong></span> <span class='ocrx_word' id='word_1_426' title='bbox 3311 2682 3634 2734; x_wconf 84' lang='lat' dir='ltr'><strong>memoriam</strong></span> 
     </span>
    </p>
   </div>
   <div class='ocr_carea' id='block_1_59' title="bbox 1983 2763 3634 2838">
    <p class='ocr_par' dir='ltr' id='par_1_59' title="bbox 1983 2763 3634 2838">
     <span class='ocr_line' id='line_1_59' title="bbox 1983 2763 3634 2838; baseline -0.001 -16"><span class='ocrx_word' id='word_1_427' title='bbox 1983 2783 2178 2822; x_wconf 88' lang='lat' dir='ltr'><strong>eorum</strong></span> <span class='ocrx_word' id='word_1_428' title='bbox 2205 2766 2269 2820; x_wconf 89' lang='lat' dir='ltr'><strong>de</strong></span> <span class='ocrx_word' id='word_1_429' title='bbox 2307 2769 2475 2819; x_wconf 88' lang='lat' dir='ltr'><strong>terra.</strong></span> <span class='ocrx_word' id='word_1_430' title='bbox 2522 2763 2769 2820; x_wconf 87' lang='lat' dir='ltr'><strong>Perdidit</strong></span> <span class='ocrx_word' id='word_1_431' title='bbox 2806 2765 2943 2820; x_wconf 87' lang='lat' dir='ltr'><strong>Deus</strong></span> <span class='ocrx_word' id='word_1_432' title='bbox 2998 2769 3322 2821; x_wconf 89' lang='lat' dir='ltr'><strong>memoriam</strong></span> <span class='ocrx_word' id='word_1_433' title='bbox 3377 2768 3634 2838; x_wconf 86' lang='lat' dir='ltr'><strong>superbo-</strong></span> 
     </span>
    </p>
   </div>
   <div class='ocr_carea' id='block_1_60' title="bbox 1986 2851 3636 2923">
    <p class='ocr_par' dir='ltr' id='par_1_60' title="bbox 1986 2851 3636 2923">
     <span class='ocr_line' id='line_1_60' title="bbox 1986 2851 3636 2923; baseline 0 -14"><span class='ocrx_word' id='word_1_434' title='bbox 1986 2871 2133 2920; x_wconf 88' lang='lat' dir='ltr'><strong>rum,</strong></span> <span class='ocrx_word' id='word_1_435' title='bbox 2155 2856 2206 2909; x_wconf 87' lang='lat' dir='ltr'><strong>et</strong></span> <span class='ocrx_word' id='word_1_436' title='bbox 2235 2854 2458 2923; x_wconf 88' lang='lat' dir='ltr'><strong>reliquit</strong></span> <span class='ocrx_word' id='word_1_437' title='bbox 2475 2852 2803 2907; x_wconf 85' lang='lat' dir='ltr'><strong>memoriam</strong></span> <span class='ocrx_word' id='word_1_438' title='bbox 2830 2851 3130 2907; x_wconf 84' lang='lat' dir='ltr'><strong>humilium</strong></span> <span class='ocrx_word' id='word_1_439' title='bbox 3154 2870 3331 2909; x_wconf 85' lang='lat' dir='ltr'><strong>sensu.</strong></span> <span class='ocrx_word' id='word_1_440' title='bbox 3385 2855 3503 2909; x_wconf 86' lang='lat' dir='ltr'><strong>Non</strong></span> <span class='ocrx_word' id='word_1_441' title='bbox 3557 2858 3636 2910; x_wconf 88' lang='lat' dir='ltr'><strong>est</strong></span> 
     </span>
    </p>
   </div>
   <div class='ocr_carea' id='block_1_61' title="bbox 1984 2940 3640 3010">
    <p class='ocr_par' dir='ltr' id='par_1_61' title="bbox 1984 2940 3640 3010">
     <span class='ocr_line' id='line_1_61' title="bbox 1984 2940 3640 3010; baseline 0.001 -13"><span class='ocrx_word' id='word_1_442' title='bbox 1984 2949 2162 2997; x_wconf 86' lang='lat' dir='ltr'><strong>creata</strong></span> <span class='ocrx_word' id='word_1_443' title='bbox 2185 2940 2494 2996; x_wconf 89' lang='lat' dir='ltr'><strong>hominibus</strong></span> <span class='ocrx_word' id='word_1_444' title='bbox 2521 2940 2799 3010; x_wconf 85' lang='lat' dir='ltr'><strong>superbia,</strong></span> <span class='ocrx_word' id='word_1_445' title='bbox 2848 2956 3024 3010; x_wconf 89' lang='lat' dir='ltr'><strong>neque</strong></span> <span class='ocrx_word' id='word_1_446' title='bbox 3071 2942 3365 2997; x_wconf 76' lang='lat' dir='ltr'><strong>iracundia</strong></span> <span class='ocrx_word' id='word_1_447' title='bbox 3418 2945 3640 2999; x_wconf 87' lang='lat' dir='ltr'><strong>nationi</strong></span> 
     </span>
    </p>
   </div>
   <div class='ocr_carea' id='block_1_62' title="bbox 1983 3027 3636 3102">
    <p class='ocr_par' dir='ltr' id='par_1_62' title="bbox 1983 3027 3636 3102">
     <span class='ocr_line' id='line_1_62' title="bbox 1983 3027 3636 3102; baseline 0.002 -19"><span class='ocrx_word' id='word_1_448' title='bbox 1983 3030 2299 3084; x_wconf 89' lang='lat' dir='ltr'><strong>mulierum.</strong></span> <span class='ocrx_word' id='word_1_449' title='bbox 2361 3027 2553 3083; x_wconf 84' lang='lat' dir='ltr'><strong>Semen</strong></span> <span class='ocrx_word' id='word_1_450' title='bbox 2596 3027 2880 3083; x_wconf 82' lang='lat' dir='ltr'><strong>hominum</strong></span> <span class='ocrx_word' id='word_1_451' title='bbox 2916 3028 3277 3084; x_wconf 76' lang='lat' dir='ltr'><strong>honorabitur</strong></span> <span class='ocrx_word' id='word_1_452' title='bbox 3319 3030 3442 3099; x_wconf 74' lang='lat' dir='ltr'><strong>[hoc</strong></span> <span class='ocrx_word' id='word_1_453' title='bbox 3496 3033 3636 3102; x_wconf 89' lang='lat' dir='ltr'><strong>quod</strong></span> 
     </span>
    </p>
   </div>
   <div class='ocr_carea' id='block_1_63' title="bbox 1986 3116 3633 3183">
    <p class='ocr_par' dir='ltr' id='par_1_63' title="bbox 1986 3116 3633 3183">
     <span class='ocr_line' id='line_1_63' title="bbox 1986 3116 3633 3183; baseline 0.001 -10"><span class='ocrx_word' id='word_1_454' title='bbox 1986 3119 2139 3173; x_wconf 84' lang='lat' dir='ltr'><strong>timet</strong></span> <span class='ocrx_word' id='word_1_455' title='bbox 2184 3121 2393 3183; x_wconf 88' lang='lat' dir='ltr'><strong>Deum;</strong></span> <span class='ocrx_word' id='word_1_456' title='bbox 2443 3131 2625 3171; x_wconf 84' lang='lat' dir='ltr'><strong>semen</strong></span> <span class='ocrx_word' id='word_1_457' title='bbox 2673 3120 2853 3170; x_wconf 80' lang='lat' dir='ltr'><strong>autem</strong></span> <span class='ocrx_word' id='word_1_458' title='bbox 2912 3116 3011 3171; x_wconf 88' lang='lat' dir='ltr'><strong>hoc</strong></span> <span class='ocrx_word' id='word_1_459' title='bbox 3058 3118 3491 3173; x_wconf 76' lang='lat' dir='ltr'><strong>exhonorabiiur</strong></span> <span class='ocrx_word' id='word_1_460' title='bbox 3546 3122 3633 3175; x_wconf 85' lang='lat' dir='ltr'><strong>ho-</strong></span> 
     </span>
    </p>
   </div>
   <div class='ocr_carea' id='block_1_64' title="bbox 213 3180 3633 3280">
    <p class='ocr_par' dir='ltr' id='par_1_64' title="bbox 213 3180 3633 3280">
     <span class='ocr_line' id='line_1_64' title="bbox 213 3180 3633 3280; baseline -0 -16"><span class='ocrx_word' id='word_1_461' title='bbox 213 3225 541 3280; x_wconf 85' lang='lat' dir='ltr'><strong>eorumque</strong></span> <span class='ocrx_word' id='word_1_462' title='bbox 561 3206 933 3263; x_wconf 91' lang='lat' dir='ltr'><strong>ecclesiarum</strong></span> <span class='ocrx_word' id='word_1_463' title='bbox 967 3212 1025 3262; x_wconf 93' lang='lat' dir='ltr'><strong>et</strong></span> <span class='ocrx_word' id='word_1_464' title='bbox 1053 3206 1391 3262; x_wconf 89' lang='lat' dir='ltr'><strong>clericorum</strong></span> <span class='ocrx_word' id='word_1_465' title='bbox 1424 3211 1599 3277; x_wconf 89' lang='lat' dir='ltr'><strong>atque</strong></span> <span class='ocrx_word' id='word_1_466' title='bbox 1628 3206 1872 3262; x_wconf 67' lang='lat' dir='ltr'><strong>saecula-</strong></span> <span class='ocrx_word' id='word_1_467' title='bbox 1906 3180 1948 3247; x_wconf 68' lang='grc' dir='ltr'>Ο</span> <span class='ocrx_word' id='word_1_468' title='bbox 1985 3208 2201 3261; x_wconf 81' lang='lat' dir='ltr'><strong>minam</strong></span> <span class='ocrx_word' id='word_1_469' title='bbox 2243 3205 2383 3276; x_wconf 87' lang='lat' dir='ltr'><strong>quod</strong></span> <span class='ocrx_word' id='word_1_470' title='bbox 2427 3204 2675 3275; x_wconf 72' lang='lat' dir='ltr'><strong>praeterit</strong></span> <span class='ocrx_word' id='word_1_471' title='bbox 2714 3204 2981 3258; x_wconf 84' lang='lat' dir='ltr'><strong>mandata</strong></span> <span class='ocrx_word' id='word_1_472' title='bbox 3040 3206 3279 3260; x_wconf 87' lang='lat' dir='ltr'><strong>Domini.</strong></span> <span class='ocrx_word' id='word_1_473' title='bbox 3339 3207 3400 3261; x_wconf 89' lang='lat' dir='ltr'><strong>In</strong></span> <span class='ocrx_word' id='word_1_474' title='bbox 3456 3208 3633 3263; x_wconf 88' lang='lat' dir='ltr'><strong>medio</strong></span> 
     </span>
    </p>
   </div>
   <div class='ocr_carea' id='block_1_65' title="bbox 212 3295 1871 3367">
    <p class='ocr_par' dir='ltr' id='par_1_65' title="bbox 212 3295 1871 3367">
     <span class='ocr_line' id='line_1_65' title="bbox 212 3295 1871 3367; baseline -0.002 -13"><span class='ocrx_word' id='word_1_475' title='bbox 212 3299 375 3354; x_wconf 84' lang='lat' dir='ltr'><strong>rium</strong></span> <span class='ocrx_word' id='word_1_476' title='bbox 400 3297 867 3365; x_wconf 88' lang='lat' dir='ltr'><strong>necessitatibus,</strong></span> <span class='ocrx_word' id='word_1_477' title='bbox 891 3300 994 3351; x_wconf 91' lang='lat' dir='ltr'><strong>aut</strong></span> <span class='ocrx_word' id='word_1_478' title='bbox 1029 3296 1101 3351; x_wconf 91' lang='lat' dir='ltr'><strong>de</strong></span> <span class='ocrx_word' id='word_1_479' title='bbox 1131 3295 1581 3367; x_wconf 89' lang='lat' dir='ltr'><strong>quibuscunque</strong></span> <span class='ocrx_word' id='word_1_480' title='bbox 1610 3312 1871 3350; x_wconf 88' lang='lat' dir='ltr'><strong>commu-</strong></span> 
     </span>
    </p>
   </div>
   <div class='ocr_carea' id='block_1_66' title="bbox 214 3384 1869 3457">
    <p class='ocr_par' dir='ltr' id='par_1_66' title="bbox 214 3384 1869 3457">
     <span class='ocr_line' id='line_1_66' title="bbox 214 3384 1869 3457; baseline -0.001 -16"><span class='ocrx_word' id='word_1_481' title='bbox 214 3387 397 3441; x_wconf 88' lang='lat' dir='ltr'><strong>nibus</strong></span> <span class='ocrx_word' id='word_1_482' title='bbox 429 3386 623 3441; x_wconf 88' lang='lat' dir='ltr'><strong>causis</strong></span> <span class='ocrx_word' id='word_1_483' title='bbox 646 3401 815 3457; x_wconf 89' lang='lat' dir='ltr'><strong>agere</strong></span> <span class='ocrx_word' id='word_1_484' title='bbox 847 3389 959 3453; x_wconf 60' lang='lat' dir='ltr'><strong>{aut</strong></span> <span class='ocrx_word' id='word_1_485' title='bbox 1017 3384 1325 3456; x_wconf 89' lang='lat' dir='ltr'><strong>disponere</strong></span> <span class='ocrx_word' id='word_1_486' title='bbox 1382 3400 1618 3441; x_wconf 91' lang='lat' dir='ltr'><strong>necesse</strong></span> <span class='ocrx_word' id='word_1_487' title='bbox 1675 3384 1869 3451; x_wconf 78' lang='lat' dir='ltr'><strong>fuerit,</strong></span> 
     </span>
    </p>
   </div>
   <div class='ocr_carea' id='block_1_67' title="bbox 215 3472 1870 3546">
    <p class='ocr_par' dir='ltr' id='par_1_67' title="bbox 215 3472 1870 3546">
     <span class='ocr_line' id='line_1_67' title="bbox 215 3472 1870 3546; baseline 0.001 -17"><span class='ocrx_word' id='word_1_488' title='bbox 215 3475 333 3530; x_wconf 90' lang='lat' dir='ltr'><strong>hoc</strong></span> <span class='ocrx_word' id='word_1_489' title='bbox 362 3491 494 3529; x_wconf 91' lang='lat' dir='ltr'><strong>cum</strong></span> <span class='ocrx_word' id='word_1_490' title='bbox 528 3474 792 3529; x_wconf 91' lang='lat' dir='ltr'><strong>omnium</strong></span> <span class='ocrx_word' id='word_1_491' title='bbox 816 3489 1102 3529; x_wconf 86' lang='lat' dir='ltr'><strong>consensu</strong></span> <span class='ocrx_word' id='word_1_492' title='bbox 1132 3472 1710 3545; x_wconf 88' lang='lat' dir='ltr'><strong>comprovincialium</strong></span> <span class='ocrx_word' id='word_1_493' title='bbox 1734 3491 1870 3546; x_wconf 89' lang='lat' dir='ltr'><strong>aga-</strong></span> 
     </span>
    </p>
   </div>
   <div class='ocr_carea' id='block_1_68' title="bbox 216 3560 1867 3635">
    <p class='ocr_par' dir='ltr' id='par_1_68' title="bbox 216 3560 1867 3635">
     <span class='ocr_line' id='line_1_68' title="bbox 216 3560 1867 3635; baseline 0.001 -18"><span class='ocrx_word' id='word_1_494' title='bbox 216 3568 320 3618; x_wconf 88' lang='lat' dir='ltr'><strong>tur</strong></span> <span class='ocrx_word' id='word_1_495' title='bbox 351 3563 715 3635; x_wconf 81' lang='lat' dir='ltr'><strong>pontiﬁcum,</strong></span> <span class='ocrx_word' id='word_1_496' title='bbox 758 3579 873 3618; x_wconf 90' lang='lat' dir='ltr'><strong>non</strong></span> <span class='ocrx_word' id='word_1_497' title='bbox 904 3560 1099 3632; x_wconf 91' lang='lat' dir='ltr'><strong>aliquo</strong></span> <span class='ocrx_word' id='word_1_498' title='bbox 1128 3562 1543 3617; x_wconf 89' lang='lat' dir='ltr'><strong>dominationis</strong></span> <span class='ocrx_word' id='word_1_499' title='bbox 1574 3562 1748 3633; x_wconf 75' lang='lat' dir='ltr'><strong>fastu,</strong></span> <span class='ocrx_word' id='word_1_500' title='bbox 1768 3564 1867 3619; x_wconf 91' lang='lat' dir='ltr'><strong>sed</strong></span> 
     </span>
    </p>
   </div>
   <div class='ocr_carea' id='block_1_69' title="bbox 217 3649 1871 3721">
    <p class='ocr_par' dir='ltr' id='par_1_69' title="bbox 217 3649 1871 3721">
     <span class='ocr_line' id='line_1_69' title="bbox 217 3649 1871 3721; baseline 0 -14"><span class='ocrx_word' id='word_1_501' title='bbox 217 3651 497 3707; x_wconf 87' lang='lat' dir='ltr'><strong>concordi</strong></span> <span class='ocrx_word' id='word_1_502' title='bbox 529 3656 585 3707; x_wconf 90' lang='lat' dir='ltr'><strong>et</strong></span> <span class='ocrx_word' id='word_1_503' title='bbox 613 3650 949 3707; x_wconf 89' lang='lat' dir='ltr'><strong>humillima</strong></span> <span class='ocrx_word' id='word_1_504' title='bbox 964 3649 1489 3721; x_wconf 89' lang='lat' dir='ltr'><strong>administratione,</strong></span> <span class='ocrx_word' id='word_1_505' title='bbox 1513 3650 1664 3707; x_wconf 90' lang='lat' dir='ltr'><strong>sicut</strong></span> <span class='ocrx_word' id='word_1_506' title='bbox 1685 3652 1871 3707; x_wconf 86' lang='lat' dir='ltr'><strong>Domi-</strong></span> 
     </span>
    </p>
   </div>
   <div class='ocr_carea' id='block_1_70' title="bbox 215 3738 1866 3810">
    <p class='ocr_par' dir='ltr' id='par_1_70' title="bbox 215 3738 1866 3810">
     <span class='ocr_line' id='line_1_70' title="bbox 215 3738 1866 3810; baseline 0.001 -14"><span class='ocrx_word' id='word_1_507' title='bbox 215 3758 335 3797; x_wconf 88' lang='lat' dir='ltr'><strong>nus</strong></span> <span class='ocrx_word' id='word_1_508' title='bbox 366 3741 478 3797; x_wconf 89' lang='lat' dir='ltr'><strong>ait:</strong></span> <span class='ocrx_word' id='word_1_509' title='bbox 513 3742 629 3797; x_wconf 83' lang='lat' dir='ltr'><strong>Non</strong></span> <span class='ocrx_word' id='word_1_510' title='bbox 646 3742 774 3797; x_wconf 91' lang='lat' dir='ltr'><strong>veni</strong></span> <span class='ocrx_word' id='word_1_511' title='bbox 800 3741 1134 3805; x_wconf 87' lang='lat' dir='ltr'><strong>ministrari,</strong></span> <span class='ocrx_word' id='word_1_512' title='bbox 1158 3738 1251 3793; x_wconf 86' lang='lat' dir='ltr'><strong>sed</strong></span> <span class='ocrx_word' id='word_1_513' title='bbox 1292 3740 1611 3795; x_wconf 85' lang='lat' dir='ltr'><strong>ministrare</strong></span> <span class='ocrx_word' id='word_1_514' title='bbox 1657 3741 1866 3810; x_wconf 79' lang='lat' dir='ltr'><strong>(Matth.</strong></span> 
     </span>
    </p>
   </div>
   <div class='ocr_carea' id='block_1_71' title="bbox 214 3828 1869 3901">
    <p class='ocr_par' dir='ltr' id='par_1_71' title="bbox 214 3828 1869 3901">
     <span class='ocr_line' id='line_1_71' title="bbox 214 3828 1869 3901; baseline 0.002 -16"><span class='ocrx_word' id='word_1_515' title='bbox 214 3846 330 3898; x_wconf 82' lang='lat' dir='ltr'><strong>xx;</strong></span> <span class='ocrx_word' id='word_1_516' title='bbox 363 3832 528 3886; x_wconf 76' lang='lat' dir='ltr'><strong>Marc.</strong></span> <span class='ocrx_word' id='word_1_517' title='bbox 558 3830 613 3901; x_wconf 69' lang='grc' dir='ltr'><strong>Χ)</strong></span> <span class='ocrx_word' id='word_1_518' title='bbox 648 3835 743 3898; x_wconf 89' lang='lat' dir='ltr'><strong>;et</strong></span> <span class='ocrx_word' id='word_1_519' title='bbox 774 3828 945 3885; x_wconf 90' lang='lat' dir='ltr'><strong>alibi:</strong></span> <span class='ocrx_word' id='word_1_520' title='bbox 982 3829 1089 3896; x_wconf 84' lang='lat' dir='ltr'><strong>Qui</strong></span> <span class='ocrx_word' id='word_1_521' title='bbox 1114 3828 1296 3898; x_wconf 77' lang='lat' dir='ltr'><strong>maior</strong></span> <span class='ocrx_word' id='word_1_522' title='bbox 1322 3832 1400 3883; x_wconf 87' lang='lat' dir='ltr'><strong>est</strong></span> <span class='ocrx_word' id='word_1_523' title='bbox 1452 3834 1732 3898; x_wconf 86' lang='lat' dir='ltr'><strong>tvestrum,</strong></span> <span class='ocrx_word' id='word_1_524' title='bbox 1764 3834 1869 3888; x_wconf 84' lang='lat' dir='ltr'><strong>erit</strong></span> 
     </span>
    </p>
   </div>
   <div class='ocr_carea' id='block_1_72' title="bbox 211 3915 1872 3990">
    <p class='ocr_par' dir='ltr' id='par_1_72' title="bbox 211 3915 1872 3990">
     <span class='ocr_line' id='line_1_72' title="bbox 211 3915 1872 3990; baseline 0.001 -16"><span class='ocrx_word' id='word_1_525' title='bbox 211 3921 480 3975; x_wconf 84' lang='lat' dir='ltr'><strong>minister</strong></span> <span class='ocrx_word' id='word_1_526' title='bbox 506 3922 679 3975; x_wconf 86' lang='lat' dir='ltr'><strong>vester</strong></span> <span class='ocrx_word' id='word_1_527' title='bbox 697 3919 918 3990; x_wconf 81' lang='lat' dir='ltr'><strong>(Matth.</strong></span> <span class='ocrx_word' id='word_1_528' title='bbox 949 3918 1135 3987; x_wconf 86' lang='lat' dir='ltr'><strong>xxm),</strong></span> <span class='ocrx_word' id='word_1_529' title='bbox 1179 3920 1235 3972; x_wconf 90' lang='lat' dir='ltr'><strong>et</strong></span> <span class='ocrx_word' id='word_1_530' title='bbox 1291 3915 1535 3988; x_wconf 91' lang='lat' dir='ltr'><strong>reliqua.</strong></span> <span class='ocrx_word' id='word_1_531' title='bbox 1594 3918 1872 3976; x_wconf 86' lang='lat' dir='ltr'><strong>Similiter</strong></span> 
     </span>
    </p>
   </div>
   <div class='ocr_carea' id='block_1_73' title="bbox 209 4004 1867 4081">
    <p class='ocr_par' dir='ltr' id='par_1_73' title="bbox 209 4004 1867 4081">
     <span class='ocr_line' id='line_1_73' title="bbox 209 4004 1867 4081; baseline 0.001 -17"><span class='ocrx_word' id='word_1_532' title='bbox 209 4008 333 4079; x_wconf 86' lang='lat' dir='ltr'><strong>ipsi</strong></span> <span class='ocrx_word' id='word_1_533' title='bbox 365 4007 881 4081; x_wconf 87' lang='lat' dir='ltr'><strong>comprovinciales</strong></span> <span class='ocrx_word' id='word_1_534' title='bbox 901 4004 1157 4077; x_wconf 89' lang='lat' dir='ltr'><strong>episcopi</strong></span> <span class='ocrx_word' id='word_1_535' title='bbox 1179 4009 1391 4061; x_wconf 87' lang='lat' dir='ltr'><strong>cuncta</strong></span> <span class='ocrx_word' id='word_1_536' title='bbox 1420 4021 1553 4061; x_wconf 90' lang='lat' dir='ltr'><strong>cum</strong></span> <span class='ocrx_word' id='word_1_537' title='bbox 1575 4008 1703 4077; x_wconf 86' lang='lat' dir='ltr'><strong>ejus</strong></span> <span class='ocrx_word' id='word_1_538' title='bbox 1733 4025 1867 4065; x_wconf 93' lang='lat' dir='ltr'><strong>con-</strong></span> 
     </span>
    </p>
   </div>
   <div class='ocr_carea' id='block_1_74' title="bbox 210 4094 1864 4169">
    <p class='ocr_par' dir='ltr' id='par_1_74' title="bbox 210 4094 1864 4169">
     <span class='ocr_line' id='line_1_74' title="bbox 210 4094 1864 4169; baseline 0.001 -16"><span class='ocrx_word' id='word_1_539' title='bbox 210 4098 372 4163; x_wconf 79' lang='lat' dir='ltr'><strong>silio,</strong></span> <span class='ocrx_word' id='word_1_540' title='bbox 408 4097 519 4152; x_wconf 91' lang='lat' dir='ltr'><strong>nisi</strong></span> <span class='ocrx_word' id='word_1_541' title='bbox 552 4100 839 4169; x_wconf 86' lang='lat' dir='ltr'><strong>quantum</strong></span> <span class='ocrx_word' id='word_1_542' title='bbox 866 4096 937 4151; x_wconf 90' lang='lat' dir='ltr'><strong>ad</strong></span> <span class='ocrx_word' id='word_1_543' title='bbox 970 4094 1236 4168; x_wconf 89' lang='lat' dir='ltr'><strong>proprias</strong></span> <span class='ocrx_word' id='word_1_544' title='bbox 1266 4094 1517 4166; x_wconf 89' lang='lat' dir='ltr'><strong>pertinet</strong></span> <span class='ocrx_word' id='word_1_545' title='bbox 1538 4097 1864 4168; x_wconf 85' lang='lat' dir='ltr'><strong>parochias,</strong></span> 
     </span>
    </p>
   </div>
   <div class='ocr_carea' id='block_1_75' title="bbox 210 4183 1866 4260">
    <p class='ocr_par' dir='ltr' id='par_1_75' title="bbox 210 4183 1866 4260">
     <span class='ocr_line' id='line_1_75' title="bbox 210 4183 1866 4260; baseline 0 -18"><span class='ocrx_word' id='word_1_546' title='bbox 210 4190 417 4260; x_wconf 86' lang='lat' dir='ltr'><strong>agant,</strong></span> <span class='ocrx_word' id='word_1_547' title='bbox 441 4187 612 4257; x_wconf 90' lang='lat' dir='ltr'><strong>juxta</strong></span> <span class='ocrx_word' id='word_1_548' title='bbox 641 4190 974 4241; x_wconf 90' lang='lat' dir='ltr'><strong>sanctorum</strong></span> <span class='ocrx_word' id='word_1_549' title='bbox 1008 4183 1327 4239; x_wconf 89' lang='lat' dir='ltr'><strong>constituta</strong></span> <span class='ocrx_word' id='word_1_550' title='bbox 1352 4183 1609 4249; x_wconf 90' lang='lat' dir='ltr'><strong>Patrum,</strong></span> <span class='ocrx_word' id='word_1_551' title='bbox 1645 4189 1709 4240; x_wconf 92' lang='lat' dir='ltr'><strong>ut</strong></span> <span class='ocrx_word' id='word_1_552' title='bbox 1753 4203 1866 4243; x_wconf 94' lang='lat' dir='ltr'><strong>uno</strong></span> 
     </span>
    </p>
   </div>
   <div class='ocr_carea' id='block_1_76' title="bbox 210 4272 1864 4345">
    <p class='ocr_par' dir='ltr' id='par_1_76' title="bbox 210 4272 1864 4345">
     <span class='ocr_line' id='line_1_76' title="bbox 210 4272 1864 4345; baseline 0 -14"><span class='ocrx_word' id='word_1_553' title='bbox 210 4276 437 4345; x_wconf 85' lang='lat' dir='ltr'><strong>animo,</strong></span> <span class='ocrx_word' id='word_1_554' title='bbox 470 4291 586 4330; x_wconf 92' lang='lat' dir='ltr'><strong>uno</strong></span> <span class='ocrx_word' id='word_1_555' title='bbox 617 4291 715 4331; x_wconf 90' lang='lat' dir='ltr'><strong>ore</strong></span> <span class='ocrx_word' id='word_1_556' title='bbox 738 4273 1103 4330; x_wconf 90' lang='lat' dir='ltr'><strong>concorditer</strong></span> <span class='ocrx_word' id='word_1_557' title='bbox 1117 4276 1321 4329; x_wconf 90' lang='lat' dir='ltr'><strong>sancta</strong></span> <span class='ocrx_word' id='word_1_558' title='bbox 1349 4272 1708 4345; x_wconf 83' lang='lat' dir='ltr'><strong>gloriﬁcetur</strong></span> <span class='ocrx_word' id='word_1_559' title='bbox 1738 4276 1864 4331; x_wconf 88' lang='lat' dir='ltr'><strong>Tri-</strong></span> 
     </span>
    </p>
   </div>
   <div class='ocr_carea' id='block_1_77' title="bbox 210 4363 723 4421">
    <p class='ocr_par' dir='ltr' id='par_1_77' title="bbox 210 4363 723 4421">
     <span class='ocr_line' id='line_1_77' title="bbox 210 4363 723 4421; baseline -0.002 -1"><span class='ocrx_word' id='word_1_560' title='bbox 210 4364 375 4421; x_wconf 89' lang='lat' dir='ltr'><strong>nitas</strong></span> <span class='ocrx_word' id='word_1_561' title='bbox 405 4364 463 4418; x_wconf 93' lang='lat' dir='ltr'><strong>in</strong></span> <span class='ocrx_word' id='word_1_562' title='bbox 489 4363 723 4419; x_wconf 65' lang='lat' dir='ltr'><strong>saecula.</strong></span> 
     </span>
    </p>
   </div>
   <div class='ocr_carea' id='block_1_78' title="bbox 287 4448 1863 4523">
    <p class='ocr_par' dir='ltr' id='par_1_78' title="bbox 287 4448 1863 4523">
     <span class='ocr_line' id='line_1_78' title="bbox 287 4448 1863 4523; baseline 0 -15"><span class='ocrx_word' id='word_1_563' title='bbox 287 4452 443 4508; x_wconf 75' lang='lat'><strong>978</strong></span> <span class='ocrx_word' id='word_1_564' title='bbox 475 4452 565 4507; x_wconf 91' lang='lat' dir='ltr'><strong>IV.</strong></span> <span class='ocrx_word' id='word_1_565' title='bbox 598 4450 879 4508; x_wconf 86' lang='lat' dir='ltr'><strong>Similiter</strong></span> <span class='ocrx_word' id='word_1_566' title='bbox 913 4449 1101 4523; x_wconf 84' lang='lat' dir='ltr'><strong>(Hard.</strong></span> <span class='ocrx_word' id='word_1_567' title='bbox 1159 4448 1281 4506; x_wconf 87' lang='lat' dir='ltr'><strong>coll.</strong></span> <span class='ocrx_word' id='word_1_568' title='bbox 1340 4466 1388 4505; x_wconf 90' lang='lat' dir='ltr'><strong>c.</strong></span> <span class='ocrx_word' id='word_1_569' title='bbox 1448 4450 1557 4523; x_wconf 84' lang='grc'>14),</span> <span class='ocrx_word' id='word_1_570' title='bbox 1617 4453 1863 4508; x_wconf 88' lang='lat' dir='ltr'><strong>auctori-</strong></span> 
     </span>
    </p>
   </div>
   <div class='ocr_carea' id='block_1_79' title="bbox 1979 3292 3627 3368">
    <p class='ocr_par' dir='ltr' id='par_1_79' title="bbox 1979 3292 3627 3368">
     <span class='ocr_line' id='line_1_79' title="bbox 1979 3292 3627 3368; baseline 0.001 -18"><span class='ocrx_word' id='word_1_571' title='bbox 1979 3298 2240 3368; x_wconf 80' lang='lat' dir='ltr'><strong>fratrum,</strong></span> <span class='ocrx_word' id='word_1_572' title='bbox 2271 3303 2451 3349; x_wconf 88' lang='lat' dir='ltr'><strong>rector</strong></span> <span class='ocrx_word' id='word_1_573' title='bbox 2478 3293 2708 3348; x_wconf 91' lang='lat' dir='ltr'><strong>illorum</strong></span> <span class='ocrx_word' id='word_1_574' title='bbox 2738 3294 2799 3347; x_wconf 88' lang='lat' dir='ltr'><strong>in</strong></span> <span class='ocrx_word' id='word_1_575' title='bbox 2828 3292 3029 3347; x_wconf 82' lang='lat' dir='ltr'><strong>honore</strong></span> <span class='ocrx_word' id='word_1_576' title='bbox 3054 3310 3068 3349; x_wconf 87' lang='lat'><strong>:</strong></span> <span class='ocrx_word' id='word_1_577' title='bbox 3096 3301 3148 3349; x_wconf 86' lang='lat' dir='ltr'><strong>et</strong></span> <span class='ocrx_word' id='word_1_578' title='bbox 3174 3296 3271 3366; x_wconf 87' lang='lat' dir='ltr'><strong>qui</strong></span> <span class='ocrx_word' id='word_1_579' title='bbox 3298 3298 3491 3350; x_wconf 86' lang='lat' dir='ltr'><strong>timent</strong></span> <span class='ocrx_word' id='word_1_580' title='bbox 3522 3302 3627 3352; x_wconf 87' lang='lat' dir='ltr'><strong>Do-</strong></span> 
     </span>
    </p>
   </div>
   <div class='ocr_carea' id='block_1_80' title="bbox 1978 3380 3625 3451">
    <p class='ocr_par' dir='ltr' id='par_1_80' title="bbox 1978 3380 3625 3451">
     <span class='ocr_line' id='line_1_80' title="bbox 1978 3380 3625 3451; baseline 0.001 -12"><span class='ocrx_word' id='word_1_581' title='bbox 1978 3386 2215 3451; x_wconf 88' lang='lat' dir='ltr'><strong>minum,</strong></span> <span class='ocrx_word' id='word_1_582' title='bbox 2248 3386 2408 3438; x_wconf 87' lang='lat' dir='ltr'><strong>erunt</strong></span> <span class='ocrx_word' id='word_1_583' title='bbox 2440 3383 2499 3437; x_wconf 90' lang='lat' dir='ltr'><strong>in</strong></span> <span class='ocrx_word' id='word_1_584' title='bbox 2526 3382 2697 3437; x_wconf 89' lang='lat' dir='ltr'><strong>oculis</strong></span> <span class='ocrx_word' id='word_1_585' title='bbox 2728 3380 2896 3436; x_wconf 90' lang='lat' dir='ltr'><strong>illius.</strong></span> <span class='ocrx_word' id='word_1_586' title='bbox 2924 3382 3113 3436; x_wconf 88' lang='lat' dir='ltr'><strong>Gloria</strong></span> <span class='ocrx_word' id='word_1_587' title='bbox 3150 3382 3401 3448; x_wconf 86' lang='lat' dir='ltr'><strong>divitum,</strong></span> <span class='ocrx_word' id='word_1_588' title='bbox 3459 3384 3625 3440; x_wconf 88' lang='lat' dir='ltr'><strong>hono-</strong></span> 
     </span>
    </p>
   </div>
   <div class='ocr_carea' id='block_1_81' title="bbox 1978 3470 3624 3545">
    <p class='ocr_par' dir='ltr' id='par_1_81' title="bbox 1978 3470 3624 3545">
     <span class='ocr_line' id='line_1_81' title="bbox 1978 3470 3624 3545; baseline 0.002 -18"><span class='ocrx_word' id='word_1_589' title='bbox 1978 3479 2234 3527; x_wconf 86' lang='lat' dir='ltr'><strong>ratorum</strong></span> <span class='ocrx_word' id='word_1_590' title='bbox 2252 3478 2306 3526; x_wconf 92' lang='lat' dir='ltr'><strong>et</strong></span> <span class='ocrx_word' id='word_1_591' title='bbox 2337 3485 2667 3542; x_wconf 88' lang='lat' dir='ltr'><strong>pauperum,</strong></span> <span class='ocrx_word' id='word_1_592' title='bbox 2701 3471 2867 3524; x_wconf 89' lang='lat' dir='ltr'><strong>timor</strong></span> <span class='ocrx_word' id='word_1_593' title='bbox 2896 3470 2996 3525; x_wconf 90' lang='lat' dir='ltr'><strong>Dei</strong></span> <span class='ocrx_word' id='word_1_594' title='bbox 3023 3478 3121 3525; x_wconf 84' lang='lat' dir='ltr'><strong>est.</strong></span> <span class='ocrx_word' id='word_1_595' title='bbox 3180 3472 3304 3526; x_wconf 88' lang='lat' dir='ltr'><strong>Noli</strong></span> <span class='ocrx_word' id='word_1_596' title='bbox 3346 3472 3624 3545; x_wconf 85' lang='lat' dir='ltr'><strong>despicere</strong></span> 
     </span>
    </p>
   </div>
   <div class='ocr_carea' id='block_1_82' title="bbox 1979 3560 3619 3631">
    <p class='ocr_par' dir='ltr' id='par_1_82' title="bbox 1979 3560 3619 3631">
     <span class='ocr_line' id='line_1_82' title="bbox 1979 3560 3619 3631; baseline 0.002 -16"><span class='ocrx_word' id='word_1_597' title='bbox 1979 3561 2254 3616; x_wconf 86' lang='lat' dir='ltr'><strong>hominem</strong></span> <span class='ocrx_word' id='word_1_598' title='bbox 2271 3560 2488 3629; x_wconf 86' lang='lat' dir='ltr'><strong>justum</strong></span> <span class='ocrx_word' id='word_1_599' title='bbox 2513 3574 2835 3630; x_wconf 90' lang='lat' dir='ltr'><strong>pauperem,</strong></span> <span class='ocrx_word' id='word_1_600' title='bbox 2866 3561 2918 3614; x_wconf 84' lang='lat' dir='ltr'><strong>et</strong></span> <span class='ocrx_word' id='word_1_601' title='bbox 2964 3560 3085 3614; x_wconf 90' lang='lat' dir='ltr'><strong>noli</strong></span> <span class='ocrx_word' id='word_1_602' title='bbox 3130 3562 3494 3631; x_wconf 82' lang='lat' dir='ltr'><strong>magniﬁcare</strong></span> <span class='ocrx_word' id='word_1_603' title='bbox 3540 3566 3619 3619; x_wconf 89' lang='lat' dir='ltr'><strong>vi-</strong></span> 
     </span>
    </p>
   </div>
   <div class='ocr_carea' id='block_1_83' title="bbox 1977 3646 3623 3724">
    <p class='ocr_par' dir='ltr' id='par_1_83' title="bbox 1977 3646 3623 3724">
     <span class='ocr_line' id='line_1_83' title="bbox 1977 3646 3623 3724; baseline 0.001 -18"><span class='ocrx_word' id='word_1_604' title='bbox 1977 3666 2106 3706; x_wconf 87' lang='lat' dir='ltr'><strong>rum</strong></span> <span class='ocrx_word' id='word_1_605' title='bbox 2130 3652 2472 3720; x_wconf 87' lang='lat' dir='ltr'><strong>peccatorem</strong></span> <span class='ocrx_word' id='word_1_606' title='bbox 2497 3646 2741 3703; x_wconf 85' lang='lat' dir='ltr'><strong>divitem.</strong></span> <span class='ocrx_word' id='word_1_607' title='bbox 2791 3646 3038 3718; x_wconf 63' lang='lat' dir='ltr'><strong>ﬂagnus,</strong></span> <span class='ocrx_word' id='word_1_608' title='bbox 3074 3654 3127 3703; x_wconf 87' lang='lat' dir='ltr'><strong>et</strong></span> <span class='ocrx_word' id='word_1_609' title='bbox 3165 3649 3360 3720; x_wconf 75' lang='lat' dir='ltr'><strong>judex,</strong></span> <span class='ocrx_word' id='word_1_610' title='bbox 3418 3660 3470 3707; x_wconf 84' lang='lat' dir='ltr'><strong>et</strong></span> <span class='ocrx_word' id='word_1_611' title='bbox 3522 3670 3623 3724; x_wconf 89' lang='lat' dir='ltr'><strong>po-</strong></span> 
     </span>
    </p>
   </div>
   <div class='ocr_carea' id='block_1_84' title="bbox 1979 3738 3626 3810">
    <p class='ocr_par' dir='ltr' id='par_1_84' title="bbox 1979 3738 3626 3810">
     <span class='ocr_line' id='line_1_84' title="bbox 1979 3738 3626 3810; baseline 0.001 -13"><span class='ocrx_word' id='word_1_612' title='bbox 1979 3742 2094 3797; x_wconf 79' lang='lat' dir='ltr'><strong>tens</strong></span> <span class='ocrx_word' id='word_1_613' title='bbox 2123 3741 2200 3796; x_wconf 85' lang='lat' dir='ltr'><strong>est</strong></span> <span class='ocrx_word' id='word_1_614' title='bbox 2228 3741 2289 3793; x_wconf 90' lang='lat' dir='ltr'><strong>in</strong></span> <span class='ocrx_word' id='word_1_615' title='bbox 2318 3739 2560 3793; x_wconf 87' lang='lat' dir='ltr'><strong>honore:</strong></span> <span class='ocrx_word' id='word_1_616' title='bbox 2588 3745 2639 3793; x_wconf 88' lang='lat' dir='ltr'><strong>et</strong></span> <span class='ocrx_word' id='word_1_617' title='bbox 2666 3752 2774 3793; x_wconf 88' lang='lat' dir='ltr'><strong>non</strong></span> <span class='ocrx_word' id='word_1_618' title='bbox 2823 3743 2903 3792; x_wconf 85' lang='lat' dir='ltr'><strong>est</strong></span> <span class='ocrx_word' id='word_1_619' title='bbox 2945 3739 3127 3808; x_wconf 87' lang='lat' dir='ltr'><strong>major</strong></span> <span class='ocrx_word' id='word_1_620' title='bbox 3182 3738 3289 3795; x_wconf 84' lang='lat' dir='ltr'><strong>illo</strong></span> <span class='ocrx_word' id='word_1_621' title='bbox 3334 3743 3431 3810; x_wconf 89' lang='lat' dir='ltr'><strong>qui</strong></span> <span class='ocrx_word' id='word_1_622' title='bbox 3468 3745 3626 3799; x_wconf 87' lang='lat' dir='ltr'><strong>timet</strong></span> 
     </span>
    </p>
   </div>
   <div class='ocr_carea' id='block_1_85' title="bbox 1976 3826 3629 3897">
    <p class='ocr_par' dir='ltr' id='par_1_85' title="bbox 1976 3826 3629 3897">
     <span class='ocr_line' id='line_1_85' title="bbox 1976 3826 3629 3897; baseline 0.002 -13"><span class='ocrx_word' id='word_1_623' title='bbox 1976 3828 2166 3884; x_wconf 88' lang='lat' dir='ltr'><strong>Deum.</strong></span> <span class='ocrx_word' id='word_1_624' title='bbox 2200 3827 2361 3882; x_wconf 89' lang='lat' dir='ltr'><strong>Servo</strong></span> <span class='ocrx_word' id='word_1_625' title='bbox 2386 3834 2602 3882; x_wconf 89' lang='lat' dir='ltr'><strong>sensato</strong></span> <span class='ocrx_word' id='word_1_626' title='bbox 2652 3826 2820 3882; x_wconf 88' lang='lat' dir='ltr'><strong>liberi</strong></span> <span class='ocrx_word' id='word_1_627' title='bbox 2858 3827 3116 3897; x_wconf 87' lang='lat' dir='ltr'><strong>servient,</strong></span> <span class='ocrx_word' id='word_1_628' title='bbox 3162 3836 3214 3883; x_wconf 86' lang='lat' dir='ltr'><strong>et</strong></span> <span class='ocrx_word' id='word_1_629' title='bbox 3246 3830 3334 3883; x_wconf 86' lang='lat' dir='ltr'><strong>vir</strong></span> <span class='ocrx_word' id='word_1_630' title='bbox 3378 3833 3629 3897; x_wconf 67' lang='lat' dir='ltr'><strong>prudens</strong></span> 
     </span>
    </p>
   </div>
   <div class='ocr_carea' id='block_1_86' title="bbox 1976 3915 3627 3988">
    <p class='ocr_par' dir='ltr' id='par_1_86' title="bbox 1976 3915 3627 3988">
     <span class='ocr_line' id='line_1_86' title="bbox 1976 3915 3627 3988; baseline 0 -15"><span class='ocrx_word' id='word_1_631' title='bbox 1976 3925 2028 3974; x_wconf 90' lang='lat' dir='ltr'><strong>et</strong></span> <span class='ocrx_word' id='word_1_632' title='bbox 2082 3916 2473 3988; x_wconf 82' lang='lat' dir='ltr'><strong>disciplinatus</strong></span> <span class='ocrx_word' id='word_1_633' title='bbox 2514 3931 2623 3971; x_wconf 88' lang='lat' dir='ltr'><strong>non</strong></span> <span class='ocrx_word' id='word_1_634' title='bbox 2664 3915 3029 3969; x_wconf 84' lang='lat' dir='ltr'><strong>murmurabit</strong></span> <span class='ocrx_word' id='word_1_635' title='bbox 3087 3920 3383 3986; x_wconf 86' lang='lat' dir='ltr'><strong>correptus,</strong></span> <span class='ocrx_word' id='word_1_636' title='bbox 3433 3923 3482 3973; x_wconf 91' lang='lat' dir='ltr'><strong>et</strong></span> <span class='ocrx_word' id='word_1_637' title='bbox 3541 3922 3627 3973; x_wconf 88' lang='lat' dir='ltr'><strong>in-</strong></span> 
     </span>
    </p>
   </div>
   <div class='ocr_carea' id='block_1_87' title="bbox 1974 4002 3627 4075">
    <p class='ocr_par' dir='ltr' id='par_1_87' title="bbox 1974 4002 3627 4075">
     <span class='ocr_line' id='line_1_87' title="bbox 1974 4002 3627 4075; baseline 0.002 -14"><span class='ocrx_word' id='word_1_638' title='bbox 1974 4007 2121 4061; x_wconf 83' lang='lat' dir='ltr'><strong>scius</strong></span> <span class='ocrx_word' id='word_1_639' title='bbox 2148 4020 2259 4060; x_wconf 87' lang='lat' dir='ltr'><strong>non</strong></span> <span class='ocrx_word' id='word_1_640' title='bbox 2280 4003 2660 4059; x_wconf 85' lang='lat' dir='ltr'><strong>honorabitur.</strong></span> <span class='ocrx_word' id='word_1_641' title='bbox 2684 4002 2810 4059; x_wconf 85' lang='lat' dir='ltr'><strong>Noli</strong></span> <span class='ocrx_word' id='word_1_642' title='bbox 2839 4007 2891 4058; x_wconf 89' lang='lat' dir='ltr'><strong>te</strong></span> <span class='ocrx_word' id='word_1_643' title='bbox 2939 4002 3211 4059; x_wconf 72' lang='lat' dir='ltr'><strong>extollere</strong></span> <span class='ocrx_word' id='word_1_644' title='bbox 3265 4004 3321 4058; x_wconf 89' lang='lat' dir='ltr'><strong>in</strong></span> <span class='ocrx_word' id='word_1_645' title='bbox 3378 4008 3627 4075; x_wconf 83' lang='lat' dir='ltr'><strong>faciendo</strong></span> 
     </span>
    </p>
   </div>
   <div class='ocr_carea' id='block_1_88' title="bbox 1976 4093 3629 4165">
    <p class='ocr_par' dir='ltr' id='par_1_88' title="bbox 1976 4093 3629 4165">
     <span class='ocr_line' id='line_1_88' title="bbox 1976 4093 3629 4165; baseline 0.001 -15"><span class='ocrx_word' id='word_1_646' title='bbox 1976 4094 1998 4130; x_wconf 85' lang='grc'>³</span> <span class='ocrx_word' id='word_1_647' title='bbox 2027 4098 2327 4165; x_wconf 89' lang='lat' dir='ltr'><strong>operatua,</strong></span> <span class='ocrx_word' id='word_1_648' title='bbox 2351 4101 2405 4148; x_wconf 87' lang='lat' dir='ltr'><strong>et</strong></span> <span class='ocrx_word' id='word_1_649' title='bbox 2430 4093 2548 4148; x_wconf 89' lang='lat' dir='ltr'><strong>noli</strong></span> <span class='ocrx_word' id='word_1_650' title='bbox 2575 4093 2827 4148; x_wconf 82' lang='lat' dir='ltr'><strong>cunctari</strong></span> <span class='ocrx_word' id='word_1_651' title='bbox 2851 4094 2915 4147; x_wconf 90' lang='lat' dir='ltr'><strong>in</strong></span> <span class='ocrx_word' id='word_1_652' title='bbox 2946 4096 3186 4160; x_wconf 87' lang='lat' dir='ltr'><strong>tempore</strong></span> <span class='ocrx_word' id='word_1_653' title='bbox 3203 4097 3497 4164; x_wconf 76' lang='lat' dir='ltr'><strong>angustiae.</strong></span> <span class='ocrx_word' id='word_1_654' title='bbox 3512 4100 3629 4152; x_wconf 80' lang='lat' dir='ltr'><strong>Me-</strong></span> 
     </span>
    </p>
   </div>
   <div class='ocr_carea' id='block_1_89' title="bbox 1975 4180 3629 4257">
    <p class='ocr_par' dir='ltr' id='par_1_89' title="bbox 1975 4180 3629 4257">
     <span class='ocr_line' id='line_1_89' title="bbox 1975 4180 3629 4257; baseline 0.002 -19"><span class='ocrx_word' id='word_1_655' title='bbox 1975 4183 2083 4239; x_wconf 91' lang='lat' dir='ltr'><strong>lior</strong></span> <span class='ocrx_word' id='word_1_656' title='bbox 2110 4186 2190 4237; x_wconf 88' lang='lat' dir='ltr'><strong>est</strong></span> <span class='ocrx_word' id='word_1_657' title='bbox 2217 4182 2314 4253; x_wconf 82' lang='lat' dir='ltr'><strong>qui</strong></span> <span class='ocrx_word' id='word_1_658' title='bbox 2342 4188 2599 4253; x_wconf 88' lang='lat' dir='ltr'><strong>operatur</strong></span> <span class='ocrx_word' id='word_1_659' title='bbox 2623 4188 2675 4237; x_wconf 89' lang='lat' dir='ltr'><strong>et</strong></span> <span class='ocrx_word' id='word_1_660' title='bbox 2704 4180 2945 4235; x_wconf 89' lang='lat' dir='ltr'><strong>abundat</strong></span> <span class='ocrx_word' id='word_1_661' title='bbox 2971 4182 3032 4234; x_wconf 90' lang='lat' dir='ltr'><strong>in</strong></span> <span class='ocrx_word' id='word_1_662' title='bbox 3053 4181 3301 4236; x_wconf 87' lang='lat' dir='ltr'><strong>omnibus</strong></span> <span class='ocrx_word' id='word_1_663' title='bbox 3331 4200 3496 4253; x_wconf 84' lang='lat' dir='ltr'><strong>quam</strong></span> <span class='ocrx_word' id='word_1_664' title='bbox 3519 4186 3629 4257; x_wconf 73' lang='lat' dir='ltr'><strong>:qui</strong></span> 
     </span>
    </p>
   </div>
   <div class='ocr_carea' id='block_1_90' title="bbox 1972 4269 3626 4343">
    <p class='ocr_par' dir='ltr' id='par_1_90' title="bbox 1972 4269 3626 4343">
     <span class='ocr_line' id='line_1_90' title="bbox 1972 4269 3626 4343; baseline 0.001 -16"><span class='ocrx_word' id='word_1_665' title='bbox 1972 4272 2245 4343; x_wconf 86' lang='lat' dir='ltr'><strong>gloriatur</strong></span> <span class='ocrx_word' id='word_1_666' title='bbox 2272 4277 2324 4326; x_wconf 91' lang='lat' dir='ltr'><strong>et</strong></span> <span class='ocrx_word' id='word_1_667' title='bbox 2350 4273 2466 4341; x_wconf 86' lang='lat' dir='ltr'><strong>eget</strong></span> <span class='ocrx_word' id='word_1_668' title='bbox 2501 4284 2665 4338; x_wconf 85' lang='lat' dir='ltr'><strong>pane.</strong></span> <span class='ocrx_word' id='word_1_669' title='bbox 2714 4269 2843 4337; x_wconf 83' lang='lat' dir='ltr'><strong>Fili,</strong></span> <span class='ocrx_word' id='word_1_670' title='bbox 2886 4270 2947 4323; x_wconf 91' lang='lat' dir='ltr'><strong>in</strong></span> <span class='ocrx_word' id='word_1_671' title='bbox 3002 4270 3421 4327; x_wconf 86' lang='lat' dir='ltr'><strong>mansuetudine</strong></span> <span class='ocrx_word' id='word_1_672' title='bbox 3467 4288 3626 4329; x_wconf 87' lang='lat' dir='ltr'><strong>serva</strong></span> 
     </span>
    </p>
   </div>
   <div class='ocr_carea' id='block_1_91' title="bbox 1971 4356 3626 4423">
    <p class='ocr_par' dir='ltr' id='par_1_91' title="bbox 1971 4356 3626 4423">
     <span class='ocr_line' id='line_1_91' title="bbox 1971 4356 3626 4423; baseline 0.002 -8"><span class='ocrx_word' id='word_1_673' title='bbox 1971 4361 2419 4423; x_wconf 87' lang='lat' dir='ltr'><strong>animamtuam,</strong></span> <span class='ocrx_word' id='word_1_674' title='bbox 2447 4365 2498 4413; x_wconf 89' lang='lat' dir='ltr'><strong>et</strong></span> <span class='ocrx_word' id='word_1_675' title='bbox 2531 4357 2603 4413; x_wconf 90' lang='lat' dir='ltr'><strong>da</strong></span> <span class='ocrx_word' id='word_1_676' title='bbox 2644 4357 2735 4412; x_wconf 90' lang='lat' dir='ltr'><strong>illi</strong></span> <span class='ocrx_word' id='word_1_677' title='bbox 2793 4356 3057 4413; x_wconf 81' lang='lat' dir='ltr'><strong>honorem</strong></span> <span class='ocrx_word' id='word_1_678' title='bbox 3111 4359 3410 4416; x_wconf 84' lang='lat' dir='ltr'><strong>secundum</strong></span> <span class='ocrx_word' id='word_1_679' title='bbox 3462 4365 3626 4418; x_wconf 81' lang='lat' dir='ltr'><strong>meri-</strong></span> 
     </span>
    </p>
   </div>
   <div class='ocr_carea' id='block_1_92' title="bbox 1971 4446 3624 4521">
    <p class='ocr_par' dir='ltr' id='par_1_92' title="bbox 1971 4446 3624 4521">
     <span class='ocr_line' id='line_1_92' title="bbox 1971 4446 3624 4521; baseline 0.001 -16"><span class='ocrx_word' id='word_1_680' title='bbox 1971 4457 2086 4505; x_wconf 90' lang='lat' dir='ltr'><strong>tum</strong></span> <span class='ocrx_word' id='word_1_681' title='bbox 2110 4449 2629 4504; x_wconf 83' lang='lat' dir='ltr'><strong>suum.Peecantem</strong></span> <span class='ocrx_word' id='word_1_682' title='bbox 2666 4446 2726 4501; x_wconf 88' lang='lat' dir='ltr'><strong>in</strong></span> <span class='ocrx_word' id='word_1_683' title='bbox 2778 4446 3031 4501; x_wconf 88' lang='lat' dir='ltr'><strong>animam</strong></span> <span class='ocrx_word' id='word_1_684' title='bbox 3078 4462 3237 4501; x_wconf 86' lang='lat' dir='ltr'><strong>suam</strong></span> <span class='ocrx_word' id='word_1_685' title='bbox 3293 4450 3415 4520; x_wconf 88' lang='lat' dir='ltr'><strong>quis</strong></span> <span class='ocrx_word' id='word_1_686' title='bbox 3456 4452 3624 4521; x_wconf 87' lang='lat' dir='ltr'><strong>justi-</strong></span> 
     </span>
    </p>
   </div>
   <div class='ocr_carea' id='block_1_93' title="bbox 289 4533 3627 4611">
    <p class='ocr_par' dir='ltr' id='par_1_93' title="bbox 289 4533 3627 4611">
     <span class='ocr_line' id='line_1_93' title="bbox 289 4533 3627 4611; baseline 0.001 -17"><span class='ocrx_word' id='word_1_687' title='bbox 289 4543 409 4594; x_wconf 86' lang='lat' dir='ltr'><strong>tate</strong></span> <span class='ocrx_word' id='word_1_688' title='bbox 437 4537 565 4593; x_wconf 90' lang='lat' dir='ltr'><strong>fulti</strong></span> <span class='ocrx_word' id='word_1_689' title='bbox 595 4538 941 4611; x_wconf 88' lang='lat' dir='ltr'><strong>apostolica,</strong></span> <span class='ocrx_word' id='word_1_690' title='bbox 963 4537 1336 4610; x_wconf 73' lang='lat' dir='ltr'><strong>pmcipimus</strong></span> <span class='ocrx_word' id='word_1_691' title='bbox 1354 4542 1421 4593; x_wconf 90' lang='lat' dir='ltr'><strong>ut</strong></span> <span class='ocrx_word' id='word_1_692' title='bbox 1438 4537 1636 4594; x_wconf 90' lang='lat' dir='ltr'><strong>nullus</strong></span> <span class='ocrx_word' id='word_1_693' title='bbox 1660 4545 1869 4596; x_wconf 90' lang='lat' dir='ltr'><strong>metro-</strong></span> <span class='ocrx_word' id='word_1_694' title='bbox 1900 4544 1946 4609; x_wconf 85' lang='lat' dir='ltr'><strong>D</strong></span> <span class='ocrx_word' id='word_1_695' title='bbox 1976 4537 2157 4608; x_wconf 79' lang='lat' dir='ltr'><strong>ﬁcabit</strong></span> <span class='ocrx_word' id='word_1_696' title='bbox 2176 4538 2205 4592; x_wconf 85' lang='lat'><strong>?</strong></span> <span class='ocrx_word' id='word_1_697' title='bbox 2223 4538 2289 4592; x_wconf 85' lang='lat' dir='ltr'><strong>Et</strong></span> <span class='ocrx_word' id='word_1_698' title='bbox 2317 4536 2436 4608; x_wconf 89' lang='lat' dir='ltr'><strong>quis</strong></span> <span class='ocrx_word' id='word_1_699' title='bbox 2465 4534 2849 4604; x_wconf 83' lang='lat' dir='ltr'><strong>honoriﬁcabit</strong></span> <span class='ocrx_word' id='word_1_700' title='bbox 2896 4533 3336 4592; x_wconf 77' lang='lat' dir='ltr'><strong>exhonorantem</strong></span> <span class='ocrx_word' id='word_1_701' title='bbox 3373 4541 3627 4596; x_wconf 86' lang='lat' dir='ltr'><strong>animam</strong></span> 
     </span>
    </p>
   </div>
   <div class='ocr_carea' id='block_1_94' title="bbox 213 4627 1870 4703">
    <p class='ocr_par' dir='ltr' id='par_1_94' title="bbox 213 4627 1870 4703">
     <span class='ocr_line' id='line_1_94' title="bbox 213 4627 1870 4703; baseline -0.001 -18"><span class='ocrx_word' id='word_1_702' title='bbox 213 4628 517 4703; x_wconf 88' lang='lat' dir='ltr'><strong>politanus</strong></span> <span class='ocrx_word' id='word_1_703' title='bbox 555 4628 885 4701; x_wconf 88' lang='lat' dir='ltr'><strong>episcopus,</strong></span> <span class='ocrx_word' id='word_1_704' title='bbox 926 4627 1149 4697; x_wconf 87' lang='lat' dir='ltr'><strong>absque</strong></span> <span class='ocrx_word' id='word_1_705' title='bbox 1205 4629 1544 4681; x_wconf 67' lang='lat' dir='ltr'><strong>ceterorum</strong></span> <span class='ocrx_word' id='word_1_706' title='bbox 1605 4628 1870 4684; x_wconf 89' lang='lat' dir='ltr'><strong>omnium</strong></span> 
     </span>
    </p>
   </div>
   <div class='ocr_carea' id='block_1_95' title="bbox 210 4714 1869 4789">
    <p class='ocr_par' dir='ltr' id='par_1_95' title="bbox 210 4714 1869 4789">
     <span class='ocr_line' id='line_1_95' title="bbox 210 4714 1869 4789; baseline -0.001 -15"><span class='ocrx_word' id='word_1_707' title='bbox 210 4717 795 4787; x_wconf 90' lang='lat' dir='ltr'><strong>comprovincialium</strong></span> <span class='ocrx_word' id='word_1_708' title='bbox 838 4716 1244 4789; x_wconf 91' lang='lat' dir='ltr'><strong>episcoporum</strong></span> <span class='ocrx_word' id='word_1_709' title='bbox 1300 4714 1603 4783; x_wconf 89' lang='lat' dir='ltr'><strong>instantia,</strong></span> <span class='ocrx_word' id='word_1_710' title='bbox 1644 4715 1869 4788; x_wconf 85' lang='lat' dir='ltr'><strong>aliquo-</strong></span> 
     </span>
    </p>
   </div>
   <div class='ocr_carea' id='block_1_96' title="bbox 212 4802 1873 4875">
    <p class='ocr_par' dir='ltr' id='par_1_96' title="bbox 212 4802 1873 4875">
     <span class='ocr_line' id='line_1_96' title="bbox 212 4802 1873 4875; baseline -0.002 -12"><span class='ocrx_word' id='word_1_711' title='bbox 212 4823 354 4863; x_wconf 87' lang='lat' dir='ltr'><strong>rum</strong></span> <span class='ocrx_word' id='word_1_712' title='bbox 386 4806 586 4862; x_wconf 89' lang='lat' dir='ltr'><strong>audiat</strong></span> <span class='ocrx_word' id='word_1_713' title='bbox 616 4822 824 4861; x_wconf 90' lang='lat' dir='ltr'><strong>causas</strong></span> <span class='ocrx_word' id='word_1_714' title='bbox 855 4821 1057 4861; x_wconf 89' lang='lat' dir='ltr'><strong>eorum</strong></span> <span class='ocrx_word' id='word_1_715' title='bbox 1092 4822 1106 4872; x_wconf 87' lang='lat'><strong>;</strong></span> <span class='ocrx_word' id='word_1_716' title='bbox 1159 4803 1299 4875; x_wconf 89' lang='lat' dir='ltr'><strong>quia</strong></span> <span class='ocrx_word' id='word_1_717' title='bbox 1353 4802 1518 4860; x_wconf 90' lang='lat' dir='ltr'><strong>irrita</strong></span> <span class='ocrx_word' id='word_1_718' title='bbox 1573 4808 1768 4873; x_wconf 85' lang='lat' dir='ltr'><strong>erunt,</strong></span> <span class='ocrx_word' id='word_1_719' title='bbox 1816 4808 1873 4861; x_wconf 90' lang='lat' dir='ltr'><strong>et</strong></span> 
     </span>
    </p>
   </div>
   <div class='ocr_carea' id='block_1_97' title="bbox 209 4892 1128 4969">
    <p class='ocr_par' dir='ltr' id='par_1_97' title="bbox 209 4892 1128 4969">
     <span class='ocr_line' id='line_1_97' title="bbox 209 4892 1128 4969; baseline -0.003 -17"><span class='ocrx_word' id='word_1_720' title='bbox 209 4896 347 4969; x_wconf 91' lang='lat' dir='ltr'><strong>ipse</strong></span> <span class='ocrx_word' id='word_1_721' title='bbox 376 4911 615 4951; x_wconf 88' lang='lat' dir='ltr'><strong>causam</strong></span> <span class='ocrx_word' id='word_1_722' title='bbox 646 4910 749 4967; x_wconf 88' lang='lat' dir='ltr'><strong>pro</strong></span> <span class='ocrx_word' id='word_1_723' title='bbox 774 4894 922 4950; x_wconf 82' lang='lat' dir='ltr'><strong>facto</strong></span> <span class='ocrx_word' id='word_1_724' title='bbox 946 4892 1128 4949; x_wconf 89' lang='lat' dir='ltr'><strong>dabit.</strong></span> 
     </span>
    </p>
   </div>
   <div class='ocr_carea' id='block_1_98' title="bbox 1977 4621 3629 4697">
    <p class='ocr_par' dir='ltr' id='par_1_98' title="bbox 1977 4621 3629 4697">
     <span class='ocr_line' id='line_1_98' title="bbox 1977 4621 3629 4697; baseline 0.002 -16"><span class='ocrx_word' id='word_1_725' title='bbox 1977 4642 2137 4682; x_wconf 87' lang='lat' dir='ltr'><strong>suam</strong></span> <span class='ocrx_word' id='word_1_726' title='bbox 2166 4629 2192 4680; x_wconf 80' lang='lat'><strong><em>?</em></strong></span> <span class='ocrx_word' id='word_1_727' title='bbox 2217 4631 2438 4697; x_wconf 85' lang='lat' dir='ltr'><strong>Pauper</strong></span> <span class='ocrx_word' id='word_1_728' title='bbox 2464 4622 2741 4693; x_wconf 87' lang='lat' dir='ltr'><strong>gloriatur</strong></span> <span class='ocrx_word' id='word_1_729' title='bbox 2753 4638 2857 4694; x_wconf 87' lang='lat' dir='ltr'><strong>per</strong></span> <span class='ocrx_word' id='word_1_730' title='bbox 2882 4621 3257 4695; x_wconf 87' lang='lat' dir='ltr'><strong>ldisciplinam</strong></span> <span class='ocrx_word' id='word_1_731' title='bbox 3287 4633 3339 4681; x_wconf 85' lang='lat' dir='ltr'><strong>et</strong></span> <span class='ocrx_word' id='word_1_732' title='bbox 3366 4630 3629 4684; x_wconf 87' lang='lat' dir='ltr'><strong>timorem</strong></span> 
     </span>
    </p>
   </div>
   <div class='ocr_carea' id='block_1_99' title="bbox 1976 4712 3628 4785">
    <p class='ocr_par' dir='ltr' id='par_1_99' title="bbox 1976 4712 3628 4785">
     <span class='ocr_line' id='line_1_99' title="bbox 1976 4712 3628 4785; baseline 0.002 -15"><span class='ocrx_word' id='word_1_733' title='bbox 1976 4731 2141 4770; x_wconf 89' lang='lat' dir='ltr'><strong>suum</strong></span> <span class='ocrx_word' id='word_1_734' title='bbox 2162 4734 2179 4769; x_wconf 92' lang='lat'><em>:</em></span> <span class='ocrx_word' id='word_1_735' title='bbox 2203 4723 2255 4771; x_wconf 89' lang='lat' dir='ltr'><strong>et</strong></span> <span class='ocrx_word' id='word_1_736' title='bbox 2279 4719 2360 4769; x_wconf 87' lang='lat' dir='ltr'><strong>est</strong></span> <span class='ocrx_word' id='word_1_737' title='bbox 2390 4713 2547 4769; x_wconf 90' lang='lat' dir='ltr'><strong>homo</strong></span> <span class='ocrx_word' id='word_1_738' title='bbox 2571 4714 2668 4784; x_wconf 90' lang='lat' dir='ltr'><strong>qui</strong></span> <span class='ocrx_word' id='word_1_739' title='bbox 2704 4712 3098 4781; x_wconf 81' lang='lat' dir='ltr'><strong>honoriﬁcatur</strong></span> <span class='ocrx_word' id='word_1_740' title='bbox 3124 4718 3350 4785; x_wconf 86' lang='lat' dir='ltr'><strong>propter</strong></span> <span class='ocrx_word' id='word_1_741' title='bbox 3377 4718 3628 4773; x_wconf 83' lang='lat' dir='ltr'><strong>substan-</strong></span> 
     </span>
    </p>
   </div>
   <div class='ocr_carea' id='block_1_100' title="bbox 1980 4802 3626 4877">
    <p class='ocr_par' dir='ltr' id='par_1_100' title="bbox 1980 4802 3626 4877">
     <span class='ocr_line' id='line_1_100' title="bbox 1980 4802 3626 4877; baseline 0.002 -17"><span class='ocrx_word' id='word_1_742' title='bbox 1980 4804 2118 4860; x_wconf 83' lang='lat' dir='ltr'><strong>tiam</strong></span> <span class='ocrx_word' id='word_1_743' title='bbox 2169 4820 2349 4859; x_wconf 88' lang='lat' dir='ltr'><strong>suam.</strong></span> <span class='ocrx_word' id='word_1_744' title='bbox 2399 4803 2504 4871; x_wconf 85' lang='lat' dir='ltr'><strong>Qui</strong></span> <span class='ocrx_word' id='word_1_745' title='bbox 2547 4810 2730 4857; x_wconf 87' lang='lat' dir='ltr'><strong>autem</strong></span> <span class='ocrx_word' id='word_1_746' title='bbox 2805 4802 3083 4873; x_wconf 83' lang='lat' dir='ltr'><strong>gloriatur</strong></span> <span class='ocrx_word' id='word_1_747' title='bbox 3129 4804 3217 4871; x_wconf 74' lang='lat' dir='ltr'><strong>{in</strong></span> <span class='ocrx_word' id='word_1_748' title='bbox 3282 4810 3626 4877; x_wconf 84' lang='lat' dir='ltr'><strong>paupertate,</strong></span> 
     </span>
    </p>
   </div>
   <div class='ocr_carea' id='block_1_101' title="bbox 1978 4891 3627 4965">
    <p class='ocr_par' dir='ltr' id='par_1_101' title="bbox 1978 4891 3627 4965">
     <span class='ocr_line' id='line_1_101' title="bbox 1978 4891 3627 4965; baseline 0.001 -16"><span class='ocrx_word' id='word_1_749' title='bbox 1978 4896 2182 4965; x_wconf 88' lang='lat' dir='ltr'><strong>quanto</strong></span> <span class='ocrx_word' id='word_1_750' title='bbox 2200 4894 2374 4965; x_wconf 86' lang='lat' dir='ltr'><strong>magis</strong></span> <span class='ocrx_word' id='word_1_751' title='bbox 2403 4893 2463 4947; x_wconf 91' lang='lat' dir='ltr'><strong>in</strong></span> <span class='ocrx_word' id='word_1_752' title='bbox 2489 4891 2793 4948; x_wconf 86' lang='lat' dir='ltr'><strong>substantia</strong></span> <span class='ocrx_word' id='word_1_753' title='bbox 2811 4894 2836 4944; x_wconf 73' lang='lat'><strong>.9</strong></span> <span class='ocrx_word' id='word_1_754' title='bbox 2859 4893 2933 4946; x_wconf 88' lang='lat' dir='ltr'><strong>Et</strong></span> <span class='ocrx_word' id='word_1_755' title='bbox 2960 4892 3059 4964; x_wconf 86' lang='lat' dir='ltr'><strong>qui</strong></span> <span class='ocrx_word' id='word_1_756' title='bbox 3084 4892 3356 4962; x_wconf 85' lang='lat' dir='ltr'><strong>gloriatur</strong></span> <span class='ocrx_word' id='word_1_757' title='bbox 3408 4895 3469 4949; x_wconf 86' lang='lat' dir='ltr'><strong>in</strong></span> <span class='ocrx_word' id='word_1_758' title='bbox 3500 4896 3627 4950; x_wconf 90' lang='lat' dir='ltr'><strong>sub-</strong></span> 
     </span>
    </p>
   </div>
   <div class='ocr_carea' id='block_1_102' title="bbox 1655 5036 2208 5098">
    <p class='ocr_par' dir='ltr' id='par_1_102' title="bbox 1655 5036 2208 5098">
     <span class='ocr_line' id='line_1_102' title="bbox 1655 5036 2208 5098; baseline 0.002 -2"><span class='ocrx_word' id='word_1_759' title='bbox 1655 5036 1859 5098; x_wconf 75' lang='lat' dir='ltr'><strong>Variaa</strong></span> <span class='ocrx_word' id='word_1_760' title='bbox 1889 5036 2208 5098; x_wconf 88' lang='lat' dir='ltr'><strong>lectiones.</strong></span> 
     </span>
    </p>
   </div>
   <div class='ocr_carea' id='block_1_103' title="bbox 288 5159 2497 5233">
    <p class='ocr_par' dir='ltr' id='par_1_103' title="bbox 288 5159 2497 5233">
     <span class='ocr_line' id='line_1_103' title="bbox 288 5159 2497 5233; baseline -0.002 -15"><span class='ocrx_word' id='word_1_761' title='bbox 288 5167 307 5200; x_wconf 74' lang='grc'>⁸</span> <span class='ocrx_word' id='word_1_762' title='bbox 343 5162 496 5218; x_wconf 78' lang='lat' dir='ltr'><strong>Alias</strong></span> <span class='ocrx_word' id='word_1_763' title='bbox 524 5162 753 5218; x_wconf 86' lang='lat' dir='ltr'><strong>Servos.</strong></span> <span class='ocrx_word' id='word_1_764' title='bbox 784 5160 807 5196; x_wconf 82' lang='grc'>³</span> <span class='ocrx_word' id='word_1_765' title='bbox 830 5159 996 5216; x_wconf 70' lang='lat' dir='ltr'><strong>Alias</strong></span> <span class='ocrx_word' id='word_1_766' title='bbox 1024 5159 1388 5217; x_wconf 86' lang='lat' dir='ltr'><strong>Sacerdotes.</strong></span> <span class='ocrx_word' id='word_1_767' title='bbox 1410 5159 1433 5194; x_wconf 81' lang='grc'>³</span> <span class='ocrx_word' id='word_1_768' title='bbox 1479 5159 1638 5216; x_wconf 81' lang='lat' dir='ltr'><strong>Alias</strong></span> <span class='ocrx_word' id='word_1_769' title='bbox 1669 5159 1854 5233; x_wconf 89' lang='lat' dir='ltr'><strong>Opere</strong></span> <span class='ocrx_word' id='word_1_770' title='bbox 1882 5162 1985 5216; x_wconf 87' lang='lat' dir='ltr'><strong>tuo</strong></span> <span class='ocrx_word' id='word_1_771' title='bbox 2013 5160 2100 5217; x_wconf 89' lang='lat' dir='ltr'><strong>vel</strong></span> <span class='ocrx_word' id='word_1_772' title='bbox 2125 5176 2272 5233; x_wconf 92' lang='lat' dir='ltr'><strong>opus</strong></span> <span class='ocrx_word' id='word_1_773' title='bbox 2303 5163 2497 5216; x_wconf 91' lang='lat' dir='ltr'><strong>tuum.</strong></span> 
     </span>
    </p>
   </div>
   <div class='ocr_carea' id='block_1_104' title="bbox 1654 5303 2207 5367">
    <p class='ocr_par' dir='ltr' id='par_1_104' title="bbox 1654 5303 2207 5367">
     <span class='ocr_line' id='line_1_104' title="bbox 1654 5303 2207 5367; baseline 0.002 -3"><span class='ocrx_word' id='word_1_774' title='bbox 1654 5303 1987 5367; x_wconf 83' lang='lat' dir='ltr'><strong>Variorum</strong></span> <span class='ocrx_word' id='word_1_775' title='bbox 2016 5308 2207 5365; x_wconf 86' lang='lat' dir='ltr'><strong>notae.</strong></span> 
     </span>
    </p>
   </div>
   <div class='ocr_carea' id='block_1_105' title="bbox 290 5425 1872 5519">
    <p class='ocr_par' dir='ltr' id='par_1_105' title="bbox 290 5425 1872 5519">
     <span class='ocr_line' id='line_1_105' title="bbox 290 5425 1872 5519; baseline 0 0"><span class='ocrx_word' id='word_1_776' title='bbox 290 5432 432 5519; x_wconf 71' lang='grc' dir='ltr'><strong>ςυυο</strong></span> <span class='ocrx_word' id='word_1_777' title='bbox 494 5427 957 5519; x_wconf 49' lang='lat' dir='ltr'><strong>emta/tntae.</strong></span> <span class='ocrx_word' id='word_1_778' title='bbox 982 5425 1872 5519; x_wconf 54' lang='lat' dir='ltr'><strong>‘1‘?-.‘{‘E.L“f‘__€&quot;-;&#39;&quot;!?f._{°f9</strong></span> 
     </span>
    </p>
   </div>
   <div class='ocr_carea' id='block_1_106' title="bbox 214 5499 1875 5574">
    <p class='ocr_par' dir='ltr' id='par_1_106' title="bbox 214 5499 1875 5574">
     <span class='ocr_line' id='line_1_106' title="bbox 214 5499 1875 5574; baseline -0.004 -12"><span class='ocrx_word' id='word_1_779' title='bbox 214 5499 536 5574; x_wconf 81' lang='lat' dir='ltr'><strong>episcopum</strong></span> <span class='ocrx_word' id='word_1_780' title='bbox 558 5499 674 5574; x_wconf 83' lang='lat' dir='ltr'><strong>non</strong></span> <span class='ocrx_word' id='word_1_781' title='bbox 702 5500 975 5574; x_wconf 76' lang='lat' dir='ltr'><strong>deserant.</strong></span> <span class='ocrx_word' id='word_1_782' title='bbox 1013 5499 1349 5574; x_wconf 78' lang='lat' dir='ltr'><strong>Decernitur</strong></span> <span class='ocrx_word' id='word_1_783' title='bbox 1386 5503 1453 5553; x_wconf 90' lang='lat' dir='ltr'><strong>ut</strong></span> <span class='ocrx_word' id='word_1_784' title='bbox 1482 5500 1553 5554; x_wconf 92' lang='lat' dir='ltr'><strong>ad</strong></span> <span class='ocrx_word' id='word_1_785' title='bbox 1603 5499 1875 5574; x_wconf 84' lang='lat' dir='ltr'><strong>evitanda</strong></span> 
     </span>
    </p>
   </div>
   <div class='ocr_carea' id='block_1_107' title="bbox 264 5569 1872 5655">
    <p class='ocr_par' dir='ltr' id='par_1_107' title="bbox 264 5569 1872 5655">
     <span class='ocr_line' id='line_1_107' title="bbox 264 5569 1872 5655; baseline -0.002 -24"><span class='ocrx_word' id='word_1_786' title='bbox 264 5569 691 5655; x_wconf 31' lang='lat' dir='ltr'><strong>etractiOniscet</strong></span> <span class='ocrx_word' id='word_1_787' title='bbox 718 5571 971 5626; x_wconf 83' lang='lat' dir='ltr'><strong>infamiae</strong></span> <span class='ocrx_word' id='word_1_788' title='bbox 1016 5569 1277 5655; x_wconf 76' lang='lat' dir='ltr'><strong>pericula</strong></span> <span class='ocrx_word' id='word_1_789' title='bbox 1316 5574 1553 5655; x_wconf 68' lang='lat' dir='ltr'><strong>propter</strong></span> <span class='ocrx_word' id='word_1_790' title='bbox 1608 5572 1872 5655; x_wconf 82' lang='lat' dir='ltr'><strong>testimo-</strong></span> 
     </span>
    </p>
   </div>
   <div class='ocr_carea' id='block_1_108' title="bbox 222 5641 1876 5717">
    <p class='ocr_par' dir='ltr' id='par_1_108' title="bbox 222 5641 1876 5717">
     <span class='ocr_line' id='line_1_108' title="bbox 222 5641 1876 5717; baseline -0.003 -13"><span class='ocrx_word' id='word_1_791' title='bbox 222 5644 396 5704; x_wconf 85' lang='lat' dir='ltr'><strong>nium</strong></span> <span class='ocrx_word' id='word_1_792' title='bbox 418 5645 684 5701; x_wconf 62' lang='lat' dir='ltr'><strong>Ecclesia</strong></span> <span class='ocrx_word' id='word_1_793' title='bbox 714 5641 1189 5716; x_wconf 32' lang='lat' dir='ltr'><strong>nusquam‘eant,</strong></span> <span class='ocrx_word' id='word_1_794' title='bbox 1219 5641 1333 5698; x_wconf 90' lang='lat' dir='ltr'><strong>nisi</strong></span> <span class='ocrx_word' id='word_1_795' title='bbox 1353 5641 1606 5698; x_wconf 86' lang='lat' dir='ltr'><strong>duorum</strong></span> <span class='ocrx_word' id='word_1_796' title='bbox 1638 5643 1876 5717; x_wconf 79' lang='lat' dir='ltr'><strong>presby-</strong></span> 
     </span>
    </p>
   </div>
   <div class='ocr_carea' id='block_1_109' title="bbox 1982 5424 3633 5500">
    <p class='ocr_par' dir='ltr' id='par_1_109' title="bbox 1982 5424 3633 5500">
     <span class='ocr_line' id='line_1_109' title="bbox 1982 5424 3633 5500; baseline -0.001 -15"><span class='ocrx_word' id='word_1_797' title='bbox 1982 5432 2239 5485; x_wconf 88' lang='lat' dir='ltr'><strong>terorum</strong></span> <span class='ocrx_word' id='word_1_798' title='bbox 2272 5431 2329 5483; x_wconf 90' lang='lat' dir='ltr'><strong>et</strong></span> <span class='ocrx_word' id='word_1_799' title='bbox 2357 5427 2539 5500; x_wconf 83' lang='lat' dir='ltr'><strong>trium</strong></span> <span class='ocrx_word' id='word_1_800' title='bbox 2570 5424 2949 5500; x_wconf 71' lang='lat' dir='ltr'><strong>diaconorum</strong></span> <span class='ocrx_word' id='word_1_801' title='bbox 2972 5424 3251 5500; x_wconf 84' lang='lat' dir='ltr'><strong>comitatu</strong></span> <span class='ocrx_word' id='word_1_802' title='bbox 3284 5427 3501 5500; x_wconf 87' lang='lat' dir='ltr'><strong>stipati.</strong></span> <span class='ocrx_word' id='word_1_803' title='bbox 3530 5431 3633 5488; x_wconf 87' lang='lat' dir='ltr'><strong>De-</strong></span> 
     </span>
    </p>
   </div>
   <div class='ocr_carea' id='block_1_110' title="bbox 1983 5495 3635 5569">
    <p class='ocr_par' dir='ltr' id='par_1_110' title="bbox 1983 5495 3635 5569">
     <span class='ocr_line' id='line_1_110' title="bbox 1983 5495 3635 5569; baseline 0.002 -13"><span class='ocrx_word' id='word_1_804' title='bbox 1983 5502 2121 5556; x_wconf 86' lang='lat' dir='ltr'><strong>creti</strong></span> <span class='ocrx_word' id='word_1_805' title='bbox 2154 5501 2332 5569; x_wconf 84' lang='lat' dir='ltr'><strong>huius</strong></span> <span class='ocrx_word' id='word_1_806' title='bbox 2382 5498 2685 5569; x_wconf 71' lang='lat' dir='ltr'><strong>sanciendi</strong></span> <span class='ocrx_word' id='word_1_807' title='bbox 2743 5495 3049 5569; x_wconf 85' lang='lat' dir='ltr'><strong>calumnias</strong></span> <span class='ocrx_word' id='word_1_808' title='bbox 3107 5497 3166 5553; x_wconf 90' lang='lat' dir='ltr'><strong>in</strong></span> <span class='ocrx_word' id='word_1_809' title='bbox 3211 5495 3542 5557; x_wconf 66' lang='lat' dir='ltr'><strong>Cornelium</strong></span> <span class='ocrx_word' id='word_1_810' title='bbox 3601 5521 3635 5560; x_wconf 89' lang='lat' dir='ltr'><strong>a</strong></span> 
     </span>
    </p>
   </div>
   <div class='ocr_carea' id='block_1_111' title="bbox 1983 5568 3633 5640">
    <p class='ocr_par' dir='ltr' id='par_1_111' title="bbox 1983 5568 3633 5640">
     <span class='ocr_line' id='line_1_111' title="bbox 1983 5568 3633 5640; baseline 0.002 -13"><span class='ocrx_word' id='word_1_811' title='bbox 1983 5568 2298 5627; x_wconf 81' lang='lat' dir='ltr'><strong>Novatiano</strong></span> <span class='ocrx_word' id='word_1_812' title='bbox 2328 5569 2604 5638; x_wconf 62' lang='lat' dir='ltr'><strong>confictae,</strong></span> <span class='ocrx_word' id='word_1_813' title='bbox 2630 5568 2699 5623; x_wconf 89' lang='lat' dir='ltr'><strong>de</strong></span> <span class='ocrx_word' id='word_1_814' title='bbox 2722 5568 2940 5639; x_wconf 91' lang='lat' dir='ltr'><strong>quibus</strong></span> <span class='ocrx_word' id='word_1_815' title='bbox 2988 5585 3184 5640; x_wconf 88' lang='lat' dir='ltr'><strong>supra,</strong></span> <span class='ocrx_word' id='word_1_816' title='bbox 3236 5587 3473 5629; x_wconf 91' lang='lat' dir='ltr'><strong>causam</strong></span> <span class='ocrx_word' id='word_1_817' title='bbox 3534 5575 3633 5630; x_wconf 82' lang='lat' dir='ltr'><strong>de-</strong></span> 
     </span>
    </p>
   </div>
   <div class='ocr_carea' id='block_1_112' title="bbox 1985 5639 3416 5708">
    <p class='ocr_par' dir='ltr' id='par_1_112' title="bbox 1985 5639 3416 5708">
     <span class='ocr_line' id='line_1_112' title="bbox 1985 5639 3416 5708; baseline 0.001 -10"><span class='ocrx_word' id='word_1_818' title='bbox 1985 5644 2142 5699; x_wconf 87' lang='lat' dir='ltr'><strong>disse</strong></span> <span class='ocrx_word' id='word_1_819' title='bbox 2172 5642 2460 5699; x_wconf 89' lang='lat' dir='ltr'><strong>videntur.</strong></span> <span class='ocrx_word' id='word_1_820' title='bbox 2493 5639 2801 5707; x_wconf 88' lang='lat' dir='ltr'><strong>Baronius,</strong></span> <span class='ocrx_word' id='word_1_821' title='bbox 2834 5655 2984 5696; x_wconf 89' lang='lat' dir='ltr'><strong>anno</strong></span> <span class='ocrx_word' id='word_1_822' title='bbox 3011 5639 3137 5708; x_wconf 85' lang='lat'><strong>257,</strong></span> <span class='ocrx_word' id='word_1_823' title='bbox 3166 5658 3329 5698; x_wconf 91' lang='lat' dir='ltr'><strong>num.</strong></span> <span class='ocrx_word' id='word_1_824' title='bbox 3361 5644 3416 5699; x_wconf 91' lang='lat'><strong>5.</strong></span> 
     </span>
    </p>
   </div>
  </div>
