4098 6178
455 409 604 470 1011
1558 408 1623 468 S.
1675 405 1878 468 LUCll
1919 406 2071 466 PAP

2194 404 2291 466 ET
2337 405 2748 467 MARTYRIS
3649 411 3775 472 1012

450 535 679 600 stantia,
705 539 1089 604 paupertatem
1130 541 1408 588 vereatur.
1465 532 1752 605 Sapientia
1815 531 2100 588 humiliati
2125 535 2181 600 Α
2209 533 2336 588 tilla
2363 547 2478 588 una
2511 536 2744 604 augetur
2798 532 2968 602 ignis,
3029 538 3081 588 et
3129 529 3203 586 ab
3236 546 3344 585 uno
3397 531 3556 590 doloso
3595 546 3784 607 augetur

451 622 731 680 exaltabit
757 625 921 693 caput
944 619 1131 686 illius,
1161 630 1215 676 et
1234 623 1296 676 in
1322 621 1501 677 medio
1549 626 1939 690 magnatorum
1975 638 2103 678 con-
2210 622 2460 690 sanguis.
2522 624 2699 676 IIomo
2748 636 2879 676 vero
2932 623 3184 692 peccator
3225 620 3475 689 sanguini
3515 622 3779 680 insidiatur.

453 713 636 768 sedere
660 712 822 766 illum
848 711 1034 782 faciet.
1064 711 1184 765 Non
1214 709 1400 765 laudes
1428 712 1609 766 virum
1647 714 1706 766 in
1748 713 1926 782 specie
1980 727 2102 777 sua,
2214 713 2424 766 Attente
2479 710 2586 764 tibi
2621 725 2655 764 a
2706 711 2989 781 pestifero,
3044 709 3281 780 fabricat
3332 710 3472 763 enim
3525 715 3670 777 mala,
3733 731 3786 769 ne

456 817 636 871 neque
660 816 892 871 spernas
917 799 1196 854 hominem
1219 800 1281 854 in
1309 800 1429 854 visu
1453 816 1568 856 suo.
1605 803 1790 856 Brevis
1821 803 1878 855 in
1909 799 2108 856 volati~
2211 801 2354 869 forte
2405 797 2629 854 inducat
2675 813 2841 870 super
2887 806 2940 854 te
2989 798 3456 853 subsannationem
3514 800 3567 852 in
3629 817 3785 872 perpe-

459 891 605 946 libus
643 890 798 945 019
843 890 990 959 apis,
1032 896 1087 942 et
1124 888 1353 943 initium
1399 889 1642 944 dulcoris
1687 889 1849 945 habet
1893 892 2109 960 fructus
2214 896 2386 942 tuum.
2421 887 2658 942 Admitte
2685 887 2756 942 ad
2784 895 2834 943 te
2855 887 3250 961 alienigenam,
3271 893 3325 941 et
3343 887 3656 942 subvertetin
3692 897 3784 944 tur-

459 979 641 1035 illius.
681 979 745 1034 In
787 978 986 1032 vestitu
1031 991 1104 1031 ne
1141 977 1400 1045 glorieris
1443 993 1711 1049 unquam,
1758 993 1858 1034 nec
1903 981 1961 1033 in
2019 979 2110 1034 die
2216 977 2362 1042 bine,
2392 984 2447 1030 et
2467 976 2806 1031 abalienabtt
2843 979 2894 1031 te
2947 993 2981 1031 a
3036 976 3148 1030 tuis
3181 974 3414 1046 propriis
3459 975 3480 1010 ⁸
3530 975 3698 1046 (Eccli.
3745 993 3788 1046 x,

459 1068 685 1124 honoris
713 1067 797 1121 tui
813 1065 1100 1121 extollaris
1127 1082 1148 1127 ,θ
1164 1067 1429 1136 quoniam
1454 1067 1746 1122 mirabilia
1796 1083 1962 1138 opera
2007 1069 2104 1122 Al-
2213 1065 2315 1136 XI).
2349 1062 2538 1132 Tales,
2573 1063 2928 1132 cbarissimi,
2959 1063 3126 1119 valde
3157 1067 3294 1118 sunt
3339 1064 3577 1132 cavendi,
3623 1081 3792 1135 usque-

460 1158 664 1212 tissimi
707 1155 897 1222 solius,
941 1163 991 1211 et
1026 1155 1282 1225 gloriosa,
1339 1159 1390 1210 et
1448 1155 1728 1223 absconsa,
1804 1165 1856 1212 et
1935 1159 2109 1212 invita
2215 1155 2357 1208 dum
2415 1157 2517 1208 aut
2566 1157 2979 1208 convertantur
3039 1155 3141 1207 aut
3207 1149 3360 1206 980
3437 1151 3795 1208 abacindantur

459 1261 628 1317 opera
648 1245 824 1300 illius.
847 1243 1003 1298 Multi
1031 1246 1260 1314 tyranni
1289 1244 1545 1299 sederunt
1576 1247 1636 1300 in
1664 1245 1899 1313 thromo,
1948 1253 2001 1302 et
2025 1247 2111 1300 in-
2213 1241 2388 1296 verbo
2417 1241 2633 1296 divino.
2665 1241 2864 1296 Beatus
2893 1244 3077 1297 autem
3105 1244 3187 1295 est
3219 1241 3316 1295 ille
3353 1241 3448 1310 qui
3485 1255 3585 1294 non
3620 1244 3685 1295 est
3726 1243 3793 1295 la-

459 1333 810 1405 suspicabilis
853 1333 1097 1403 portavit
1150 1331 1432 1388 diadema.
1483 1334 1648 1389 Multi
1697 1338 1944 1406 potentes
2011 1350 2109 1405 op-
2217 1346 2346 1399 psus
2376 1330 2436 1384 in
2463 1329 2623 1385 verbo
2653 1344 2724 1385 ex
2752 1344 2847 1385 ore
2887 1346 3006 1398 suo,
3054 1332 3110 1386 et
3163 1345 3275 1384 non
3327 1333 3401 1384 est
3436 1327 3712 1382 stimulatus
3750 1329 3794 1381 in

459 1423 639 1494 pressi
656 1426 787 1477 sunt
814 1420 990 1487 valde,
1020 1429 1074 1476 et
1100 1420 1329 1490 gloriosi
1353 1420 1562 1491 (traditi
1617 1430 1745 1478 sunt
1799 1424 1860 1480 in
1913 1437 2113 1477 manus
2217 1419 2454 1474 tristitia
2471 1419 2683 1474 delicti.
2717 1417 2874 1474 Felix
2901 1421 2999 1490 qui
3021 1433 3132 1474 non
3158 1417 3314 1472 habet
3343 1417 3512 1472 animi
3536 1419 3619 1470 sui
3657 1418 3794 1470 tristi-

464 1513 786 1567 alterorum.
811 1511 1148 1581 Priusquam
1174 1513 1572 1581 interroges,ne
1598 1513 1875 1583 vituperes
1929 1527 2113 1583 quem-
2216 1509 2375 1576 tiam,
2427 1515 2481 1562 et
2527 1523 2639 1563 non
2683 1507 2922 1564 abscedit
2973 1508 3018 1543 ¹⁰
3063 1524 3097 1562 a
3151 1522 3246 1578 spe
3298 1521 3397 1560 sua
3459 1505 3633 1576 (Eccli.
3692 1506 3796 1575 xiv).

465 1615 667 1671 quam:
691 1606 746 1654 et
776 1613 901 1653 cum
935 1599 1386 1668 interrogaveris,
1428 1602 1652 1671 corripe
1700 1601 1856 1671 fuste.
1917 1601 2111 1656 Prius-
2219 1596 2516 1668 Scriptum
2540 1602 2622 1651 est
2650 1598 2802 1651 enim
2822 1611 2843 1652 ,ο
2871 1595 3069 1652 Melior
3096 1598 3174 1650 est
3233 1610 3372 1648 unus
3432 1593 3609 1648 timens
3651 1593 3800 1659 Deum,

466 1705 628 1761 quam
649 1687 866 1751 audias,
922 1702 993 1742 ne
1039 1688 1367 1755 respondeas
1422 1689 1668 1750 verbum,
1718 1693 1773 1744 et
1828 1692 1890 1745 in
1933 1690 2113 1745 medio
2219 1702 2384 1758 quam
2408 1684 2573 1740 mille
2599 1686 2766 1758 impii
2792 1686 2891 1759 (Ib.
2922 1685 3059 1756 xvr).
3090 1683 3334 1756 Sapiens
3361 1699 3488 1738 vero
3518 1698 3621 1737 non
3669 1680 3804 1752 (Stati

464 1778 834 1832 seniorumne
862 1775 1092 1846 adjicias
1121 1777 1290 1855 loqui.
1328 1781 1407 1832 De
1431 1792 1497 1832 ea
1522 1793 1586 1832 re
1614 1792 1741 1848 quae
1779 1782 1831 1834 te
1857 1795 1966 1834 non
1996 1794 2110 1834 mo-
2219 1774 2366 1830 Sent.
2388 1775 2529 1836 292,-
2567 1775 2621 1841 6,
2683 1791 2732 1845 q.
2786 1777 2836 1842 1,
2889 1774 3116 1846 Sapiens
3154 1789 3266 1829 non
3315 1776 3389 1826 est
3405 1787 3427 1832 ;
3478 1778 3530 1826 et
3576 1787 3722 1840 supra
3759 1772 3802 1823 in

469 1867 645 1932 lestat,
664 1881 735 1920 ne
751 1867 998 1935 certeris,
1025 1868 1078 1920 et
1107 1866 1168 1920 in
1212 1864 1427 1935 judicio
1481 1869 1825 1937 peccantium
1861 1882 1931 1922 ne
1984 1883 2111 1923 con-
2139 1896 2188 1964 Β
2218 1865 2421 1921 Decret.
2453 1865 2703 1920 Cornelii
2727 1864 2784 1929 6)
2807 1869 2896 1919 eet
2923 1863 3116 1919 omnis
3141 1862 3243 1935 qui
3270 1867 3454 1917 nocet.

467 1955 650 2009 sistas.
683 1954 796 2009 Fili
821 1955 921 2023 mi,
950 1969 1022 2009 ne
1049 1955 1109 2008 in
1138 1955 1329 2010 multis
1355 1957 1469 2010 sint
1497 1962 1649 2010 actus
1678 1957 1784 2024 tui,
1817 1959 1869 2012 et
1921 1958 1972 2012 si
2024 1957 2114 2012 di-
2139 1949 2186 1964 ⁸
2295 1951 2389 2008 Vl.
2441 1953 2553 2007 Res
2603 1968 2836 2024 quoque
2878 1949 3273 2008 Ecclesiarum
3326 1954 3628 2006 vestrarum
3676 1949 3808 2019 (Sinti

470 2059 560 2098 ves
585 2045 782 2115 fueris,
805 2059 915 2098 non
945 2044 1057 2098 eris
1085 2043 1350 2098 immunis
1379 2060 1412 2098 a
1439 2043 1652 2100 delicto.
1687 2045 1749 2100 Si
1774 2047 1924 2100 enim
1965 2059 2117 2100 secu-
2222 2043 2374 2097 Sent.
2405 2041 2533 2111 292)
2553 2047 2610 2096 et
2639 2039 2994 2096 oblationem
3035 2040 3318 2107 fidelium,
3378 2055 3516 2109 quas
3567 2037 3808 2109 significa-

471 2142 556 2188 tus
611 2133 802 2202 ]‘ueris,
850 2147 961 2187 non
1017 2131 1423 2202 apprehendas;
1481 2135 1536 2187 et
1581 2147 1697 2188 non
1753 2133 1997 2206 e/Tugies,
2069 2134 2122 2189 si
2227 2130 2398 2187 stisa
2428 2129 2783 2201 quibusdam
2806 2129 3168 2185 irruentibus
3224 2128 3436 2193 vexari,
3475 2126 3722 2198 vobisque
3765 2130 3808 2180 et

465 2223 853 2293 prxcurreris.
885 2222 979 2276 Est
997 2221 1153 2276 homo
1180 2221 1436 2276 laborans
1465 2226 1522 2276 et
1551 2223 1839 2293 festinam,
1870 2223 2121 2279 etdolens
2227 2219 2488 2276 ecclesiis
2543 2219 2753 2275 vestris
2809 2219 3023 2274 auferri
3081 2218 3478 2274 indubitanter
3545 2217 3808 2270 maximum

471 2311 796 2381 impietate;
823 2317 876 2364 et
903 2312 1058 2365 tanto
1077 2311 1260 2380 magis
1305 2324 1415 2364 non
1457 2311 1777 2367 abundabit.
1827 2315 1920 2367 Est
1967 2312 2124 2367 homo
2229 2313 2320 2365 est
2351 2313 2650 2380 peccatum
2684 2325 2699 2364 :
2731 2311 2983 2364 testante
3012 2307 3091 2380 (S.
3154 2309 3334 2378 Boni].
3395 2307 3557 2377 Epist.
3612 2304 3686 2376 19)
3717 2304 3814 2374 ipsa

475 2397 772 2462 marcidus,
794 2413 953 2468 egens
981 2400 1422 2468 recuperatione,
1478 2401 1602 2470 plus
1629 2399 1883 2470 deﬁciens
1902 2402 2123 2464 virtute,
2233 2399 2553 2471 Scriptura,
2585 2416 2710 2471 quae
2741 2399 2862 2455 ait:
2895 2400 3006 2468 Qui
3042 2399 3336 2454 abstulerit
3387 2395 3496 2468 (12,
3543 2412 3590 2467 q.
3641 2395 3688 2460 2,
3736 2393 3814 2460 Qui

473 2491 528 2542 et
568 2485 854 2542 abundans
894 2491 1254 2558 paupertate;
1285 2489 1338 2542 et
1391 2487 1582 2544 oculus
1627 2490 1728 2544 Dei
1763 2493 2007 2562 respexit
2060 2491 2127 2546 il-
2234 2487 2556 2558 abstulerit)
2585 2488 2802 2560 aliquid
2819 2489 2970 2559 patri
2982 2487 3067 2542 vel
3095 2489 3292 2558 matri,
3323 2495 3374 2543 et
3426 2486 3555 2541 dicit
3607 2484 3687 2539 hoc
3731 2497 3810 2536 non

483 2579 598 2633 lum
627 2579 687 2632 in
709 2577 870 2644 bona,
896 2584 948 2631 et
990 2578 1165 2631 erexit
1202 2591 1325 2631 eum
1371 2577 1440 2632 ab
1475 2578 1789 2634 humilitate
1829 2581 2020 2650 ipsius,
2077 2584 2130 2637 et
2235 2594 2350 2634 esse
2363 2585 2664 2650 peccatum,
2697 2577 2988 2634 homicidae
3009 2578 3286 2650 particeps
3313 2579 3392 2630 est
3431 2576 3599 2646 (Prov.
3643 2571 3814 2640 xxvm).

481 2667 745 2722 exaltabit
772 2669 936 2737 caput
962 2666 1133 2737 (ejus:
1181 2668 1235 2720 et
1281 2666 1480 2721 mirati
1513 2675 1645 2722 sunt
1678 2669 1740 2721 in
1785 2669 1884 2724 illo
1936 2669 2126 2739 multi,
2236 2667 2406 2723 Pater
2432 2683 2569 2739 ergo
2601 2669 2800 2722 noster
2828 2666 2954 2722 sine
3005 2665 3186 2721 dubio
3247 2665 3400 2720 Deus
3457 2667 3556 2732 est,
3597 2660 3685 2733 qui
3737 2674 3816 2714 nos

477 2765 534 2811 et
563 2755 966 2812 honoraverunt
997 2754 1181 2809 Deum.
1217 2755 1365 2809 Bona
1403 2762 1454 2810 et
1479 2755 1658 2823 mala,
1707 2758 1819 2812 vita
1863 2761 1916 2813 et
1956 2774 2126 2829 mors,
2237 2755 2450 2812 creavit
2481 2771 2495 2810 :
2528 2758 2585 2811 et
2638 2759 2826 2812 mater
2881 2758 3085 2810 nostra
3138 2751 3419 2821 Ecclesia,
3480 2767 3596 2823 quae
3644 2764 3730 2803 nos
3769 2745 3812 2800 in

475 2847 772 2916 paupertas
811 2851 864 2899 et
918 2843 1176 2898 honestas
1232 2858 1267 2896 a
1311 2842 1417 2899 Deo
1457 2850 1600 2899 sunt.
1651 2845 1810 2900 Datio
1858 2846 1956 2901 Dei
2007 2863 2130 2918 pero
2238 2845 2532 2917 Baptismo
2590 2842 2973 2916 spiritualiter
3027 2842 3348 2915 generavit.
3428 2841 3492 2896 Et
3560 2837 3691 2903 ideo,
3742 2833 3817 2906 qui

475 2937 668 2988 manet
696 2933 858 2995 iustis
884 2947 907 2994 ;
937 2934 990 2986 et
1011 2932 1288 3003 profectus
1315 2931 1480 2987 illius
1505 2947 1779 2988 successus
1806 2933 2026 2990 habebit
2071 2937 2130 2992 in
2237 2931 2450 2988 Christi
2474 2929 2751 3002 pecunias
2772 2934 2830 2985 et
2855 2929 3123 2985 Ecclesiae
3151 2927 3589 2996 aufert,fraudat
3613 2929 3662 2979 et
3703 2923 3819 2992 rapit

477 3024 766 3077 aeternum.
808 3023 906 3077 Est
927 3021 1024 3091 qui
1049 3020 1411 3090 locupletatur
1432 3035 1602 3092 parce
1645 3022 1870 3093 agendo,
1919 3032 1972 3079 et
2018 3023 2133 3080 haec
2239 3021 2348 3092 (17,
2373 3037 2423 3092 q.
2459 3020 2512 3092 4,
2545 3019 2652 3089 Qui
2678 3017 3179 3090 rapit),bomicida
3209 3017 3270 3073 in
3297 3019 3597 3089 conspectu
3622 3012 3814 3082 (S.Greg.

471 3125 606 3181 pars
650 3108 913 3164 mercedis
954 3107 1110 3163 illius
1159 3110 1218 3163 in
1273 3123 1334 3163 eo
1381 3108 1521 3178 quod
1575 3109 1750 3165 dicit:
1797 3112 1991 3167 Inveni
2042 3127 2129 3167 re-
2239 3110 2396 3180 epist.
2426 3108 2516 3177 36,
2549 3108 2645 3163 lib.
2705 3107 2770 3180 ιι)
2822 3107 2972 3178 justi
3019 3105 3248 3162 Judicis
3301 3121 3429 3161 esse
3484 3101 3815 3175 deputabitur.

477 3201 662 3269 quiem
684 3195 844 3263 mihi,
892 3201 963 3263 et,
1004 3197 1160 3252 Nunc
1190 3196 1528 3252 manduoabo
1556 3197 1623 3252 de
1653 3197 1808 3253 bonis
1858 3202 1994 3255 meis
2047 3215 2131 3256 so-
2173 3265 2204 3270 _
2243 3198 2406 3255 Unde
2433 3199 2719 3270 scriptum
2750 3201 2839 3253 est
2862 3215 2882 3252 :
2903 3198 3011 3266 Qui
3038 3199 3188 3269 rapit
3203 3197 3498 3269 pecuniam
3517 3191 3727 3256 proximi
3737 3189 3819 3256 sui,

477 3265 586 3341 lus.
607 3287 675 3341 Et
694 3287 867 3340 nescit
887 3284 1027 3355 quod
1045 3289 1257 3356 tempus
1276 3293 1569 3356 praetereat
1585 3285 1773 3355 illum,
1793 3295 1844 3343 et
1859 3290 2133 3360 relinquet
2161 3265 2206 3332 (ἶ
2241 3265 2592 3362 iniquitatem
2619 3289 2755 3360 facit
2775 3289 2956 3361 (Joau.
2987 3265 3113 3360 xuii
3144 3306 3156 3356 ;
3203 3265 3312 3361 qui
3362 3290 3549 3342 autem
3602 3280 3820 3355 pecunias

478 3376 668 3431 omnia
697 3375 849 3441 aliis,
882 3378 934 3429 et
963 3375 1250 3429 morietur.
1286 3373 1377 3428 Sta
1419 3375 1478 3428 in
1537 3378 1856 3432 testamento
1909 3381 2021 3446 tuo,
2080 3381 2133 3434 et
2237 3379 2325 3435 vel
2357 3394 2450 3434 res
2479 3377 2743 3434 Ecclesiae
2775 3376 3100 3445 abstulerit,
3133 3371 3666 3447 sacrilegiumgfacit
3691 3369 3820 3440 (Hier.

481 3466 542 3519 in
561 3464 660 3520 illo
678 3465 1003 3535 colloquere,
1036 3469 1089 3518 et
1113 3465 1175 3518 in
1205 3465 1409 3532 opera‘
1464 3463 1856 3520 mandatorum
1912 3470 2132 3522 tuorum
2238 3471 2398 3541 epist.
2427 3467 2503 3538 2).
2537 3467 2701 3523 Unde
2729 3472 2788 3522 et
2808 3467 3016 3537 nudas,
3061 3466 3159 3537 qui
3221 3464 3522 3538 pecuniam
3578 3455 3822 3518 fraudavit,

483 3558 774 3609 veterasce.
807 3554 1170 3608 Nemanseris
1193 3553 1254 3606 in
1273 3552 1522 3623 operibus
1559 3563 1918 3625 peccatorum.
1983 3557 2131 3612 Con-
2240 3575 2369 3629 quae
2429 3554 2638 3612 usibus
2688 3554 2975 3623 Ecclesiae,
3035 3555 3094 3609 id
3152 3557 3246 3610 est
3300 3550 3656 3626 pauperibus,
3707 3559 3818 3617 quot!

481 3642 588 3712 ﬁde
606 3646 791 3696 autem
820 3643 882 3696 in
916 3643 1043 3708 Deo,
1075 3645 1127 3696 et
1162 3657 1325 3697 mane
1373 3643 1433 3696 in
1479 3641 1592 3699 loco
1660 3647 1772 3700 tuo.
1823 3645 2001 3700 Facile
2054 3650 2134 3702 est
2239 3644 2498 3701 Ecclesia
2525 3660 2761 3717 pascere
2791 3645 2980 3712 debet,
3015 3642 3480 3699 distribuebatur
3490 3641 3649 3711 jussu
3677 3633 3823 3690 Salva-

481 3731 631 3786 enim
650 3732 712 3784 in
756 3731 930 3785 oculis
977 3731 1074 3785 Dei
1117 3729 1295 3785 subito
1351 3730 1678 3787 honestari'
1725 3738 2128 3806 paupertatem.
2240 3732 2383 3789 toris
2413 3734 2608 3806 (cujus
2663 3733 2848 3788 vicem
2907 3731 3164 3805 episcopi
3227 3733 3472 3798 tenent),
3524 3744 3626 3783 non
3681 3721 3824 3778 solum

481 3819 799 3875 Benedictio
830 3820 928 3875 Dei
953 3821 1016 3874 in
1043 3819 1352 3875 mercedem
1391 3821 1528 3883 iusti
1554 3821 1797 3894 festinat,
1830 3828 1882 3878 et
1924 3825 1988 3880 in
2036 3824 2133 3881 ho-
2242 3823 2354 3893 fur,
2397 3822 2499 3878 sed
2553 3821 2647 3877 fur
2700 3826 2756 3877 et
2810 3821 2890 3893 (S.
2947 3821 3088 3890 Aug.
3152 3822 3334 3876 Tract.
3390 3837 3448 3887 ι,
3495 3820 3552 3872 in
3598 3808 3823 3878 Joanaem)

480 3925 616 3964 nore
656 3909 828 3964 veloci
868 3923 1154 3980 processus
1189 3908 1344 3964 illius
1391 3909 1668 3980 justiﬁcat
1695 3911 1738 3965 ⁸.
1802 3911 1880 3968 Ne
1946 3911 2134 3968 dicas:
2241 3909 2562 3983 sacrilegus
2621 3909 2810 3966 factus
2832 3912 2939 3966 est.
2964 3908 3044 3964 De
3068 3907 3291 3964 talibus
3319 3906 3553 3974 enim,id
3575 3897 3824 3972 estquifa-

483 3998 625 4067 Quid
652 4007 730 4054 est
756 3999 898 4054 mihi
922 4014 1053 4069 opus
1082 3997 1110 4051 ‘l
1139 4004 1190 4053 et
1216 4012 1342 4069 quae
1370 4003 1532 4053 erunt
1553 4001 1693 4054 mihi
1719 4015 1790 4055 ex
1811 3997 1909 4056 hoc
1937 4000 2078 4056 bona
2109 4007 2134 4056 .’
2239 3998 2486 4056 cultates
2517 3999 2782 4055 Ecclesiae
2813 3999 3070 4070 rapiunt,
3121 3998 3398 4054 fraudant
3451 3993 3536 4051 vel
3590 3989 3822 4049 auferunt,

481 4088 557 4144 Ne
610 4088 808 4143 dicas:
856 4087 1148 4157 Sufﬁciens
1187 4086 1332 4142 mihi
1375 4102 1519 4157 sum,
1573 4095 1629 4143 et
1679 4087 1812 4160 quid
1887 4105 1958 4145 ex
2035 4096 2134 4146 hoc
2244 4087 2545 4160 Dominus,
2578 4087 2944 4143 comminans
2972 4086 3273 4160 omnibus,
3302 4103 3402 4160 per
3432 4081 3738 4154 PrOpbetam
3761 4073 3820 4128 10-

476 4176 816 4249 pessimabor
861 4179 887 4229 θ’
978 4180 1045 4232 In
1137 4176 1233 4231 die
1316 4175 1598 4247 bonorum,
1690 4193 1760 4233 ne
1842 4181 2135 4235 immemor
2241 4179 2461 4251 quitur,
2494 4176 2732 4233 dicens:
2767 4181 2938 4244 Deus,
2971 4192 3039 4232 ne
3069 4180 3254 4232 taceas
3299 4177 3418 4242 tibi,
3465 4187 3532 4228 ne
3583 4168 3743 4232 sileas,
3787 4164 3824 4251 el

481 4267 562 4320 sis
587 4265 883 4331 malorum,
912 4268 963 4318 et
1009 4266 1071 4319 in
1124 4264 1212 4319 die
1264 4265 1560 4334 malorum,
1615 4281 1688 4320 ne
1737 4267 2027 4323 immemor
2052 4271 2132 4324 sis
2237 4249 2349 4324 non
2377 4269 2639 4339 quiescas,
2672 4267 2852 4321 Deus:
2879 4267 3021 4334 Quia
3049 4281 3166 4320 ecce
3187 4266 3410 4321 inimici
3438 4262 3516 4317 tui
3566 4249 3824 4314 tumultuati

485 4354 781 4414 bonorum;
810 4368 1074 4424 quantam
1101 4352 1266 4423 facile
1297 4360 1378 4408 est
1406 4369 1589 4408 coram
1623 4359 1728 4410 Deo
1758 4354 1816 4410 in
1874 4355 1962 4411 die
2011 4355 2129 4413 obi-
2238 4363 2382 4423 sunt,
2407 4361 2458 4412 et
2481 4357 2580 4428 qui
2605 4355 2835 4412 oderunt
2860 4359 2912 4410 te
2931 4355 3247 4410 levaverunt
3275 4355 3454 4426 caput.
3487 4349 3666 4406 Contra
3695 4356 3822 4428 popuf

484 4451 569 4497 tus
596 4443 905 4497 retribuere
935 4444 1228 4512 unicuique
1257 4441 1558 4498 secundum
1586 4443 1706 4498 vias
1741 4460 1887 4499 suas.
1919 4444 2132 4502 Malitia
2241 4448 2357 4501 lum
2378 4427 2529 4500 tuum
2577 4446 2829 4516 nequiter
2883 4447 3285 4510 tractaverunt,
3327 4449 3378 4497 et
3424 4441 3653 4495 inierunt
3693 4427 3824 4486 consi-

486 4532 632 4586 horae
659 4531 988 4586 oblivionem
1027 4533 1161 4602 [acit
1207 4531 1452 4588 luxuriae
1495 4547 1707 4603 magnae
1736 4549 1756 4586 :
1803 4536 1855 4588 et
1905 4534 1968 4589 in
2020 4535 2132 4606 ﬁne
2241 4536 2382 4590 lium
2409 4533 2698 4590 adversum
2720 4547 2987 4589 arcanum
3015 4536 3192 4588 tuum.
3229 4532 3543 4587 Dixerunt:
3598 4523 3750 4578 Venite
3789 4520 3824 4568 tl

486 4621 745 4683 hominis,
777 4619 1074 4675 denudatio
1104 4635 1330 4691 operum
1375 4621 1550 4676 illius.
1606 4620 1743 4677 Ante
1796 4628 2024 4680 mortem
2067 4639 2138 4681 ne
2166 4638 2212 4706 Ι)
2241 4626 2582 4680 conteramus
2632 4625 2674 4659 “
2736 4639 2822 4678 eos
2865 4622 2929 4678 de
2984 4625 3157 4694 gente,
3218 4625 3274 4676 et
3335 4637 3448 4674 non
3489 4618 3554 4671 sit
3609 4608 3821 4706 memoria

486 4707 677 4763 laudes
727 4708 1003 4764 hominem
1051 4725 1371 4779 quemquam
1409 4711 1670 4783 quoniam
1703 4711 1765 4766 in
1813 4711 1955 4782 ﬁliis
2006 4714 2128 4770 suis
2166 4692 2208 4706 u
2235 4714 2479 4769 nominis
2522 4712 2691 4768 Israel
2733 4712 2888 4766 ultra
2924 4724 2939 4765 :
2989 4692 3269 4782 quoniam
3335 4709 3616 4764 tacuerunt
3685 4692 3823 4783 corde.

485 4799 807 4869 agnoscitur
848 4799 950 4852 vir.
999 4778 1118 4852 Non
1167 4778 1382 4853 Mnem
1412 4778 1718 4854 -hominem
1761 4778 1994 4856 inducas
2067 4804 2129 4858 in
2229 4803 2442 4874 pariter
2475 4809 2660 4857 contra
2717 4808 2767 4856 te
2810 4801 2857 4834 "
2910 4778 3089 4874 fwdus
3137 4800 3466 4871 pepigerunt
3519 4778 3820 4874 tabernattfllf

483 4865 704 4943 domum
723 4895 920 4949 tuam;
950 4885 1149 4942 multa?
1175 4889 1324 4942 enim
1352 4887 1569 4942 insidiae
1623 4896 1752 4943 sunt
1798 4889 1986 4945 dolosi.
2040 4891 2126 4946 Si-
2229 4865 2488 4946 Idumam
2524 4897 2576 4945 et
2634 4865 3063 4958 Ismaelitarum,
3098 4865 3346 4944 M-oab'et
3401 4879 3647 4954 Agareni,
3699 4865 3823 4958 Gebal

480 4985 573 5032 cut
599 4978 746 5032 enim
775 4977 1034 5031 eructant
1060 4975 1369 5045 praecordia
1425 4976 1725 5046 fetantium
1778 4977 1820 5044 ⁷,
1880 4981 1931 5033 et
1987 4979 2130 5034 sicut
2235 4989 2285 5035 et
2315 4980 2567 5046 Ammon,
2594 4987 2646 5033 et
2673 4954 3244 5034 Amalec.Palaestina
3270 4991 3396 5031 cum
3427 4954 3824 5027 habitatoribus"

475 5066 682 5136 perdix
710 5065 998 5120 inducitur
1041 5065 1102 5118 in
1157 5078 1396 5133 caveam,
1459 5072 1511 5119 et
1567 5074 1630 5120 ut
1676 5081 1872 5136 caprea
1932 5069 1993 5122 in
2052 5069 2130 5124 la-
2236 5068 2381 5140 Tyri.
2441 5067 2541 5123 Sed
2588 5075 2640 5122 et
2699 5067 2868 5122 Assur
2916 5068 3110 5138 junxit
3148 5081 3205 5120 se
3243 5081 3370 5120 cum
3417 5063 3511 5128 eis,
3572 5053 3693 5128 facti
3727 5046 3824 5141 sua!

477 5171 713 5227 queum;
743 5156 821 5208 sic
859 5157 911 5209 et
957 5169 1050 5208 cor
1101 5155 1481 5225 superborum,
1531 5164 1586 5209 et
1641 5156 1782 5210 sicut
1831 5166 2131 5226 perspector
2236 5157 2519 5213 brachium
2547 5157 2793 5226 ﬁliorum
2841 5159 2955 5210 Lot.
2995 5156 3101 5209 Fac
3142 5153 3263 5208 illis
3310 5153 3454 5206 sicut
3506 5143 3724 5202 Manlian,

473 5226 662 5299 videns
681 5259 865 5298 casum
893 5244 1144 5313 proximi
1177 5244 1286 5296 sui.
1337 5245 1490 5298 Bona
1536 5244 1596 5298 in
1653 5244 1868 5299 malum
1913 5260 2130 5302 conver-
2233 5251 2327 5300 cut
2358 5242 2588 5314 Sisarae,
2613 5245 2754 5299 sicut
2784 5243 2946 5299 .labin
2967 5243 3027 5297 in
3065 5249 3296 5298 torrente
3330 5240 3510 5295 Cisson
3533 5234 3588 5283 ¹⁸.
3641 5226 3819 5282 Conlrtlt

473 5335 545 5388 tit
563 5331 862 5388 insidiator
891 5332 932 5400 ⁸,
965 5336 1017 5386 et
1047 5333 1105 5386 in
1125 5333 1312 5387 electis
1339 5339 1500 5404 ponet
1533 5333 1828 5388 maculam.
1889 5335 1928 5388 A
1985 5335 2128 5390 scin-
2233 5342 2361 5390 sunt
2389 5335 2451 5389 in
2469 5333 2670 5404 Endor,
2690 5335 2918 5404 fuerunt
2944 5334 3101 5404 quasi
3117 5317 3818 5400 sterquiliniumterrxd’one

1918 5467 2123 5528 Variae
2153 5467 2474 5528 lectiones.

549 5581 570 5615 ⁸
598 5581 751 5636 Alias
775 5579 978 5652 Opere.
1012 5582 1033 5616 ⁸
1064 5582 1218 5637 Alias
1250 5581 1589 5637 Honestare.
1612 5581 1634 5615 ‘
1665 5582 1819 5636 Alias
1849 5581 2201 5636 Fructificat.
2233 5583 2253 5616 ⁷
2275 5581 2428 5636 Alias
2458 5580 2824 5652 antantium.
2849 5580 2869 5614 ⁸
2890 5581 3040 5635 Alias
3090 5576 3599 5652 Mala_coni'erl§p8
3623 5556 3815 5652 fﬂﬁiﬁif

476 5657 597 5706 tur.
630 5653 724 5708 Ms.
751 5628 969 5723 collegii
998 5655 1180 5708 Paris.
1219 5651 1510 5708 Societatis
1533 5655 1682 5722 .lesu,
1715 5657 1851 5708 teste
1881 5652 2181 5720 Ilarduino,
2215 5652 2378 5707 Bona
2421 5654 2575 5707 enim
2611 5653 2667 5706 in
2702 5651 2946 5716 malum,
2977 5654 2998 5686 ⁹
3028 5652 3181 5723 Alias
3210 5648 3354 5702 Viis.
3391 5646 3432 5678 ¹⁰
3457 5643 3596 5698 Alias
3622 5628 3814 5690 Excidit.

477 5727 519 5760 “
559 5729 646 5780 In.
679 5742 782 5780 ms.
816 5721 1255 5798 Dispergamus.
1291 5726 1336 5760 ¹²
1370 5725 1447 5780 Id.
1479 5741 1580 5779 ms.
1615 5721 1827 5780 δοίητε
1855 5740 1977 5780 eos.
2013 5725 2054 5759 ¹³
2085 5724 2161 5779 Id.
2185 5740 2288 5778 ms.
2333 5723 2766 5779 Habitantibue.
2801 5726 2848 5759 υ
2877 5724 3033 5779 Alias
3059 5721 3246 5779 Cison.
