4098 6178
239 401 391 460 1013

1301 391 1714 453 EPISTOL/E
1753 389 1856 448 ET
1899 389 2265 452 DECRETA
2310 397 2578 458 DUBIA.

3504 399 3664 458 1014

235 531 402 588 ducas
429 542 623 584 eorum
665 525 806 582 sicut
855 523 994 581 Oreb
1043 529 1095 580 et
1122 523 1246 591 Zeb,
1296 523 1440 579 sicut
1483 522 1647 578 Zebee
1693 522 1746 576 et
1775 518 1898 574 Sal-
1925 518 1981 585 Α
2011 519 2328 581 Salvatoris
2367 526 2624 583 divinam
2675 526 3172 599 pollicitationem,
3205 528 3303 600 qui
3347 527 3661 601 discipulo-

242 635 432 674 mana.
467 618 662 673 Omnes
689 615 972 688 principes
1020 629 1210 670 eorum
1240 615 1337 685 qui
1381 612 1686 668 dixerunt:
1717 610 1899 666 Possi-

244 709 469 764 deanrus
498 707 655 760 nobis
697 702 1170 776 pulchritudinem
1217 702 1354 757 Dei:
1384 703 1525 756 Deus
1567 715 1740 766 meus,
1766 712 1905 768 pone

245 798 372 854 illos
423 804 484 851 ut
528 803 729 860 rotam,
783 796 943 864 quasi
991 792 1264 864 stipulam
1310 795 1438 846 ante
1482 791 1682 860 faciem
1727 787 1899 843 venti.

249 885 524 956 Quomodo
555 885 701 956 ignis
745 884 1016 938 comburit
1050 883 1256 938 siti-am
1302 889 1354 936 et
1379 881 1521 936 sicut
1549 882 1775 949 ﬂamma
1804 877 1898 932 de-

243 982 399 1032 vorat
428 977 658 1040 montes,
687 973 766 1028 sic
791 973 1138 1044 persequeris
1168 986 1258 1026 eos
1298 971 1361 1024 in
1387 971 1700 1040 tempestate
1728 974 1824 1023 tua
1850 970 1903 1022 et

244 1068 307 1120 in
334 1067 430 1120 tuo
455 1063 678 1120 turbine
705 1061 955 1117 turbabis
983 1075 1093 1117 eos.
1128 1060 1298 1131 Imple
1323 1060 1501 1130 facies
1530 1073 1718 1114 eorum
1745 1057 1903 1126 igno-

242 1156 446 1218 minia,
475 1161 526 1209 et
554 1155 802 1224 quaerent
826 1165 1025 1206 nomen
1044 1153 1220 1217 tuum,
1255 1149 1503 1204 Domine.
1539 1145 1899 1215 Con/undan-

245 1253 362 1311 tur,
393 1241 542 1298 981
576 1246 629 1297 et
653 1239 1058 1296 conturbeutur
1085 1253 1254 1309 usque
1281 1239 1342 1293 in
1370 1242 1663 1302 xtemum,
1695 1238 1750 1293 et
1776 1249 1902 1291 eru-

247 1334 464 1388 bescant
493 1339 546 1387 et
583 1332 850 1402 pereant;
897 1331 949 1383 et
977 1330 1162 1384 sciant
1207 1327 1339 1398 quia
1383 1341 1578 1382 nomen
1611 1334 1765 1380 tuum
1794 1324 1895 1378 Do-

245 1423 472 1477 minus:
527 1419 676 1475 solus
733 1427 793 1474 tu
846 1417 1098 1472 excelsus
1175 1433 1340 1488 super
1405 1431 1620 1470 omnem
1691 1422 1899 1469 terram

241 1511 418 1583 (Psal.
455 1525 664 1574 Lxxxn,
723 1524 793 1564 ea:
838 1508 1071 1577 interpr.
1124 1504 1181 1562 S.
1241 1505 1564 1576 Hieronymi
1610 1501 1834 1558 diversa
1863 1519 1898 1558 a

245 1599 522 1673 Vulgata).
549 1598 680 1653 Haec
729 1596 853 1652 ﬁeri
906 1594 1226 1667 Prophetas,
1277 1594 1397 1649 haec
1448 1591 1732 1665 Apostoli,
1773 1591 1897 1646 haec

239 1705 614 1746 successores
634 1702 836 1742 eorum
853 1689 911 1741 et
933 1684 1195 1740 omnium
1218 1681 1634 1738 catholicorum
1654 1685 1893 1735 Patrum

239 1781 438 1834 vetant
491 1777 759 1832 decreta:
828 1778 885 1830 et
937 1773 1084 1829 tales
1143 1770 1655 1845 praesumptiones,
1715 1771 1894 1825 sacri-

2013 625 2144 666 rum
2172 629 2413 670 suorum
2445 616 2693 688 principi
2719 615 2778 672 in
2812 617 2937 673 suis
2961 617 3149 672 factus
3178 621 3268 673 est
3295 616 3620 689 Evangeliis
3644 635 3660 674 :

2011 699 2190 770 Petre,
2215 702 2507 776 inquiens,
2549 723 2670 762 ecce
2718 706 2952 762 Satanas
3001 707 3261 778 expetivit
3303 711 3362 762 ut
3391 709 3663 763 cribraret

2011 805 2120 856 vos,
2150 795 2291 848 sicut
2318 797 2416 865 qui
2461 796 2673 851 cribrat
2714 796 2869 852 982
2902 797 3168 851 triticum.
3215 797 3322 866 Ego
3351 805 3536 852 autem
3555 813 3660 868 pro

2011 887 2064 934 te
2092 885 2310 954 rogavi,
2343 893 2405 940 ut
2429 901 2539 941 non
2584 885 2798 956 deﬁciat
2827 884 2956 956 ﬁdes
3001 888 3098 940 tua
3116 901 3137 946 ;
3183 893 3234 941 et
3273 893 3331 941 tu
3359 886 3660 958 aliquando

2008 986 2315 1045 conversus,
2347 976 2610 1046 conﬁrma
2654 975 2861 1048 fratres
2907 978 3030 1031 tuos
3077 975 3225 1048 (Luc.
3267 975 3427 1047 χχιι).
3457 975 3658 1031 Consi-

2009 1060 2174 1116 deret
2201 1061 2398 1136 itaque
2426 1068 2620 1121 vestra
2661 1063 2949 1121 excellens
2998 1065 3311 1137 prudentia
3347 1082 3521 1136 quam
3553 1065 3656 1121 bo-

2009 1166 2151 1207 num
2185 1151 2265 1209 sit
2294 1152 2604 1226 persistere
2652 1153 2714 1211 in
2765 1153 3203 1227 dispensatione
3244 1153 3406 1211 vobis
3437 1154 3658 1212 credita

2009 1242 2064 1294 et
2095 1241 2152 1294 in
2186 1241 2298 1296 ﬁde
2329 1246 2504 1307 recta,
2551 1247 2726 1314 atque
2767 1242 3055 1299 haireticis
3085 1247 3143 1298 et
3187 1243 3412 1298 aemulis
3441 1242 3657 1299 Christi

2008 1345 2353 1403 repugnare,
2385 1336 2443 1386 et
2474 1348 2778 1404 nunquam
2810 1335 2868 1387 et
2907 1331 3168 1387 veritatis
3206 1332 3441 1389 tramite
3471 1331 3653 1388 declio

2007 1435 2185 1488 nare;
2218 1419 2493 1492 quoniam
2525 1420 2811 1476 Dominus
2839 1424 2897 1476 et
2941 1419 3202 1477 Salvator
3233 1421 3520 1488 omnium,
3553 1438 3654 1477 cu-

1997 1507 2100 1578 jus
2133 1506 2276 1564 ﬁdes
2301 1512 2409 1578 est,
2442 1508 2540 1579 qui
2571 1526 2674 1582 pro
2722 1509 2891 1565 nobis
2922 1509 3071 1565 mori
3114 1527 3230 1566 non
3263 1510 3566 1580 dubitavit,
3597 1515 3656 1567 et

2006 1595 2238 1670 proprio
2269 1614 2375 1653 nos
2406 1615 2512 1654 suo
2545 1598 2791 1654 redemit
2820 1599 3126 1672 sanguine,
3160 1599 3334 1655 ﬁdem
3363 1599 3518 1656 beati
3550 1599 3650 1656 Pe-

2003 1685 2080 1743 tri
2129 1703 2242 1743 non
2289 1687 2647 1744 defecturam
2697 1687 2986 1760 promisit,
3035 1692 3092 1745 et
3138 1689 3486 1744 conﬁrmare
3514 1705 3649 1744 eum

2003 1776 2212 1833 fratres
2254 1793 2394 1833 suos
2445 1777 2787 1833 admonuit:
2829 1776 2983 1849 quod
3034 1775 3383 1849 apostolicos
3414 1778 3647 1850 pontiﬁ-

237 1866 464 1940 legium
495 1881 624 1923 esse
670 1863 994 1952 diiudicant
1045 1863 1110 1916 ¹⁸ο
1161 1862 1419 1925 Quorum
1449 1876 1556 1916 n08
1587 1863 1894 1952 aliquantae
1923 1886 1971 1952 Β
2004 1882 2118 1934 ces,
2152 1881 2292 1923 mese
2319 1866 2653 1939 exiguitatis
2683 1867 3156 1940 predecessores,
3189 1865 3547 1923 confidenter
3567 1867 3647 1923 fe-

241 1955 528 2028 exempla,
579 1969 783 2010 omnes
813 1951 960 2007 tales
1002 1953 1474 2022 praesumptores,
1517 1953 1574 2003 et
1621 1947 1891 2003 Ecclesiae

239 2046 356 2119 (17,
390 2062 445 2117 q.
485 2044 540 2099 4.
593 2042 788 2098 Omnes
835 2039 1104 2112 raptores)
1157 2043 1420 2109 raptores
1466 2037 1700 2109 (Hincm.
1731 2037 1890 2108 epist.

237 2151 362 2202 vm,
402 2132 558 2188 editt.
615 2131 754 2201 Mog.
809 2129 1016 2185 Concil.
1076 2127 1446 2182 Carisiacense
1500 2128 1562 2181 in
1601 2127 1762 2197 epist.
1812 2125 1894 2181 ad

235 2225 518 2295 episcopos
545 2219 789 2292 Galliae),
823 2223 995 2290 atque
1026 2232 1268 2272 suarum
1303 2213 1649 2270 facultatum
1681 2213 1893 2270 aliena-

234 2316 418 2382 tores,
450 2327 568 2366 una
593 2307 895 2364 vobiscum
923 2323 957 2362 a
987 2305 1294 2360 liminibus
1315 2308 1528 2360 sancta
1559 2303 1764 2359 matris
1796 2307 1893 2359 Ec-

236 2399 426 2456 clesiae
457 2396 1002 2462 anathematizatos,
1034 2393 1355 2466 apostolica
1393 2393 1735 2448 auctoritate
1766 2390 1890 2463 pel-

235 2489 440 2560 limus,
471 2491 528 2544 et
557 2487 932 2551 damnamus,
966 2487 1144 2555 atque
1173 2481 1488 2554 sacrilegos
1517 2497 1644 2537 esse
1667 2481 1892 2552 judica-

235 2595 394 2634 mus.
427 2579 497 2632 Et
527 2593 641 2632 non
673 2573 865 2631 solum
909 2589 1030 2644 eos,
1062 2571 1165 2628 sed
1209 2588 1414 2628 omnes
1461 2571 1891 2626 consentientes

233 2668 360 2725 eis:
394 2668 533 2736 Quia
561 2682 672 2721 non
709 2664 887 2720 solum
920 2663 1020 2734 qui
1050 2663 1268 2732 faciunt
1314 2663 1400 2716 rei
1429 2659 1767 2730 iudicantur,
1798 2657 1892 2713 sed

228 2760 404 2814 etiam
433 2758 530 2829 qui
554 2755 904 2812 consentiunt
934 2751 1264 2823 facientibus
1293 2752 1464 2821 (Rom.
1500 2751 1559 2821 ι).
1594 2749 1703 2804 Par
1731 2748 1888 2804 enim

234 2863 410 2919 paena
449 2849 506 2900 et
554 2848 792 2916 agentes
849 2846 905 2897 et
943 2840 1378 2896 consentientes
1425 2837 1885 2910 comprehendit.

236 2941 351 2991 Vos
378 2951 522 3006 ergo,
571 2935 798 3004 fratres,
846 2931 1072 2999 vigilate
1120 2935 1171 2984 et
1215 2932 1385 2984 orate.
1444 2928 1688 2983 Viriliter
1717 2928 1885 2996 agite,

232 3029 285 3081 et
313 3024 710 3094 confortamini
757 3023 818 3076 in
869 3021 1123 3087 Domino,
1171 3021 1224 3075 et
1268 3019 1458 3074 omnia
1503 3019 1699 3084 vestra,
1721 3017 1890 3086 juxta

233 3112 602 3186 Apostolum,
637 3113 696 3166 in
750 3109 1019 3166 charitate
1048 3109 1193 3179 ﬁant
1239 3107 1287 3177 (Ι
1316 3107 1435 3163 Cor.
1469 3106 1607 3177 XVI).
1655 3108 1701 3159 A
1731 3111 1888 3161 recta

229 3219 374 3275 ergo
419 3203 531 3273 (14.
582 3218 632 3271 q.
668 3201 719 3254 1.
771 3200 811 3253 Α
858 3202 1002 3254 recta
1049 3213 1176 3266 ergo
1197 3213 1218 3258 ,ο
1265 3201 1321 3251 et
1349 3197 1409 3250 in
1450 3195 1650 3250 decret.
1690 3195 1884 3250 Felicis

225 3292 413 3365 papa)
445 3290 558 3345 fide
587 3293 643 3345 et
673 3285 994 3360 apostolico
1023 3285 1257 3340 tramite
1286 3287 1523 3356 propter
1551 3282 1730 3338 ullam
1763 3299 1885 3354 per-

229 3379 592 3437 secutionem
649 3377 828 3433 nolite
883 3376 1171 3441 recedere,
1222 3374 1469 3430 scientes
1510 3372 1665 3444 quia,
1713 3372 1886 3442 juxta

226 3467 552 3526 Salvatoris
609 3465 984 3534 sententiam,
1037 3463 1178 3520 beati
1231 3471 1360 3518 sunt
1415 3463 1511 3534 qui
1553 3461 1883 3533 persecutio-

224 3575 359 3614 nem
389 3558 433 3594 ¹⁶
457 3557 758 3629 patiuntur
800 3555 1021 3624 propter
1060 3553 1336 3621 iustitiam
1376 3550 1598 3622 (Matth.
1631 3551 1706 3623 v).
1753 3549 1883 3606 Haec

226 3652 323 3704 est
351 3645 761 3718 Apostolorum
809 3642 937 3697 viva
966 3640 1204 3696 traditio
1249 3641 1478 3711 (Agatho
1524 3639 1595 3694 ad
1626 3641 1880 3710 imperat.

231 3738 422 3793 Const.
478 3743 585 3790 act.
632 3751 687 3788 v1
730 3732 954 3788 concilii
1001 3730 1104 3786 (ΖΡ.
1153 3730 1414 3785 adversus
1467 3729 1880 3801 Monothelitas),

225 3827 356 3882 haec
385 3841 520 3880 vera
570 3821 822 3879 charitas
869 3838 993 3891 qua
1043 3819 1412 3892 praedicanda
1455 3822 1564 3884 est,
1597 3820 1652 3873 et
1685 3816 1882 3888 praeci-

227 3930 348 3987 pue
376 3912 673 3985 diligenda
703 3927 769 3966 ac
800 3909 1065 3979 fovenda,
1089 3913 1263 3980 atque
1285 3906 1632 3962 ﬁducialiter
1660 3906 1732 3961 ab
1758 3923 1882 3961 om-

228 4003 410 4059 nibus
441 4001 714 4057 tenenda.
747 4003 876 4054 Haec
898 4003 1104 4054 saneta
1125 4001 1182 4053 et
1201 3996 1522 4068 apostolica
1543 3999 1730 4051 mater
1759 4012 1882 4051 om-

227 4093 398 4148 nium
450 4090 828 4146 ecclesiarum
879 4087 1092 4144 Christi
1146 4083 1423 4152 Ecclesia,
1475 4102 1600 4157 quas
1654 4084 1884 4155 perl)ei

227 4179 654 4252 omnipotentis
685 4177 936 4252 gratiam
967 4193 1002 4232 a
1047 4174 1282 4232 tramite
1345 4172 1674 4246 apostolicae
1705 4173 1884 4229 tradi-

225 4269 411 4325 tionis
468 4283 770 4338 nunquam
831 4280 1057 4321 errasse
1113 4263 1410 4334 probatur,
1443 4277 1549 4317 nec
1600 4261 1887 4316 hareticis

230 4356 596 4413 novitatibus
645 4354 1016 4426 depravanda
1059 4354 1101 4388 ¹⁷
1154 4350 1498 4408 succubuit:
1547 4351 1671 4418 sed,
1723 4350 1886 4406 utin

226 4445 466 4503 exordio
495 4459 764 4500 normam
798 4443 931 4498 ﬁdei
959 4441 1290 4514 apostolicae
1321 4440 1576 4512 percepit
1599 4440 1670 4494 ab
1695 4444 1888 4494 aucto-

224 4536 396 4591 ribus
428 4534 572 4603 suis,
629 4531 1027 4604 apostolorum
1077 4529 1288 4586 Christi
1334 4529 1722 4601 principibus,
1767 4527 1886 4582 illi-

227 4626 370 4680 bata
399 4623 515 4679 ﬁne
561 4628 733 4679 tenus
783 4624 1004 4691 manet,
1057 4619 1382 4676 secundum
1428 4617 1616 4690 ipsius
1658 4615 1893 4673 Domini
1923 4605 1970 4672 Ι)

1911 3246 1958 3315 C

2002 1955 2150 2011 cisse
2179 1971 2411 2027 semper
2439 1956 2666 2012 cunctis
2697 1961 2784 2011 est
2815 1955 3132 2027 cognitum.
3163 1955 3420 2020 Quorum
3451 1961 3507 2011 et
3537 1973 3643 2029 pu-

2001 2043 2213 2100 sillitas
2246 2060 2396 2109 mea,
2429 2045 2563 2100 licet
2609 2045 2801 2116 impar
2837 2050 2896 2099 et
2942 2044 3209 2110 minima,
3243 2061 3344 2116 pro
3374 2050 3646 2117 suscepto

2000 2138 2218 2198 tamen,
2269 2132 2464 2188 divina
2513 2133 2866 2205 dignatione,
2899 2132 3248 2198 ministerio,
3299 2133 3651 2206 pedissequa

2001 2223 2162 2293 cupit
2189 2221 2486 2278 exsistere.
2516 2221 2612 2278 Ve
2643 2220 2799 2278 enim
2831 2222 2941 2278 erit
2967 2222 3157 2288 nobis,
3186 2223 3282 2292 qui
3314 2225 3442 2293 ejus
3473 2223 3648 2278 mini-

2000 2311 2161 2368 sterii
2192 2328 2339 2367 onus
2373 2316 2712 2384 susceptum
2758 2311 3066 2374 habemus,
3100 2311 3150 2367 si
3188 2311 3491 2366 veritatem
3522 2311 3649 2367 Sal-

1999 2399 2216 2456 vatoris
2245 2401 2429 2456 nostri
2459 2399 2596 2456 Jesu
2644 2399 2878 2469 Christi,
2927 2417 3105 2472 quam
3153 2399 3401 2471 apostoli
3441 2401 3649 2472 praedi-

2000 2493 2296 2556 caverunt,
2348 2487 2661 2561 praedicare
2710 2487 3140 2561 neglexerimus
3169 2489 3223 2560 (Ι
3261 2492 3387 2546 Cor.
3421 2490 3521 2560 Ix).
3552 2488 3651 2544 νω

1999 2578 2109 2634 erit
2164 2577 2354 2643 nobis,
2413 2578 2462 2633 si
2513 2576 2744 2633 silentio
2799 2577 3102 2634 veritatem
3162 2576 3648 2651 oppresserimus,

1999 2683 2170 2738 quam
2203 2681 2439 2737 erogare
2478 2665 2893 2721 nummulariis
2925 2666 3223 2737 jubemur,
3258 2665 3316 2720 id
3367 2669 3455 2721 est
3482 2665 3648 2720 Chri-

1999 2756 2221 2811 stianos
2269 2754 2516 2827 populos
2564 2755 2829 2810 imbuere
2877 2758 2935 2810 et
2981 2754 3187 2809 docere
3234 2754 3439 2826 (Matth.
3493 2755 3645 2825 xxv).

1998 2845 2145 2912 Quid
2179 2845 2238 2900 in
2269 2843 2457 2915 ipsius
2505 2843 2716 2899 Christi
2767 2843 2961 2899 futuro
3009 2843 3223 2898 dicturi
3273 2859 3482 2899 sumus
3511 2859 3647 2897 exa-

1998 2934 2177 3004 mine,
2228 2933 2278 2988 si
2329 2949 2655 2988 sermonem
2707 2933 2835 3003 ejus
2885 2931 3184 2987 veritatem
3229 2931 3648 2987 confundimur

1999 3023 2309 3096 praedicare
2330 3022 2357 3078 ?
2387 3021 2533 3086 Quid
2564 3021 2675 3077 erit
2703 3021 2775 3077 de
2819 3020 2987 3077 nobis
3027 3037 3161 3076 cum
3211 3021 3284 3076 de
3313 3019 3647 3077 commissis

1996 3112 2165 3166 nobis
2197 3111 2508 3166 animabus
2537 3114 2594 3166 et
2624 3111 2694 3165 de
2722 3109 2912 3164 ofﬁcio
2944 3113 3214 3181 suscepto
3247 3109 3529 3164 rationem
3552 3109 3654 3180 ju-

1995 3205 2122 3257 stus
2173 3200 2355 3271 judex
2411 3199 2679 3255 Christus
2733 3199 3012 3253 Dominus
3070 3203 3272 3253 noster
3317 3197 3645 3253 districtam

1991 3291 2176 3362 egerit
2230 3290 2376 3358 (Luc.
2437 3287 2605 3358 xw)?
2655 3288 2806 3356 Ideo,
2865 3287 3091 3351 fratres,
3149 3285 3458 3357 hortor(S.
3516 3288 3643 3342 Leo.

1992 3381 2168 3448 Epist,
2201 3395 2219 3434 ι
2251 3379 2509 3433 adversus
2539 3376 2802 3446 Manich,)
2832 3374 3202 3431 dilectionem
3233 3378 3510 3442 vestram,
3543 3375 3646 3429 ob-

1991 3471 2176 3526 testor
2205 3473 2262 3523 ct
2290 3482 2498 3522 moneo
2530 3470 2595 3522 ut
2637 3482 2750 3536 qua
2792 3465 3018 3520 debetis
3065 3469 3123 3519 et
3153 3463 3396 3536 potestis
3426 3461 3646 3518 sollici-

1991 3557 2216 3624 tudine,
2248 3554 2499 3626 vigiletis
2531 3555 2602 3610 ad
2634 3553 3070 3626 investigandos
3111 3552 3414 3608 haereticos
3444 3557 3502 3608 et
3529 3551 3643 3607 ini-

1993 3646 2178 3702 micos
2208 3649 2420 3719 sanctis
2456 3643 2550 3698 Dei
2583 3642 2854 3698 Ecclesia:
2887 3648 2943 3697 et
2975 3659 3008 3697 a
3029 3642 3192 3697 sanis
3221 3641 3540 3705 mentibus,
3573 3656 3646 3696 ne

1991 3735 2176 3808 pestis
2205 3734 2327 3789 hinc
2352 3732 2529 3788 latius
2555 3731 2905 3803 divulgetur,
2929 3731 3234 3787 severitate
3255 3747 3372 3802 qua
3402 3728 3644 3802 potestis

1992 3841 2096 3896 pro
2123 3822 2345 3877 viribus
2379 3820 2750 3892 exstirpatis;
2783 3820 3084 3892 quoniam,
3115 3824 3179 3875 ut
3198 3819 3438 3875 habebit
3467 3836 3500 3873 a
3531 3824 3642 3873 Deo

1991 3911 2180 3982 dignas
2229 3909 2722 3965 renumerationis
2772 3909 3077 3981 praemium
3133 3908 3233 3979 qui
3285 3906 3641 3977 diligentius,

1992 4001 2149 4074 quod
2172 4000 2242 4056 ad
2263 3997 2518 4055 salutem
2542 3998 2870 4054 commissae
2893 3998 3002 4052 sibi
3023 3995 3208 4069 plebis
3222 3995 3505 4067 proficiat,
3525 3994 3645 4048 fue-

1993 4091 2070 4146 rit
2097 4092 2427 4155 exsecutus,
2460 4086 2542 4142 ita
2566 4092 2700 4142 ante
2726 4086 2979 4141 tribunal
3004 4083 3234 4140 Domini
3267 4084 3337 4138 de
3368 4087 3530 4138 reatu
3551 4098 3646 4137 ne-

1995 4177 2284 4253 gligentiae
2308 4193 2368 4232 se
2392 4193 2506 4232 non
2531 4175 2740 4247 poterit
2759 4190 3034 4232 excusare
3054 4173 3388 4246 quicunque
3415 4171 3642 4244 plebem

1995 4283 2162 4324 suam
2197 4269 2399 4321 contra
2421 4264 2712 4336 sacrilegae
2737 4261 3136 4334 persuasionis
3157 4267 3423 4316 auctores
3445 4258 3642 4314 nolue-

1995 4355 2074 4412 rit.
2091 4353 2406 4411 custodire.
2432 4353 2578 4408 Data
2599 4351 2874 4407 Kalendis
2894 4349 3109 4421 Aprilis
3129 4365 3283 4404 anno
3302 4349 3428 4416 252,
3453 4346 3644 4402 adhuc

1993 4445 2222 4500 vivente
2271 4441 2559 4506 Cornelio,
2592 4440 2753 4496 Gallo
2803 4445 2861 4496 et
2906 4437 3223 4494 Volusiano
3274 4437 3412 4496 viris
3441 4435 3647 4495 claris.

1999 4531 2168 4591 simis
2197 4529 2561 4588 consulibus.

1659 4754 1863 4816 Varia:
1893 4754 2215 4816 lectiones.

302 4886 320 4919 ¹
353 4881 514 4939 Alias
543 4879 928 4956 Sacrilegium
952 4879 1243 4954 judicent.
1323 4878 1368 4915 ¹⁶
1396 4877 1554 4935 Alias
1585 4878 2109 4937 Perturbationem.
2189 4877 2231 4914 ¹⁷
2259 4877 2415 4935 Alias
2446 4880 2784 4952 Depravata.

853 5218 1258 5284 DECRETA
1303 5216 1544 5282 LUC]!
1585 5217 1852 5280 PAP/E'
1891 5217 2022 5282 ΕΧ
2060 5217 2492 5282 GRATIANO
2533 5215 3038 5280 DESUMPTA.

233 5469 278 5522 Ι.
339 5466 530 5535 Ofﬁcio
581 5468 631 5519 et
680 5464 936 5534 beneﬁcio
979 5465 1227 5534 privetur
1270 5478 1567 5535 episcOpus,
1616 5462 1896 5533 presbyter
2005 5461 2076 5518 ad
2107 5459 2402 5517 dominica
2445 5459 2594 5516 tales
2637 5459 2930 5532 eligantur
2975 5458 3185 5528 ofﬁcia,
3218 5459 3314 5531 qui
3349 5459 3650 5515 continen-

309 5534 420 5620 vci,
447 5537 730 5603 άίαεθηαδ»
782 5552 1008 5592 αιτονετη
1064 5535 1391 5606 επιδοίρίεω,
1453 5534 1530 5590 νει
1587 5537 1896 5602 susceptam
2002 5551 2147 5606 tiam
2177 5554 2426 5606 servent.
2457 5549 2513 5604 Si
2558 5566 2692 5606 vero
2725 5554 2855 5620 post
2881 5547 3304 5603 ordinationem
3337 5564 3503 5603 suam
3538 5549 3653 5603 mi-

312 5611 579 5664 reti-nens.

317 5731 574 5787 Ministri
605 5732 764 5803 (Dist.
787 5732 878 5802 81)
909 5730 1130 5802 altaris,
1156 5731 1473 5803 presbyteri
1501 5729 1620 5785 sive
1644 5729 1896 5800 diaconi,

2006 5640 2224 5696 nistros
2253 5638 2553 5710 contigerit
2598 5637 2852 5712 proprias
2897 5637 3089 5693 uxoris
3139 5637 3408 5692 invadere
3437 5637 3651 5705 cubile,

2008 5727 2246 5787 sacrarii
2279 5745 2390 5782 non
2441 5727 2662 5785 intrent
2709 5725 2937 5798 limina,
2969 5743 3156 5798 neque
3204 5724 3443 5781 sacrarii
3477 5723 3659 5798 porti-
