4098 6178
480 427 637 485 1019

1496 429 1562 489 8.
1610 428 2075 490 STEPHANUS
2122 426 2324 486 PAPA
2368 427 2468 488 ET
2512 427 2869 488 MARTYR.

3690 438 3818 500 1020

476 572 686 628 porum
717 555 1105 611 consensione
1134 556 1478 614 discessisse
1508 558 1886 614 nuntiabunt.
1910 557 1989 613 Eo
2021 574 2130 612 au-
2160 558 2212 628 Α
2243 556 2405 612 sione
2432 557 2718 613 nudatam
2750 559 3000 614 Romam
3023 574 3292 630 pergens,
3322 560 3653 632 Stephanum
3680 566 3819 624 colle-

477 650 595 700 tem
629 644 883 699 audaciae
918 650 1267 716 proruperat
1297 646 1647 715 Marcianus,
1697 652 1761 701 ut
1793 648 1863 702 de
1893 646 2134 717 collegio

482 734 878 800 sacerdotum,
898 733 998 805 qui
1033 733 1232 807 lapsis,
1260 740 1390 806 post
1422 737 1675 791 debitam
1710 736 2132 809 paenitentiam,

481 838 684 894 pacem
718 823 973 877 dandam
1024 824 1365 891 censebant,
1408 826 1676 895 judicare
1728 841 1941 896 eosque
1992 841 2025 878 a
2074 839 2135 878 se

481 927 787 982 segregare
838 928 954 966 non
1002 911 1256 981 timeret,
1287 929 1420 967 cum
1462 914 1534 969 ab
1585 914 1677 968 his
1726 913 1851 984 ipse
1883 913 2133 967 necdum

478 1000 780 1054 abstentus
831 1000 1143 1055 videretur.
1176 1001 1257 1055 De
1303 1001 1503 1056 eadem
1538 1017 1598 1056 re
1632 1002 1947 1056 Faustinus
1979 1001 2135 1057 idem

480 1088 661 1143 semel
693 1092 751 1143 et
777 1088 991 1143 iterum
1024 1090 1094 1143 ad
1129 1089 1481 1160 Cyprianum
1508 1091 1738 1162 scripsit
1762 1092 1957 1161 (Epist.
1994 1108 2034 1155 1,
2066 1089 2136 1144 ad

480 1177 694 1249 Sleph.,
726 1195 785 1231 η.
821 1178 893 1248 1).
938 1179 1099 1242 Quod
1152 1179 1281 1234 ideo
1312 1179 1529 1233 factum
1580 1180 1953 1250 suspicantur
1990 1196 2133 1234 non-

481 1264 650 1336 nulli,
686 1271 751 1321 ut
780 1283 914 1322 cum
946 1267 1260 1323 Faustinus
1311 1285 1376 1325 ac
1408 1269 1550 1325 socii
1600 1268 1746 1325 nihil
1784 1286 1817 1324 a
1844 1268 2135 1339 Stephano

482 1355 900 1423 obtinuissent,
931 1357 1059 1426 ejus
1092 1372 1267 1427 opera
1296 1356 1385 1412 vel
1419 1357 1659 1413 monitis
1692 1357 1997 1429 suppetias
2028 1356 2134 1411 Ca-

480 1443 715 1499 tholicis
745 1444 1032 1515 episcopis
1066 1446 1468 1516 impetrarent.
1502 1447 1721 1517 Nempe
1755 1448 1855 1518 qui
1888 1446 2137 1501 summis

479 1534 653 1588 rebus
678 1534 1116 1607 prmsident,ubi
1144 1535 1459 1590 nonnullas
1490 1535 1576 1592 vel
1612 1553 1724 1607 prae
1756 1535 1939 1591 nimia
1965 1551 2135 1590 occu-

477 1622 712 1692 patione
752 1622 841 1677 vel
890 1640 994 1695 pro
1044 1623 1358 1695 prudentia
1406 1623 1636 1679 differre
1685 1624 2135 1696 compelluntur,

479 1728 631 1782 saepe
671 1712 986 1783 culpantur
1045 1718 1110 1767 ut
1157 1729 1387 1784 segnes,
1439 1713 1539 1768 ubi
1590 1731 1722 1769 vero
1769 1712 2133 1783 diligentiam

478 1800 780 1867 adhibent,
814 1801 908 1855 vix
935 1802 1116 1856 vitare
1146 1807 1372 1873 queunt
1405 1803 1718 1874 praecipitis
1740 1802 1923 1857 animi
1946 1801 2136 1872 suspi-

2243 662 2375 717 gam
2408 651 2677 701 nostrum
2707 647 2877 719 longe
2908 648 3189 719 positum,
3221 653 3277 702 et
3304 653 3468 720 gestae
3494 651 3565 705 rei
3585 668 3643 705 ac
3666 656 3818 708 tacitas

2243 734 2502 789 veritatis
2537 735 2803 807 ignarum
2854 736 3080 806 fefellit,
3114 741 3176 791 ut
3226 738 3534 793 exambiret
3560 743 3731 812 reponi
3774 761 3821 798 se

2242 822 2460 895 injuste
2491 822 2550 877 in
2581 824 3007 896 episcopatum,
3046 825 3115 879 de
3146 842 3260 897 quo
3307 827 3485 881 fuerat
3513 829 3655 897 juste
3682 831 3821 901 depo-

2245 912 2416 967 situs.
2450 911 2568 967 Hoc
2599 930 2664 968 eo
2695 913 2968 985 pertinet,
2992 919 3055 968 ut
3086 913 3357 969 Basilidis
3389 932 3496 969 non
3526 922 3627 971 tam
3650 918 3824 974 abolita

2243 1000 2384 1072 sint,
2417 1018 2595 1073 quam
2627 1003 2926 1057 cumulata
2954 1002 3185 1071 delicta,
3218 1007 3283 1058 ut
3320 1005 3390 1059 ad
3422 1006 3695 1076 superiora
3720 1025 3824 1078 pec-

2245 1093 2372 1145 cata
2400 1092 2551 1161 ejus,
2582 1092 2757 1146 etiam
2789 1091 3030 1147 fallaciae
3062 1096 3120 1147 et
3159 1093 3646 1150 circumventionis
3672 1096 3825 1152 scelus

2246 1180 2577 1236 accesserit.
2611 1180 2808 1251 Neque
2838 1181 2993 1235 enim
3027 1186 3148 1236 tam
3180 1179 3501 1252 culpandus
3527 1189 3609 1237 est
3631 1182 3715 1238 ille
3755 1186 3825 1239 cui

2245 1268 2609 1341 negligenter
2638 1270 2945 1342 obreptum
2980 1275 3089 1341 est,
3137 1286 3314 1342 quam
3359 1270 3451 1327 hic
3494 1273 3827 1328 exsecrandus

2247 1358 2347 1428 qui
2379 1357 2781 1413 fraudulenter
2809 1359 3069 1429 obrepsit
3092 1375 3104 1412 :
3127 1378 3154 1411 ιι
3191 1363 3257 1413 ut
3289 1357 3501 1414 scilicet
3526 1358 3728 1415 litteras
3750 1361 3827 1415 ob-

2244 1446 2478 1511 tineret,
2512 1447 2728 1517 quibus
2758 1452 2815 1502 et
2842 1447 3179 1503 communio
3228 1452 3286 1501 et
3326 1448 3487 1503 sedes
3531 1448 3636 1518 ipsi
3668 1450 3827 1503 redde-

2247 1539 2468 1590 rentur.
2501 1535 2785 1589 Neutrum
2816 1535 2971 1591 enim
3004 1536 3115 1608 ipsi
3152 1536 3278 1591 sine
3309 1535 3534 1601 litteris,
3556 1553 3669 1607 qua:
3694 1539 3830 1608 etju-

2245 1623 2381 1678 dicii
2414 1623 2719 1694 Stephani,
2753 1628 2811 1679 et
2841 1623 2953 1679 sibi
2986 1624 3057 1679 ab
3089 1640 3154 1679 eo
3186 1623 3424 1679 indultae
3454 1626 3828 1680 communionis

2245 1717 2424 1768 testes
2454 1717 2669 1780 essent,
2703 1713 3061 1785 sperandum
3105 1713 3313 1769 fuerat.
3364 1715 3505 1770 Eum
3547 1718 3716 1771 autem
3743 1731 3828 1770 non

2242 1806 2470 1855 tantum
2500 1801 2780 1873 Stephani
2812 1802 3307 1872 communionem,
3362 1804 3460 1857 sed
3507 1811 3556 1857 et
3584 1802 3832 1874 episcopa-

480 1890 730 1945 cionem.
764 1890 843 1945 Ad
880 1889 1234 1962 Cyprianum
1268 1892 1423 1961 quod
1455 1892 1679 1960 attinet,
1713 1892 1854 1946 adeo
1886 1908 1999 1945 non
2024 1892 2136 1945 du.
2174 1925 2220 1989 Β
2249 1894 2397 1957 tum,
2419 1895 2476 1945 et
2496 1908 2629 1945 eum
2654 1891 2889 1962 quidem
2914 1908 3028 1962 quo
3051 1892 3314 1962 dejectus
3336 1891 3831 1961 fuerat,exambiisse

480 1978 708 2047 bitavit,
743 1978 885 2049 quin
921 1979 1255 2050 Stephanus
1287 1979 1474 2050 ipsius
1522 1980 1768 2035 consilio
1800 1985 1856 2035 et
1902 1979 2136 2035 hortatu

475 2066 703 2122 litteras
735 2066 807 2122 ad
840 2067 1196 2138 provinciam
1228 2073 1285 2123 et
1315 2068 1544 2138 plebem
1574 2068 1970 2124 Arelatensem
2002 2069 2136 2123 mit-

476 2158 650 2222 teret,
698 2155 914 2225 quibus
958 2161 1015 2210 et
1075 2156 1438 2211 Marcianum
1487 2156 1787 2224 abstineri,
1844 2162 1900 2212 et
1956 2157 2136 2212 alium

476 2244 817 2316 episcopum
869 2244 927 2297 in
976 2247 1103 2314 ejus
1150 2244 1341 2300 locum
1375 2245 1653 2301 substitui
1686 2246 2038 2318 praeciperet.
2074 2248 2139 2300 ut

478 2337 535 2387 et
561 2333 695 2405 quis
719 2332 890 2389 fuerit
912 2333 1272 2389 substitutus
1295 2334 1404 2389 sibi
1437 2333 1754 2406 significari
1779 2333 1957 2390 simul
1976 2338 2139 2406 roget

477 2420 637 2489 (Ibid.
674 2438 731 2478 n.
779 2423 813 2476 3
859 2426 915 2476 et
942 2422 1024 2489 5).
1064 2422 1415 2493 Hujusmodi
1464 2429 1659 2478 autem
1694 2422 1917 2478 litteras
1948 2441 1982 2479 a
2012 2424 2135 2479 Ste-

478 2509 673 2581 phano
705 2510 920 2565 missas
951 2510 1132 2567 fuisse
1162 2510 1272 2566 hoc
1301 2511 1518 2567 indicio
1541 2519 1649 2581 est,
1675 2513 1829 2583 quod
1862 2512 1920 2566 in
1944 2511 2139 2566 Arela-

476 2599 744 2653 tensibus
778 2598 1091 2670 diptycbis,
1122 2604 1186 2653 ut
1207 2600 1331 2670 jam
1366 2601 1824 2671 observavimus,
1856 2600 2136 2655 Marciani

478 2704 691 2743 nomen
724 2704 837 2742 non
872 2693 1188 2760 comparet.
1244 2690 1406 2755 Quod
1450 2689 1509 2744 in
1554 2676 1784 2761 negotio
1815 2689 2136 2761 Cyprianus

478 2793 655 2831 suum
686 2777 813 2849 ipse
842 2793 947 2848 pro
977 2777 1254 2834 omnibus
1277 2777 1552 2835 Ecclesiis
1584 2779 1848 2834 studium
1880 2796 1946 2834 ac
1978 2778 2134 2834 solli-

481 2864 800 2920 citudinem
832 2866 1247 2936 comprobans,
1300 2866 1543 2921 Romani
1576 2866 1870 2936 pontiﬁcis
1905 2871 2032 2922 tum
2063 2867 2135 2921 ad

479 2954 899 3008 dimovendum
929 2955 1001 3009 de
1030 2954 1168 3009 sede
1212 2971 1320 3009 sua
1353 2955 1749 3010 Arelatensem
1774 2956 2132 3027 episCOpum,

477 3047 602 3097 tum
636 3043 706 3097 ad
741 3042 922 3098 alium
974 3042 1022 3098 ei
1057 3042 1501 3115 subrogandum
1543 3043 1947 3099 auctoritatem
1979 3044 2137 3101 haud

474 3132 653 3187 dubio
684 3131 1025 3188 testimonio
1059 3134 1310 3205 agnovit.
1356 3133 1555 3204 Neque
1601 3133 1757 3188 enim
1808 3133 2136 3190 audiendus

472 3221 704 3276 videtur
736 3236 938 3276 recens
989 3221 1308 3277 Annalium
1338 3221 1817 3294 Cyprianicorum
1865 3223 2136 3294 scriptor.

470 3310 639 3379 cujus
671 3306 964 3363 sententia
994 3309 1144 3363 nihil
1175 3333 1204 3360 «
1226 3288 1438 3364 nihilva'
1464 3311 1757 3382 Stephano
1791 3288 2127 3381 postulabat
2157 3288 2199 3353 (ἶ

470 3397 796 3470 Cyprianus
820 3418 847 3445 ››
879 3402 1037 3467 (cum
1070 3398 1155 3453 illi
1190 3404 1392 3455 auctor
1421 3404 1546 3454 erat
1575 3404 1640 3453 ut
1667 3399 1889 3455 litteras
1911 3401 1980 3454 ad
2004 3417 2133 3472 pro-

466 3487 721 3543 vinciam
773 3487 1070 3559 mitteret),
1108 3509 1135 3537 «
1185 3488 1339 3559 quod
1392 3489 1517 3559 ipse
1565 3495 1839 3558 praestare
1888 3494 2132 3560 paratus

471 3592 586 3630 non
620 3580 763 3641 erat,
797 3596 823 3627 n
851 3575 964 3630 nisi
996 3576 1411 3643 subaudiatur,
1439 3598 1466 3627 «
1500 3577 1547 3631 si
1580 3576 1640 3631 in
1672 3577 1875 3632 eadem
1908 3579 2045 3633 sede
2067 3594 2134 3635 ac

478 3663 604 3719 loco
637 3664 865 3718 fuisset.
902 3687 923 3714 ι

547 3754 601 3805 2.
638 3751 903 3807 Faustini
952 3753 1021 3807 ad
1076 3752 1440 3823 Stephanum
1491 3752 1714 3809 litteras
1763 3755 1834 3809 ad
1874 3755 2131 3826 primum

479 3841 663 3911 hujus
719 3840 1012 3912 pontificis
1061 3857 1278 3897 annum
1350 3842 1550 3897 referri
1612 3841 1759 3897 nihil
1810 3848 1983 3898 vetat.
2027 3845 2135 3901 Eas

473 3934 625 3984 certe
656 3934 790 3985 ante
820 3929 1083 3985 obortam
1117 3930 1188 3984 de
1219 3930 1516 4001 Baptismo
1546 3931 1955 3987 haereticorum
1997 3948 2134 3988 con-

468 4017 813 4073 troversiam
865 4018 1115 4089 scriptas
1167 4034 1295 4073 esse
1343 4017 1548 4089 liquet.
1583 4019 1945 4091 Ambiguum
1978 4019 2133 4074 enim

472 4124 587 4162 non
629 4110 719 4162 est
769 4106 913 4178 quin
964 4106 1085 4161 haec
1134 4106 1265 4179 ipsa
1304 4107 1695 4163 controversia
1744 4109 2029 4178 posterior
2061 4100 2139 4163 sit

471 4195 737 4267 epistola,
774 4212 951 4267 quam
1000 4195 1376 4267 postmodum
1425 4196 1748 4267 Cyprianus
1782 4197 1851 4251 ad
1884 4196 2130 4268 Stepha-

473 4301 616 4341 num
650 4286 720 4340 de
766 4284 1047 4339 Marciani
1080 4301 1259 4340 causa
1288 4285 1544 4355 scripsit.
1578 4284 1737 4339 Hanc
1768 4290 1966 4340 autem
1998 4302 2135 4340 cau-

476 4391 602 4429 sam
618 4374 689 4429 ad
710 4374 1036 4429 secundum
1050 4373 1327 4446 Stephani
1347 4373 1704 4442 annumjam
1729 4373 1993 4428 adultum
2015 4390 2138 4446 per-

478 4463 662 4519 tinere
693 4463 1005 4537 praedictus
1032 4464 1343 4518 Annalium
1375 4464 1836 4535 Cyprianz’corum
1887 4462 2139 4534 scriptor

479 4553 707 4623 probat.
745 4552 902 4608 Unde
932 4552 1199 4624 sequitur
1231 4556 1295 4607 ut
1324 4552 1374 4608 si
1407 4568 1553 4624 quas
1586 4552 1871 4608 suadebat
1899 4551 2140 4624 Cypria-

482 4658 595 4697 nus
642 4640 870 4697 litteras
915 4642 1242 4713 Stephanus
1272 4642 1343 4697 ad
1375 4640 1744 4697 Arelatenses
1777 4642 2020 4713 miserit,

479 4745 595 4784 non
627 4728 801 4784 citius
840 4746 992 4785 anno
1021 4731 1126 4785 254
1156 4742 1401 4786 exeunte
1430 4730 1771 4802 conscriptae
1805 4730 1944 4786 sint.

1266 4890 1337 4946 II.

550 5038 603 5092 3.
637 5034 943 5105 Basilides,
979 5033 1251 5105 Legionis
1273 5038 1329 5089 et
1357 5035 1635 5090 Asturicas
1663 5034 2135 5107 episcopus,cum

480 5126 553 5181 ob
584 5123 925 5180 idololatriae
958 5121 1151 5178 scelus
1174 5122 1406 5194 aliaque
1429 5123 1677 5179 crimina
1701 5123 1773 5179 ab
1796 5124 2136 5195 episcopatu

479 5214 762 5285 depulsus
791 5216 967 5280 esset,
999 5212 1245 5283 ejusque
1276 5210 1401 5267 loco
1432 5212 1684 5267 Sabinus
1716 5212 1925 5267 fuisset
1955 5212 2135 5266 suffe-

480 5311 631 5373 ctus,
666 5318 794 5357 sese
824 5301 1067 5356 Romam
1103 5302 1173 5357 ad
1207 5301 1571 5372 Stephanum
1596 5300 1865 5371 contulit,
1887 5319 1920 5355 a
1943 5317 2057 5372 quo
2074 5305 2139 5355 ut

482 5392 542 5445 in
576 5392 771 5446 sedem
822 5407 987 5445 suam
1031 5392 1437 5445 restitueretur
1476 5390 1748 5446 obtinuit.
1791 5390 1870 5445 De
1918 5389 2027 5445 hac
2078 5406 2138 5446 re

484 5480 626 5550 quid
677 5480 917 5534 sentiret
964 5478 1285 5550 Cyprianus
1336 5478 1415 5533 ita
1467 5479 1697 5549 aperuit
1729 5478 1811 5532 Ex
1843 5478 2135 5549 Cypriane,

484 5570 642 5639 epist.
672 5570 764 5639 68)
800 5584 811 5621 :
837 5591 864 5618 «
896 5568 1009 5624 Nec
1038 5569 1368 5623 rescindere
1398 5567 1821 5622 ordinationem
1844 5568 1978 5637 jure
2010 5583 2137 5637 per-

486 5658 695 5713 festam
742 5657 867 5729 (id.)
917 5664 1127 5729 potest,
1176 5658 1330 5728 quod
1385 5656 1666 5712 Basilides
1716 5662 1847 5727 post
1895 5656 2139 5709 crimina

487 5763 596 5801 sua
624 5748 870 5813 detecta,
905 5750 961 5801 et
984 5745 1403 5799 conscientiam
1435 5748 1609 5799 etiam
1649 5744 1883 5815 propria
1913 5743 2137 5797 confes-

2249 1980 2509 2051 proxime
2537 1980 2720 2036 relata
2739 1979 3008 2053 Cypriani
3031 1981 3206 2035 verba
3229 1980 3829 2052 persuadent.Quorsum

2247 2068 2401 2124 enim
2427 2067 2629 2124 Sabini
2647 2069 2706 2123 in
2721 2070 2908 2141 ipsius
2930 2068 3122 2125 locum
3147 2070 3446 2141 subrogati
3470 2069 3831 2125 ordinationem

2248 2157 2598 2225 rescindere,
2633 2157 2712 2211 rei
2746 2162 2923 2228 gesta:
2954 2158 3135 2212 tacita
3164 2159 3425 2226 veritate,
3459 2162 3729 2222 tentasset,
3751 2156 3833 2210 nisi

2249 2249 2313 2300 ut
2345 2245 2414 2299 ad
2442 2262 2569 2300 eam
2603 2246 2800 2301 sedem
2833 2245 3067 2313 rediret,
3096 2247 3252 2301 unde
3280 2262 3341 2301 se
3371 2246 3580 2316 injuste
3598 2245 3829 2316 dejectum

2249 2333 2639 2389 mentiebatur
2660 2334 2688 2389 ?

2316 2460 2368 2513 4.
2401 2458 2680 2514 Observat
2709 2459 3001 2514 Pamelius
3033 2482 3062 2509 ‹‹
3096 2460 3256 2517 hunc
3299 2461 3487 2515 locum
3523 2477 3616 2532 pro
3640 2456 3835 2514 Romani

2247 2547 2542 2619 pontificis
2592 2548 2937 2605 auctoritate
2983 2549 3191 2617 facere,
3249 2554 3447 2622 utpote
3496 2567 3601 2621 quo
3644 2552 3837 2613 constet,

2246 2636 2552 2708 episcopos
2585 2637 2723 2693 sede
2765 2637 3023 2707 dejectos
3053 2637 3111 2692 in
3150 2638 3450 2710 Hispaniis
3489 2637 3657 2693 solere
3690 2636 3748 2691 ad
3785 2633 3837 2690 il-

2245 2723 2367 2778 lum
2396 2740 2713 2779 recurrere.
2743 2743 2771 2775 υ
2818 2725 2923 2780 Cui
2973 2725 3367 2782 observationi
3410 2742 3613 2781 novum
3656 2724 3836 2796 pondus

2247 2813 2564 2876 accederet,
2598 2812 2646 2867 si
2677 2818 2734 2867 et
2759 2813 3083 2869 Martialem
3107 2815 3528 2870 Emeritensem
3550 2814 3827 2885 episcopum

2245 2901 2447 2956 eodem
2469 2906 2731 2971 tempore
2758 2902 2832 2955 ab
2857 2902 3195 2975 episcopatu
3225 2904 3578 2969 submotum,
3600 2917 3746 2972 quem
3762 2899 3835 2970 Cy-

2248 2989 2490 3061 prianus
2510 2990 2660 3045 987
2686 2989 2915 3046 fallacia
2939 2991 3160 3062 pariter
3184 3009 3362 3048 usum
3386 3009 3509 3048 esse
3531 2994 3750 3056 notat,ut
3766 2988 3836 3042 ab-

2246 3083 2507 3148 rogatam
2530 3079 2642 3134 sibi
2673 3079 3019 3151 dignitatem
3053 3098 3160 3136 usu
3172 3081 3549 3152 rparet.hanc
3570 3081 3727 3151 ipsius
3744 3078 3835 3131 Ste-

2247 3167 2424 3238 phani
2456 3168 2799 3223 auctoritate
2828 3168 3125 3224 vindicare
3154 3170 3270 3224 sibi
3299 3170 3547 3225 voluisse
3574 3170 3830 3223 constaret.

2248 3256 2348 3311 His
2380 3257 2680 3327 praeiverat
2725 3257 3055 3330 exemplum
3099 3258 3317 3314 Privati
3350 3256 3710 3314 Lambesitani
3736 3253 3830 3325 epi-

2240 3346 2420 3417 scopi,
2448 3344 2546 3413 qui
2579 3367 2605 3395 ‹‹
2640 3345 2775 3401 mob
2799 3345 2921 3402 ulta
2949 3346 3146 3418 gravia
3178 3348 3393 3404 delicta
3425 3346 3715 3417 nonaginta
3739 3341 3831 3411 epi-

2241 3450 2550 3505 scoporum
2584 3435 2872 3490 sententia
2901 3436 3332 3492 condemnatus
3365 3439 3553 3507 (Cypr.
3584 3436 3736 3505 Epist.
3759 3446 3831 3494 xu.

2241 3524 2442 3591 72.10).
2477 3544 2506 3573 ‹‹
2552 3523 2796 3578 Romam
2848 3524 3106 3595 legatum
3158 3525 3425 3594 miserat,
3477 3530 3555 3588 ut,
3603 3522 3729 3578 Sede
3765 3534 3833 3571 va-

2244 3616 2433 3679 cante,
2468 3610 2551 3666 vel
2587 3628 2620 3665 a
2652 3610 2803 3665 clero
2836 3612 2963 3682 ejus
2995 3612 3147 3667 furto
3172 3618 3233 3668 et
3258 3612 3637 3669 fraudulenter
3660 3609 3832 3665 litteras

2243 3700 2449 3756 elicere
2472 3705 2721 3755 curaret.
2754 3699 2919 3756 Unde
2944 3700 3216 3758 Ecclesia
3237 3702 3417 3774 hujus
3440 3699 3721 3757 auctoritas
3738 3711 3831 3751 rna-

2244 3789 2333 3861 gis
2362 3806 2428 3845 ao
2464 3789 2653 3860 magis
2684 3790 3148 3846 commendatur.
3200 3792 3272 3848 Et
3310 3792 3459 3847 hanc
3494 3789 3704 3862 quidem
3733 3784 3833 3840 licet

2245 3894 2359 3931 non
2392 3882 2563 3948 neget
2594 3877 2932 3948 Cyprianus,
2982 3878 3330 3948 hujusmodi
3379 3885 3564 3934 tamen
3613 3888 3830 3948 provoca-

2243 3965 2475 4020 tionum
2506 3964 2877 4019 incommoda
2911 3984 3023 4021 non
3059 3966 3212 4033 silet,
3247 3969 3388 4023 dum
3420 3967 3741 4039 Stephanum
3766 3974 3831 4011 ve-

2245 4054 2334 4110 lut
2365 4054 2535 4126 longe
2566 4053 2819 4126 positum
2871 4060 2929 4111 et
2976 4055 3057 4111 rei
3104 4062 3283 4129 gestae
3330 4059 3611 4129 ignarum,
3640 4054 3831 4119 ideoque

2245 4145 2555 4215 deceptum
2615 4148 2993 4214 representat
3040 4145 3258 4217 (Cypr.,
3324 4148 3488 4217 Epist.
3536 4144 3670 4213 xxx).
3717 4138 3830 4200 Ουο·

2245 4233 2397 4288 circa
2454 4232 2741 4304 superius.
2803 4234 2982 4304 Epist.
3043 4251 3143 4299 x11,
3206 4252 3267 4290 n.
3310 4236 3400 4301 44,
3452 4235 3517 4289 ad
3564 4228 3827 4288 Cornelium

2242 4320 2497 4394 scripsit,
2519 4321 2589 4375 ab
2621 4320 2895 4377 omnibus
2927 4322 3028 4394 qui
3058 4339 3258 4378 secum
3278 4330 3418 4379 sunt
3444 4324 3698 4378 statutum
3716 4327 3827 4375 esse,

2245 4434 2273 4461 ‹‹
2308 4415 2373 4465 ut
2402 4411 2873 4484 uniuscujusque
2920 4429 3099 4468 causa
3158 4412 3279 4469 illic
3340 4413 3619 4479 audiatur,
3663 4405 3742 4461 ubi
3767 4406 3830 4458 est

2246 4498 2467 4554 crimen
2531 4497 2879 4565 admissum,
2914 4499 3013 4553 ubi
3063 4504 3120 4555 et
3167 4505 3533 4556 accusatores
3580 4495 3757 4551 habere
3789 4491 3830 4541 et

2246 4592 2428 4642 testes
2459 4586 2723 4642 criminis
2754 4586 2845 4641 sui
2877 4587 3125 4659 possint.
3146 4610 3173 4637 ››
3187 4589 3383 4645 Sensit
3400 4593 3455 4644 et
3479 4590 3659 4659 postea
3674 4577 3830 4649 siquis-

2051 4642 2215 4719 hmD
2247 4676 2434 4731 simus
2493 4675 2749 4747 pontifex
2806 4678 3120 4749 Gregorius
3169 4677 3328 4734 idem
3393 4671 3825 4733 incommodum:

2242 4765 2493 4837 ideoque
2515 4764 2670 4819 Petri
2703 4764 3013 4835 cujusdam
3038 4764 3299 4839 episcOpi
3326 4760 3690 4833 Numida,qui
3708 4757 3829 4812 dam-

2244 4859 2419 4909 natus
2451 4854 2525 4909 ad
2563 4853 2759 4924 ipsum
2804 4854 3128 4923 confuerat,
3161 4856 3233 4910 ad
3284 4855 3541 4923 ejusdem
3582 4842 3825 4922 provincim

2244 4941 2527 5015 praesules
2556 4958 2796 4997 causam
2838 4943 3066 4999 detulit.
3113 4944 3208 4999 Sic
3244 4960 3313 4999 ea
3360 4944 3430 4999 de
3462 4958 3520 4997 re
3562 4940 3626 4996 ad
3653 4934 3829 4992 Colum-

2244 5032 2388 5086 bum
2416 5030 2705 5085 Numidia
2745 5031 3085 5103 episcopum
3131 5033 3438 5104 loquitur:
3484 5054 3511 5080 ‹‹
3556 5026 3828 5083 Iudicemus

2248 5119 2448 5190 itaque
2477 5118 2785 5174 Sanctitati
2815 5119 3059 5187 Vestrae,
3088 5121 3316 5176 venisse
3344 5121 3414 5174 ad
3446 5135 3550 5174 nos
3576 5109 3828 5187 quemdam

2246 5208 2483 5263 Petrum
2524 5208 2779 5275 nomine,
2832 5208 2933 5280 qui
2965 5226 3028 5264 se
3060 5210 3271 5265 asserit
3319 5209 3498 5264 fuisse
3525 5204 3829 5277 episcopum.

2248 5304 2423 5369 atque
2452 5315 2641 5353 causas
2673 5315 2790 5354 suae
2822 5316 2856 5353 a
2887 5298 3055 5354 nobis
3098 5298 3419 5355 remedium
3453 5290 3755 5368 postulasse.
3780 5281 3827 5336 Et

2248 5386 2413 5458 prius
2461 5386 2701 5457 quidem
2749 5386 2950 5441 retulit
2981 5404 3107 5458 quae
3140 5388 3316 5459 digna
3355 5403 3480 5441 esse
3526 5374 3833 5437 miseratione

2249 5475 2577 5546 potuissent
2610 5493 2623 5530 :
2659 5476 2757 5530 sed
2815 5476 3203 5547 requirentes,
3248 5480 3447 5546 postea
3500 5468 3663 5526 multo
3712 5460 3834 5553 aliter

2249 5580 2423 5634 quam
2453 5564 2734 5618 indicavit
2765 5563 3184 5629 invenimus,et
3208 5564 3565 5619 vehementer
3582 5557 3693 5626 ejus
3715 5554 3829 5603 actio

2248 5670 2353 5717 nos
2383 5653 2767 5707 contristavit.
2787 5653 2895 5707 Sed
2928 5653 3064 5723 quia
3086 5669 3272 5707 causa:
3295 5651 3477 5723 ipsius
3506 5634 3824 5733 interna-stib-

2247 5742 2433 5796 tiliter
2465 5758 2835 5813 nequaquam
2869 5741 3187 5811 addiscere,
3209 5748 3327 5796 tam
3361 5739 3521 5809 lsngo
3550 5728 3739 5789 itineris
3763 5728 3825 5775 in'
