4098 6178
232 418 385 479 4021

1009 417 1326 478 ΝΟΤΙΤΙΑ
1372 418 1620 480 EPIST.
1672 420 1737 480 S.
1784 419 1892 479 STl

2005 418 2055 479 Ι.
2105 419 2263 480 NON
2309 418 2865 480 EXSTANTIUM.

3489 415 3647 474 1022

234 548 480 606 tervallo
510 547 812 619 disjuncti,
840 547 1146 619 potuimus
1173 567 1186 617 ;
1239 565 1390 617 eam,
1422 549 1627 606 incerti
1658 551 1889 622 quippe,
1920 553 1975 617 Α
2005 550 2298 606 troversiaa
2351 549 2464 606 illae
2495 549 2709 606 certius
2758 549 3132 616 dirimuntur,
3165 564 3350 620 operae
3398 545 3651 618 pretium

233 637 476 694 deﬁnire
530 635 925 708 nequivimus,
980 641 1086 691 etc.
1133 637 1274 705 (Lib.
1307 655 1383 694 v1.
1435 639 1550 693 Ind.
1588 639 1669 692 14.
1715 639 1888 710 Epist.

231 728 323 796 37,
355 745 414 780 η.
445 727 522 792 2).
550 747 580 775 »
612 724 738 779 Alia
767 725 1111 795 hujusmodi
1161 730 1459 798 praetereo.
1485 728 1569 781 Ad
1620 725 1891 782 Basilidis

233 821 430 870 autem
466 814 766 888 negotium
799 813 952 885 quod
985 814 1216 879 attinet,
1250 814 1401 870 hanc
1432 815 1491 869 in
1523 832 1588 870 eo
1621 819 1742 870 toto
1777 832 1890 886 pra:

234 921 296 959 se
345 905 456 960 fert
485 903 809 977 Cyprianus
868 902 1076 974 agendi
1127 902 1436 972 rationem,
1471 907 1535 958 ut
1591 903 1891 960 sententia

233 991 569 1063 eorum.qui
595 990 739 1046 illud
761 990 1048 1046 celebrem
1073 991 1144 1047 de
1168 992 1568 1048 haereticorum
1593 992 1891 1064 Baptismo

234 1081 690 1138 controversiam
722 1080 1094 1152 praecessisse
1123 1085 1382 1151 censent,
1411 1081 1566 1136 haud
1600 1080 1892 1136 illibenter

232 1171 530 1226 accedam.

1010 1304 1111 1358 Ill.

304 1439 360 1493 5.
394 1437 486 1496 Nil
519 1437 694 1493 etiam
717 1440 892 1504 vetat,
919 1436 1235 1508 quominus
1263 1438 1334 1492 ad
1367 1437 1423 1492 id
1454 1442 1710 1510 tempus,
1733 1438 1888 1510 quod

232 1527 574 1600 praedictam
635 1525 1087 1580 controversiam
1141 1525 1457 1597 praecessit,
1488 1525 1712 1582 litteras
1759 1526 1890 1582 illas

232 1614 584 1683 referamus,
618 1631 765 1686 quas
797 1631 829 1668 a
858 1613 1153 1684 Stephano
1184 1614 1255 1668 ad
1301 1613 1497 1688 Syrias
1528 1618 1584 1669 et
1613 1615 1888 1670 Arabiam

233 1704 489 1777 scriptas
521 1719 647 1759 esse
697 1703 1008 1774 Dionysius
1052 1702 1479 1759 Alexandrinus
1510 1703 1567 1757 in
1603 1703 1890 1776 superiori

235 1794 565 1865 fragmento
600 1796 906 1846 memorat.
947 1791 1046 1846 llle
1077 1791 1315 1863 quidem
1367 1793 1506 1863 quid
1551 1791 1611 1847 in
1661 1791 1745 1847 eis
1773 1798 1888 1848 tra-

235 1887 497 1936 ctaretur
525 1879 658 1935 silet
693 1897 706 1936 :
740 1896 938 1934 verum
970 1879 1138 1935 valde
1169 1879 1472 1952 probabile
1501 1886 1608 1952 est,
1642 1881 1887 1952 Stepha-

236 1987 380 2025 num
437 1969 867 2042 provinciarum
916 1967 1151 2024 illarum
1199 1969 1528 2042 penuriam,
1563 1970 1890 2025 necessaria

241 2059 328 2114 eis
361 2058 810 2130 suppeditando,
845 2056 1146 2112 sublevare
1177 2075 1292 2113 non
1325 2061 1687 2123 contentum,
1718 2058 1894 2114 etiam

238 2147 506 2202 ﬁdelium
540 2145 768 2200 animos
827 2145 1096 2218 benignis
1146 2162 1212 2203 ac
1265 2145 1601 2202 salubribus
1659 2147 1896 2218 scriptis

235 2235 417 2291 solari
451 2238 506 2289 et
535 2235 607 2290 ad
660 2233 937 2306 pietatem
978 2233 1226 2290 excitare
1257 2235 1583 2290 studuisse.
1616 2237 1898 2290 Praeterea

235 2320 520 2394 loquendi
551 2321 603 2376 ei
634 2320 826 2392 ampla
868 2325 992 2376 erat
1035 2321 1280 2377 materia
1307 2338 1377 2376 ex
1406 2322 1708 2378 occasione
1739 2321 1896 2378 schi-

238 2411 417 2466 matis
449 2408 774 2478 Novatiani,
810 2410 962 2481 quod
996 2411 1053 2465 in
1087 2410 1417 2482 provincias
1463 2411 1597 2466 illas
1629 2427 1894 2483 pervase-

234 2505 352 2567 rat,
377 2504 435 2555 et
454 2499 623 2568 cujus
647 2498 837 2553 labem
865 2499 923 2553 in
956 2498 1072 2554 illis
1095 2516 1335 2571 prorsus
1357 2499 1743 2556 emaculatam
1766 2517 1896 2556 esse

237 2589 618 2659 postmodum
652 2587 966 2660 Dionysius
997 2587 1307 2643 nuntiavit.

1025 2765 1116 2822 IV.

308 2891 363 2945 6.
398 2891 508 2947 Vix
533 2890 790 2948 Helenus
821 2890 990 2947 Tarsi
1018 2891 1331 2964 episcOpus
1361 2907 1499 2946 cum
1528 2895 1652 2946 tota
1677 2890 1894 2958 Cilicia,

241 2983 299 3034 et
331 2979 713 3035 Firmilianus
753 2996 887 3034 cum
921 2979 1286 3052 Cappadocia
1318 2979 1591 3035 universa
1621 2995 1686 3034 ac
1716 2978 1896 3034 ﬁniti-

241 3068 360 3123 mis
410 3068 770 3140 regionibus,
804 3069 1107 3125 Novatiani
1148 3067 1467 3125 novitatem
1517 3069 1894 3134 detestantes,

240 3158 313 3213 ad
340 3157 622 3212 unitatem
647 3156 916 3213 Ecclesia;
944 3158 1196 3231 regressi
1225 3161 1412 3223 erant,
1436 3172 1568 3213 cum
1596 3157 1655 3212 in
1677 3173 1894 3212 novum

239 3244 554 3300 dissidium
585 3246 874 3315 abierunt,
900 3262 1014 3301 non
1037 3247 1193 3302 enim
1226 3247 1298 3301 ab
1329 3262 1397 3302 ea
1425 3245 1607 3301 altera
1625 3244 1898 3316 opinione
1927 3278 1969 3344 Ο

243 3332 444 3389 divelli
473 3350 535 3390 se
578 3333 895 3405 sciverunt,
929 3351 1056 3406 quas
1103 3335 1406 3390 haereticos
1455 3334 1526 3390 ad
1581 3333 1895 3390 Ecclesiam

238 3422 552 3478 redeuntes
597 3423 878 3494 baptizari
933 3423 1226 3494 prmfracte
1254 3422 1502 3480 volebat.
1535 3425 1900 3494 Quapropter

235 3510 595 3581 Stephanus,
628 3511 822 3582 inquit
870 3511 1179 3578 Eusebius,
1213 3535 1240 3562 «
1277 3512 1502 3567 litteras
1551 3511 1788 3582 scripsit
1827 3513 1899 3567 de

233 3599 452 3656 lleleno
484 3605 542 3656 et
586 3601 656 3656 de
706 3601 1064 3669 Firmiliano,
1097 3603 1169 3657 de
1198 3602 1483 3658 omnibus
1531 3601 1783 3672 denique
1813 3615 1900 3658 sa‘

233 3690 574 3745 cerdotibus
604 3706 707 3760 per
731 3691 1021 3758 Ciliciam,
1053 3690 1506 3762 Cappadociam,
1539 3698 1900 3761 cunctasque

233 3777 519 3833 finitimas
562 3778 890 3849 provincias
939 3779 1302 3847 constitutis,
1334 3778 1552 3851 quibus
1583 3779 1897 3833 denuntia-

233 3867 338 3920 bat
368 3883 494 3921 sese
524 3867 595 3922 ob
637 3883 765 3921 eam
800 3884 1036 3922 causam
1091 3868 1162 3922 ab
1213 3867 1448 3922 illorum
1484 3867 1899 3922 communione

229 3954 653 4021 discessurum,
675 3957 829 4028 quod
853 3956 1155 4011 haereticos
1182 3956 1606 4028 rebaptizarent
1627 3977 1656 4005 »
1678 3955 1894 4024 (Euseb.

229 4043 334 4098 lib.
369 4061 465 4114 vn,
499 4045 815 4116 Hist.,c.5).
864 4046 1016 4110 Quas
1049 4044 1276 4099 litteras
1296 4043 1580 4116 sugillans
1612 4043 1896 4098 Firmilia-

232 4149 372 4197 nus,
402 4133 475 4186 de
527 4132 643 4188 illis
695 4134 764 4188 ad
796 4133 1147 4205 Cyprianum
1211 4133 1294 4187 ita
1351 4133 1613 4204 loquitur
1647 4149 1660 4188 :
1690 4153 1716 4184 α
1748 4131 1892 4198 Quid

229 4221 396 4274 enim
429 4220 718 4276 humilius
747 4227 850 4276 aut
879 4221 1090 4287 lenius,
1113 4237 1289 4292 quam
1320 4237 1455 4276 cum
1488 4224 1575 4276 tot
1605 4220 1894 4291 episcopis

229 4325 339 4380 per
368 4313 555 4364 totum
585 4311 872 4365 mundum
895 4309 1273 4374 dissensisse,
1299 4325 1497 4381 pacem
1523 4327 1654 4364 cum
1690 4311 1890 4382 singu~

235 4397 310 4452 lis
343 4398 498 4453 vario
531 4398 834 4454 discordiae
866 4415 1078 4471 genere
1126 4404 1518 4471 rumpentem,
1556 4399 1726 4454 modo
1757 4415 1890 4453 cum

229 4485 654 4554 Orientalibus,
680 4489 835 4559 quod
869 4505 974 4543 nec
1000 4504 1096 4543 vos
1120 4487 1298 4543 latere
1319 4487 1694 4554 confidimus,
1718 4488 1892 4542 modo

226 4574 560 4645 vobiscum,
594 4575 694 4647 qui
726 4576 784 4631 in
818 4576 1059 4631 meridie
1109 4575 1250 4631 estis
1271 4576 1298 4630 ?
1321 4597 1349 4625 ››
1382 4576 1566 4646 (Apud
1597 4576 1758 4646 Cypr.
1791 4577 1890 4630 sub

230 4665 311 4724 ﬁn
341 4664 439 4734 Ep.
470 4665 678 4735 Lxxv.).

1022 4807 1090 4861 V.

299 4931 356 4984 7.
388 4929 616 4986 Similes
649 4947 709 4986 re
739 4931 866 5003 ipsa
893 4935 1034 4986 tunc
1054 4929 1479 5004 Cyprianusab
1510 4929 1709 4985 eodem
1741 4932 1895 5002 Papa

226 5017 387 5072 988
423 5018 624 5073 eadem
659 5020 729 5074 de
759 5036 933 5074 causa
965 5019 1190 5073 litteras
1223 5022 1546 5091 acceperat,
1577 5017 1647 5073 de
1678 5017 1893 5088 quibus

221 5107 327 5161 ille
360 5125 392 5161 a
434 5107 707 5180 Pompeio
758 5109 1099 5164 Sabratensi
1150 5108 1424 5180 episcopo
1479 5107 1892 5179 interrogatus,

221 5195 389 5251 istud
421 5195 573 5251 inter
602 5197 717 5252 alia
745 5197 1023 5252 exscribit
1058 5214 1105 5252 :«
1142 5197 1200 5252 Si
1233 5196 1366 5268 quis
1398 5213 1532 5267 ergo
1565 5212 1598 5250 a
1631 5213 1893 5268 quacun-

220 5301 338 5355 que
381 5285 586 5341 hzeresi
634 5286 855 5342 venerit
913 5286 984 5340 ad
1042 5303 1170 5353 nos,
1204 5284 1352 5340 nihil
1412 5285 1721 5338 innovetur
1779 5283 1892 5340 nisi

221 5375 384 5444 quod
418 5375 700 5430 traditum
730 5380 839 5443 est,
870 5380 934 5429 ut
968 5391 1177 5429 manus
1210 5373 1292 5428 illi
1325 5374 1662 5444 imponatur
1692 5373 1748 5427 in
1779 5390 1895 5444 pce-

222 5462 567 5530 nitentiam;
604 5480 739 5518 cum
765 5464 878 5536 ipsi
903 5463 1160 5519 haeretici
1192 5462 1423 5534 proprie
1445 5461 1794 5516 alterutrum
1819 5463 1891 5517 ad

220 5567 288 5606 se
320 5551 621 5607 venientes
652 5569 767 5607 non
801 5552 1121 5624 baptizent,
1154 5552 1252 5606 sed
1288 5549 1728 5606 communicent
1760 5554 1889 5605 tan-

221 5646 354 5695 tum
380 5663 408 5689 »
433 5641 620 5712 (Cypr.
653 5642 826 5713 Epist.
881 5643 1089 5713 Lxxw).
1142 5643 1266 5696 llaec
1313 5645 1509 5696 autem
1541 5638 1717 5693 verba
1772 5657 1888 5695 non

225 5728 330 5783 uni
369 5729 682 5800 quaestioni
705 5731 1069 5786 occasionem
1103 5731 1410 5786 dederunt.
1430 5728 1648 5784 Verum
1672 5732 1736 5783 ut
1757 5745 1890 5784 con-

1917 4645 1966 4709 D

2003 639 2176 695 fuerit
2204 643 2260 695 et
2289 639 2404 694 alia
2435 638 2737 711 collegisse
2769 655 2896 710 qua:
2932 638 3050 693 sive
3082 639 3140 691 in
3180 636 3385 691 iisdem
3419 634 3652 702 litteris,

2001 730 2118 783 sive
2147 729 2204 783 in
2235 728 2366 783 aliis
2420 729 2491 782 ad
2522 727 2866 797 Orientales,
2900 745 2932 781 a
2956 727 3245 797 Stephano
3277 725 3494 796 scripta
3524 739 3653 781 esse

2000 815 2376 873 Firmilianus
2407 825 2572 887 alque
2607 815 2928 888 Cyprianus
2959 819 3441 871 commemorant.

2069 926 2124 981 8.
2157 926 2243 982 Ad
2277 925 2617 982 alterutrius
2646 923 2906 996 epistola:
2928 923 3228 978 exordium
3251 921 3408 977 haud
3432 925 3650 977 temere

1998 1013 2285 1070 referatur
2316 1015 2468 1086 quod
2503 1011 2881 1069 Firmilianus
2911 1017 3072 1067 notat
3099 1011 3192 1066 his
3221 1010 3412 1066 verbis
3438 1026 3486 1062 :u
3523 1015 3647 1066 Ste-

1999 1101 2231 1174 phanus
2260 1104 2331 1160 de
2361 1103 2735 1174 episcopatus
2757 1100 2849 1156 sui
2879 1100 3004 1156 loco
3022 1099 3326 1172 gloriatur,
3347 1103 3405 1155 et
3434 1115 3496 1154 se
3518 1114 3649 1153 suc-

1998 1191 2324 1250 cessionem
2356 1191 2510 1246 Petri
2539 1195 2734 1247 tenere
2763 1189 3081 1255 contendit,
3103 1205 3280 1259 super
3308 1203 3483 1258 quem
3514 1187 3647 1241 fun-

1999 1279 2274 1335 damenta
2303 1278 2571 1335 Ecclesiae
2602 1278 2811 1334 collata
2841 1282 3037 1334 sunt.»
3060 1278 3217 1332 Adeo
3239 1280 3303 1331 ut
3320 1275 3649 1346 Stephanus

1999 1385 2031 1423 a
2059 1369 2216 1425 sedis
2262 1386 2380 1424 suae
2429 1369 2712 1440 dignitate
2767 1365 3434 1437 commendanda,quod
3483 1368 3539 1418 et
3586 1363 3646 1416 in

1999 1457 2338 1527 hujusmodi
2372 1456 2622 1529 negotiis
2653 1471 3024 1512 successores
3052 1455 3212 1510 illius
3240 1453 3448 1509 imitati
3483 1455 3646 1521 sunt,

1999 1547 2287 1603 sermonis
2331 1547 2423 1604 sui
2462 1547 2696 1601 initium
2727 1545 2946 1600 fecerit.
2982 1550 3054 1598 At
3082 1544 3216 1599 licet
3263 1543 3380 1598 haec
3413 1555 3650 1612 carpere

1997 1635 2264 1691 videatur
2295 1634 2693 1702 Firmilianus,
2717 1633 2918 1706 procul
2950 1639 3146 1689 tamen
3178 1633 3345 1689 abest
3373 1637 3438 1686 ut
3467 1629 3649 1686 Eccle'

1999 1725 2146 1780 siam
2171 1741 2206 1780 a
2222 1723 2302 1780 Ch
2313 1724 2453 1780 risto
2476 1740 2652 1794 super
2673 1727 2905 1779 Petrum
2930 1723 3240 1778 solidatam
3261 1738 3324 1776 ac
3345 1720 3652 1775 fundatam

1999 1813 2309 1869 inﬁcietur.
2347 1814 2477 1884 Ipse
2506 1813 2681 1867 etiam
2715 1812 2974 1883 primum
3007 1811 3195 1866 eidem
3252 1808 3553 1880 Apostolo,
3585 1823 3653 1862 ac

2001 1902 2210 1958 deinde
2231 1902 2474 1970 caeteris,
2500 1905 2871 1973 peccatorum
2896 1899 3380 1956 remittendorum
3405 1901 3657 1969 potesta-

2006 1993 2122 2044 tem
2155 1990 2351 2046 datam
2395 2005 2524 2046 esse
2555 1990 2820 2062 agnoscit
2871 1991 2992 2054 Quo
3025 1988 3232 2059 posito,
3263 1985 3469 2042 exinde
3517 2001 3655 2040 con-

2005 2074 2190 2131 cludit
2223 2093 2236 2130 :
2262 2097 2290 2127 ‹‹
2316 2076 2580 2132 Potestas
2611 2092 2748 2147 ergo
2779 2080 3145 2145 peccatorum
3167 2073 3656 2130 remittendorum

2006 2163 2284 2236 apostolis
2315 2165 2451 2219 data
2481 2170 2591 2231 est,
2615 2165 2876 2220 ecclesiis
2899 2181 3046 2235 quas
3075 2163 3160 2218 illi
3184 2180 3216 2218 a
3236 2162 3466 2218 Christo
3488 2160 3656 2216 missi

2005 2253 2458 2319 constituerunt,
2483 2259 2538 2308 et
2567 2252 2855 2325 episcOpis
2877 2253 2975 2324 qui
3007 2253 3092 2307 eis
3115 2251 3476 2306 ordinatione
3502 2250 3655 2305 vica~

2006 2341 2093 2397 ria
2123 2347 2560 2409 successerunt;
2589 2364 2616 2390 »
2657 2341 2918 2413 adeoque
2967 2339 3334 2412 privilegium
3383 2338 3537 2395 Petri
3585 2338 3658 2393 ad

2005 2447 2373 2487 successores
2405 2432 2533 2501 ejus
2565 2447 2838 2486 manasse
2869 2430 3190 2500 profitetur.

2074 2536 2128 2591 9.
2163 2539 2446 2592 Praeterea
2489 2536 2842 2608 Stephanus,
2866 2537 3067 2591 eodem
3120 2535 3460 2591 Firmiliano
3489 2538 3657 2600 teste,

2004 2625 2064 2679 in
2095 2623 2306 2680 litteris
2337 2624 2461 2680 suis
2492 2625 2576 2680 sic
2607 2624 2975 2696 loquebatur,
2997 2647 3026 2675 ‹‹
3059 2625 3228 2695 quasi
3259 2622 3503 2694 apostoli
3533 2639 3655 2691 eos,

2006 2714 2104 2784 qui
2149 2713 2220 2768 ab
2274 2713 2476 2768 haeresi
2526 2714 2784 2780 veniant,
2814 2712 3096 2785 baptizari
3143 2712 3569 2784 prohibuerint,
3602 2716 3660 2766 et

2005 2802 2115 2858 hoc
2170 2802 2617 2858 custodiendum
2681 2803 2930 2874 posteris
2987 2801 3409 2857 tradiderint.»
3453 2801 3656 2855 Eidem

2007 2890 2344 2945 Firmiliano
2383 2890 2672 2963 displicet,
2697 2914 2725 2942 «
2760 2891 2914 2961 quod
2972 2890 3306 2962 Stephanus
3336 2894 3394 2943 et
3425 2890 3526 2960 qui
3573 2887 3658 2942 illi

2007 2980 2402 3046 consentiunt,
2438 2981 2800 3035 contendunt
2838 2979 3242 3034 dimissionem
3287 2982 3656 3049 peccatorum

2005 3072 2062 3123 et
2089 3070 2405 3124 secundam
2429 3067 2788 3123 nativitatem
2819 3069 2880 3122 in
2901 3067 3307 3122 hereticorum
3359 3067 3656 3137 Baptisms

2006 3158 2336 3229 procedere,
2369 3158 2522 3228 apud
2571 3173 2719 3229 quos
2748 3157 2923 3212 etiam
2955 3156 3067 3228 ipsi
3097 3157 3446 3212 conﬁtentur
3474 3156 3657 3227 Spiri-

2007 3251 2131 3301 tum
2175 3251 2443 3302 sanctum
2477 3263 2593 3301 non
2624 3262 2779 3313 esse;
2813 3245 3109 3318 simulque
3140 3261 3324 3300 unum
3373 3245 3541 3300 nobis
3571 3249 3658 3299 at-

2009 3351 2119 3405 que
2167 3335 2458 3390 hmreticis
2515 3336 2809 3406 baptisma
2860 3351 2989 3390 esse
3043 3337 3234 3390 volunt
3265 3351 3284 3388 :
3314 3337 3467 3400 item,
3502 3333 3656 3403 quod

2008 3441 2122 3479 non
2156 3429 2367 3495 putant
2386 3425 2766 3495 quaerendum
2790 3439 2919 3479 esse
2941 3423 3074 3494 quis
3104 3423 3182 3478 sit
3212 3422 3308 3478 ille
3337 3422 3436 3492 qui
3467 3421 3657 3490 bapti-

2007 3514 2243 3580 zaverit,
2276 3529 2342 3568 eo
2391 3514 2545 3584 quod
2598 3513 2698 3584 qui
2747 3512 3145 3584 baptizaverit,
3176 3512 3423 3583 gratiam
3456 3525 3657 3564 conse-

2008 3602 2107 3672 qui
2140 3602 2394 3673 potuerit
2438 3601 2705 3656 invocata
2735 3602 3018 3656 Trinitate
3050 3601 3354 3656 nominum
3391 3599 3574 3654 Patris
3605 3602 3663 3653 et

2008 3690 2134 3745 Filii
2164 3697 2221 3746 et
2251 3691 2506 3762 Spiritus
2536 3691 2749 3746 sancti.
2779 3712 2808 3740 »
2837 3690 2985 3746 Tum
3018 3689 3288 3761 pluribus
3317 3688 3658 3758 interjectis,

2005 3779 2368 3850 Stephanum
2418 3796 2534 3835 non
2585 3779 2805 3851 pudere
2835 3778 2916 3834 ait
2952 3800 2975 3831 ι
3000 3779 3107 3834 hoc
3150 3794 3429 3840 asserere,
3465 3782 3528 3832 ut
3560 3792 3664 3848 per

2006 3884 2125 3937 eos,
2160 3869 2257 3939 qui
2290 3884 2427 3923 cum
2471 3868 2585 3940 ipsi
2616 3869 2676 3922 in
2709 3868 2985 3923 omnibus
3015 3867 3264 3937 peccatis
3294 3866 3414 3922 sint
3444 3865 3659 3920 consti-

2006 3957 2138 4026 tuti,
2173 3957 2328 4010 dicat
2376 3973 2546 4028 posse
2595 3955 3001 4011 remissionem
3035 3959 3406 4026 peccatorum
3456 3952 3660 4007 dari.»

2005 4045 2176 4099 Notat
2207 4049 2262 4099 et
2291 4044 2649 4116 Stephanum
2697 4061 2830 4100 cum
2872 4043 3045 4098 sociis
3077 4042 3339 4114 exemplo
3388 4058 3450 4096 se
3495 4038 3660 4094 Pauli

2004 4133 2334 4200 defendere,
2366 4150 2481 4188 non
2513 4132 2882 4204 prohibentis
2904 4132 3221 4204 quominus
3248 4154 3274 4180 «
3302 4131 3420 4186 sive
3449 4147 3551 4201 per
3572 4144 3663 4182 oc-

2004 4223 2322 4290 casionem,
2347 4221 2467 4277 sive
2489 4239 2592 4294 per
2613 4223 2914 4277 veritatem
2936 4221 3206 4278 Christus
3229 4220 3612 4275 annuntietur
3632 4239 3660 4266 ››

2003 4311 2180 4382 (Phil.
2231 4329 2274 4378 1,
2324 4312 2445 4383 18);
2505 4311 2769 4382 illudque
2827 4310 3327 4382 rebaptizantibus
3387 4307 3661 4378 objicere-

2005 4421 2034 4450 «
2065 4400 2210 4463 Quid
2245 4417 2382 4472 ergo
2417 4400 2515 4454 ﬂet
2545 4401 2615 4454 de
2657 4399 2767 4466 his,
2793 4399 2893 4470 qui
2926 4399 2998 4454 ab
3030 4398 3317 4452 haereticis
3363 4397 3663 4452 venientes

2001 4488 2127 4544 sine
2178 4488 2450 4543 Ecclesiae
2509 4488 2807 4558 Baptismo
2869 4487 3114 4542 admissi
3173 4487 3399 4541 sunt?»
3436 4491 3504 4540 Et
3549 4486 3660 4541 hoc

2000 4576 2374 4631 Firmilianus
2417 4576 2732 4646 improbat,
2760 4599 2788 4625 ‹‹
2823 4577 2978 4647 quod
3012 4575 3140 4631 vult
3179 4575 3512 4647 Stephanus
3543 4575 3658 4644 his,

2004 4666 2100 4734 qui
2129 4665 2283 4736 apud
2311 4665 2614 4720 haereticos
2638 4664 3031 4736 baptizantur,
3056 4665 3261 4720 adesse
3288 4665 3658 4738 praesentiam

2005 4762 2056 4808 et
2090 4752 2539 4808 sanctimoniam
2565 4752 2806 4821 Christi;
2836 4778 2856 4802 ι
2888 4758 2988 4809 aut
3013 4753 3166 4825 quod
3200 4753 3356 4809 idem
3385 4757 3543 4824 Papa
3564 4752 3632 4806 lit

2002 4842 2146 4898 teris
2177 4841 2487 4897 mandarat
2519 4859 2582 4896 :«
2616 4841 2866 4896 Multum
2917 4841 3147 4914 proficit
3176 4858 3389 4897 nomen
3419 4840 3656 4908 Christi,

2002 4935 2069 4987 ut
2097 4930 2434 5003 quicunque
2464 4935 2522 4984 et
2552 4929 2891 5002 ubicunque
2920 4931 2980 4986 in
3015 4930 3249 4986 nomine
3269 4929 3483 4986 Christi
3512 4928 3655 5000 bap-

2001 5020 2214 5076 tizatus
2236 5019 2430 5088 fuerit,
2457 5024 2850 5091 consequatur
2871 5019 3069 5076 statim
3092 5019 3339 5092 gratiam
3365 5017 3608 5085 Christi;
3627 5038 3656 5067 »

2002 5125 2226 5164 necnon
2257 5109 2416 5164 istud
2441 5110 2707 5180 ejusdem
2740 5109 3032 5182 pontiﬁcis
3063 5110 3301 5164 effatum
3328 5126 3376 5164 :«
3411 5106 3656 5162 Haeresis

2002 5197 2239 5268 quidem
2272 5197 2424 5268 parit
2466 5202 2521 5252 et
2568 5199 2823 5270 exponit,
2855 5197 3146 5270 expositos
3175 5200 3369 5251 autem
3402 5194 3658 5251 Ecclesia

2002 5286 2267 5358 suscipit.
2293 5309 2322 5336 »
2353 5289 2595 5342 Demum
2631 5287 2678 5342 si
2713 5286 2972 5358 praedicti
2995 5285 3368 5340 Caesariensis
3397 5283 3655 5355 episcopi

1999 5374 2190 5431 verbis
2221 5375 2579 5442 hazrendum,
2605 5399 2632 5425 «
2667 5393 2783 5430 non
2815 5375 3027 5447 puduit
3057 5374 3420 5446 Stephanum
3449 5373 3653 5428 frater-

2001 5464 2244 5518 nitatem
2295 5465 2589 5530 scindere;
2641 5464 2883 5535 insuper
2913 5467 2968 5519 et
2997 5463 3346 5535 Cyprianum
3397 5463 3655 5535 pseudo-

1999 5553 2286 5607 christum
2306 5558 2362 5607 et
2380 5552 2934 5625 pseudoapostolum
2955 5558 3012 5607 et
3029 5552 3296 5608 dolosum
3318 5553 3651 5623 operarium

1999 5641 2210 5696 dicere.
2245 5663 2272 5690 »
2304 5642 2448 5696 Hinc
2496 5641 2649 5696 idem
2699 5642 2914 5713 praesul
2965 5640 3130 5696 illum
3180 5641 3405 5696 inducit
3428 5665 3454 5691 ‹‹
3487 5658 3653 5697 rum-

1998 5734 2234 5800 pentem
2283 5747 2483 5802 pacem
2518 5731 2689 5787 modo
2741 5747 2876 5787 cum
2909 5730 3376 5794 Orientalibus,»
3403 5748 3505 5802 per
3534 5732 3658 5801 epi-
