4098 6178
481 386 636 448 1023

1489 384 1556 443 S.
1604 379 2073 442 STEPHANUS
2118 380 2325 440 PAPA
2368 379 2468 441 ET
2510 378 2866 441 MARTYR.
3673 387 3797 450 1024

475 516 685 573 stolam
733 515 1000 571 videlicet
1046 531 1221 586 quam
1276 514 1335 569 in
1386 513 1682 569 Orientem
1735 511 1916 577 misit,
1950 511 2122 567 modo
2154 512 2207 577 Α
2311 511 2397 565 11.
2430 511 2592 566 Unde
2623 527 2755 567 vero
2813 528 3036 579 eorum,
3074 527 3198 583 quos
3246 511 3521 583 Stephano
3564 531 3621 570 ac
3663 518 3803 574 sociis

475 621 609 662 cum
645 604 825 670 Afris,
854 604 1133 659 nimirum
1168 619 1269 673 per
1298 601 1605 675 epistolam
1641 617 1813 672 quam
1849 601 2127 672 Cypriano

474 691 796 764 rescripsit.
830 692 952 755 Qua
983 693 1052 747 de
1097 709 1156 747 re
1187 692 1509 765 Cyprianus
1562 690 1824 745 scribens
1855 689 1925 743 ad
1956 689 2129 743 Pom-

474 782 673 856 peium
705 782 785 837 ita
812 780 1075 854 loquitur
1108 797 1171 836 ;‹‹
1207 785 1314 835 Dat
1344 780 1624 836 honorem
1655 779 1792 846 Deo,
1818 778 1917 849 qui
1949 777 2126 831 haere-

473 871 724 927 ticorum
757 870 1003 941 amicus,
1031 875 1088 925 et
1117 869 1392 925 inimicus
1424 868 1909 933 Christianorum,
1938 882 2128 921 sacer-

475 960 641 1016 dotes
688 960 810 1025 Dei,
843 959 1147 1015 veritatem
1184 957 1394 1013 Christi
1436 960 1492 1013 et
1529 955 1797 1012 Ecclesiae
1844 954 2128 1009 unitatem

472 1051 706 1104 tuentes
740 1063 1124 1103 ABSTINENDOS
1173 1045 1376 1118 putat?
1425 1046 1617 1117 (Epist.
1670 1046 1876 1111 mw.)
1924 1047 2129 1115 Augu—

475 1136 669 1194 stinus
717 1152 949 1209 quoque
999 1135 1100 1190 lib.
1132 1134 1198 1190 de
1233 1135 1397 1191 Unico
1446 1135 1624 1204 Capit.
1658 1134 1797 1188 cont.
1842 1132 2001 1187 Petit.
2034 1147 2129 1186 ea-

475 1226 611 1281 dem
662 1225 733 1280 de
763 1241 823 1280 re
854 1239 1185 1280 sermonem
1220 1223 1443 1278 habens
1488 1222 1731 1277 verbum
1782 1219 2131 1276 abstinendos

476 1314 713 1371 retinet.

552 1402 639 1456 10.
672 1402 752 1456 Ea
800 1400 947 1473 ipsa,
997 1417 1123 1472 quas
1180 1400 1557 1455 Firmilianus
1616 1398 1976 1472 perstringit,
2030 1401 2130 1452 aut

479 1493 633 1546 certe
670 1489 824 1545 989
871 1489 1171 1561 pleraque,
1203 1489 1264 1543 in
1313 1506 1381 1544 ea
1427 1493 1593 1544 erant
1639 1487 1915 1560 Epistola,
1951 1501 2129 1558 quam

478 1579 810 1635 Jubaianus
857 1580 928 1633 ad
980 1578 1330 1651 Cyprianum
1382 1578 1644 1648 miserat,
1677 1593 1972 1647 quamque
2018 1574 2130 1630 iste

479 1666 693 1741 prmsul
716 1666 975 1740 Epistola
1000 1683 1174 1722 Lxxm
1196 1668 1266 1722 ad
1296 1666 1647 1722 Jubaianum
1683 1665 1965 1736 rescripta
1994 1681 2129 1719 con-

480 1757 672 1813 futare
712 1755 1071 1828 aggreditur.
1109 1756 1170 1810 In
1220 1755 1329 1810 hac
1377 1754 1698 1827 Cyprianus
1729 1753 2040 1809 offendisse
2071 1769 2131 1808 se

2239 601 2366 669 ejus
2390 599 2769 655 Firruilianus
2792 600 3230 673 Cyprianusque
3251 600 3522 666 tribuunt,
3543 608 3683 658 tanta
3701 622 3805 661 con-

2239 689 2433 745 sensio
2467 705 2481 743 :
2516 689 2629 745 nisi
2675 694 2775 745 aut
2807 689 3142 761 Stephanus
3171 706 3238 744 ea
3266 706 3387 760 quae
3435 691 3496 745 ad
3546 692 3808 752 Orientales

2238 779 2571 851 scripserat,
2596 781 2653 835 in
2685 778 2943 851 Epistola
2969 779 3042 835 ad
3064 778 3405 851 Cyprianum
3436 781 3713 852 repetierit,
3732 789 3811 839 aut

2239 868 2475 923 easdem
2505 866 2731 924 litteras
2761 868 2933 923 ambo
2954 884 3133 939 penes
3181 884 3241 922 se
3263 867 3589 923 habuerint?
3616 871 3675 924 Et
3697 887 3801 925 vero

2237 957 2393 1011 990
2438 972 2551 1011 non
2602 955 2749 1012 levia
2806 960 2947 1011 sunt
3000 955 3235 1023 indicia,
3268 955 3475 1028 quibus
3502 957 3813 1028 epistolama

2237 1045 2525 1102 Jubaiano
2570 1046 2641 1101 ad
2673 1045 3029 1118 Cyprianum
3063 1044 3325 1114 missam,
3356 1061 3477 1100 eam
3526 1045 3689 1116 ipsam
3716 1062 3814 1102 esse

2239 1134 2771 1206 suspicemur,quas
2795 1150 2828 1188 a
2847 1132 3138 1205 Stephano
3163 1133 3232 1188 ad
3257 1132 3561 1189 Orientales
3581 1133 3816 1189 destinata

2238 1224 2446 1279 fuerat.
2471 1224 2632 1287 Quod
2664 1222 2715 1278 si
2748 1223 2832 1277 ita
2860 1227 2969 1291 est,
3002 1221 3282 1293 Stephani
3304 1229 3421 1276 tum
3452 1222 3519 1276 ad
3548 1222 3814 1277 Orientales

2240 1317 2366 1368 tum
2398 1313 2468 1368 ad
2502 1312 2855 1384 Cyprianum
2886 1310 3107 1366 litteras
3145 1309 3387 1366 concilio
3416 1309 3814 1383 Carthaginiensi

2241 1418 2325 1469 ιιι,
2368 1401 2475 1456 sub
2525 1400 2811 1471 Cypriano
2861 1400 3182 1454 anteriores
3231 1415 3358 1454 esse
3409 1398 3725 1453 conficitur:
3758 1398 3815 1453 si-

2239 1490 2477 1560 quidem
2510 1489 2567 1543 in
2601 1488 2709 1544 hoc
2746 1487 2991 1543 concilio
3023 1488 3299 1559 praelecta:
3348 1491 3483 1543 sunt
3510 1510 3536 1535 «
3562 1490 3614 1542 et
3656 1486 3814 1542 litterae

2237 1576 2511 1635 Jubaiani
2543 1578 2612 1633 ad
2645 1576 2995 1649 Cyprianum
3050 1576 3235 1645 facta,
3266 1580 3321 1631 et
3351 1574 3601 1646 Cypriani
3638 1574 3698 1629 ad
3738 1574 3816 1629 Ju-

2240 1668 2540 1734 baianum,
2574 1665 2834 1737 itemque
2881 1665 2951 1720 ad
2984 1664 3342 1736 Stephanum
3387 1662 3819 1734 rescriptm,quid-

2240 1774 2354 1829 que
2405 1755 2778 1827 postmodum
2807 1754 3137 1809 Jubaianus
3186 1753 3338 1808 idem
3370 1752 3629 1825 Cypriano
3658 1752 3820 1806 rescri-

481 1844 914 1940 testatur,quod
937 1844 1317 1916 quaerendum
1343 1860 1455 1899 non
1480 1843 1557 1898 sit
1576 1843 1710 1915 quis
1729 1841 2128 1914 baptizaverit,
2159 1875 2207 1940 B
2241 1844 2444 1917 pserit.
2476 1866 2504 1893 »
2536 1844 2814 1899 Praeterea
2845 1842 3207 1915 Stephanum
3258 1843 3409 1897 circa
3454 1841 3597 1895 idem
3636 1844 3819 1911 tempus

481 1932 717 2006 quando
740 1933 790 1988 is
807 1932 907 2005 qui
927 1932 1258 2005 baptizatus
1279 1932 1374 1997 sit,
1391 1932 1649 2003 accipere
1672 1932 1980 1987 remissam
2004 1946 2129 2001 pec-

480 2026 745 2079 catorum
786 2021 1040 2093 potuerit
1071 2022 1392 2077 secundum
1429 2022 1581 2091 quod
1616 2020 1878 2076 credidit.
1908 2042 1935 2068 »
1967 2018 2129 2083 Quod

479 2114 538 2167 st
566 2127 746 2182 supra
776 2109 1149 2166 Firmilianus
1179 2109 1569 2181 reprehendit.
1604 2110 1780 2164 Addit
1809 2107 2131 2180 Cyprianus

479 2204 537 2257 et
564 2201 626 2256 in
657 2201 861 2257 eadem
893 2199 1140 2272 epistola
1167 2216 1215 2255 τε
1253 2199 1563 2254 Marcionis
1596 2199 1716 2253 ﬁeri
1750 2198 2127 2266 mentionem,

480 2294 548 2345 ut
577 2306 683 2345 nec
713 2289 784 2345 ab
819 2290 944 2361 ipso
973 2290 1271 2345 venientes
1301 2289 1455 2344 dicat
1499 2288 1804 2360 baptizari,
1827 2288 1977 2359 quod
2003 2288 2130 2358 jam

479 2376 542 2432 in
601 2377 839 2432 nomine
894 2377 1030 2433 Jesu
1095 2377 1365 2448 baptizati
1427 2393 1556 2432 esse
1613 2376 1938 2430 videantur.
1976 2398 2002 2424 »
2052 2380 2132 2429 Ac

480 2465 692 2521 deinde
721 2465 901 2521 tacito
931 2465 1206 2536 Stephani
1240 2464 1476 2520 nomine
1508 2464 1703 2535 plures
1735 2465 1863 2535 ejus
1894 2467 2131 2518 senten-

476 2554 591 2610 tias
621 2554 683 2609 in
714 2554 871 2609 hunc
901 2555 1136 2609 modum
1172 2554 1346 2609 refert
1376 2571 1388 2608 :
1414 2576 1441 2603 ‹‹
1477 2554 1711 2607 Frustra
1744 2552 2005 2624 quidam,
2031 2552 2130 2623 qui

478 2641 703 2698 ratione
763 2643 1100 2710 vincuntur,
1167 2642 1651 2697 consuetudinem
1723 2642 1892 2696 nobis
1953 2658 2131 2712 oppo-

479 2735 657 2797 nunt;
682 2752 710 2782 ››
744 2735 797 2786 et
833 2748 986 2786 mox.
1011 2754 1037 2781 ‹‹
1072 2732 1187 2786 Nec
1218 2732 1534 2803 quisquam
1565 2730 1743 2785 dicat.
1778 2731 1937 2794 Quod
1970 2746 2132 2785 acce-

479 2819 678 2893 pimus
710 2820 781 2875 ab
814 2820 1115 2891 apostolis,
1150 2818 1258 2874 hoc
1304 2819 1638 2888 sequimur;
1668 2841 1695 2867 ››
1727 2823 1784 2873 et
1815 2824 1944 2890 post
1986 2836 2132 2890 pau-

479 2924 565 2964 ca.
597 2929 624 2957 ‹‹
656 2908 817 2975 Quod
870 2908 1026 2963 enim
1060 2908 1299 2979 quidam
1332 2908 1555 2971 dicunt,
1580 2906 1749 2978 quasi
1782 2908 1850 2960 ad
1906 2906 2133 2962 haereti-

480 3012 681 3052 corum
730 2995 1075 3067 suffragium
1128 2996 1415 3067 pertineat
1458 2995 1611 3065 quod
1646 2995 1856 3050 dixerit
1902 2999 2136 3067 aposto-

480 3082 574 3139 lus
607 3082 824 3139 Paulus
860 3101 873 3138 :
910 3084 1284 3139 Verumtamen
1330 3085 1487 3140 omni
1514 3085 1699 3148 modo,
1729 3085 1844 3138 sive
1869 3099 1964 3155 per
1992 3099 2139 3138 oeca-

480 3174 691 3227 sionem
732 3175 845 3227 sive
889 3189 987 3244 per
1032 3174 1339 3239 veritatem,
1375 3172 1630 3229 Christus
1677 3174 2081 3233 annuntietur;
2110 3193 2139 3221 ››

481 3276 549 3316 ac
596 3258 863 3315 subinde.
889 3239 918 3307 ἶι
948 3259 1075 3315 Non
1106 3264 1197 3315 est
1245 3264 1439 3316 autem
1473 3260 1626 3330 quod
1677 3259 1889 3330 aliquis
1922 3260 1991 3314 ad
2026 3259 2135 3314 cir-
2169 3239 2212 3305 (ἶ

482 3347 971 3405 cumveniendam
1003 3347 1399 3404 Christianam
1431 3348 1733 3403 veritatem
1771 3348 2004 3419 Christi,
2039 3364 2139 3403 no-

493 3452 629 3493 men
677 3442 952 3509 opponat,
985 3442 1052 3492 ut
1108 3437 1282 3493 dicat.
1328 3439 1388 3493 In
1450 3436 1684 3492 nomine
1740 3437 1879 3492 Jesu
1927 3436 2140 3492 Christi

489 3525 828 3597 ubicunque
869 3531 927 3582 et
975 3527 1505 3597 quomodocumque
1563 3525 1858 3597 baptizati,
1893 3526 2140 3597 gratiam

490 3613 773 3685 Baptismi
833 3618 973 3670 sunt
1026 3614 1350 3682 consecuti;
1380 3637 1407 3664 »
1448 3619 1505 3670 et
1552 3614 1663 3669 sub
1722 3615 1919 3669 finem.
1945 3636 1973 3664 α
2006 3614 2139 3678 Sed,

489 3701 633 3757 dicit
662 3700 897 3773 aliquis,
931 3702 1071 3775 quid
1113 3718 1251 3773 ergo
1283 3704 1381 3758 ﬂet
1409 3703 1479 3758 de
1506 3702 1600 3758 his
1630 3703 1727 3772 qui
1773 3703 1833 3757 in
1882 3702 2144 3774 prmteri-

488 3793 618 3846 tum
649 3791 721 3846 de
768 3790 973 3846 haeresi
1005 3792 1076 3847 ad
1106 3790 1421 3847 Ecclesiam
1452 3790 1769 3862 venientes,
1798 3790 1924 3847 sine
1953 3790 2145 3862 Bapti-

494 3894 626 3935 smo
654 3878 897 3934 admissi
929 3879 1117 3935 sunt?
1143 3902 1164 3929 ι

2240 1938 2297 1990 et
2326 1934 2395 1987 ad
2431 1931 2754 1988 Orientales
2785 1935 2841 1986 et
2872 1931 2942 1986 ad
2978 1931 3335 2003 Cyprianum
3373 1928 3655 2000 scripsisse
3680 1928 3727 1982 id
3752 1944 3817 1982 ar-

2240 2025 2521 2095 gumento
2551 2025 2657 2091 est,
2692 2020 2845 2092 quod
2877 2037 3009 2076 cum
3042 2020 3368 2092 Cyprianus
3397 2016 3664 2089 Epistolis,
3685 2032 3817 2087 quam

2241 2109 2535 2181 Stephano
2566 2108 2938 2175 rescribebat,
2972 2108 3305 2180 exemplum
3337 2104 3649 2161 Firmiliano
3673 2111 3818 2159 trans-

2242 2199 2394 2255 mitti
2426 2203 2708 2266 curasset,
2733 2199 2783 2253 ei
2826 2197 3204 2254 Firmilianus
3246 2198 3490 2263 litteras,
3519 2195 3707 2266 quibus
3730 2198 3817 2247 Ste-

2240 2289 2473 2361 phanus
2502 2286 2824 2343 Orientales
2855 2303 2889 2341 a
2918 2303 2981 2342 se
3020 2287 3401 2342 abstinendos
3430 2301 3550 2340 esse
3577 2282 3824 2339 denuntia-

2241 2379 2359 2448 bat,
2392 2382 2525 2432 ante
2555 2377 2847 2447 accepisse
2878 2392 2959 2442 se,
2994 2393 3171 2447 quam
3213 2376 3404 2448 ipsius
3434 2372 3745 2444 exemplum,
3771 2371 3826 2424 si-

2240 2466 2558 2539 gnificavit.
2590 2467 2765 2538 Atqui
2809 2482 2946 2521 mox
2995 2470 3387 2521 memoratum
3419 2461 3827 2535 Carthaginiense

2241 2555 2552 2610 concilium
2585 2554 2861 2610 Kalendis
2891 2554 3254 2626 Septembris
3297 2554 3677 2623 consignatur,
3698 2549 3828 2617 idque

2242 2644 2530 2699 ann0256
2559 2643 2827 2698 habitum
2877 2659 3007 2698 esse
3063 2643 3333 2714 plerique
3386 2640 3587 2696 eruditi
3638 2651 3828 2692 consen-

2240 2733 2412 2788 tiunt.
2444 2732 2609 2788 Unde
2638 2738 2696 2787 et
2727 2732 3033 2804 praedictas
3064 2730 3351 2802 Stephani
3381 2730 3595 2785 litteras
3622 2727 3684 2782 ad
3711 2726 3826 2793 ejus-

2242 2824 2376 2878 dem
2423 2822 2561 2877 anni
2595 2822 2700 2875 256
2731 2820 2988 2888 initium,
3021 2824 3123 2874 aut
3153 2819 3407 2888 circiter,
3442 2816 3625 2873 referri
3672 2813 3737 2867 nil
3760 2826 3827 2864 ve-

2242 2916 2348 2967 tat.
2384 2913 2440 2966 Is
2468 2909 2623 2965 enim
2675 2910 2847 2965 ardor
2891 2925 3005 2980 quo
3035 2909 3363 2979 Cyprianus
3404 2907 3504 2961 hac
3533 2905 3587 2959 in
3615 2917 3762 2958 causa
3784 2914 3827 2953 se

2245 3000 2448 3074 gessit,
2483 2999 2730 3053 multam
2785 2998 2937 3053 inter
2984 2998 3208 3069 scripta
3240 2997 3621 3067 rescriptaque
3661 2994 3745 3045 aut
3780 3002 3829 3041 ea

2248 3107 2375 3162 quas
2406 3093 2531 3143 tum
2582 3091 2748 3158 gesta
2776 3090 2934 3153 sunt,
2970 3102 3197 3141 moram
3230 3083 3531 3140 intermitti
3576 3098 3674 3136 non
3717 3076 3827 3150 pati-

2248 3181 2410 3236 titur.
2444 3180 2519 3234 Ut
2548 3182 2655 3246 est,
2691 3194 2819 3249 qua:
2850 3194 2884 3232 a
2915 3176 3252 3231 Firmiliano
3291 3192 3358 3231 ac
3404 3173 3664 3246 Cypriano
3688 3167 3828 3236 scrip-

2250 3270 2328 3326 tis
2386 3268 2676 3324 mandatze
2732 3270 2871 3321 sunt
2925 3264 3209 3337 Stephani
3276 3263 3595 3327 sententia,
3640 3258 3739 3314 sive
3782 3269 3830 3308 ex

2248 3360 2439 3432 ipsius
2476 3358 2547 3412 ad
2578 3353 2923 3422 Orientales,
2955 3371 3059 3409 seu
3113 3370 3183 3409 ex
3231 3353 3493 3424 ejusdem
3536 3350 3599 3404 ad
3646 3342 3829 3432 Cypria-

2252 3430 2391 3504 num
2428 3444 2657 3509 litteris,
2689 3447 2790 3498 aut
2829 3442 3004 3498 etiam
3038 3458 3105 3496 ex
3137 3442 3407 3512 utrisque
3452 3439 3704 3507 excerpta:
3743 3430 3830 3483 fue-

2252 3538 2390 3602 rint,
2412 3536 2632 3590 idoneas
2664 3538 2818 3588 certe
2848 3535 3008 3598 sunt,
3031 3530 3252 3602 quibus
3284 3528 3477 3584 multa:
3507 3527 3572 3581 de
3597 3520 3829 3593 Baptisms

2252 3624 2868 3693 concertationumque
2906 3621 3094 3693 plenae
3124 3617 3549 3691 disputationes
3593 3611 3830 3668 ﬁniantur.

2252 3716 2439 3786 Hujus
2468 3712 2548 3768 rei
2578 3711 3044 3784 experimentum
3076 3709 3385 3764 faciamus.

495 4005 3829 4043 _____________________________________._____..

1769 4137 2613 4273 EPISTOLIE

1295 4335 1480 4407 QUIE
1521 4337 1623 4395 AD
1668 4336 1736 4397 S.
1781 4332 2255 4395 STEPHANUM
2307 4332 2331 4390 l
2378 4326 2645 4389 ΡΑΡΑΜ
2690 4323 3111 4386 ATTINENT.

1952 4559 2297 4617 EPISTOLA
2342 4558 2441 4629 (1).

1229 4679 1279 4718 8.
1321 4678 1587 4718 CYPBIANI
1627 4676 2113 4718 CARTHAGINENSIB
2153 4672 2408 4713 EPISCOPI
2447 4670 2519 4710 AD
2569 4667 2910 4708 STEPHANUM
2948 4667 3161 4706 ΡΑΡΛΜ.

601 4751 848 4822 (Erasm.
883 4767 966 4818 ιιι,
999 4751 1093 4819 13;
1129 4752 1340 4808 Pamel.
1373 4751 1587 4825 Rigalt.
1622 4751 1815 4806 Baluz.
1844 4767 2044 4875 IISXVItI';f
2063 4747 2249 4874 Patarils.
2284 4744 2653 4886 uiv12;1(1))xon.
2691 4741 2842 4813 Lips.
2875 4757 3051 4809 xvm;
3081 4740 3383 4795 Constant.
3415 4735 3588 4808 Epist.
3618 4735 3755 4786 Rom.

1890 4839 1964 4877 on
1996 4838 2013 4875 1
2045 4862 2081 4886 .,
2145 4862 2157 4874 .
2218 4861 2232 4886 ,
2265 4834 2329 4873 co
2361 4860 2372 4872 .
2538 4857 2550 4869 .

1890 4834 2081 4889 ont1t.,
2115 4834 2157 4874 t.
2190 4834 2232 4887 1,
2265 4834 2372 4873 σοι.
2401 4834 2550 4886 zu).

492 4924 930 4979 ARGUMENTUM.
966 4951 1031 4960 —
1065 4922 1127 4977 Ut
1154 4921 1351 4992 litteris
1376 4920 1445 4975 ad
1475 4923 1746 4992 episeopo:
1782 4918 2092 4974 Galliarum
2135 4917 2526 4992 missiscuret,
2558 4929 2643 4992 ne_
2657 4912 2976 4969 Marcianus
3006 4896 3831 4992 Arelatensislepz'seop_us,n{l:¢fﬁg'

564 4972 1025 5057 tiens—addictus,
1058 4972 1288 5047 necdum
1308 4972 2118 5062 ise-abstentuinviesseﬂamplius
2144 4989 2444 5062 glorietur;
2475 4972 2750 5062 simulque
2793 4998 3015 5062 operam
3042 4982 3151 5050 det,
3185 4980 3318 5036 aliis
3352 4972 3631 5035 litteris‘in
3656 4972 3830 5024 Provin-

564 5068 712 5121 ciam
734 5068 787 5120 et
817 5063 889 5119 ad
915 5056 1125 5135 plebem
1155 5064 1521 5120 Arelatensem
1545 5066 1788 5135 scriptis,
1816 5056 1993 5118 alium
2020 5056 2334 5134 episcopum
2362 5060 2480 5128 eius
2511 5057 2623 5113 loco
2646 5056 2952 5126 subrogari.

697 5180 1029 5237 CYPRIANUS
1069 5178 1367 5235 Smpamo
1408 5197 1613 5236 manu
1653 5196 1932 5235 SALUTEM.

564 5272 610 5327 Ῑ.
644 5268 962 5327 Faustinus
992 5267 1212 5341 collega
1245 5272 1465 5338 noster,
1493 5268 1761 5341 Lugduni
1797 5268 2147 5332 consistens,

2177 5178 2226 5243 D
2258 5175 2437 5231 frater
2467 5171 2835 5242 charissima,
2868 5167 3049 5226 semel
3100 5167 3273 5240 atque
3319 5165 3529 5221 iterum
3559 5156 3686 5215 mihi
3728 5145 3832 5243 scri-

2258 5264 2396 5337 psit,
2426 5261 2767 5335 signiﬁcans
2815 5240 2904 5325 ea,
2936 5275 3064 5331 quas
3094 5256 3269 5313 etiam
3292 5258 3310 5291 ¹
3342 5252 3503 5309 vobis
3548 5247 3655 5305 scio
3680 5240 3832 5308 utique

1910 5366 2116 5429 Variae
2157 5363 2478 5425 lectiones.

567 5459 584 5493 ¹
618 5460 754 5524 Quae
782 5457 961 5514 etiam
996 5458 1096 5513 Ver
1126 5457 1269 5513 Man.

1921 5534 2253 5594 Variorum
2301 5534 2489 5590 notas.

568 5637 644 5711 (1)
686 5635 1307 5711 Clarissimus__edito_r
1355 5631 1719 5711 Oxoniensis,
1773 5629 2006 5711 tametsi
2052 5646 2145 5711 ve-

494 5683 648 5767 κείθὲ
679 5683 1207 5783 Cypriavniucodices
1237 5683 2149 5779 circiteryig—in—ti’avss—evolutos
2258 5683 2416 5753 hanc,
2449 5698 2790 5755 contineret.
2825 5696 3040 5751 Verum
3086 5694 3193 5749 hoc
3238 5683 3421 5747 etiam
3461 5683 3602 5748 aliis,
3628 5693 3693 5750 qu

2257 5626 2417 5692 dicit,
2450 5625 2508 5680 in
2543 5623 2772 5679 nullum
2805 5622 3081 5678 incidisse
3111 5638 3172 5677 se
3200 5621 3429 5685 fatetur,
3463 5612 3553 5685 qui
3582 5600 3821 5680 epistolam

2258 5698 2407 5729 ιη..-
2450 5698 2767 5729 “an.th
2825 5696 3036 5729 Vm...“
3086 5694 3191 5729 im.
3238 5694 3410 5729 otium
3461 5680 3819 5729 aliiaausrum
