4098 6178
280 247 439 307 1025

1140 240 1528 302 EPISTOLA
1574 243 1640 303 S.
1686 243 2058 304 CYPRIANI
2101 244 2205 303 AD
2251 244 2318 305 S.
2364 244 2873 307 STEPHANUM.

3534 246 3691 306 1026

277 375 552 432 nuntiata
579 374 728 429 991
762 375 886 428 tam
918 372 989 427 ab
1021 386 1086 427 eo
1118 387 1295 443 quam
1323 387 1357 427 a
1385 373 1606 429 caeteris
1638 372 1928 446 coepisco-
1957 377 2013 442 Α
2042 372 2375 431 Marcianus
2445 376 2522 447 (3)
2569 375 2800 432 Arelate
2850 374 3179 431 consistens
3236 376 3554 432 Novatiano
3629 394 3691 433 se

275 466 373 538 pis
403 461 618 520 nostris
651 462 710 517 in
734 461 938 517 eadem
968 459 1264 532 provincia
1288 459 1368 533 (2)
1391 461 1749 532 constitutis,
1774 463 1930 534 quod

2042 462 2427 534 conjunxerit,
2459 468 2516 519 et
2544 481 2579 519 a
2602 462 2898 521 catholicae
2941 463 3210 520 Ecclesiae
3243 465 3463 521 unitate
3493 465 3569 537 (4)
3596 469 3691 521 at-

1700 562 2035 624 Variorum
2078 567 2270 621 nota.

276 651 455 706 ﬁdem
486 665 656 705 nemo
686 647 747 721 in
778 646 1025 703 dubium
1068 646 1312 721 vocavit,
1349 647 1664 721 contigisse
1693 665 1810 721 non
1842 652 1929 703 ta-

275 728 387 779 cet.
416 722 609 793 Ipsius
649 720 873 790 judicio
921 719 1321 793 Augustinum
1364 719 1424 773 in
1452 718 1575 793 liba
1606 737 1641 774 v
1687 720 1821 793 (leg.
1851 721 1930 793 vr)

278 796 354 850 de
382 789 550 864 Bapt.
580 789 721 847 cont.
766 789 1051 864 Donate.
1095 792 1183 859 15,
1226 790 1326 864 ubi
1374 789 1633 864 epistolae
1660 789 1930 864 Cypriani

277 866 354 921 ad
399 861 764 935 Stephanum
815 861 1103 929 meminit,
1152 863 1395 935 omnina
1423 862 1564 918 hanc
1597 861 1928 935 respexisse,

275 931 570 991 dicendum
599 939 697 989 est.
744 938 921 989 Porro
970 932 1335 1004 Augustinus
1382 931 1509 988 loco
1558 931 1752 1001 citato,
1794 931 1932 989 Cra;-

278 1008 501 1063 scentis
526 1023 558 1061 a
577 1006 733 1061 Cirta
754 1003 1103 1060 sententiam
1128 1003 1362 1074 profert,
1383 1003 1632 1060 dicentis
1656 1022 1669 1060 :
1694 1007 1757 1061 In
1778 1014 1930 1061 tanto

278 1082 420 1135 ccetu
474 1076 948 1132 sanctissimorum
1012 1074 1456 1131 consaeerdotum
1526 1077 1677 1131 lectis
1732 1077 1932 1132 litteris

282 1150 554 1222 Cypriani
602 1148 946 1203 dilectissimi
975 1148 1153 1222 nostri
1188 1146 1262 1202 ad
1288 1147 1647 1222 .Iubuianum,
1697 1150 1931 1219 itemque

280 1217 374 1278 ait
402 1219 760 1291 Stephanum.
791 1222 869 1291 Ac
916 1218 1165 1291 subinde
1214 1217 1488 1287 subjicit:
1521 1220 1733 1291 Aliquis
1762 1217 1929 1291 forsi-

279 1302 379 1348 tan
410 1290 638 1363 quaerat,
671 1291 805 1362 quid
833 1290 899 1345 de
937 1290 1127 1363 hacB.
1155 1290 1428 1363 Cypriani
1452 1290 1691 1361 epistola
1720 1290 1791 1346 ad
1812 1291 1930 1346 Ste-

274 1360 528 1436 phanum
558 1360 787 1431 dixerit,
838 1362 992 1436 cujus
1041 1362 1101 1415 in
1150 1360 1251 1436 hac
1293 1360 1564 1436 sententia
1606 1378 1931 1418 commemo-

277 1432 427 1490 ratio
454 1436 607 1506 facta
634 1437 734 1499 est,
755 1449 895 1506 cum
924 1434 986 1488 in
1030 1432 1253 1487 exordio
1280 1434 1508 1488 concilii
1544 1449 1652 1487 non
1680 1436 1756 1489 sit
1783 1450 1930 1489 com-

278 1503 613 1569 memorata,
642 1503 799 1560 credo
828 1506 963 1575 quia
991 1520 1102 1559 non
1128 1507 1381 1575 putatum
1425 1509 1505 1559 est
1540 1507 1928 1560 necessarium.

278 1583 396 1633 Cur
423 1594 555 1632 vero
585 1577 979 1649 necessarium
1012 1591 1128 1649 non
1161 1580 1341 1646 putet,
1376 1592 1508 1629 mox
1538 1576 1619 1630 ita
1648 1575 1926 1649 explicat:

279 1650 424 1704 Nam
452 1664 681 1718 prorsus
728 1646 798 1701 ad
843 1648 1198 1718 quaestionem
1240 1655 1567 1717 prmsentem
1611 1646 1929 1718 non'perti-

2038 648 2489 720 occupationum
2522 649 2919 718 multitudine,
2945 649 3031 706 vel
3065 654 3128 705 ut
3152 655 3268 706 tem
3317 668 3382 706 us
3411 653 3691 721 opportu-

2041 737 2181 775 num
2241 724 2555 777 exsoectet.
2607 722 2732 776 Non
2786 728 3003 777 temere
3049 721 3229 777 igitur
3275 668 3372 777 hic
3428 722 3691 777 segnitiae

2041 737 2181 775 num
2241 724 2568 794 exspectep
2607 722 2732 776 Non
2786 728 3003 777 temere
3037 721 3229 794 igitur
3277 721 3372 794 hic
3428 722 3692 794 segnitia:

2038 790 2371 866 arguendae
2416 790 2767 866 Stephanus,
2801 808 2975 863 quem
3024 790 3169 866 forte
3218 790 3691 866 etiamtempora

2044 864 2243 918 minus
2273 866 2481 934 pacata
2537 862 2897 918 Marcianum
2931 881 2961 918 e
2991 865 3128 919 sede
3158 880 3266 919 sua
3296 862 3687 934 dejicere—non

2039 934 2329 989 sinebant.
2351 939 2674 990 COUSTANT.
2705 965 2772 974 —-
2795 936 2925 1004 Qum
2943 936 3133 990 etiam.
3164 935 3289 990 Non
3311 934 3687 991 admonerem

2040 1021 2133 1078 me
2162 1004 2294 1078 istic
2347 1005 2615 1078 posuisse
2661 1007 2827 1061 etiam
2865 1023 2967 1078 pro
3005 1007 3149 1077 jam,
3200 1023 3327 1078 quae
3375 1007 3686 1078 estreditio

2042 1076 2297 1149 Rigaltii,
2330 1077 2440 1132 nisi
2464 1083 2766 1149 putassem
2798 1076 3383 1133 occurrendum‘esse
3413 1077 3687 1135 crimina-

2038 1147 2185 1221 tioni
2231 1147 2624 1221 quorumdam
2672 1148 2773 1220 qui
2823 1155 3060 1221 possent
3108 1150 3443 1221 existimare
3487 1166 3579 1204 me
3607 1150 3690 1205 ita

2036 1220 2344 1288 scripsisse
2366 1221 2664 1345 prurigine
2694 1220 3200 1288 contradicendi,a
3218 1236 3331 1290 qua
3356 1220 3521 1276 valde
3549 1221 3688 1277 alie-

2040 1308 2153 1345 nus
2187 1307 2340 1345 sum.
2388 1292 2494 1345 ‘eci
2520 1308 2677 1345 ergo.
2702 1292 2842 1345 auia
2859 1292 3003 1345 mihi
3035 1297 3263 1345 constat
3284 1308 3488 1345 omnes
3510 1291 3688 1345 libros

2040 1308 2153 1346 nus
2187 1307 2340 1346 sum.
2369 1291 2494 1346 Feci
2520 1291 2677 1364 ergo,
2696 1292 2842 1364 quia
2859 1292 3003 1364 mihi
3035 1297 3263 1347 constat
3284 1308 3488 1347 omnes
3510 1291 3691 1348 libros

2039 1367 2260 1436 veteres
2289 1368 2351 1436 et_
2374 1379 2576 1436 omnes
2591 1361 2900 1419 —editiones
2950 1363 3281 1436 Rigaltiana
3328 1363 3690 1434 antiquiores

2040 1435 2308 1505 praeferre
2339 1434 2507 1506 hanc
2535 1434 2866 1506 lectionem.
2908 1434 3095 1499 Quare
3141 1435 3375 1505 assequi
3408 1451 3524 1489 non
3554 1451 3692 1506 pos-

2041 1504 2193 1578 sum,
2213 1522 2317 1560 cur
2348 1504 2535 1578 Angli,
2562 1505 2777 1578 quibus
2799 1505 2899 1560 illa
2919 1510 3177 1561 veterum
3199 1504 3523 1561 editionum
3546 1504 3691 1578 icon-

2041 1577 2236 1648 sensio
2267 1581 2404 1631 nota
2443 1576 2597 1642 erat,
2630 1576 2745 1648 qui
2794 1578 3057 1633 sciebant
3103 1584 3377 1648 praeterea
3430 1577 3689 1632 codicem

2039 1647 2435 1703 Veronensem
2468 1665 2595 1703 eam
2627 1647 2931 1703 lectionem
2986 1647 3219 1715 habere,
3254 1648 3569 1704 maluerint
3597 1664 3688 1704 se-

284 1726 416 1781 net;
446 1717 497 1774 et
526 1720 703 1787 magis
732 1717 906 1803 mirer
939 1734 1046 1803 .cur
1072 1734 1194 1773 eam
1237 1722 1334 1772 iste
1365 1717 1662 1803 (Crescens
1691 1736 1725 1774 a
1755 1717 1932 1803 Cirta)
1962 1724 2009 1788 Β
2040 1719 2142 1803 qui
2172 1735 2424 1803 errorem
2453 1718 2792 1803 Rigaltianae
2838 1720 3127 1803 editionis,
3177 1719 3277 1791 qui
3320 1718 3508 1803 potuit
3535 1718 3687 1775 acci-

281 1804 704 1847 commemorare
732 1790 988 1855 voluerit,
1036 1804 1202 1860 quam
1230 1805 1329 1843 cur
1356 1792 1413 1842 in
1460 1790 1682 1845 exordio
1709 1792 1932 1845 concilii

281 1862 728 1918 commemoratio
754 1861 874 1931 ejus
910 1861 1281 1931 prxtermissa
1324 1862 1415 1914 sit.
1449 1863 1526 1915 Ac
1557 1862 1794 1916 demum
1828 1862 1928 1916 ad-

282 1934 409 1989 dit:
457 1935 687 1988 Prorsus
732 1932 881 2003 enim
927 1932 1030 1985 illa
1076 1932 1310 2001 epistola
1355 1931 1447 2003 de,
1475 1933 1747 2002 Baptismo
1785 1932 1930 2003 apud

281 2006 572 2062 hareticos
600 2004 683 2059 vel
727 2001 1106 2075 schismaticos
1143 2003 1291 2075 dato,
1334 2002 1480 2075 unde
1517 2001 1666 2075 nunc
1691 2001 1926 2075 agimus,

280 2076 431 2130 nihil
460 2075 639 2129 habet.
673 2075 835 2138 Quod
866 2089 1005 2129 sane
1048 2071 1108 2126 in
1153 2072 1325 2146 hanc,
1351 2074 1657 2146 epistolam
1690 2071 1930 2146 prorsus

282 2146 576 2212 convenit,
612 2162 725 2199 non
776 2146 835 2198 in
884 2147 1249 2215 sequentem,
1298 2145 1369 2199 de
1400 2161 1517 2215 qua
1563 2145 1929 2201 Crescentem

282 2218 445 2289 loqui
488 2217 851 2289 Augustinus
901 2216 1441 2289 ne_suAspicabatur_
1474 2216 1749 2288 quidem:
1778 2218 1932 2289 quia

282 2285 433 2344 nihil
465 2285 634 2342 antea
665 2288 734 2341 de
765 2287 869 2341 illa
911 2285 999 2341 vel
1044 2285 1265 2358 viderat
1306 2285 1652 2358 quidquam,
1706 2285 1927 2343 vel—au-

282 2361 484 2415 dierat.
523 2360 592 2431 Et
617 2358 853 2431 quidem
885 2374 1018 2413 cum
1060 2357 1446 2431 dueeiantum
1476 2357 1639 2431 uota:
1672 2359 1792 2413 sint
1822 2359 1929 2431 Cy-

283 2431 475 2503 priani
507 2430 577 2503 ad
607 2427 969 2503 Stephanum
1000 2427 1278 2503 epistolae,
1310 2428 1424 2503 ista
1468 2430 1768 2503 nimirum,
1802 2427 1930 2503 quae

282 2499 349 2558 re
377 2503 506 2573 ipsa
534 2502 604 2555 de
624 2499 927 2573 ,Baiptismo
958 2500 1125 2573 apud
1154 2499 1451 2555 haereticos
1481 2500 1567 2555 vel
1600 2499 1929 2556 schismati-

282 2570 547 2629 cos—dato
579 2570 728 2625 nihil
757 2570 1003 2642 prorsus
1034 2570 1229 2637 habet,
1262 2576 1318 2625 et
1347 2588 1621 2641 sequens,
1654 2588 1778 2643 quae
1810 2578 1934 2627 tota

284 2647 359 2699 de
391 2646 497 2698 hac
530 2659 587 2697 re
617 2648 740 2707 est;
784 2657 1150 2713 consequens
1197 2643 1445 2706 Videtur,
1495 2647 1558 2696 ut
1590 2643 1710 2697 haec
1741 2644 1934 2713 prima

284 2660 359 2699 ue
391 2660 497 2698 nae
530 2660 587 2697 re
617 2660 740 2707 eet;
784 2660 1150 2713 consequens
1197 2660 1445 2706 Videtur,
1495 2660 1558 2696 ut
1591 2660 1710 2697 haec
1783 2660 1929 2698 rima

283 2716 411 2770 sola
439 2714 767 2784 Augustino
799 2718 954 2777 nota,
988 2729 1237 2782 sequens
1285 2715 1483 2783 ignota
1513 2715 1702 2769 fuerit.
1739 2660 1797 2769 gi
1828 2732 1929 2769 au-

282 2793 405 2841 tem
438 2785 802 2856 Cyprianide
852 2785 1149 2855 Baptismo
1181 2784 1584 2856 haereticorum
1634 2789 1754 2840 tam
1785 2786 1929 2841 cele-

282 2858 410 2912 bris
439 2854 683 2927 epistola
713 2854 771 2909 in
819 2854 1125 2927 Augustini
1180 2855 1326 2927 libro
1358 2860 1485 2910 tum
1535 2857 1750 2921 deerat,
1792 2857 1930 2927 quid

287 2926 503 2983 mirum
537 2928 584 2982 si
615 2931 775 2981 tanto
796 2926 931 2996 post
960 2932 1216 2997 tempore
1244 2926 1511 2997 pluribus
1543 2927 1602 2982 in
1634 2926 1932 2982 codicibus

284 3001 409 3054 haec
438 2998 605 3080 desit:
638 2997 856 3080 Nempe
905 2998 1106 3080 litterae
1141 2998 1439 3080 quoddam
1482 3004 1571 3080 est
1599 2999 1798 3080 scripti
1830 3015 1929 3080 ge-

2040 1792 2198 1846 disse
2227 1791 2364 1872 vitio
2386 1790 2756 1916 typograghi,
2783 1807 2959 1861 quam
2986 1790 3209 1847 bonam
3226 1790 3576 1863 scripturam
3596 1806 3689 1848 ve-

2040 1867 2230 1916 terum
2261 1863 2605 1916 editionum.
2674 1878 2837 1916 ALUZ.

2039 1867 2230 1917 terum
2261 1861 2605 1917 editionum.

2110 1933 2187 2005 (2)
2216 1934 2278 1986 In
2307 1934 2499 2005 eadem
2524 1934 2828 2004 provincia.
2864 1931 2924 2005 ld
2956 1936 3045 1987 est
3072 1930 3131 1986 in
3158 1932 3371 2005 eadem,
3393 1930 3691 2005 provincia

2038 2001 2259 2085 inqua
2312 2001 2622 2085 Faustinus
2665 2009 2790 2059 erat
2817 2003 3175 2085 ‘episcOpus‘
3218 2003 3277 2085 in
3310 2001 3692 2085 ‘Narbonensi

2040 2073 2321 2130 nimirum
2371 2075 2583 2141 solida,
2622 2092 2765 2146 quae
2812 2073 2940 2128 tum
2987 2073 3485 2146 complectebatur
3512 2074 3691 2146 etiam

2040 2147 2493 2218 Lugdunensem
2526 2152 2581 2201 et
2610 2144 3019 2201 Viennensem;
3067 2144 3417 2201 Ammianus
3445 2144 3694 2201 Marcel-

2040 2216 2218 2286 linus,
2250 2217 2351 2272 lib.
2384 2234 2493 2283 xv;
2525 2219 2872 2285 Regebantur
2916 2219 3099 2271 autem
3144 2217 3341 2273 Galliae
3377 2232 3562 2273 omnes
3586 2232 3690 2288 po-

2039 2298 2234 2343 testate
2264 2291 2324 2344 in
2356 2293 2539 2356 partes
2588 2289 2765 2343 divisa
2795 2292 3049 2358 quatuor,
3099 2303 3339 2357 quarum
3370 2288 3686 2343 Narbonen-

2037 2361 2117 2415 sis
2146 2376 2263 2414 una
2316 2361 2665 2414 Viennensem
2712 2361 2864 2414 intra
2914 2375 2970 2413 se
3023 2360 3331 2414 continebat
3373 2361 3423 2413 et
3470 2358 3690 2430 Lugdu-

2038 2447 2285 2486 nensem.
2318 2430 2462 2485 Hinc
2512 2446 2743 2501 quoque
2790 2430 2946 2485 sumi
2988 2432 3324 2501 conjectura
3364 2434 3552 2501 potest
3580 2430 3689 2484 Lu-

2040 2502 2306 2573 gdunum
2339 2500 2690 2573 pertinuisse
2719 2501 2790 2556 ad
2842 2500 3195 2572 provinciam
3228 2501 3688 2573 Narbonensem,

2043 2572 2194 2643 quod
2229 2572 2362 2626 cum
2394 2588 2462 2626 ea
2504 2573 2706 2627 civitas
2753 2572 2987 2627 condita
3022 2577 3131 2638 est,
3165 2574 3246 2626 uti
3291 2574 3555 2643 jusserat
3583 2572 3690 2627 Se-

2044 2642 2576 2715 natusRomanus,
2628 2643 2862 2715 condita
2909 2648 2997 2697 est
3044 2658 3145 2715 pro
3194 2643 3267 2698 iis
3300 2642 3416 2714 qui
3464 2643 3691 2699 Vienna

2042 2716 2113 2769 ab
2145 2713 2555 2785 Allobrogibus
2609 2713 2841 2785 expulsi
2866 2713 3059 2768 erant:
3078 2713 3357 2769 Viennam
3377 2730 3560 2785 porro
3591 2714 3691 2768 Dio

2042 2786 2301 2851 Cassius,
2336 2784 2437 2839 lib.
2473 2802 2620 2852 xavx,
2674 2784 2874 2840 scribit
2903 2786 3084 2839 luisse
3132 2784 3441 2855 provinciae
3472 2786 3693 2840 Narbo-

2044 2856 2242 2911 nensis
2292 2856 2594 2926 Oppidum.
2647 2858 2842 2925 Itaque
2901 2858 3041 2910 urbs
3092 2872 3239 2911 nova
3286 2855 3474 2926 vicina
3519 2856 3693 2911 Vien-

2044 2874 2242 2911 nenSIs
2292 2874 2364 2926 op
2410 2874 2594 2910 idum.
2648 2874 2842 2925 itaque
2901 2874 3041 2910 uros
3092 2874 3239 2911 nova
3286 2874 3474 2910 Vicina
3531 2874 3693 2911 Vien-

2042 2945 2126 2982 nae
2184 2874 2514 2982 contributa
2572 2927 2724 2981 haud
2785 2926 2961 2981 dubie
3016 2930 3105 2980 est
3162 2927 3209 2981 si
3270 2925 3573 2997 provinciis
3632 2927 3693 2997 in

2042 3015 2157 3070 qua
2187 3000 2299 3053 sita
2324 3003 2447 3052 erat
2471 2998 2716 3064 Vienna,
2741 2997 3063 3070 praesertim
3096 3013 3228 3051 cum
3254 2996 3325 3070 ea
3354 2997 3588 3070 condita
3617 2996 3696 3052 sit

2674 1878 2837 1916 ALUZ.

284 3088 419 3136 nus,
450 3071 606 3151 quod
639 3067 883 3123 diversis
914 3068 1277 3151 temporibus
1314 3070 1481 3151 .varia
1509 3068 1567 3151 in
1596 3067 1933 3151 locaiemis-
1966 3083 2008 3150 ρ
2048 3067 2149 3151 pro
2180 3069 2608 3151 Viennensibus
2638 3068 2907 3151 expulsie
2921 3068 3027 3151 qui
3057 3068 3543 3151 consederant‘ee
3568 3067 3694 3123 loco

284 3160 422 3198 sum
455 3139 545 3196 vix
576 3141 634 3194 in
688 3156 870 3195 unum
919 3140 1107 3195 valeat
1137 3139 1350 3207 colligi,
1403 3145 1459 3195 et
1489 3141 1561 3194 ob
1591 3141 1933 3196 tenuitatem

284 3160 422 3198 sum
455 3159 545 3196 Vix
576 3158 634 3194 in
688 3156 870 3195 unum
919 3156 1107 3195 valeat
1137 3156 1265 3194 com
1338 3185 1350 3207 ,
1403 3156 1459 3195 et
1489 3156 1561 3194 oo
1591 3156 1933 3196 tenuitatem

283 3211 753 3293 antiquariorum
778 3210 1138 3293 diligentiam
1157 3156 1539 3293 faciigfugiat.
1562 3211 1720 3267 Unde
1740 3230 1935 3293 rarum

284 3290 378 3341 est
422 3290 644 3339 veteres
696 3283 950 3337 nancisci
1011 3283 1259 3354 codices,
1321 3283 1421 3354 qui
1478 3298 1650 3338 omne
1699 3285 1937 3338 omnino

283 3355 588 3426 scriptoris
645 3354 911 3426 ejusdem
968 3353 1245 3426 epistolas
1302 3353 1631 3426 eahibeant,
1684 3360 1740 3409 et
1786 3372 1938 3425 sape

282 3424 520 3491 accidit,
547 3431 609 3480 ut
642 3425 931 3480 nonnullae
963 3424 1360 3497 inperpaucis
1391 3431 1778 3480 asserventur.
1814 3424 1936 3481 Nan

284 3502 427 3553 sunt
454 3502 650 3551 tamen
678 3498 866 3566 pauci,
900 3496 999 3566 qui
1031 3496 1178 3550 hanc
1201 3502 1519 3550 asservant.
1555 3497 1753 3551 Exstat
1780 3497 1937 3551 enim

285 3572 348 3623 in
380 3568 730 3637 Fossatensi,
779 3567 1130 3635 Corbeiensi,
1181 3568 1449 3635 Fuxensi,
1502 3583 1656 3622 nunc
1705 3567 1938 3623 Colber—

287 3641 435 3705 tino,
499 3638 837 3703 Veronensi,
890 3638 1236 3705 Turonensi,
1297 3639 1398 3693 sed
1456 3642 1509 3691 S.
1571 3638 1827 3704 Martini,
1878 3640 1934 3695 S.

286 3710 443 3765 Petri
473 3711 966 3773 Monasteriensis,
1023 3708 1317 3764 Victorino
1375 3713 1432 3763 et
1495 3707 1935 3765 Cambronensi.

288 3782 573 3837 Praeterea
596 3779 725 3849 styli
761 3783 887 3849 ejus
916 3796 1048 3835 cum
1079 3780 1301 3835 caeteris
1344 3795 1577 3834 summa
1608 3784 1936 3847 consensio,

284 3857 355 3908 ut
400 3852 575 3907 etiam
624 3849 746 3906 Nic.
798 3851 1085 3921 Rigaltius
1133 3857 1309 3923 atque
1357 3849 1703 3923 Oxoniensis
1752 3854 1938 3907 editor

282 3924 691 3995 observarunt,
715 3928 772 3977 et
792 3924 1099 3978 verborum
1123 3938 1186 3995 ac
1206 3921 1632 3995 sententiarum
1651 3923 1935 3995 Cypriano

282 3993 663 4065 familiarium
698 4010 841 4049 usus
862 3994 933 4049 de
960 4010 1090 4048 vero
1113 3994 1242 4064 ejus
1274 3998 1512 4065 parente
1538 3993 1807 4049 dubitare
1831 4011 1936 4050 nos

283 4081 403 4121 non
448 4064 607 4120 sinit.
656 4065 801 4120 Hinc
852 4067 1065 4120 moveri
1115 4065 1315 4119 nullus
1361 4064 1530 4119 debet
1561 4065 1935 4136 conjecturis,

286 4137 506 4209 quibus
536 4136 832 4209 Johannes
855 4136 1148 4209 Launoius
1178 4136 1484 4209 epistolam
1509 4140 1590 4190 tot
1624 4138 1935 4209 momentis

286 4206 497 4264 fultam
546 4208 829 4279 Cypriano
879 4206 1226 4280 adjudicare’
1264 4206 1491 4280 nititur.
1534 4208 1685 4280 inde
1743 4209 1936 4280 potius

286 4278 603 4336 clarissimi
636 4280 811 4349 hujus
845 4278 948 4332 viri
982 4279 1197 4350 opinio,
1233 4294 1348 4347 qua
1376 4278 1759 4349 Trophimurri
1797 4288 1931 4335 Are-

288 4351 499 4407 latensi
557 4351 811 4405 ecclesiae
870 4350 1147 4421 Stephani
1214 4350 1578 4420 temporibus
1637 4351 1935 4421 praefuisse

288 4428 506 4491 censet,
556 4421 895 4492 corrigenda
942 4427 1048 4477 est.
1101 4424 1261 4476 Certe
1311 4438 1463 4476 anno
1510 4422 1632 4486 450,
1677 4423 1935 4493 adeoque

286 4494 461 4564 longe
482 4498 612 4573 ante
636 4492 977 4573 Gregorium
1001 4494 1421 4573 Turonensem,
1446 4494 1613 4573 cujus
1634 4493 1692 4573 in
1728 4492 1934 4573 primis

285 4563 633 4618 auctoritate
666 4563 873 4617 nititur
904 4564 1216 4625 Launoius,
1241 4563 1495 4633 episcopi
1530 4563 1838 4618 Provinciae
1862 4566 1931 4619 ad

290 4637 537 4715 Leonem
570 4650 782 4715 papam
815 4634 1155 4700 scribentes,
1195 4633 1579 4715 Trophirnum
1614 4651 1647 4715 a
1678 4636 1733 4689 Β.
1769 4635 1933 4690 Petro

287 4705 548 4761 Arelatem
574 4704 832 4760 missum
864 4721 991 4761 esse
1020 4722 1120 4776 pro
1153 4704 1672 4772 certo’habebant;
1706 4722 1936 4761 eorum-

290 4794 405 4859 que
436 4776 706 4859 opinioni
736 4776 1001 4859 lusimus
1030 4793 1204 4859 papa.
1227 4776 1397 4859 epist.
1433 4776 1457 4830 1
1493 4777 1620 4859 etm5
1652 4777 1935 4859 lavetLAd

287 4846 524 4919 tempus
555 4848 709 4919 quod
738 4847 964 4913 attinet,
995 4846 1047 4903 si
1076 4846 1148 4902 ab
1191 4846 1375 4919 initiis
1407 4846 1778 4918 pontificatus
1809 4849 1934 4903 Ste-

285 4917 467 4991 phani
498 4917 585 4991 ita
598 4925 962 4991 removeatur
984 4919 1104 4974 haec
1133 4917 1491 4990 epistola,’ut
1512 4924 1647 4991 ante
1677 4925 1934 4975 exortam

288 4989 688 5072 deliaptismo
718 4989 1121 5072 haereticorum
1167 4989 1629 5072 controvereiam
1663 4995 1934 5072 ponatur,

288 5060 518 5133 reliqua
549 5078 678 5133 quae
708 5061 1066 5133 objiciuntur
1113 5062 1393 5133 adversus
1433 5060 1594 5133 illius
1631 5060 1936 5133 sinceriter?

287 5131 436 5200 tem;
466 5131 631 5191 facile
662 5131 975 5188 solventur.
1002 5134 1064 5189 In
1098 5149 1240 5188 mss.
1269 5131 1600 5188 Corbeiensi
1619 5137 1676 5187 et
1705 5132 1938 5189 Colber-

287 5203 414 5259 tino
471 5202 832 5259 inscribitur.
890 5207 967 5261 De
1016 5205 1297 5261 Marciano
1354 5204 1690 5268 Arelatense,
1749 5206 1846 5275 qui
1886 5208 1939 5259 et

289 5275 570 5331 haereticos
624 5277 844 5346 recepit.
902 5276 1029 5331 Non
1086 5275 1442 5347 displiceret,
1497 5277 1595 5345 qui
1648 5274 1939 5331 Novatiani

289 5347 554 5418 heresim
608 5348 841 5418 suscepit
886 5346 1204 5418 Cous'rAN'r.
1253 5376 1319 5387 —
1370 5346 1505 5418 Quae
1550 5348 1719 5418 etiam
1764 5348 1935 5402 vobis.

290 5417 443 5472 Edit.
505 5416 869 5489 Ozrontqua’
912 5420 1037 5489 jam
1085 5417 1270 5474 vobis:
1344 5416 1734 5489 renitentibus
1793 5434 1935 5489 mss.

288 5489 459 5544 Corb.
492 5487 650 5544 Colb.
702 5487 935 5555 Véronf,
987 5494 1120 5556 etc.,
1172 5502 1395 5542 necnon
1444 5487 1581 5542 edit.
1636 5488 1848 5543 Pamel.
1882 5493 1941 5543 et

287 5559 634 5642 Manutulis,
660 5560 758 5630 qui
787 5560 1010 5642 malum
1033 5558 1255 5642 aliquid
1277 5559 1469 5642 sanari
1496 5558 1723 5642 ardenti
1744 5560 1937 5642 stu_di_o

287 5631 556 5701 cupiunt,
610 5629 842 5701 semper
887 5632 1054 5687 tarda
1098 5629 1370 5686 videntur
1415 5629 1710 5685 remedia:
1756 5631 1856 5701 sed
1887 5630 1938 5685 is

287 5648 362 5687 cu
406 5648 556 5697 iuni,
610 5648 842 5701 semper
887 5648 1054 5687 tarda
1098 5648 1370 5686 Videntur
1415 5648 1710 5685 remedia:
1756 5648 1856 5686 sea
1887 5648 1937 5685 is

286 5648 462 5774 curus
504 5704 594 5758 est
647 5701 887 5767 mederi,
943 5718 1092 5775 sepe
1147 5700 1373 5774 cogitur
1427 5700 1658 5758 ditierre
1686 5700 1773 5756 vel
1822 5718 1937 5774 prce

2048 3139 2147 3196 ubi
2181 3157 2335 3195 nunc
2367 3139 2725 3209 Lugdunum
2745 3145 2851 3195 est.
2886 3139 3098 3211 Mirum
3137 3139 3337 3211 itaque
3366 3139 3551 3211 videri
3576 3156 3694 3211 non

2047 3212 2218 3267 debet
2240 3212 2582 3267 Faustinum
2612 3212 2794 3266 fuisse
2814 3210 3131 3266 sollicitum
3158 3212 3229 3265 de
3251 3210 3407 3266 statu
3429 3210 3696 3267 Ecclesia

2048 3299 2174 3363 quae
2207 3283 2320 3363 sita
2351 3288 2474 3337 erat
2502 3282 2561 3336 in
2595 3299 2661 3337 ea
2680 3281 2985 3363 ‘previncia
3006 3282 3209 3363 inqua
3238 3281 3369 3363 ipse
3386 3282 3698 3363 episcopus

2048 3352 2192 3409 erat.
2225 3354 2631 3437 Perseverasse
2661 3352 2758 3407 diu
2781 3353 2940 3435 hunc
2954 3352 3227 3437 qrdinem
3261 3352 3322 3434 iit
3346 3352 3697 3437 Lugdunum

2048 3430 2383 3479 censeretur
2413 3441 2541 3480 esse
2558 3425 2618 3479 in
2639 3423 2932 3495 provincia
2954 3424 3316 3482 Narbonensi
3339 3423 3699 3489 solida,hinc

2048 3512 2281 3567 quoque
2302 3495 2492 3568 colligi
2518 3511 2687 3568 posse
2709 3496 2936 3551 videtur
2956 3496 3111 3568 quod
3126 3495 3453 3568 Eucherius
3472 3496 3700 3568 episco-

2050 3565 2156 3637 pus
2187 3565 2594 3638 Lugdunensis
2648 3565 2910 3621 interfuit
2956 3565 3199 3622 concilio
3241 3568 3395 3638 quod
3438 3565 3698 3622 Hilarius

2044 3636 2422 3703 Arelatensis,
2455 3636 2555 3708 qui
2576 3642 2701 3692 tum
2726 3639 2974 3693 duarum
2992 3636 3460 3693 Narbone‘nsium
3489 3642 3699 3693 metro-

2046 3709 2338 3781 politanus
2360 3716 2503 3775 erat,
2529 3714 2593 3763 ut
2615 3708 2787 3763 ﬁdem
2814 3709 3225 3781 faciuntfetiam
3249 3708 3506 3781 epistola
3530 3725 3693 3781 papa

2045 3780 2277 3845 Zosimi,
2321 3780 2632 3852 celebravit
2660 3782 2814 3852 apud
2847 3780 3209 3847 Arausicam,
3238 3780 3695 3852 cumepiscopis

2046 3852 2346 3907 civitatum
2362 3851 2558 3906 solidae
2576 3850 2995 3921 Narbonensis,
3010 3852 3068 3905 in
3083 3868 3197 3923 quo
3212 3850 3456 3923 concilio
3469 3850 3696 3923 delega-

2045 3927 2289 3994 tarcura
2337 3927 2425 3977 est
2474 3923 2713 3994 Hilario,
2766 3928 2963 3994 utpote
3012 3922 3460 3993 metropolitano
3491 3922 3694 3994 eorum

2044 3993 2449 4065 episcoporum
2483 3993 2585 4065 qui
2614 3994 2664 4048 ei
2710 3991 3018 4049 conventui
3067 3991 3401 4058 intererant,
3436 3992 3535 4065 uti
3567 3991 3697 4063 epio

2045 4063 2261 4136 scapos
2311 4065 2409 4136 qui
2468 4063 2791 4130 defuerant,
2852 4069 3248 4121 commoneret
3298 4080 3367 4118 ne
3418 4063 3694 4134 deinceps

2044 4137 2433 4191 detrectarent
2460 4136 2665 4207 adesse
2697 4136 2753 4190 in
2787 4136 3047 4207 synodis,
3081 4141 3146 4207 ut
3198 4139 3355 4207 patet
3378 4148 3695 4207 excanone

2041 4207 2111 4261 29
2142 4208 2403 4278 ejusdem
2453 4206 2710 4279 conciliii
2755 4204 2955 4279 Itaque
3004 4205 3154 4279 male
3196 4204 3405 4279 scripsi
3449 4204 3508 4259 in
3539 4206 3694 4279 notis

2044 4280 2115 4333 ad
2140 4276 2902 4351 AgobardumMarcianum
2930 4276 3249 4351 nonluisse
3270 4276 3611 4351 episcopum
3634 4276 3693 4330 in

2041 4346 2243 4406 eadem
2276 4348 2569 4422 provincia
2609 4350 2667 4404 in
2702 4366 2818 4420 qua
2865 4348 3181 4405 Faustinus
3211 4346 3335 4403 erat
3361 4346 3690 4473 episcopus.

3420 4434 3585 4473 ALUZ.

3420 4434 3585 4474 ALUZ.

2117 4493 2190 4561 (3)
2222 4491 2553 4545 Marcianus.
2606 4490 2787 4544 Vetus
2836 4495 3041 4545 auctor
3088 4489 3471 4545 altercationis
3519 4488 3695 4560 Syna-

2043 4560 2195 4633 gogae
2223 4566 2276 4633 et
2304 4563 2578 4628 Ecclesiae,
2615 4577 2663 4615 c.
2695 4562 2789 4633 29,
2831 4560 3193 4633 Marcianum
3227 4561 3541 4631 quemdam
3573 4575 3693 4614 me-

2046 4632 2234 4687 morat
2261 4632 2412 4686 inter
2442 4637 2660 4704 veteres
2710 4632 3031 4687 haereticos.
3080 4633 3185 4687 Sed
3212 4648 3335 4704 non
3386 4636 3527 4704 puto
3558 4647 3693 4704 eum

2045 4703 2485 4775 respexissead
2535 4702 2949 4759 Arelatensem.
2984 4703 3332 4775 ,Legendurm
3380 4702 3514 4775 (esse
3552 4703 3695 4775 Mar-

2043 4776 2253 4829 cionem
2286 4773 2806 4846 probantveteres
2854 4773 3141 4831 editiones
3188 4774 3444 4846 epistola
3490 4774 3569 4829 ad
3596 4776 3695 4846 Ju-

2049 4844 2330 4918 baianum,
2364 4844 2422 4899 in
2470 4845 2685 4918 quibus
2732 4846 3018 4918 scriptum
3050 4851 3160 4911 est,
3208 4844 3452 4918 maxime
3479 4858 3604 4899 cum
3628 4845 3694 4918 in

2046 4916 2233 4973 eodem
2259 4915 2746 4973 animadverterim
2776 4915 2943 4974 etiam
2986 4918 3264 4975 Marciani
3308 4917 3433 4987 ﬁeri
3458 4915 3693 4987 mentio-

2043 5004 2190 5061 nem.
2222 4988 2329 5061 Pro
2363 5004 2477 5059 quo
2508 4993 2730 5045 certum
2761 4993 2849 5046 est
2888 4988 3326 5061 reponidebere
3376 4986 3692 5061 Marcionis,

2045 5063 2111 5140 ut
2140 5058 2357 5140 habent
2378 5056 2724 5140 posteriores
2745 5056 3051 5140 editiones.
3073 5060 3143 5115 Et
3162 5056 3693 5140 tameneqjusdam

2044 5130 2336 5256 lMarciani1
2344 5126 2560 5256 {agris
2589 5131 2841 5189 haeretici
2873 5131 3226 5189 mentionem
3250 5129 3387 5185 facit
3405 5126 3695 5184 Eusebius

2071 5243 2084 5256 .
2117 5218 2194 5256 v1.
2227 5218 2275 5256 c.
2477 5218 2635 5256 sz.

2071 5243 2084 5257 .
2117 5218 2194 5267 v1,
2227 5218 2275 5257 c.
2310 5204 2394 5256 12.
2431 5204 2635 5258 BALUZ.

2115 5271 2192 5344 (4)
2221 5272 2492 5344 Ecclesiae
2520 5275 2752 5329 unitate.
2796 5274 2964 5329 Corb.
3010 5289 3121 5328 ms.
3148 5271 3423 5344 veritate;
3453 5272 3511 5324 et
3538 5283 3693 5344 mox,

2044 5339 2339 5399 sacerdotis
2382 5343 2744 5471 congressione,
2794 5345 2893 5400 ubi
2951 5344 3012 5400 in
3067 5341 3341 5415 vulgatis,
3392 5339 3699 5396 sacerdotii

2045 5417 2422 5470 consensione.
2533 5415 2657 5471 anis
2714 5415 2902 5471 placet
2949 5431 3082 5471 cum
3131 5413 3297 5470 Corb.
3355 5410 3697 5467 sacerdotum

2045 5417 2422 5487 consensione.
2475 5410 2657 5487 Magis
2714 5415 2902 5487 placet
2949 5431 3082 5487 cum
3131 5410 3297 5470 CBrb.
3355 5410 3697 5487 sacerdotum

2045 5486 2435 5547 consensione;
2466 5480 2873 5542 maiime'cum
2902 5488 3051 5542 infra
3072 5486 3373 5556 legamus:
3408 5480 3697 5556 Copiosum

2047 5573 2240 5628 corpus
2285 5565 2366 5612 est
2410 5556 2784 5624 sacerdotum;
2834 5563 2892 5614 et
2933 5555 3199 5625 inferius,
3250 5556 3322 5612 de
3358 5555 3581 5627 collegio
3606 5570 3696 5610 sa-

2046 5636 2340 5693 cerdotum,
2371 5644 2488 5683 non
2518 5628 2831 5685 sacerdotii.
2866 5630 3182 5686 Cous'rau'r.

2120 5698 2278 5755 Hanc
2306 5696 2634 5771 lectionem,
2667 5713 2795 5773 quae
2827 5700 2981 5758 bona
2999 5704 3107 5770 est,
3140 5712 3255 5755 non
3277 5694 3468 5752 inveni
3498 5699 3615 5758 nisi
3633 5697 3700 5755 in
