4098 6178
537 227 561 283 1
574 225 693 285 027

1533 223 1598 282 S.
1649 221 2117 284 STEPHANUS
2163 221 2366 284 PAPA
2409 224 2507 284 ET
2549 221 2905 284 MARTYR.

3719 236 3838 296 1028

537 370 647 426 que
689 371 722 408 a
753 351 1010 424 corporis
1055 353 1237 408 nostri
1278 356 1335 406 et
1383 353 1749 408 sacerdotum
1798 353 2183 409 consensione
2209 355 2268 422 Α
2295 355 2407 423 (10)
2433 355 2616 425 jactat
2642 358 2699 410 et
2727 354 3004 426 praedicat
3030 355 3051 389 ‘
3081 355 3231 427 quod
3255 355 3545 414 Novatiano
3571 363 3775 421 studens
3800 373 3843 422 et

536 441 870 497 discesserit
913 442 936 475 ²
980 440 1078 511 (5),
1126 444 1332 496 tenens
1381 441 1658 496 haeretica:
1707 441 2180 514 praesumptionis

534 531 912 588 durissimam
941 531 1277 602 pravitatem
1301 529 1377 603 (6)
1409 548 1420 586 :
1455 535 1519 585 ut
1548 529 1732 587 servis
1766 530 1866 587 Dei
1893 532 2177 604 paeniten-

532 621 691 675 tibus
721 622 799 692 (7)
830 624 886 674 et
932 619 1267 674 dolentibus
1295 620 1337 689 ³,
1372 623 1427 674 et
1466 620 1786 674 Ecclesiam
1821 619 2095 692 lacrymis
2123 624 2180 676 et

531 709 752 782 gemitu
801 712 857 763 et
903 706 1100 764 dolore
1149 707 1544 779 pulsantibus,
1592 707 1798 763 divinas
1848 709 2081 780 pietatis
2121 714 2175 764 et

530 796 787 854 lenitatis
835 801 1089 867 paternae
1148 796 1356 852 solatia
1401 802 1458 852 et
1502 797 1767 852 subsidia
1808 797 2174 869 claudantur,

531 903 636 942 nec
667 886 738 940 ad
783 885 938 940 992
970 885 1214 940 fovenda
1260 884 1500 940 vulnera
1551 884 1940 940 admittantur
1968 886 2177 941 vulne-

528 975 661 1043 rati,
693 975 795 1029 sed
826 972 952 1028 sine
977 989 1080 1045 spe
1113 973 1271 1045 pacis
1301 977 1358 1029 et
1387 973 1935 1030 communicationis
1967 974 2174 1046 relicti,

530 1064 601 1119 ad
633 1061 904 1135 luporum
936 1061 1200 1133 rapinam
1225 1067 1280 1117 et
1311 1062 1568 1133 praedam
1614 1061 1828 1118 diaboli
1859 1063 2174 1135 projician-

530 1157 646 1208 tur.
683 1151 786 1208 Cui
831 1151 912 1206 rei
958 1157 1222 1206 nostrum
1274 1157 1362 1206 est
1409 1150 1710 1207 consulere
1761 1157 1819 1208 et
1846 1152 2173 1224 subvenire,

532 1243 708 1296 frater
735 1240 1098 1308 charissime,
1148 1240 1248 1311 qui
1297 1240 1554 1295 divinam
1606 1241 1975 1296 clementiam
2020 1243 2173 1314 cogi-

528 1333 743 1398 tantes,
777 1333 833 1383 et
885 1329 1277 1399 gubernanda:
1325 1329 1583 1384 Ecclesim
1629 1329 1840 1385 libram
1884 1335 2173 1400 tenentes,

531 1418 614 1474 sic
645 1433 948 1474 sensuram
998 1417 1214 1488 vigoris
1257 1419 1658 1488 peccatoribus
1701 1418 2046 1476 exhibemus
2079 1420 2174 1490 (8),

530 1513 595 1563 ut
623 1511 820 1563 tamen
850 1505 1033 1577 lapsis
1079 1506 1393 1578 erigendis,
1425 1511 1481 1563 et
1528 1509 1803 1564 curandis
1834 1508 2174 1579 vulneratis,

528 1597 808 1652 bonitatis
859 1600 916 1650 et
963 1595 1374 1651 misericordia
1420 1596 1630 1652 divinae
1680 1597 2027 1653 medicinam
2059 1614 2175 1653 non

529 1686 907 1758 denegamus.

597 1774 856 1829 99311.
904 1775 1264 1846 Quapmpter
1312 1772 1496 1830 facere
1541 1779 1597 1830 te
1645 1778 1874 1847 oportet
1902 1774 2177 1847 plenissi-

527 1881 655 1920 mas
681 1862 900 1917 litteras
932 1860 1007 1932 (9)
1039 1861 1110 1917 ad
1156 1860 1530 1934 coepiscopos
1571 1869 1802 1920 nostros
1829 1863 1889 1918 in
1920 1862 2124 1920 Galliis
2155 1864 2178 1897 ‘

525 1951 896 2018 constitutos,
954 1967 1028 2005 ne
1079 1949 1234 2006 ultra
1285 1951 1644 2007 Marcianum
1702 1952 2061 2024 pervicacem
2120 1957 2177 2009 et

525 2041 867 2113 superbum,
900 2041 957 2094 et
1005 2037 1213 2093 divina
1264 2038 1498 2110 pietatis
1547 2055 1613 2094 ac
1665 2039 1928 2095 fraternae
1967 2041 2174 2096 salutis

523 2129 854 2196 inimicum,
888 2125 1128 2200 collegio
1151 2126 1649 2185 nostroinsultare
1681 2129 2173 2203 patiantur,quod

525 2219 774 2275 necdum
796 2234 830 2272 a
849 2214 1017 2271 nobis
1041 2215 1309 2272 videatur
1329 2217 1656 2285 abstentus,
1679 2218 1918 2289 quijam
1947 2219 2172 2290 pridem

2289 442 2418 514 ejus
2465 441 2846 515 pervicaciam
2895 459 3170 515 sequens,
3219 460 3253 497 a
3298 447 3762 506 communicatione
3799 471 3843 510 se

2289 535 2490 586 nostra
2518 532 2539 565 ⁶
2568 530 2988 602 segregaverit:
3023 548 3156 586 cum
3199 530 3530 589 Novatianus
3558 536 3683 607 ipse,
3711 557 3844 611 quem

2288 620 2574 691 sequitur,
2608 620 2748 675 olim
2779 621 3084 675 abstentus
3114 623 3170 674 et
3197 619 3377 676 hostis
3405 622 3642 679 Ecclesiae
3663 627 3843 696 judica-

2286 709 2383 762 tus
2413 707 2526 763 sit:
2561 713 2618 764 et
2647 723 2780 762 cum
2825 706 2898 762 ad
2929 725 3035 764 nos
3085 707 3146 763 in
3184 706 3431 764 Africam
3476 709 3669 782 legatos
3695 715 3846 772 misis-

2287 800 2377 852 set
2406 796 2518 868 (11)
2546 801 2757 868 optans
2787 797 2860 852 ad
2888 796 3357 853 communionem
3388 803 3624 856 nostram
3642 802 3845 870 admitti,

2285 883 2424 941 hinc
2451 902 2486 940 a
2522 884 2768 942 concilio
2808 885 3200 957 plurimorum
3248 887 3592 942 sacerdotum
3637 891 3750 960 (12),
3775 895 3848 964 qui

2283 979 2604 1048 praesentes
2653 990 2889 1030 eramus
2937 975 3286 1030 sententiam
3336 975 3596 1048 retulerit,
3627 994 3680 1032 se
3705 979 3849 1036 foris7

2284 1080 2413 1119 esse
2442 1063 2707 1136 coepisse,
2740 1079 2846 1118 nec
2894 1080 3067 1136 posse
3095 1081 3130 1118 a
3175 1080 3462 1135 quoquam
3508 1068 3740 1122 nostrum
3763 1068 3850 1124 sibi

2284 1153 2728 1220 communicari,
2779 1152 2880 1223 qui
2930 1153 3203 1224 episcopo
3251 1152 3497 1208 Cornelio
3545 1154 3597 1209 in
3626 1156 3850 1212 catholica

2284 1241 2441 1296 994
2471 1240 2724 1296 Ecclesia
2753 1240 2824 1295 de
2858 1241 2954 1296 Dei
2978 1240 3222 1311 judicio,
3257 1247 3312 1296 et
3339 1240 3468 1296 cieri
3498 1257 3559 1296 ac
3587 1241 3741 1312 plebis
3765 1247 3849 1300 suf-

2285 1329 2467 1402 fragio
2498 1330 2785 1396 ordinato,
2811 1329 3121 1401 profanum
3143 1329 3322 1384 altare
3349 1329 3574 1401 erigere,
3605 1335 3653 1384 et
3678 1331 3850 1387 adulte-

2286 1435 2411 1474 ram
2443 1418 2778 1476 cathedram
2806 1417 2917 1490 (13)
2972 1417 3274 1489 collocare,
3319 1423 3374 1473 et
3419 1417 3675 1491 sacrilega
3699 1425 3850 1476 contra

2285 1523 2486 1562 verum
2545 1508 2905 1563 sacerdotem
2988 1506 3278 1562 sacrificia
3349 1507 3543 1562 otl'erre
3592 1510 3852 1564 tentaverit.

2285 1595 2534 1651 Proinde
2564 1596 2612 1650 si
2643 1596 3004 1667 resipiscere,
3028 1600 3087 1651 et
3107 1595 3177 1649 ad
3210 1611 3363 1649 sanie
3387 1596 3588 1650 mentis
3607 1596 3850 1652 consilium

2287 1685 2475 1739 redire
2503 1683 2695 1755 vellet,
2729 1689 2925 1757 ageret
2973 1683 3395 1756 paenitentiam,
3425 1689 3479 1738 et
3505 1684 3568 1739 ad
3599 1684 3850 1741 Ecclesiam

2288 1772 2533 1846 supplex
2551 1771 2784 1830 rediret.
2799 1774 2982 1837 Quam
2999 1790 3218 1828 vanum
3244 1777 3353 1842 est,
3376 1772 3540 1828 frater
3555 1773 3848 1841 charissima,

2285 1867 2350 1918 ut
2378 1862 2693 1918 Novatiano
2725 1878 2908 1932 nuper
2957 1866 3153 1918 retuso
3186 1862 3297 1934 (14)
3346 1866 3400 1917 et
3445 1862 3687 1930 refutato,
3714 1866 3759 1918 et
3781 1878 3853 1934 per

2281 1956 2471 2008 totum
2493 1952 2692 2006 orbem
2714 1951 2848 2023 (15),
2868 1967 2902 2006 a
2920 1951 3320 2007 sacerdotibus
3341 1951 3436 2006 Dei
3456 1952 3715 2017 abstento,
3736 1967 3848 2006 nunc

2283 2042 2617 2098 adulatores
2647 2041 2759 2113 (16)
2781 2041 2971 2096 adhuc
2993 2042 3163 2096 nobis
3188 2041 3478 2114 patiamur
3505 2039 3721 2097 illudere
3745 2041 3852 2096 etde

2285 2131 2590 2202 majestate
2619 2147 2684 2186 ac
2714 2129 2997 2202 dignitate
3027 2129 3297 2186 Ecclesiae
3327 2129 3600 2200 judicare.

2355 2221 2452 2275 Ill.
2487 2220 2825 2292 Dirigantur
2853 2220 2914 2274 in
2957 2219 3324 2275 Provinciam
3355 2221 3464 2289 (17)
3511 2224 3565 2275 et
3593 2219 3657 2274 ad
3683 2217 3852 2290 plebem

1947 2328 2148 2388 Variae.
2194 2327 2515 2389 lectiones.

596 2423 1007 2498 SiDisiunxerit
1058 2423 1218 2498 Gorb.
1278 2424 1460 2478 Remb.
1521 2427 1732 2498 Erasm.
1793 2423 1865 2498 Se
1920 2423 2181 2498 diviserit
2244 2428 2376 2498 fl'ar.
2454 2422 2848 2498 3Dolentibus‘
2888 2423 3209 2498 Ecclesium
3273 2425 3535 2498 lacrymis
3592 2425 3689 2480 Ver.
3739 2421 3844 2476 Man.

523 2498 544 2530 ‘
574 2497 640 2550 In
671 2494 874 2551 Gallia.
913 2499 1036 2551 Ver.
1111 2495 1134 2528 ⁵
1159 2495 1354 2550 Jactat
1378 2500 1434 2549 et
1465 2494 1760 2566 praedicat,
1792 2493 1978 2550 hostis
2010 2495 2163 2551 Corb.
2240 2496 2261 2530 δ
2291 2495 2364 2552 Se
2390 2501 2593 2550 sancta
2627 2499 2753 2551 Ver.
2829 2496 2848 2529 ⁷
2881 2497 2953 2550 Se
2975 2499 3128 2552 foras
3160 2498 3358 2552 Baluz..

1941 2603 2272 2663 Variorum
2306 2608 2496 2663 notae.

521 2697 880 2755 editionibus
916 2697 1154 2753 Manutii
1204 2702 1260 2752 et
1308 2696 1574 2766 Morellii,
1601 2697 1658 2751 in
1699 2698 1896 2752 codice
1924 2698 2170 2755 Fuxensi

520 2776 578 2826 et
609 2770 666 2823 in
699 2770 1058 2824 Carnotensi.
1119 2769 1345 2839 Reliqui
1394 2768 1526 2823 libri
1583 2773 1806 2824 veteres
1855 2776 1911 2824 et
1953 2777 2174 2825 veteres

522 2841 807 2897 editiones
841 2841 1057 2894 habent
1080 2843 1323 2895 veritate.
1354 2841 1558 2895 BALUZ.
1583 2839 1767 2894 Oxon.
1793 2841 1978 2896 editor
2003 2842 2175 2898 habet

523 2913 790 2969 eamdem
823 2912 1151 2978 lectionem,
1187 2911 1307 2964 ulla
1335 2911 1613 2966 varietate
1644 2911 1789 2965 sine.

597 2984 672 3053 (5)
710 2985 1046 3038 Discesserit.
1080 2989 1163 3036 lta
1210 2983 1364 3037 idem
1397 2982 1545 3036 liber
1595 2983 1875 3037 Fuxensis
1909 2986 1965 3037 et
1994 2981 2172 3037 editio

524 3054 786 3108 Manutii.
822 3053 1011 3108 Codex
1040 3053 1392 3120 Corbeiensi,
1425 3053 1787 3118 Remboltus,
1811 3060 1868 3108 et
1895 3054 2172 3108 Erasmus

526 3125 841 3206 praeferunt
886 3125 1238 3206 disiunocerit.
1274 3125 1707 3206 Deestuautem'
1731 3131 1975 3206 utraque
2007 3125 2172 3206 lectio

2279 2715 2378 2770 per
2400 2699 2644 2769 Africam
2672 2706 3048 2771 opponuntur
3072 2715 3084 2754 ;
3119 2716 3225 2771 per
3247 2701 3493 2757 libellum
3519 2699 3688 2762 aditio,
3715 2705 3756 2750 et
3772 2694 3856 2765 ple-

2283 2769 2451 2824 naria
2482 2769 2878 2840 interpellatio.
2907 2769 3227 2826 CousrA'N'r.

2353 2843 2469 2911 (10)
2502 2836 2976 2910 ραίξίαγηρνὶιίεηι.
3027 2841 3156 2896 Haec
3200 2849 3256 2897 et
3305 2840 3595 2912 sequentia
3621 2836 3851 2912 usquead

2283 2905 2461 2967 hostis
2482 2905 2753 2968 Ecclesiae
2763 2912 3044 2981 judicatus
3078 2929 3191 2967 non
3225 2905 3448 2969 exstare
3476 2914 3531 2966 in
3564 2905 3852 2981 codiceCor-

2283 2983 2500 3056 beiensi
2538 2986 2697 3056 notat
2729 2978 3033 3054 R'igaltius.
3085 2985 3204 3056 Ego
3239 2985 3419 3039 miror
3463 2986 3580 3052 ejus
3606 2978 3852 3056 indiligen-

2281 3054 2424 3108 tiam
2455 3054 2514 3108 in
2547 3055 2654 3108 hoc
2685 3053 2831 3122 loco,
2864 3071 2997 3109 cum
3037 3053 3264 3110 certum
3297 3057 3372 3111 sit
3388 3070 3454 3110 ea
3481 3053 3662 3110 omnia
3685 3055 3854 3106 exstare

2283 3125 2342 3180 in
2377 3125 2572 3180 codice
2603 3125 2957 3180 Corbeiensi.
2993 3126 3201 3182 BALUZ.

525 3193 587 3250 in
619 3197 847 3252 duobus
879 3193 1137 3266 antiquis
1158 3195 1587 3265 exemplaribus
1617 3202 1674 3251 et
1696 3196 1753 3250 in
1779 3193 2029 3252 editione
2052 3196 2088 3251 S
2136 3196 2173 3251 i-
2358 3196 2470 3266 (11)
2501 3197 2736 3268 Legatos
2767 3199 3020 3252 misisset.
3063 3197 3382 3252 Maximum
3425 3193 3647 3258 scilicet,
3679 3195 3748 3244 Au
3783 3203 3854 3269 cn-

527 3268 705 3323 rensi.
740 3269 800 3323 In
846 3267 1041 3322 codice
1089 3267 1414 3322 Turonensi
1467 3266 1675 3324 legitur
1721 3283 1774 3322 se
1803 3267 2068 3324 diviserit.
2096 3215 2174 3324 ῗλι
2205 3234 2248 3300 C
2286 3265 2452 3324 dum.
2487 3267 2815 3324 Longinum
2844 3275 2899 3322 et
2919 3269 3268 3324 Machmum.
3294 3285 3437 3324 quos
3459 3265 3691 3324 primum
3717 3204 3854 3315 Agnos

2332 3284 2362 3320 υ

527 3268 705 3338 rensi.
740 3269 800 3323 In
846 3267 1041 3322 codice
1089 3267 1414 3322 Turonensi
1467 3266 1675 3338 legitur
1721 3283 1774 3322 se
1803 3267 2068 3324 diviserit.

526 3337 614 3393 vel
647 3338 782 3394 hinc
813 3343 1088 3409 appareat
1137 3355 1252 3394 non
1295 3354 1464 3409 posse
1500 3337 1778 3393 constitui
1810 3345 2026 3394 certam
2061 3339 2172 3395 lec-

525 3411 765 3465 tionem.
801 3409 1007 3464 BALUZ.

597 3483 1011 3562 (6)”1'Iicreti03.
1041 3481 1484 3562 prmsuinptionis
1528 3478 1885 3562 durissimum
1925 3482 2174 3562 pravita-

525 3549 661 3606 tem.
685 3553 787 3607 llic
821 3549 1052 3623 proprie
1085 3549 1320 3622 stringit
1346 3551 1409 3623 in
1443 3549 1812 3619 Novatianos,
1851 3549 1950 3622 qui
1983 3551 2172 3622 lapso-

525 3639 656 3676 rum
687 3621 1083 3694 poaniten‘tiam
1133 3621 1509 3694 respuebant.
1561 3623 1693 3694 Quae
1735 3626 1910 3694 secta,
1939 3621 2057 3677 sive
2087 3624 2171 3677 di-

525 3691 793 3764 sciplina,
825 3693 1011 3749 solam
1045 3691 1322 3748 duritiam
1363 3691 1715 3748 continebat.
1749 3693 2173 3764 Proptereaque

522 3763 792 3836 homines
815 3765 959 3820 istos
981 3764 1226 3836 epistola
1249 3765 1506 3835 proxime
1524 3769 1804 3836 sequente
1824 3763 2173 3821 durissimos

523 3836 694 3890 dicet.
730 3835 859 3892 Haec
889 3835 1028 3892 vero
1057 3837 1240 3891 forma
1269 3836 1547 3907 loquendi
1572 3835 1895 3907 clarissime
1926 3841 2174 3892 testatur

521 3909 785 3977 ejusdem
820 3925 947 3963 esse
978 3910 1232 3962 auctoris
1261 3906 1571 3977 utramque
1611 3906 1943 3977 epistolam.
1979 3908 2087 3963 Sed
2121 3913 2177 3963 et

520 3979 636 4034 ista
667 3996 793 4050 qua:
826 3979 920 4034 hic
954 3979 1170 4049 passim
1213 3978 1953 4050 occurrunt,_Marcianum
1987 3980 2174 4050 pervi-

520 4048 710 4106 cacem
743 4057 798 4106 et
829 4048 1171 4121 superbum,
1207 4052 1470 4104 fraternae
1497 4048 1705 4121 salutis
1735 4048 2064 4115 inimicum,
2097 4056 2174 4115 et,

519 4122 726 4177 fratres
786 4119 1018 4177 nostros
1076 4121 1389 4176 crudeliter
1439 4119 1678 4191 despici,
1729 4127 1787 4176 et
1845 4121 2176 4176 Marcianus

516 4193 753 4266 pietatis
785 4198 841 4248 et
889 4191 1739 4266 misericordiae»adversarius.
1790 4193 1863 4266 ab
1903 4192 2173 4266 Cypriani

522 4263 702 4320 manu
732 4269 788 4320 et
817 4265 984 4336 genio
1028 4263 1611 4336 proculdubiosunt.
1647 4266 1774 4336 Ipse
1823 4263 2172 4336 Epis’tltvn,

521 4337 631 4392 sub
665 4333 864 4403 ﬁnem,
899 4333 1199 4391 Novatiani
1230 4334 1602 4406 disciplinam
1631 4333 1710 4388 ait
1739 4333 2173 4391 esse’duritiam

519 4408 793 4464 humanm
824 4407 1210 4462 crudelitatis.

591 4480 669 4548 (7)
729 4479 1144 4534 Ptenitentibus.
1206 4477 1362 4532 Hanc
1394 4493 1611 4548 vocem
1659 4492 1772 4530 non
1812 4475 2012 4548 inveni
2061 4477 2175 4532 nisi

524 4546 866 4605 ineditione
897 4549 1142 4605 Manutii
1192 4554 1249 4604 et
1287 4548 1344 4602 in
1394 4546 1540 4601 libro
1574 4547 1844 4601 Fuxensi.
1897 4547 2038 4602 Puto
2070 4565 2170 4603 au-

518 4627 633 4675 tem
669 4619 826 4692 illam
876 4639 989 4675 non
1043 4621 1329 4692 pertinere
1377 4619 1445 4673 ad
1492 4618 1645 4671 hunc
1694 4618 1907 4692 locum.
1943 4619 2171 4692 Melius,

517 4695 582 4763 ut
611 4690 882 4763 arbitror,
935 4689 1140 4763 reliqui
1190 4691 1442 4754 codices,
1469 4689 1764 4763 quamvis
1812 4690 2072 4763 mendosi
2111 4692 2168 4746 in

519 4761 627 4816 hoc
661 4761 807 4829 loco,
839 4766 1009 4818 servis
1057 4759 1154 4817 Dei
1199 4778 1297 4833 pro
1343 4777 1406 4815 eo
1448 4759 1774 4833 dolentibus.
1825 4762 1947 4824 Quo
1997 4762 2170 4818 etiam

521 4833 692 4889 modo
715 4834 1000 4905 scriptum
1025 4839 1113 4905 est
1133 4831 1209 4888 ab
1230 4833 1488 4905 Erasmo.
1517 4833 1581 4905 In
1611 4831 1806 4886 codice
1836 4833 2169 4905 Corbeiensi

520 4909 577 4961 et
607 4906 664 4960 in
694 4903 1021 4961 Turonensi
1068 4904 1281 4976 legitur
1326 4903 1660 4975 facientibus
1707 4920 1810 4974 pro
1840 4903 2166 4976 dolentibus,

521 4976 828 5033 manifesto
861 4993 1074 5046 errore,
1108 4974 1220 5030 nisi
1255 4974 1480 5042 legatur
1496 4974 1989 5046 satistacientibus.
2023 4976 2170 5032 Sane

518 5047 840 5104 versiculus
874 5043 1098 5118 positus
1143 5045 1392 5118 subghoc
1419 5044 1698 5118 vocabulo
1746 5043 1802 5118 in
1835 5047 2168 5104 Corbeiensi

517 5119 778 5176 indicare
799 5116 1027 5175 videtur
1047 5135 1174 5174 esse
1194 5116 1527 5172 delendum.
1556 5117 1758 5171 BALUZ.
1786 5117 2002 5172 Iterum
2029 5119 2165 5175 edit.

446 5244 452 5250 .
520 5191 698 5248 Oxon.
736 5208 868 5245 cum
901 5208 967 5245 eo
998 5190 1456 5259 consentientem
1509 5187 1760 5259 neglexit
1798 5187 1991 5243 Baluz.
2028 5190 2163 5245 Enn.

593 5263 669 5334 (8)
724 5263 1139 5318 Peccatoribus.
1199 5261 1385 5334 Codex
1437 5258 1739 5325 Fuxensis,
1796 5262 2169 5334 peccatoribus

519 5331 873 5406 increpandi:
912 5334 1247 5406 exhibemus.
1285 5331 1388 5389 Ubi
1421 5334 1559 5401 puto
1585 5346 1782 5386 vocem
1814 5331 2169 5404 increpandis

518 5420 648 5478 esse
675 5405 1144 5478 exiglossemate.
1180 5405 1388 5478 BALuz.

589 5476 667 5548 (9)
697 5472 1051 5548 PlEnissimas
1104 5479 1336 5532 litteras.
1386 5472 1512 5548 Non
1561 5489 1687 5548 quis
1734 5489 1928 5528 rerum
1979 5475 2168 5548 capita

517 5544 859 5621 summatim
877 5549 1301 5621 perstringunt,
1316 5548 1376 5621 et
1394 5544 1873 5621 brevesdicuntur
1891 5563 1904 5612 ;
1925 5545 2025 5600 sed
2040 5544 2166 5621 qua:

517 5619 859 5690 quaestionis
877 5615 1068 5678 'totius
1112 5615 1184 5690 de
1229 5615 1433 5690 lapsis,
1471 5617 2021 5690 _statum_accur_ate
2047 5615 2165 5690 tra-

517 5683 698 5749 ctant.
732 5693 819 5750 Ita
844 5692 906 5749 in
936 5689 1173 5749 Honorii
1205 5693 1263 5746 et
1290 5683 1514 5744 ’I‘heOd.
1544 5683 1671 5759 lege
1700 5684 1764 5743 de
1791 5688 2166 5746 Navicutariis

2373 3259 2464 3334 m,'
2487 3259 2815 3340 Loﬁginum
2844 3275 2899 3322 et
2919 3269 3268 3336 Machmum,
3294 3285 3437 3338 quos
3459 3265 3691 3338 primum
3717 3259 3855 3340 Africa

2284 3333 2816 3394 communicatione
2865 3355 2973 3394 sua
3029 3333 3388 3396 cohibendos
3431 3333 3760 3393 censuerunt,
3795 3333 3852 3382 uti

2283 3410 2451 3480 epist.
2489 3427 2526 3476 1,
2578 3411 2662 3481 ad,
2699 3410 3030 3466 Cornelium
3076 3429 3134 3473 n,
3187 3412 3244 3481 4,
3293 3415 3535 3466 testatur
3578 3403 3853 3481 Ογριῇἱιιᾏμεν

2284 3473 2706 3553 ρὶλίῳισρεωῐο
2729 3489 2883 3553 post,
2911 3481 3195 3548 Cornelio,
3223 3473 3393 3553 epist.
3424 3498 3477 3544 v,
3499 3473 3856 3553 teste,'Cartha-

2283 3549 2423 3620 gina
2445 3549 2600 3623 pulsi
2633 3549 2786 3607 sunt.
2821 3551 2983 3608 Unde
3014 3549 3354 3622 concilium,
3387 3550 3534 3623 quod
3564 3549 3657 3623 hic
3685 3557 3851 3623 memq-

2287 3613 2467 3688 ratur:
2499 3627 2634 3677 ante
2665 3624 2802 3678 anni
2831 3625 2926 3679 231
2966 3625 3185 3679 exitum
3210 3613 3478 3679 habitum
3500 3620 3665 3676 fuisse
3689 3613 3853 3688 colligi-

2287 3685 2728 3767 mussPrimam
2761 3695 2917 3750 idem
2950 3695 3252 3752 Novatiani
3282 3694 3618 3767 legationem
3645 3689 3705 3743 ad
3720 3685 3852 3767 Afros

2285 3764 2449 3838 brevi
2477 3764 2657 3821 altera
2689 3771 2887 3822 secuta
2915 3772 3021 3836 est,
3054 3767 3126 3822 de
3167 3784 3288 3838 qua
3316 3761 3625 3826 Cornelius,
3654 3761 3794 3832 epist.
3816 3769 3852 3812 ν.

2283 3835 2632 3908 Cyprianum
2669 3844 2884 3892 monet.
2917 3835 3236 3894 Coosraui’.
3490 3906 3497 3908 ξ
3703 3902 3731 3908 _
3798 3891 3838 3908 ..

2357 3893 2468 3982 (t2)
2518 3909 2557 3982 ᾼ
2605 3911 2836 3964 concilio
2880 3893 3262 3982 plurimoram
3307 3906 3663 3982 sacerdotum:
3700 3902 3762 3982 De

2285 3975 2495 4032 Euseb.
2529 3979 2568 4032 l.
2605 3996 2778 4053 vi,_c.
2835 3975 2920 4047 43,
2955 3981 3094 4053 agit,
3145 3982 3439 4053 synodum
3490 3975 3856 4053 sexagiptaoepl;

2285 4066 2594 4126 ecoporum
2628 4033 2810 4126 fuisse
2841 4033 3122 4108 sciib‘éné.
3154 4033 3331 4107 Et—ex
3352 4033 3857 4126 Cerneliihlitterie'ed

2283 4110 2529 4204 Fabium
2562 4121 3009 4204 Autiochenum
3035 4129 3355 4204 postquam
3380 4115 3641 4204 meminit
3667 4116 3749 4198 ῖῆς

2288 4189 2459 4266 μαίῳν
2493 4188 2739 4266 σ-υνόδᾷου,
2760 4192 2892 4266 _il_li8
2923 4187 3258 4266 subjungit,
3283 4193 3351 4266 τᾷ
3377 4189 3594 4266 δόξαγτα
3627 4187 3857 4266 ιπᾶσχτοές

2281 4246 2417 4341 iacuit
2473 4263 2570 4341 τ’ὶρ
2650 4246 2877 4318 Ἰτξχλίαν
2955 4246 3052 4318 καῖ
3104 4246 3366 4341 ’Λοφρῖκήν
3439 4246 3524 4316 ἰαὶ
3587 4255 3672 4315 τὰς
3725 4246 3856 4304 αὖτοθί

2286 4333 2492 4408 χώρας·
2528 4335 2690 4408 HELL-

2357 4404 2813 4480 (l_3)AAdutteram
2854 4407 3198 4480 cathedram,
3245 4404 3600 4463 Novatianus
3628 4404 3855 4480 suprafpz

2286 4494 2327 4531 II
2356 4466 2426 4531 ad
2453 4466 2816 4551 Cornelium,
2839 4495 2896 4532 n.
2932 4481 2982 4545 1,
3006 4466 3318 4551 adulterum
3336 4480 3387 4551 et
3405 4466 3725 4551 contrarium
3737 4466 3858 4551 capti!

2285 4528 2438 4626 nube
2450 4528 2682 4620 [ί
2699 4528 2794 4626 *(ῑρ
2825 4528 3070 4626 {pe—iu}:
3483 4528 3857 4626 Cypriane???

2206 4605 2251 4667 Ι)
2285 4620 2460 4692 finem
2490 4604 2584 4692 ep.
2621 4604 2696 4674 LIII
2727 4604 2798 4676 ad
2825 4604 3606 4692 :A‘nttinianuimrepiscopo'in
3633 4604 3857 4692 Ecelw'ff

2277 4683 2549 4745 sexdecim
2612 4691 2870 4762 episcopis
2921 4694 3086 4762 facto,
3145 4683 3363 4748 adulter
3417 4683 3577 4762 atqtt-e
3625 4683 3855 4762 επίνξξῗξὲτέδ

2276 4763 2561 4833 episcopus
2587 4750 2714 4831 ﬁeri
2760 4750 2796 4816 (ἰ
2841 4750 3212 4820 desertoribus
3257 4780 3359 4837 per
3407 4750 3853 4886 ίὶηὗὺίιιιιητηὶιίίειν.

3464 4842 3668 4886 ους-[ΑΝ
3703 4862 3712 4872 .

3464 4839 3712 4886 ουετΑΝτ.

2351 4901 2474 4978 (ili)
2510 4902 2814 4978 Novatiarw
2867 4922 3050 4978 upper
3117 4907 3324 4978 refuso.
3380 4905 3524 4978 Ante
3583 4895 3852 4978 trieuptl‘lﬂa

2279 4962 2514 5047 quade
2548 4974 2714 5047 missi
2747 4974 2804 5028 in
2850 4962 3126 5038 Africam.
3174 4962 3239 5033 ut
3291 4973 3544 5047 Epistola
3569 4983 3652 5047 xci
3677 4962 3850 5047 dicitde

2278 5029 2314 5101 ἆ
2363 5045 2663 5121 Novatiaiio
2692 5029 3696 5121 MammaspresbyierIEtrAltgendus
3719 5029 3849 5085 diaco-

2278 5133 2380 5174 nus
2409 5119 2460 5171 et
2490 5115 2760 5172 Machams
2791 5115 3020 5188 quidam
3047 5123 3095 5175 et
3127 5115 3423 5188 L'onginus.
3459 5115 3613 5188 FELL.
3638 5175 3671 5188 υ
3744 5185 3773 5188 γ’
3798 5162 3825 5188 κ

2347 5164 2460 5283 ξέέδ
2490 5164 2597 5283 βξέ
2611 5164 2819 5244 ’ῖδῖίῖᾶ
2833 5164 3094 5283 ”δΞῑέξνιῗ’
3120 5164 3777 5283 ῧῖιὲΐῖτξιῖξῖιῖθξηξξὶίῖξξ
3798 5164 3849 5283 li;

2277 5248 2396 5334 cuit
2427 5248 2734 5331 postquam
2773 5262 3018 5334 contigit
3057 5265 3210 5334 quod
3240 5262 3314 5318 de
3366 5258 3540 5334 totius
3569 5248 3826 5334 Qrientiejf;

2282 5309 2842 5406 unitartemjregressi
2873 5309 3210 5392 cohcorldia.
3225 5309 3533 5406 Dibnysius
3579 5309 3846 5378 Alexandri-

2280 5420 2390 5478 nus
2513 5419 2606 5478 ep.
2638 5419 2701 5478 1_n
2733 5403 3128 5476 subsequente
3157 5402 3394 5463 scribit:
3416 5403 3569 5478 Fate.

2349 5475 2460 5544 (1(3)
2529 5461 2868 5542 Adulatores,
2931 5461 3201 5534 ‘Fautores
3263 5469 3569 5533 Novatiani,
3635 5461 3842 5527 “quam!

2276 5545 2531 5607 asseclas,
2561 5546 2742 5614 quatis
2771 5554 2889 5602 erat
2913 5548 3239 5605 Marcianus.
3274 5547 3502 5602 Riowr.

2348 5593 2478 5689 (ᾖ)
2486 5593 3535 5690 strigare");“ﬁssaeaf'vae
3569 5593 3839 5690 adgogafﬁ‘f

2274 5663 2728 5744 est-a'Cicerbne
2755 5663 3416 5764 deé'm’eaﬁéiz'iti'éim
3453 5673 3679 5755 ingeniis
3703 5663 3839 5722 bonn-
