4098 6178
279 205 438 266 1029

1130 197 1515 260 EPISTOLA
1556 195 1622 256 S.
1667 191 2041 256 CYPRIANI
2083 193 2188 253 AD
2232 190 2298 251 S.
2345 189 2851 252 STEPHANUM.

3538 189 3696 250 1030

273 330 508 388 Arelate
527 328 943 387 consistentem
974 345 1010 384 a
1036 332 1094 386 te
1123 328 1362 409 litteris,
1417 328 1640 402 quibus
1673 327 1939 382 abstento
1969 329 2025 394 Α
2056 326 2141 379 tes
2189 322 2262 377 ad
2295 320 2438 377 alios
2469 321 2764 393 proximos
2794 324 3000 392 portus
3032 336 3207 376 naves
3247 335 3385 409 suas
3433 318 3695 409 dirigunt

274 419 572 476 Marciano
601 416 753 473 alius
778 418 840 473 in
871 416 1068 474 locum
1100 419 1227 488 ejus
1257 418 1678 484 substituatur,
1711 418 1768 471 et
1795 430 1936 487 grex

274 508 512 574 Christi,
530 507 631 580 qui
651 507 711 562 in
729 506 1080 564 hodiernum
1100 507 1173 563 ab
1195 506 1294 563 illo
1316 505 1640 579 dissipatus
1656 509 1712 560 et
1735 503 1933 558 vulne-

274 604 442 654 ratus
470 596 622 653 995
655 597 1073 668 contemnitur,
1115 597 1442 670 colligatur.
1471 595 1756 663 Sufficiat,
1781 591 1935 648 mul-

273 693 368 744 tos
397 685 516 741 illic
546 703 614 742 ex
644 686 925 743 fratribus
956 686 1176 742 nostris
1215 687 1386 743 annis
1432 686 1564 742 istis
1617 681 1934 756 superiori-

278 779 394 832 bus
425 776 533 844 (18)
565 776 888 832 excessisse
919 776 1045 833 sine
1077 793 1216 848 pace
1243 793 1256 832 :
1310 775 1398 831 vel
1445 773 1671 831 cmteris
1726 772 1935 829 subve-

275 866 477 922 niatur
505 865 607 937 qui
638 869 981 937 supersunt,
1012 870 1070 920 et
1092 866 1302 921 diebus
1333 866 1354 900 ⁸
1385 881 1451 921 ac
1474 863 1747 920 noctibus
1771 861 1936 933 inge-

280 955 643 1020 miscunt,et
671 954 932 1011 divinam
973 971 1040 1010 ac
1099 961 1408 1027 paternam
1468 950 1931 1009 misericordiam

282 1045 687 1116 deprecantes,
767 1044 1050 1100 solatium
1113 1047 1324 1100 nostra
1395 1040 1796 1116 opitulationis
1842 1056 1936 1094 ex-

277 1137 548 1206 poscunt.
583 1133 804 1188 Idcirco
827 1134 1007 1201 enim,
1027 1132 1206 1189 frater
1225 1132 1598 1202 charissime,
1622 1129 1932 1201 copiosum

280 1239 497 1294 corpus
523 1229 608 1277 est
637 1221 1030 1290 sacerdotum,
1064 1221 1386 1276 concordiis
1437 1223 1655 1275 mutuae
1711 1215 1936 1289 glutino

281 1317 461 1383 atque
493 1310 746 1366 unitatis
771 1309 1002 1365 vinculo
1025 1309 1389 1382 copulatum,
1413 1315 1479 1364 ut
1503 1308 1551 1364 si
1575 1306 1707 1379 quis
1728 1321 1797 1360 ex
1825 1303 1939 1359 col-

285 1399 440 1473 legio
483 1409 679 1456 nostro
735 1400 1007 1455 haresim
1072 1400 1262 1455 facere
1316 1403 1372 1455 et
1427 1412 1664 1471 gregem
1720 1392 1937 1449 Christi

278 1489 535 1546 lacerare
566 1493 623 1544 et
641 1492 869 1545 vastare
895 1488 1226 1557 tentaverit,
1260 1488 1613 1544 subveniant
1638 1483 1850 1550 caeteri,
1882 1485 1939 1538 et

284 1579 453 1651 quasi
487 1584 750 1650 pastores
785 1577 956 1634 utiles
979 1579 999 1612 9
1025 1582 1081 1633 et
1113 1577 1542 1642 misericordes,
1575 1591 1710 1630 oves
1746 1570 1938 1627 Domi-

284 1667 458 1722 nicas
500 1667 560 1721 in
592 1682 827 1739 gregem
859 1666 1328 1738 colligant.Quid
1360 1665 1560 1721 enim?
1590 1663 1639 1719 si
1669 1662 1730 1716 in
1788 1658 1937 1715 mari

2052 411 2152 467 ubi
2185 410 2260 467 sit
2288 414 2451 466 tutus
2483 415 2541 466 et
2569 409 2844 466 salutaris
2867 409 3144 464 introitus
3175 413 3232 463 et
3248 406 3420 463 statio
3444 424 3649 462 secura
3667 408 3694 461 ‘I

2044 505 2146 556 aut
2165 501 2216 556 si
2241 500 2300 554 in
2318 500 2410 555 via
2432 499 2731 555 stabulum
2754 498 2991 570 aliquod
3017 497 3272 554 obsideri
3296 500 3351 552 et
3371 496 3557 551 teneri
3582 495 3694 565 (20)

2044 608 2079 645 a
2108 590 2438 646 latronibus
2477 589 2737 660 coeperit,
2773 593 2838 643 ut
2870 587 3141 660 quisquis
3165 585 3467 658 ingressus
3499 583 3693 650 fuerit,

2044 678 2458 734 insidiantium
2514 677 2632 732 illic
2691 676 3062 732 infestatione
3156 674 3445 747 capiatur,
3500 691 3691 729 nonne

2045 771 2465 836 commeantes,
2498 765 2609 820 hac
2640 765 2915 837 Opinione
2947 768 3264 835 comperta,
3298 761 3531 819 stabula
3582 761 3695 817 alia

2051 857 2114 913 in
2138 857 2348 912 itinere
2405 857 2689 927 appetunt
2716 853 2953 925 tutiora,
2989 853 3088 908 ubi
3117 852 3235 908 sint
3266 852 3384 906 ﬁda
3439 850 3697 923 hospitia

2046 951 2104 1002 et
2130 943 2505 1016 receptacula
2560 942 3029 998 commeantibus
3081 940 3264 996 tuta?
3321 939 3486 1004 Quod
3537 956 3696 994 nunc

2043 1050 2173 1091 esse
2198 1034 2352 1106 apud
2385 1049 2492 1087 nos
2525 1031 2716 1099 debet,
2747 1031 2925 1085 frater
2953 1028 3322 1099 charissime,
3376 1033 3439 1082 ut
3487 1028 3696 1083 fratres

2046 1127 2302 1187 nostros,
2333 1121 2433 1193 qui
2462 1120 2660 1175 vitatis
2715 1119 2826 1192 (21)
2858 1117 3134 1174 Marciani
3175 1117 3433 1189 scOpulis
3494 1120 3700 1189 petunt

2044 1211 2312 1268 Ecclesiae
2360 1213 2564 1281 portus
2639 1207 2948 1277 salutares,
3007 1207 3403 1278 suspiciamus
3453 1206 3524 1260 ad
3585 1223 3691 1260 nos

2047 1305 2316 1374 prompta
2346 1304 2404 1354 et
2434 1297 2688 1370 benigna
2712 1297 3100 1366 humanitate,
3134 1299 3189 1351 et
3215 1293 3516 1351 stabulum
3545 1311 3700 1350 com-

2047 1389 2380 1446 meantibus
2411 1388 2774 1459 przebeamus
2807 1384 2919 1441 tale
2949 1384 3119 1456 quale
3141 1388 3230 1440 est
3272 1383 3333 1438 in
3366 1380 3698 1457 Evangelio,

2047 1495 2161 1552 quo
2194 1495 2229 1533 a
2255 1475 2582 1533 latronibus
2614 1475 2862 1531 sauciati
2893 1479 2949 1529 et
2979 1472 3265 1529 vulnerati
3288 1473 3507 1545 suscipi
3527 1478 3581 1528 et
3615 1473 3698 1529 fo-

2045 1567 2164 1624 veri
2193 1571 2250 1622 et
2278 1565 2456 1620 tutari
2488 1565 2558 1620 ab
2591 1562 2909 1619 stabulario
2940 1562 3172 1635 possint
3199 1562 3384 1633 (Lucae
3411 1563 3497 1633 ι).

2116 1656 2207 1712 1V.
2240 1658 2374 1720 Quas
2405 1658 2496 1710 est
2515 1651 2672 1709 enim
2689 1653 2875 1723 major
2897 1655 2998 1706 aut
3019 1651 3227 1707 melior
3247 1668 3388 1706 cura
3418 1650 3692 1724 praeposi-

280 1712 487 1828 portus
509 1712 1330 1826 aliquiz‘m—unitio‘r’iibus‘suis
1351 1712 1540 1826 ruptis
1567 1712 1931 1818 infestugvet
1964 1712 2012 1776 B
2042 1712 2286 1802 torum‘v1
2320 1759 2498 1815 quam
2529 1712 2818 1813 dilligenti
2845 1739 3245 1796 sollicitudine
3263 1745 3319 1796 et
3350 1712 3577 1796 medela
3608 1759 3696 1796 sa-

281 1843 646 1917 periculosus
668 1861 796 1902 esse
821 1844 1068 1901 navibus
1084 1843 1377 1917 10cceperit
1399 1859 1413 1900 :
1435 1858 1628 1899 nonne
1649 1841 1927 1912 navigan-

2039 1834 2194 1890 lubri
2225 1832 2487 1889 fovendis
2520 1831 2633 1903 (22)
2664 1835 2721 1886 et
2779 1830 3194 1886 conservandis
3249 1829 3458 1886 ovibus
3502 1829 3696 1902 provi-

1725 1955 1932 2018 Varim
1963 1950 2283 2013 lectiones.

355 2059 375 2092 ⁸
422 2058 865 2129 Supersuntque
893 2062 951 2114 et
1013 2058 1222 2114 diebus
1281 2062 1467 2115 Oxon.

291 2135 598 2202 pastorum
627 2130 746 2186 Ver.
778 2131 922 2186 Fax.

1571 2057 1592 2090 θ
1640 2056 1765 2119 Qua
1814 2055 2079 2124 pastores
2123 2046 2297 2103 utiles
2333 2051 2459 2103 Ver.

2564 2045 2608 2079 ¹⁰
2687 2043 3101 2116 Natigantibus
3163 2044 3280 2099 Ver.
3390 2045 3432 2080 “
3483 2045 3689 2115 Major.

1727 2213 2058 2275 Variorum
2114 2213 2302 2268 notae.

288 2339 435 2379 num
459 2324 519 2378 in
580 2324 903 2396 contrarias
972 2327 1168 2396 partes
1225 2337 1376 2394 saepe
1453 2319 1662 2376 deduci
1693 2319 1937 2396 _Liberz

288 2400 444 2452 enim
483 2399 634 2461 sunt,
668 2401 732 2450 ut
762 2395 898 2451 alibi
957 2393 1040 2452 ait
1093 2395 1248 2450 idem
1305 2393 1522 2462 Cicero,
1577 2393 1938 2461 cogitationes

290 2471 605 2538 nostrae,“
635 2468 971 2538 quaevotunt
999 2469 1084 2523 sic
1112 2469 1416 2535 intuemur,
1447 2472 1506 2520 ut
1539 2481 1610 2538 ea
1625 2535 1633 2538 _
1661 2465 1938 2538 cemimus

331 2555 418 2593 ua:
449 2533 713 2594 videmds.
747 2537 908 2601 Quod
966 2538 1097 2593 istic
1150 2538 1357 2592 evenit.
1400 2533 1714 2591 'Pamelius
1780 2533 1938 2588 enim

348 2610 440 2663 inc
469 2609 700 2682 collegit
729 2609 965 2664 licuisse
1011 2610 1140 2680 jam
1170 2608 1310 2663 olim
1337 2607 1631 2682 episcopis
1661 2605 1939 2682 Romanis

293 2677 802 2752 episcoposjustis
833 2682 902 2735 de
936 2677 1131 2735 causis
1152 2677 1675 2752 excommunicare,
1707 2677 1826 2752 imo
1848 2677 1942 2730 de~

296 2749 561 2818 stituere,
592 2749 649 2807 et
680 2769 858 2808 novos
878 2752 938 2808 in
968 2768 1175 2808 eorum
1197 2752 1323 2807 loco
1347 2750 1725 2806 substituere.
1758 2749 1940 2812 Quam

298 2823 778 2894 consequentiam
802 2829 1037 2879 secutus
1067 2840 1195 2878 esse
1222 2825 1451 2878 videtur
1470 2819 1785 2894 cardinalis
1809 2825 1943 2873 Per-

300 2893 511 2949 ronius’
534 2895 592 2949 in
623 2895 838 2967 pagina
865 2895 935 2967 99
965 2913 1082 2949 sua;
1115 2895 1358 2966 Replicae
1416 2893 1692 2967 adversus
1748 2906 1944 2967 ragem

299 2969 520 3043 Magnes
553 2963 879 3043 Britanniae.
909 2963 1342 3043 Baronius'ista
1366 2965 1545 3043 paulo
1567 2963 1945 3043 magnificen:

299 3033 422 3091 tius
453 3037 750 3101 disseruit,
784 3039 946 3109 aiens
975 3054 1044 3092 ex
1073 3039 1168 3092 his
1211 3033 1479 3109 Cypriani
1540 3033 1754 3109 verbis
1790 3033 1948 3088 cerni

300 3114 428 3162 tum
461 3109 532 3162 ab
573 3109 700 3180 ipso
731 3108 1035 3180 Cypriano,
1079 3114 1203 3164 tum
1235 3105 1311 3163 ab
1340 3107 1470 3162 aliis
1502 3105 1791 3176 episcopis
1824 3120 1950 3180 _co-

299 3180 530 3250 gnitam
555 3176 735 3235 fuisse
761 3176 1002 3234 Romani
1037 3180 1338 3235 Pontificis
1353 3182 1778 3250 auctoritatem,
1807 3176 1949 3250 dum

303 3245 367 3304 in
395 3266 460 3305 eo
488 3267 656 3306 suam
679 3251 932 3322 quisque
961 3257 1018 3306 et
1075 3253 1134 3307 in
1186 3248 1716 3322 communicatione
1760 3245 1950 3322 caeteri

299 3337 508 3377 omnes
537 3319 797 3393 episcopi
820 3319 988 3377 suam
1010 3323 1272 3393 ipsorum
1293 3325 1638 3393 potestatem
1660 3319 1953 3393 limitibus

2047 2329 2616 2402 stituatur,adeoque
2628 2325 2772 2382 nihil
2788 2326 2994 2383 fecisse
3010 2329 3336 2402 censendus
3364 2328 3438 2384 sit
3455 2329 3698 2402 Stepha-

2047 2417 2160 2456 nus
2188 2416 2367 2472 quam
2398 2400 2555 2470 quod
2579 2400 2794 2472 jussus
2824 2404 2948 2472 erat
2977 2415 3011 2454 a
3045 2399 3357 2471 Cypriano.
3389 2402 3482 2456 Sic
3537 2399 3696 2458 enim

2049 2490 2157 2544 nos
2185 2469 2545 2544 explicemus
2575 2487 2706 2541 quae
2735 2470 2832 2526 hic
2861 2469 3028 2544 valde
3056 2469 3311 2544 obscure
3343 2475 3402 2528 et
3432 2473 3701 2530 intricate

2050 2542 2443 2615 scriptasunt
2494 2557 2600 2596 nec
2662 2559 2787 2615 vere
2847 2542 2925 2615 ab
2977 2543 3248 2614 episcopo
3311 2548 3694 2615 protestante.

2051 2613 2339 2688 Quamvis
2357 2613 2513 2688 enim
2541 2629 2699 2688 _unus
2735 2613 2811 2667 sit
2839 2613 3211 2688 episcopatus
3260 2613 3432 2688 cujus
3492 2634 3625 2688 pars
3667 2635 3699 2672 a

2053 2683 2305 2760 singulis
2328 2685 2386 2739 in
2412 2682 2662 2760 gelidum
2685 2682 2935 2760 tenetur,
2957 2682 3228 2755 quamvis
3241 2682 3700 2760 cieteriepiscopi

2053 2755 2366 2813 subvenire
2396 2755 2665 2818 debeant,
2698 2758 2753 2828 si
2769 2761 2892 2828 qui:
2913 2771 2983 2810 ea:
3013 2772 3212 2811 eorum
3240 2755 3497 2828 collegio'
3527 2755 3701 2814 haere-

2053 2832 2158 2884 sim
2187 2831 2366 2897 [acere
2394 2831 2445 2881 et
2474 2841 2689 2897 gregem
2721 2825 2927 2881 Christi
2967 2828 3213 2883 lacerare
3242 2837 3294 2882 et
3339 2825 3552 2885 vastare
3581 2839 3697 2886 ten-

2056 2902 2276 2964 taverit,
2301 2904 2362 2970 ut
2385 2901 2464 2952 ait
2489 2899 2546 2951 in
2572 2901 2677 2951 hac
2695 2897 2943 2970 epistola
2961 2899 3313 2970 Cyprianus:
3340 2901 3474 2955 inde
3501 2905 3698 2957 tamen

2058 2988 2172 3043 non
2189 2969 2790 3043 sequiturRomanum
2808 2969 3146 3043 episcopum
3161 2970 3484 3042 praecipuas
3500 2978 3694 3043 partes

2058 3040 2347 3111 ejusmodi
2377 3055 2571 3111 rerum
2603 3055 2705 3110 pro
2734 3055 2838 3094 suo
2871 3042 3123 3111 primatu
3162 3040 3290 3096 _non
3324 3040 3698 3099 sustinuisse.

2059 3110 2175 3168 Cur
2204 3113 2362 3168 enim
2389 3110 2946 3183 stephanumrogat
2999 3111 3340 3183 Cyprianus,
3389 3118 3452 3167 ut
3507 3114 3704 3170 Gallos

2061 3185 2371 3268 episcopos.
2389 3182 2736 3268 plenissimis
2766 3182 2976 3268 litteris
2999 3182 3069 3238 ad
3085 3182 3502 3268 deponendam
3548 3187 3706 3268 Mar-3

2062 3253 2382 3326 cianumet
2410 3253 2594 3326 alium
2654 3259 2710 3326 et
2767 3253 3247 3310 substituendum
3302 3256 3529 3326 excitet,
3593 3257 3708 3313 nisi

2069 3327 2206 3398 quia
2236 3325 2454 3400 sciebat
2483 3323 2880 3400 defensionem
2926 3342 3219 3400 canonum
3267 3323 3527 3382 Romano
3585 3331 3706 3400 epi-

299 3389 664 3468 eoarctatam
729 3389 1085 3468 intellexere,
1122 3389 1612 3468 quandoquidem
1671 3389 1953 3468 Gallicani
1989 3391 2031 3456 ρ
2068 3389 2242 3468 έοορο
2275 3396 2561 3467 praecipue
2591 3397 2967 3451 commissam
3000 3413 3127 3452 esse
3154 3398 3181 3451 Ῥ
3211 3403 3402 3452 ΒΑιυΖ,

309 3464 567 3536 episcopi
596 3465 750 3519 haud
775 3469 1002 3520 tantum
1027 3460 1241 3520 virium
1274 3460 1411 3519 aut'
1433 3462 1728 3536 facultatis
1778 3460 1837 3536 in
1893 3477 1954 3515 se

305 3533 439 3608 esse
458 3533 878 3608 cognoscerent
900 3541 966 3591 ut
981 3535 1321 3591 hominibus
1340 3535 1599 3589 invisum
1616 3533 1952 3608 hmreti‘cum

309 3603 629 3679 hominem,
654 3608 806 3678 quod
831 3609 973 3663 adeo
993 3612 1280 3679 optarent,
1296 3607 1672 3679 deponerent,
1696 3609 1754 3658 et
1772 3603 1953 3679 alium

307 3678 369 3732 in
401 3681 528 3749 ejus
559 3675 752 3733 locum
804 3675 1208 3750 subrogarent,
1242 3679 1342 3734 sed
1376 3675 1502 3732 tum
1530 3675 1612 3730 illi
1668 3680 1795 3729 tum
1847 3675 1953 3800 Οἴ-

309 3749 554 3800 nrianus
588 3751 657 3800 ad
690 3752 747 3800 id
775 3752 1166 3800 peragendum
1204 3749 1447 3800 Romani
1465 3746 1722 3800 enisconi
1754 3763 1901 3800 anne
1931 3776 1951 3786 -

355 3746 554 3804 rianus
588 3751 657 3805 ad
689 3752 748 3822 id
770 3746 1167 3822 peragendum
1195 3746 1447 3822 Romani
1465 3746 1722 3822 episcOpi
1754 3746 1951 3822 appal-

336 3826 499 3876 arent
529 3817 954 3888 auctoritatem,
987 3839 1101 3892 qua
1131 3821 1462 3876 Marcianus
1500 3817 1816 3892 episcopus
1847 3817 1951 3892 No-

307 3893 576 3947 vatianus
606 3888 1071 3964 deponeretur'a
1099 3895 1255 3962 sede,
1287 3897 1345 3947 et
1373 3893 1526 3964 alius
1545 3888 1867 3964 catholicus
1892 3890 1950 3964 in

305 3964 440 4033 ejus
463 3963 654 4037 locum
679 3959 1095 4037 subrogaretnr
1116 3959 1384 4037 antistes.
1411 3959 1949 4037 Contraadversarii

308 4032 822 4108 nostriinvenisse
851 4032 913 4092 se
946 4041 1155 4108 putant
1186 4037 1244 4089 in
1279 4034 1373 4108 his
1431 4033 1702 4108 Cypriani
1755 4032 1949 4087 verbis

301 4107 620 4178 quamdam
653 4105 1046 4178 aequalitatem
1070 4109 1221 4162 inter
1248 4106 1588 4178 episcopum
1620 4105 1948 4178 Romanum

302 4174 361 4231 et
382 4174 907 4251 Carthagininsem,
933 4179 1072 4251 quia
1101 4178 1252 4233 sicut
1274 4174 1682 4251 ARoma,_sic_et
1711 4174 1947 4230 Cartha-

301 4264 398 4321 go,
432 4249 516 4304 sic
547 4246 738 4306 tamen
764 4255 828 4305 ut
859 4246 1041 4306 Roma
1064 4267 1166 4321 pro
1197 4248 1290 4304 sui
1314 4246 1718 4321 magnitudine
1736 4263 1948 4321 praene-

302 4320 442 4374 dere
473 4321 679 4394 debeat
701 4317 1131 4394 Carthaginem,
1166 4336 1356 4391 neque
1384 4317 1698 4394 agnoscere
1718 4317 1948 4394 Cypria-

302 4407 451 4464 num
472 4392 536 4464 rin
572 4409 718 4464 papa
750 4391 1044 4464 Stephano
1079 4395 1182 4464 jus
1211 4397 1269 4448 et
1309 4391 1713 4464 auctoritatem
1764 4391 1944 4464 depo-

303 4463 480 4516 nendi
513 4460 894 4528 Marcianum,
926 4465 1026 4520 sed
1055 4460 1294 4520 tantum
1355 4461 1694 4518 facultatem
1754 4460 1944 4516 decla-

302 4534 469 4588 randi
491 4534 655 4590 illum
671 4551 803 4592 esse
821 4534 1470 4606 deponendum.Verum
1486 4533 1679 4587 Marca
1698 4531 1780 4586 ait
1796 4531 1946 4606 hanc

302 4607 740 4676 responsionem
773 4602 911 4663 esse
933 4607 1176 4672 futilem,
1200 4606 1284 4661 uti
1308 4608 1622 4676 reveraest,
1647 4602 1942 4676 conceptis

301 4674 678 4750 enimverbis
701 4679 1051 4750 Cyprianum
1081 4679 1307 4750 exigere
1339 4693 1373 4730 a
1402 4674 1696 4750 stephano
1723 4679 1787 4730 ut
1817 4674 1942 4750 suis

299 4747 513 4820 litteris
541 4746 894 4806 Marcianum
927 4752 1163 4806 damnet
1180 4746 1746 4820 vatqueradeoalium
1795 4746 1938 4800 sub-

297 4818 671 4892 sistuendum
695 4822 983 4878 decernat.
1009 4827 1195 4892 Atque
1217 4818 1519 4882 ut'videas,
1545 4818 1938 4892 lector,_quam

300 4889 531 4965 diversa
561 4893 678 4947 sint
706 4893 1012 4949 hominum
1044 4889 1290 4965 judicia,
1326 4907 1646 4965 _quamque
1701 4889 1940 4965 diversae

300 4961 1064 5048 sin'tOequmcogitationes
1085 4970 1145 5048 et
1183 4961 1507 5048 opiniones,
1563 4977 1696 5043 cum
1758 4961 1947 5048 Marce

299 5031 484 5113 ambis
509 5031 779 5113 Cypriani
800 5037 989 5113 verbia
1016 5031 1350 5113 collegisset
1371 5049 1642 5113 magnam
1660 5033 1799 5113 jam.
1817 5035 1944 5112 tum

301 5103 484 5178 fuisse
510 5103 758 5178 Romani
791 5108 1080 5178 pontificis
1112 5103 1538 5172 auctoritatem,
1572 5105 1645 5158 iis
1675 5103 1945 5178 contrain

301 5175 617 5256 perniciem
648 5173 818 5256 suam
844 5180 1006 5256 abuti
1059 5179 1455 5256 ananenses
1473 5191 1656 5256 eaque
1668 5173 1945 5256 jugulum

298 5246 561 5320 ipsorum
592 5255 783 5320 petere
804 5247 1325 5306 censuiteditionis
1374 5246 1708 5320 Anglicanw
1750 5251 1948 5320 auctor

297 5316 743 5395 illustrissimus
765 5323 1076 5395 episcopus
1096 5316 1750 5395 Oxoniensis,'scribens
1774 5333 1841 5371 ex
1876 5318 1948 5371 iis

301 5392 592 5446 contrario
623 5390 983 5449 sensu-elici'
1015 5409 1182 5460 posse
1241 5405 1552 5446 romanum
1607 5390 1946 5460 episcOpum

299 5460 484 5544 fuisse
527 5465 857 5534 subjectum
879 5459 1366 5544 Carthaginiensi,
1389 5460 1872 5544 quandoquidem.
1899 5459 1950 5514 is

297 5531 664 5608 Stephanum
683 5553 897 5607 papam
912 5537 1082 5608 jubet
1097 5531 1355 5608 dirigere
1382 5531 1625 5608 litteras
1639 5531 1948 5608 inprovin-

293 5602 450 5659 ciam
470 5609 555 5674 ut,
581 5602 848 5664 abstanto
871 5602 1186 5676 Marciano,
1209 5602 1360 5660 ﬂius
1379 5603 1438 5659 in
1469 5602 1796 5672 locumejus
1816 5603 1952 5659 sub-

2144 3469 2256 3538 (18)
2287 3469 2458 3522 Annis
2499 3467 2616 3521 istis
2665 3468 3201 3538 superioribusﬂaec
3257 3468 3531 3537 loquendi
3563 3468 3709 3524 ratio

2065 3540 2425 3595 Marcianum
2459 3554 2575 3593 non
2606 3539 2678 3592 ab
2693 3555 2807 3593 uno
2831 3543 3062 3594 tantum
3087 3555 3238 3594 anno
3259 3540 3563 3595 Novatiani
3588 3541 3704 3596 hai-

2067 3611 2182 3666 resi
2209 3610 2506 3665 addictum
2539 3609 2718 3664 fuisse
2758 3609 2997 3666 indicat.
3015 3611 3126 3666 Sed
3152 3616 3217 3666 ut
3249 3627 3384 3666 eum
3400 3615 3537 3667 ante
3556 3613 3707 3667 duos

2062 3682 2394 3754 superiores
2425 3681 2573 3736 banc
2603 3680 2812 3754 sectari
2845 3683 3088 3754 cmpisse
3126 3683 3492 3754 sentiamus,
3556 3683 3705 3738 nihil

2061 3752 2231 3824 cogit.
2270 3754 2414 3808 Cum
2450 3758 2647 3807 autem
2679 3752 2981 3808 Novatiani
3011 3753 3271 3809 schisma
3304 3771 3505 3809 mense
3536 3754 3706 3823 junio

2061 3826 2198 3878 anni
2225 3826 2325 3878 231
2361 3825 2622 3878 nondum
2654 3827 2921 3895 exortum
2979 3829 3251 3895 ponatur,
3314 3826 3582 3894 sequitur
3645 3831 3708 3880 ut

2061 3897 2391 3952 Marcianus
2442 3895 2742 3949 Novatiani
2779 3894 2996 3951 haeresi
3018 3913 3132 3951 non
3165 3897 3337 3966 longe
3368 3901 3500 3966 post
3539 3897 3707 3952 initia

2060 3969 2108 4037 ej
2121 3985 2188 4022 us
2220 3967 2289 4020 ad
2301 3966 2549 4037 haeserit.
2583 3967 2900 4022 Cous'rm'r.

2129 4038 2245 4108 (19)
2279 4036 2506 4092 Glutino
2545 4037 2793 4099 Quidam
2857 4037 2990 4092 libri
3043 4044 3261 4108 veleres
3331 4041 3388 4092 et
3445 4037 3703 4108 antiquae

2059 4107 2343 4164 editiOnes
2376 4108 2594 4163 habent
2625 4109 2857 4175 glutine.
2893 4109 2985 4163 Sic
3015 4109 3188 4163 etiam
3221 4107 3450 4178 legebat
3473 4107 3708 4163 Veneri-

2058 4197 2161 4235 cus
2192 4180 2505 4252 episcopus
2539 4179 2923 4252 Vercellensis
2944 4179 3001 4233 in
3021 4179 3170 4234 libro
3191 4181 3256 4234 de
3281 4179 3502 4235 Unitate
3515 4181 3708 4235 Eccle-

2055 4253 2174 4309 θεῶν.
2212 4251 2479 4322 Utraque,
2496 4251 2664 4306 lectio
2684 4252 2832 4306 bona
2854 4255 2962 4314 est.
2988 4253 3175 4322 Atque
3205 4252 3277 4306 ob
3315 4267 3442 4305 eam
3464 4265 3705 4306 causam

2059 4329 2289 4378 mutare
2325 4321 2647 4378 neluimus.
2684 4323 2882 4377 BALUZ.

2127 4396 2237 4466 (20)
2271 4394 2514 4466 Obsideri
2551 4401 2602 4448 et
2629 4394 2821 4448 teneri.
2856 4398 2919 4447 In
2953 4392 3227 4464 vulgatis,
3248 4393 3315 4466 _si
3339 4392 3703 4466 ed_it.AOxon.

2053 4463 2328 4536 excipias,
2362 4465 2603 4536 obtineri
2622 4471 2675 4518 et
2702 4465 2916 4536 teneri:
2952 4463 3112 4519 mera
3141 4463 3572 4536 taulologia.Ex
3588 4481 3701 4521 ms.

2052 4534 2219 4592 Corb.
2255 4537 2311 4590 in
2343 4536 2483 4590 edit.
2516 4535 2696 4590 Oxon.
2718 4534 3056 4590 restitutum
3074 4534 3412 4592 estobtineri
3426 4540 3476 4590 et
3490 4539 3697 4592 teneri.

2052 4609 2115 4663 In
2147 4606 2303 4662 Colb.
2335 4605 2587 4676 legimus
2618 4605 2855 4660 obtineri
2883 4615 2934 4661 et
2965 4607 3226 4663 obsideri.
3262 4606 3573 4663 Consum.

2122 4679 2236 4760 (21)
2274 4679 2488 4732 Vitatis.
2525 4676 2705 4760 Alite‘r
2722 4677 3216 4760 gallina/aetatis:
3247 4679 3331 4732 Ita
3362 4695 3465 4760 nos
3527 4695 3699 4760 repo-

2048 4748 2276 4806 suimus
2307 4765 2410 4818 pro
2440 4763 2506 4802 eo
2534 4748 2686 4816 quod
2722 4748 3018 4820 Manutius
3059 4755 3114 4804 et
3144 4750 3220 4805 ali
3249 4755 3380 4820 post
3407 4766 3544 4806 eum
3576 4748 3700 4804 edi-

2049 4822 2281 4887 derunt,
2316 4820 2524 4874 vitatis.
2553 4819 3028 4874 Emendationem
3044 4819 3302 4875 nostrain
3330 4821 3704 4875 contirmanit

2051 4895 2275 4948 veteres
2305 4890 2590 4946 editiones
2619 4894 2676 4944 et
2727 4894 2978 4960 quatuor
3017 4891 3150 4946 libri
3205 4898 3446 4947 veteres.
3488 4893 3699 4946 BALUZ.

2126 4963 2238 5033 (22)
2258 4963 2597 5033 Refovendis.
2633 4961 2865 5033 Manut.
2907 4962 3256 5033 reponendis.
3299 4961 3517 5017 Pamel.
3547 4978 3700 5033 revo-

2055 5032 2280 5088 condis:
2301 5032 2453 5102 quod
2473 5032 2684 5087 deinde
2700 5032 3014 5088 retentum.
3037 5034 3388 5089 Concinnius
3403 5049 3545 5087 mss.
3563 5032 3700 5088 Colb

2055 5106 2223 5161 Corb.
2256 5109 2388 5177 etc.,
2422 5103 2748 5177 refovendis.
2781 5105 2871 5177 Sic
2903 5105 3220 5170 intra,0ves
3241 5107 3524 5177 universas
3541 5104 3702 5159 colli-

2089 5193 2181 5232 ενδ
2210 5185 2260 5231 et
2290 5174 2742 5248 fovere'debemus
2790 5175 3096 5248 Consum.
3131 5207 3195 5216 —
3221 5174 3556 5248 Refovendis.
3608 5179 3704 5248 ita

2100 5246 2486 5303 abentomnes
2509 5246 2834 5301 editionnes
2855 5246 3572 5303 Pamelianaantiauiores.
3599 5246 3705 5300 Pa-

2059 5318 2476 5391 meliusigitur
2503 5318 2748 5391 mutavit
2778 5322 2835 5391 et
2865 5319 3271 5391 auctoritatem
3303 5317 3435 5372 libri
3456 5318 3700 5391 Cambe-

2059 5387 2591 5446 ronensis'secutus
2619 5387 2852 5458 scripsit
2873 5389 3208 5457 revocandis,
3245 5390 3405 5445 aiens
3437 5404 3499 5444 se
3549 5389 3703 5443 hanc

2057 5462 2369 5544 lectionem
2405 5460 2671 5544 praefenre
2702 5461 2928 5544 excusis
2960 5461 3252 5544 omnibus,
3281 5460 3590 5544 inquibus
3613 5465 3700 5515 at-

2057 5533 2172 5604 legi
2202 5531 2529 5604 reperiendis
2590 5531 3028 5604 In_qun_lapsus
3059 5531 3214 5588 haud
3273 5531 3448 5588 dubie
3481 5548 3702 5588 memo-

2063 5600 2162 5661 riis
2198 5600 2306 5658 fuit
2359 5602 2419 5657 in
2477 5600 2754 5658 Pamelio.
2777 5600 2926 5659 Nam
2977 5618 3180 5660 omnes
3227 5604 3424 5660 excusi
3480 5608 3704 5661 veteres
