4098 6178
530 265 681 325 1031

1537 251 1604 312 S.
1650 248 2116 312 STEPHANUS
2157 248 2367 310 PAPA
2412 250 2512 311 ET
2558 250 2913 313 MARTYR.

3713 261 3833 323 1032

528 390 856 446 dere?cum
888 385 1171 443 Dominus
1190 384 1466 455 loquatur
1493 386 1551 437 et
1580 380 1768 437 dicat:
1820 380 1960 452 quod
2016 381 2174 451 inﬁr-
2205 383 2259 447 Α
2290 395 2379 436 vos
2399 382 2460 436 in
2517 385 2812 453 conspectu
2858 382 3169 449 hominum,
3224 384 3362 440 Deus
3396 390 3562 442 autem
3612 390 3840 460 dignoscit

524 488 737 534 malum
765 484 846 533 est
862 492 973 533 non
1003 474 1362 545 con/ortastis,
1398 476 1451 528 et
1474 471 1614 543 quod
1656 471 1800 526 male
1820 470 2013 526 habuit
2058 486 2169 525 non

522 566 930 633 corroborastis,
954 573 1010 621 et
1036 564 1177 636 quod
1207 562 1639 618 contribulatum
1667 569 1743 616 est
1771 576 1877 615 non
1933 560 2166 615 consoli-

522 656 718 724 dastis,
750 659 799 712 et
827 655 970 727 quod
998 655 1204 710 erravit
1232 668 1343 708 non
1371 652 1679 717 revocastis,
1711 658 1762 705 et
1808 649 1951 721 quod
1995 649 2168 720 periit

518 762 630 802 non
659 746 1001 818 inquisistis:
1035 749 1089 799 et
1118 742 1380 813 dispersae
1409 748 1536 795 sunt
1563 755 1689 795 oves
1718 754 1874 806 meae,
1933 754 1992 794 eo
2025 737 2167 810 quod

518 851 627 891 non
665 837 778 890 sint
802 838 1081 906 pastores;
1111 836 1161 887 et
1188 832 1351 903 factae
1379 833 1511 885 sunt
1532 830 1592 884 in
1640 836 2001 884 comesturam
2050 843 2163 884 om-

518 924 681 978 nibus
707 924 890 978 bestiis
918 923 1063 991 agri,
1097 924 1146 975 et
1166 937 1277 975 non
1288 920 1398 989 [uit
1419 920 1516 989 qui
1530 919 1853 987 inquireret,
1871 933 2048 987 neque
2070 918 2167 988 qui

519 1019 813 1069 revocaret.
849 1014 1148 1083 Propterea
1184 1010 1304 1066 hac
1337 1008 1493 1063 996
1523 1007 1663 1063 dicit
1694 1009 2000 1063 Dominus:
2027 1009 2167 1061 Ecce

515 1119 616 1173 ego
647 1118 810 1173 super
832 1103 1100 1172 pastores,
1132 1103 1184 1155 et
1212 1099 1509 1169 inquiram
1542 1112 1663 1152 oves
1713 1113 1863 1152 meas
1894 1095 1959 1151 de
1986 1096 2166 1151 mani-

517 1190 617 1246 bus
636 1206 825 1246 eorum
848 1194 901 1245 et
927 1193 1177 1245 avertam
1206 1203 1293 1243 eos
1322 1195 1382 1242 ut
1428 1202 1541 1242 non
1572 1190 1799 1257 pascant
1829 1200 1950 1241 oves
1990 1200 2159 1252 meas,

515 1283 571 1335 et
618 1281 731 1347 iam
768 1294 877 1335 non
930 1282 1163 1351 poscent
1214 1293 1325 1342 eas,
1382 1279 1435 1330 et
1473 1275 1763 1331 extraham
1805 1291 1895 1331 eas
1950 1274 2016 1329 de
2070 1289 2166 1330 ore

516 1384 727 1435 eorum,
755 1375 805 1423 et
830 1384 1052 1438 pascam
1084 1383 1173 1422 eas
1212 1382 1336 1421 cum
1355 1363 1573 1436 judicio
1602 1364 1814 1437 (Enech.
1865 1380 2052 1433 xxxw,
2085 1363 2160 1434 4).

516 1458 665 1513 Cum
698 1472 836 1529 ergo
867 1456 1207 1528 pastoribus
1237 1454 1473 1523 talibus,
1508 1471 1609 1527 per
1651 1469 1798 1526 quos
1846 1452 2162 1508 Dominicis

519 1561 652 1601 oves
684 1544 1066 1617 negliguntur
1089 1548 1143 1599 et
1175 1549 1441 1615 pereunt,
1473 1543 1557 1598 sic
1586 1542 1871 1597 Dominus
1918 1540 2163 1596 commi-

518 1638 715 1703 netur,
747 1634 847 1705 qui
879 1650 987 1689 nos
1011 1632 1170 1688 aliud
1203 1632 1390 1688 facere
1417 1636 1663 1704 oportet,
1724 1632 1901 1685 frater
1946 1629 2163 1685 charis-

516 1721 685 1787 sime,
712 1737 890 1793 quam
941 1720 1284 1792 colligendis
1315 1725 1373 1775 et
1416 1718 1742 1775 refovendis
1774 1716 1991 1774 Christi
2040 1717 2158 1773 ovi-

515 1809 626 1866 bus
656 1809 929 1867 exhibere
959 1808 1320 1882 diligentiam
1353 1808 1606 1881 plenam,
1638 1812 1697 1863 et
1746 1806 2023 1863 curandis
2073 1804 2157 1861 la-

515 1915 756 1972 psorum
786 1898 1129 1954 vulneribus
1142 1902 1395 1969 paternae
1418 1897 1652 1969 pietatis
1683 1896 1959 1951 adhibere
1981 1894 2161 1951 medi-

513 1987 728 2055 cinam,
756 1987 990 2058 quando
1022 1984 1380 2042 Dominusin
1395 1984 1712 2057 Evangelio
1737 1988 1972 2039 moneat
1992 1987 2049 2039 et
2069 1982 2159 2037 di-

510 2081 629 2132 cat:
664 2078 782 2132 Non
810 2083 889 2131 est
917 2092 1048 2147 opus
1103 2078 1256 2130 sanis
1316 2074 1581 2139 medicus,
1638 2074 1729 2129 sed
1773 2074 1919 2128 male
1952 2072 2156 2127 haben-

510 2165 656 2221 tibus
677 2168 702 2218 ?
729 2165 935 2236 (Matth.
970 2180 1047 2231 1x,
1081 2164 1195 2234 12.)
1227 2162 1394 2230 Nam,
1418 2162 1541 2219 etsi
1573 2168 1835 2234 pastores
1857 2160 2023 2216 multi
2058 2178 2156 2216 su-

511 2270 666 2325 mus,
682 2269 867 2309 unum
884 2257 1081 2307 tamen
1099 2266 1336 2324 gregem
1353 2250 1673 2323 pascimus,
1700 2254 1756 2305 et
1775 2265 1909 2305 oves
1932 2248 2157 2304 univer-

512 2358 630 2409 sas,
648 2357 797 2413 quas
814 2339 1082 2397 Christus
1105 2339 1396 2411 sanguine
1427 2354 1534 2394 suo
1550 2344 1611 2395 et
1640 2338 1918 2394 Passione
1940 2338 2156 2409 quassi-

506 2428 590 2485 vit
618 2428 890 2501 colligere
934 2432 992 2483 et
1023 2428 1213 2484 fovere
1244 2428 1546 2495 debemus,
1574 2444 1677 2483 nec
1710 2427 1827 2499 pati
1858 2425 2156 2498 supplices

509 2522 567 2573 et
598 2517 861 2573 dolentes
900 2518 1107 2573 fratres
1138 2521 1368 2572 nostros
1425 2516 1742 2572 crudeliter
1804 2514 2045 2586 despici,
2096 2518 2155 2570 et

509 2606 764 2678 superba
793 2605 1163 2678 quorundam
1216 2605 1671 2677 praesumptione
1729 2602 1961 2673 calcari,
2018 2619 2152 2658 cum

507 2695 788 2765 scriptum
822 2694 933 2750 sit:
966 2694 1085 2764 Ille,
1117 2700 1306 2750 autem
1328 2695 1425 2764 qui
1466 2709 1525 2748 eo
1539 2701 1776 2748 ntumax
1798 2702 1895 2762 est,
1950 2693 2034 2747 vir
2061 2694 2156 2748 sui

507 2783 740 2849 iactans,
772 2783 919 2839 nihil
963 2786 1184 2839 omnino
1240 2783 1486 2854 perficiet
1541 2782 1682 2853 (23):
1742 2781 1841 2852 qui
1898 2781 2154 2837 dilatavit

506 2878 776 2943 tanquam
852 2872 1027 2941 inferi
1073 2871 1324 2925 animam
1391 2886 1553 2925 suam
1603 2869 1891 2940 (Habacuc.
1937 2886 1999 2936 ιι,
2053 2870 2148 2940 5):

505 2964 564 3016 et
595 2959 884 3031 ejusmodi
915 2958 1181 3015 homines
1208 2958 1497 3014 Dominus
1557 2958 1616 3011 in
1677 2957 1985 3029 Evangelio
2044 2974 2150 3014 suo

508 3047 703 3120 culpet
730 3051 787 3105 et
809 3048 1050 3104 damnet
1078 3046 1313 3103 dicens:
1369 3048 1461 3103 Vos
1511 3046 1644 3102 estis
1689 3047 1785 3118 qui
1830 3046 2154 3117 justiﬁcatis

2276 471 2442 526 corda
2474 475 2678 541 vestra,
2702 473 2971 543 quoniam
3000 472 3141 544 quod
3163 474 3427 529 excelsum
3479 485 3549 531 est
3599 479 3649 532 in
3693 480 3837 535 homi-

2276 559 2458 625 nibus,
2490 561 2795 615 exsecratio
2827 560 2937 631 (24)
2963 564 3043 615 est
3062 562 3122 615 in
3152 567 3436 632 conspectu
3456 564 3542 619 Dei
3567 565 3725 634 (Luca
3746 586 3836 634 xw,

2280 648 2388 718 15).
2424 647 2823 704 Exsecrabiles
2849 653 2906 704 et
2927 649 3300 705 detestabiles
3330 651 3465 706 dicit
3493 669 3606 708 esse
3630 655 3713 725 qui
3747 657 3834 712 sibi

2275 736 2561 807 placeant,
2578 737 2677 808 qui
2691 737 2903 793 tumidi
2928 742 2982 793 et
3004 738 3187 793 inﬂati
3205 737 3418 809 aliquid
3443 740 3545 795 sibi
3563 752 3841 815 arroganter

2276 830 2598 881 assumant.
2623 826 2700 881 Ex
2734 826 2954 898 quibus
2974 843 3109 882 cum
3139 828 3458 883 Marcianus
3478 845 3592 885 esse
3627 834 3836 903 ceperit,

2276 917 2333 969 et
2361 931 2423 970 se
2455 914 2772 970 Novatiano
2794 916 3178 989 conjungens,
3199 917 3547 974 adversarius
3568 918 3840 976 misericor-

2275 1003 2381 1058 ἀίω
2411 1008 2467 1058 et
2489 1003 2721 1075 pietatis
2742 1005 3027 1061 exstiterit
3052 1023 3066 1073 ;
3100 1005 3448 1061 sententiam
3476 1024 3580 1061 non
3594 1008 3744 1078 dicat,
3765 1012 3840 1065 sed

2275 1093 2555 1165 accipiat:
2590 1109 2695 1150 nec
2716 1093 2800 1149 sic
2852 1099 2988 1165 agat
3043 1095 3214 1166 quasi
3269 1094 3391 1167 ipse
3438 1095 3748 1166 judicavsrit
3784 1099 3837 1154 do

2274 1181 2517 1254 collegio
2548 1183 2938 1251 sacerdotum,
2971 1184 3207 1256 quando
3238 1184 3364 1257 ipse
3392 1184 3464 1241 sit
3490 1186 3556 1241 ab
3607 1185 3837 1242 universis

2274 1273 2673 1330 sacerdotibus
2698 1274 3023 1345 judicatus.

2343 1362 2412 1417 V.
2445 1364 2757 1418 Servantus
2788 1369 2878 1419 est
2906 1365 3061 1419 enim
3103 1370 3532 1422 antecessorum
3563 1370 3839 1423 nostrorum

2274 1452 2577 1507 beatorum
2613 1456 2933 1524 martyrum
2963 1452 3210 1508 Cornelii
3247 1458 3305 1509 et
3335 1454 3491 1509 Lucii
3539 1454 3703 1509 honor
3742 1456 3839 1526 glo-

2271 1539 2501 1595 riosus:
2544 1556 2794 1611 quorum
2830 1541 3173 1597 memoriam
3206 1557 3341 1597 cum
3388 1559 3489 1599 nos
3521 1542 3839 1609 honoremus,

2275 1628 2458 1684 multo
2493 1630 2680 1701 magis
2712 1634 2797 1700 tu,
2833 1630 3007 1686 frater
3036 1630 3402 1698 charissime,
3445 1630 3780 1687 honoriﬁcam
3801 1638 3841 1686 et

2274 1734 2502 1773 servare
2535 1718 2811 1788 gravitate
2837 1723 2893 1773 et
2922 1720 3268 1775 auctoritate
3298 1724 3399 1776 tua
3428 1720 3611 1785 debes,
3655 1721 3739 1792 qui
3778 1721 3839 1775 vi-

2270 1806 2461 1863 carius
2494 1808 2605 1879 (25)
2647 1812 2703 1863 et
2730 1808 2879 1862 997
2945 1825 3253 1865 successor
3295 1825 3491 1865 eorum
3522 1811 3561 1844 "
3600 1809 3759 1864 factus
3782 1825 3842 1864 es.

2271 1895 2358 1950 Illi
2390 1895 2548 1951 enim
2571 1895 2729 1969 pleni
2757 1896 2975 1968 Spiritu
3008 1897 3129 1968 Dei,
3161 1902 3219 1954 et
3248 1897 3309 1953 in
3340 1897 3581 1971 glorioso
3622 1896 3842 1970 martyrio

2268 1984 2594 2052 constituti,
2630 1985 2886 2041 dandam
2909 2002 3038 2041 esse
3068 1985 3252 2059 lapsis
3283 2003 3480 2060 pacem
3528 1992 3839 2050 censuerunt,

2266 2076 2342 2141 et,
2393 2072 2727 2145 pmnitenlia
2765 2078 2894 2129 acta
2942 2075 3197 2131 fructum
3251 2074 3758 2133 communicationis
3802 2078 3843 2129 et

2265 2161 2424 2230 pacis
2455 2163 2788 2234 negandum
2813 2180 2927 2218 non
2947 2180 3077 2220 esse
3128 2163 3347 2221 litteris
3366 2166 3487 2221 suis
3512 2165 3844 2237 signaverunt,

2267 2264 2444 2320 quam
2470 2266 2592 2304 rem
2616 2267 2817 2306 omnes
2838 2252 3077 2308 omnino
3097 2254 3315 2324 ubique
3332 2255 3672 2309 censuimus.
3691 2250 3841 2322 Neque

2266 2337 2421 2393 enim
2454 2343 2680 2411 poterat
2707 2355 2835 2395 esse
2866 2343 3020 2412 apud
3044 2358 3150 2397 nos
3182 2358 3394 2398 sensus
3450 2342 3691 2397 diversus
3740 2342 3843 2411 (26),

2264 2427 2322 2481 in
2350 2428 2566 2498 quibus
2596 2445 2750 2484 unus
2770 2434 2924 2485 esset
2955 2430 3234 2502 Spiritus,
3269 2431 3350 2485 ηε
3384 2436 3441 2487 et
3466 2431 3587 2486 ideo
3614 2430 3744 2484 998
3763 2445 3847 2483 ma-

2263 2514 2539 2572 nifestum
2571 2520 2660 2573 est
2679 2533 2812 2573 eum
2841 2517 3095 2590 Spiritus
3117 2520 3614 2576 sanctiveritatem
3640 2535 3751 2574 cum
3769 2534 3843 2572 ca-

2260 2604 2401 2660 teris
2434 2622 2545 2661 non
2579 2610 2798 2673 tenere,
2830 2624 3003 2678 quem
3051 2608 3326 2665 videmus
3384 2609 3599 2665 diversa
3655 2608 3841 2663 sentire.

2261 2693 2536 2765 Significa
2566 2696 2734 2766 plane
2765 2696 2935 2751 nobis
2966 2697 3098 2768 quis
3130 2696 3187 2752 in
3236 2698 3429 2753 locum
3486 2696 3730 2753 Marciani
3757 2696 3857 2767 (27)_

2259 2783 2489 2838 Arelate
2519 2783 2694 2839 fuerit
2722 2785 3103 2853 substitutus,
3124 2790 3190 2841 ut
3219 2787 3479 2842 sciamus
3499 2786 3565 2841 ad
3586 2800 3734 2855 quem
3756 2783 3839 2836 tra-

2260 2874 2379 2926 tres
2401 2877 2633 2927 nostros
2650 2872 2900 2945 dirigere
2921 2879 2979 2929 et
3000 2874 3091 2929 cui
3116 2875 3376 2930 scribere
3398 2875 3710 2930 debeamus.
3732 2870 3841 2941 Opto

2262 2964 2338 3031 te,
2374 2960 2550 3016 frater
2578 2960 2948 3031 charissime,
2980 2978 3211 3034 semper
3243 2962 3388 3019 bene
3416 2963 3613 3018 valere.

1932 3189 2135 3251 Variae
2175 3190 2498 3252 lectiones.

580 3306 625 3343 "
651 3306 965 3363 Successor
994 3304 1078 3363 eis
1113 3307 1226 3363 Ver.
1334 3306 1378 3342 ¹³
1408 3304 1575 3361 Unus
1605 3308 1695 3360 est
1726 3302 1978 3375 Spiritus
2012 3305 2128 3361 Ver.

1917 3457 2247 3518 Variorum
2304 3461 2494 3517 notae.

508 3580 726 3635 habent
752 3581 1348 3653 refovendis,eamq_ue
1364 3578 1861 3653 etiamlectionem
1878 3579 2154 3653 exhibent
2183 3587 2226 3653 α
2263 3586 2319 3653 et
2347 3579 2417 3635 ad
2446 3580 2662 3653 Lupum
2691 3582 3116 3653 Ferrarienseni.
3175 3598 3313 3653 pag.
3372 3582 3489 3652 425,
3540 3584 3593 3635 et
3641 3584 3758 3633 tom.
3798 3573 3831 3628 ΙΙ

504 3668 605 3706 sex
637 3648 995 3722 exemplaria
1023 3648 1343 3722 veterar'Ut
1374 3649 1619 3706 minime
1650 3649 1907 3705 dubitari

505 3721 648 3794 quia
677 3720 896 3777 hascsit
928 3738 1072 3794 veraq
1129 3720 1320 3787 lectio,
1380 3722 1574 3777 Codex
1632 3722 1915 3777 Fuxensis
1969 3720 2151 3777 habet

502 3792 890 3864 reformandis.
928 3792 1250 3848 Lectionem
1300 3809 1475 3863 porro
1518 3809 1694 3862 quam
1749 3809 1854 3848 nos
1910 3809 2141 3849 revoca-

499 3865 695 3920 vimus
740 3865 1088 3919 confirmant
1143 3880 1212 3918 ea
1262 3880 1388 3935 qua:
1447 3880 1581 3918 mox
1636 3869 1985 3935 sequuntur,
2024 3881 2150 3920 oves

500 3937 788 3990 universas
808 3952 942 4006 quas
992 3936 1241 3990 Christus
1299 3936 1570 4003 sanguine
1618 3951 1715 3991 suo
1774 3946 1825 3991 et
1880 3936 2149 3992 Passione

501 4008 756 4079 quaesivit
802 4007 1060 4079 colligere
1108 4010 1160 4079 et
1188 4008 1388 4079 fovere.
1425 4006 1622 4061 BALUZ.

573 4078 688 4148 (23)
708 4075 987 4148 Perﬁciet.
1020 4075 1210 4132 Codex
1239 4076 1399 4143 Colb,
1460 4093 1590 4131 cum
1650 4075 1817 4130 Corb.
1875 4079 2143 4147 proﬁciet.

503 4150 693 4221 Supra
725 4154 919 4204 tamen
951 4149 1050 4220 Ep.
1080 4165 1158 4219 x1,
1191 4149 1260 4203 ad
1293 4148 1519 4203 Cornel.
1554 4165 1609 4202 n.
1634 4148 1691 4214 3,
1740 4152 1931 4203 exstat
1982 4152 2147 4220 perﬂ-

503 4223 614 4277 ciet.
649 4224 851 4275 Cous'r.

493 4236 614 4277 εκεῖ.
649 4236 851 4275 υουδτ.

567 4292 679 4363 (24)
700 4292 1035 4363 Exsecratio.
1071 4290 1229 4363 Idem
1255 4290 1432 4349 codex
1451 4287 1754 4363 Fuxensis,
1786 4290 2141 4363 exsecrabile.

494 4361 679 4431 Quam
714 4362 1023 4418 lectionem
1083 4361 1429 4416 conﬁrmare
1489 4361 1762 4415 videntur
1814 4362 2145 4432 sequentia,

490 4435 862 4490 exsecrabiles
882 4442 935 4489 et
958 4432 1312 4489 detestabiles
1333 4432 1465 4488 dicit
1485 4448 1619 4487 esse.
1656 4436 1850 4487 ΒΑιῐτΖ.

561 4506 672 4589 (25)
696 4508 993 4589 ‘Vicarius:
1028 4509 1116 4560 Ita
1148 4504 1367 4589 passim
1390 4508 1629 4589 vocatur
1655 4503 1959 4589 Bomanus
1980 4521 2138 4589 ‘ppn-I

489 4574 629 4633 tifex
660 4577 732 4632 ab
763 4575 1027 4658 antiquis
1056 4574 1439 4658 scriptonribus
1479 4574 2008 4658 ecclesiasticisuet‘
2028 4576 2144 4658 ipsi

494 4662 727 4718 quoque
784 4646 1031 4703 Romani
1061 4646 1395 4718 pontiﬁces
1452 4664 1514 4702 se
1566 4650 1846 4718 vocarunt
1891 4646 2144 4703 vicarios

493 4716 892 4802 apostolorum
924 4716 1075 4773 Petri
1092 4716 1154 4773 et
1186 4718 1344 4773 Pauli
1386 4723 1443 4773 et
1496 4717 1744 4773 vicarius
1803 4718 2141 4789 apostolicis

491 4790 681 4847 Sedis.
717 4788 862 4846 Vide
888 4793 1055 4847 notas
1085 4794 1317 4846 nostras
1341 4791 1419 4847 ad
1449 4788 1822 4859 Agobardum,
1848 4806 1987 4864 pag.
2008 4791 2141 4861 115,

668 4831 681 4845 ο
732 4830 747 4844 V
767 4830 862 4846 Iuv
888 4830 1055 4847 HV."
1085 4830 1317 4846 μνυυικῡ
1341 4830 1419 4847 ww
1449 4830 1651 4859 αιυννισσ
1668 4830 1822 4859 wwuv,
1848 4830 1987 4861 r“a'
2010 4830 2034 4847 Α
2050 4830 2144 4861 ιν.

2007 3651 2153 3707 ossit
2197 3651 2224 3653 ’⁷
2265 3652 2689 3722 Capitularium,
2724 3667 2855 3723 pag.
2893 3652 3048 3707 1583.
3085 3651 3281 3708 Bicuz:

2330 3717 2444 3794 (26)
2474 3723 2662 3794 Neque
2674 3717 2895 3794 poterat
2923 3739 3114 3778 sensus
3141 3724 3412 3779 diversus.
3442 3724 3508 3778 Et
3534 3726 3702 3776 tamen
3723 3717 3833 3787 post-

2258 3810 2336 3866 ea
2356 3793 2622 3866 diversus
2651 3793 2806 3866 inter
2835 3794 3189 3866 Cyprianum
3223 3800 3284 3851 et
3310 3794 3648 3866 Stephanum
3669 3800 3829 3866 sensus

2261 3865 2370 3945 [ι]ἱρ
2391 3864 2970 3945 in‘causaABaptjsmi
2992 3864 3826 3945 haereticorum“:Hieronymus'in

2254 3934 2514 4006 Epistola
2540 3938 2611 3991 ad
2642 3928 3037 4006 Ctesiphontem
3069 3938 3353 3995 adversus
3384 3928 3725 4004 Pelagianos:
3752 3928 3827 4006 Nec

2256 3999 2403 4077 ﬁerit
2431 4016 2602 4077 potest
2632 4016 2691 4062 ut
2719 3999 2973 4062 diversus
3002 4010 3076 4064 sit
3105 4024 3295 4064 eorum
3340 3999 3749 4077 exituanuoruin
3770 3999 3827 4051 est

2256 4074 2371 4152 una
2388 4074 2675 4134 sententia.
2710 4078 2903 4134 Cicero
2935 4080 2993 4133 in
3036 4096 3076 4135 ιι
3136 4080 3495 4152 Philippica:
3554 4074 3627 4133 'Te
3675 4074 3824 4152 nulror‘.

2257 4151 2477 4220 Antoni,
2510 4166 2697 4223 eorum
2724 4152 2877 4206 exitu
2908 4167 3015 4206 non
3054 4144 3437 4223 pertimescere
3461 4163 3675 4222 quorum
3718 4144 3830 4214 [σιω

2258 4224 2506 4276 imitare.
2542 4220 2742 4276 BALUZ.

2325 4292 2439 4364 (27)
2484 4292 2773 4348 Marciani.
2837 4294 2996 4348 Hunc
3039 4297 3095 4349 et
3143 4293 3551 4349 communione
3598 4286 3826 4364 privatum

2255 4367 2313 4418 et
2331 4353 2532 4435 assde
2564 4380 2670 4419 sua
2699 4364 2989 4435 dejectum
3026 4365 3207 4421 fuisse
3224 4366 3525 4435 colligetur
3543 4378 3571 4417 e
3596 4353 3827 4435 veteribus

2254 4433 2613 4508 Arelatensis
2635 4430 2908 4508 Ecclesiae
2940 4435 3231 4508 diptychis
3264 4455 3299 4492 a
3329 4430 3645 4508 Habillonio
3672 4430 3824 4508 nostro

2254 4506 2452 4579 Annal.
2474 4510 2619 4562 tom.
2640 4506 2733 4575 ΙΙΙ,
2759 4522 2888 4579 pag.
2915 4508 3039 4576 452,
3059 4506 3257 4564 editis.
3292 4508 3353 4563 In
3384 4507 3473 4561 his
3502 4506 3641 4559 certe
3661 4507 3822 4579 nolim}1

2254 4577 2552 4651 ejus,_non
2585 4573 2954 4651 secu's'atque
2976 4573 3276 4635 Saturnini
3300 4579 3632 4651 Arianorum
3650 4573 3823 4651 ιξὶωεξῖ

2253 4646 2452 4721 g’nani,
2471 4651 2641 4721 cujus
2655 4646 2940 4721 fraude—ac
2962 4652 3224 4721 nequitia
3246 4649 3497 4721 Hilarius
3511 4646 3824 4721 Pictavisnsls

2251 4718 2562 4792 episcopus
2619 4720 2679 4775 in
2738 4720 3009 4777 exsilium
3050 4718 3217 4780 actus
3246 4726 3356 4791 est,
3388 4718 3613 4776 minime
3634 4720 3818 4779 compti:

2252 4795 2357 4847 ret.
2407 4790 2704 4849 Cbusrm.
