4098 6178
3475 290 3633 349 1034

261 455 2892 488 W

1917 1123 1967 1185 Α
1997 1126 2146 1182 spem
2164 1109 2338 1174 dabit,
2371 1124 2611 1163 narrans
2630 1108 2735 1162 tibi
2755 1108 2916 1174 bona,
2941 1113 2995 1162 et
3025 1106 3165 1162 dicet
3198 1123 3211 1163 :
3247 1107 3395 1178 Quid
3425 1123 3556 1179 opus
3570 1113 3650 1164 est

1998 1199 2099 1253 tibi
2131 1201 2156 1250 Ρ
2173 1203 2240 1253 Et
2266 1197 2565 1267 confundet
2595 1205 2648 1252 te
2677 1199 2738 1250 in
2765 1197 2902 1251 cibis
2922 1195 3246 1263 suis,donee
3273 1201 3324 1252 te
3351 1198 3648 1253 exinaniat

2000 1287 2081 1340 bis
2105 1290 2158 1341 et
2183 1293 2265 1341 ter
2295 1304 2307 1352 ;
2332 1291 2383 1341 et
2415 1288 2475 1340 in
2495 1286 2785 1341 novissimo
2817 1285 3083 1340 deridebit
3114 1289 3181 1340 te.
3216 1289 3409 1340 Postea
3436 1285 3646 1353 videns,

252 311 383 371 1033
1256 343 1262 354 ν
1433 300 1711 361 EPISTO
1722 300 1840 360 LIE
1883 293 2417 358 DECRETALES.

1023 831 1389 890 EPISTOLE
1440 826 1901 887 DECRETALES
1933 826 1992 882 S.
2018 821 2391 880 STEPHANO
2421 819 2858 878 ADSCRIPTE.

804 1122 875 1192 (1)
901 1120 1239 1175 EPISTOLA
1273 1119 1315 1174 ι.

675 1245 750 1282 ΑΙ)
786 1242 1074 1283 ωιλωυκ
1105 1241 1444 1282 EPISCOPUM.

259 1369 669 1411 ARGUMENTUM.
703 1382 771 1392 —
802 1354 918 1424 Qui
943 1353 1055 1406 sint
1085 1351 1338 1424 infames,
1375 1357 1428 1404 et
1459 1349 1554 1420 qui
1582 1347 1658 1424 ad
1688 1345 1891 1424 gradus

325 1425 708 1482 ecclesiasticos
737 1418 837 1479 vel‘
850 1423 920 1478 ad
947 1418 1359 1478 accusationem
1395 1418 1508 1476 non
1546 1421 1657 1474 sint
1689 1418 1888 1473 admit-

325 1498 490 1553 tendi.
531 1497 607 1550 De
632 1498 942 1550 reverentia
971 1495 1277 1566 prapositis
1324 1492 1659 1566 exhibenda,
1716 1499 1766 1545 et
1821 1490 1890 1544 de

323 1570 653 1626 vestimentis
682 1568 1088 1633 ministrorum,
1130 1575 1193 1620 ut
1228 1567 1449 1620 sacrata
1475 1565 1603 1619 sint.

261 1735 637 1778 DILECTISSIMO
675 1734 882 1774 FRATRI
920 1734 1103 1780 ATQUE
1124 1732 1414 1772 FAIIILIARI
1434 1729 1606 1771 ANICO
1638 1727 1892 1779 HILARIO,

329 1807 639 1848 STEPHANUS
687 1804 1010 1860 EPISCOPUB,
1071 1805 1292 1845 ῙΝΤΙΜΑΞ
1345 1803 1670 1844 ειιΑιιιτΑτιε
1726 1801 1895 1840 SALU-

326 1880 454 1920 TEM.

329 1997 668 2068 Quanquam
695 2011 920 2067 sperem
942 1994 1020 2066 (S.
1053 1995 1178 2062 Leo,
1219 1995 1377 2066 epist.
1402 1993 1490 2064 46)
1522 1991 1894 2047 dilectionem

259 2091 411 2142 tuam
452 2085 523 2139 ad
553 2099 726 2140 omne
756 2099 904 2155 opus
937 2083 1158 2138 bonum
1191 2098 1318 2138 esse
1367 2083 1652 2152 devotam,
1697 2085 1895 2136 tamen

256 2191 356 2246 pro
386 2172 798 2242 familiaritate,
847 2188 964 2242 qua
1011 2172 1182 2227 nobis
1234 2172 1584 2242 conjunctae
1640 2185 1768 2228 esse
1809 2187 1898 2225 co-

257 2261 569 2336 gnosceris,
605 2266 670 2317 ut
687 2265 790 2317 tua
808 2260 1100 2317 efﬁcacior
1116 2261 1218 2316 fiat
1238 2259 1548 2330 industria,
1568 2272 1895 2332 congruum

260 2352 424 2407 nobis
446 2350 637 2406 visum
673 2353 765 2406 est
791 2350 899 2406 has
932 2349 1314 2405 fraternitatis
1369 2347 1595 2404 litteras
1642 2352 1755 2402 tua
1813 2347 1897 2402 di-

257 2441 484 2496 lectioni
511 2440 720 2495 debere
753 2438 1023 2512 dirigere.
1047 2437 1354 2494 Monsmus
1375 2443 1450 2504 te,
1478 2438 1654 2493 frater
1674 2436 1895 2492 charis-

1998 1376 2343 1445 derelinquet
2371 1379 2442 1444 te,
2476 1383 2705 1445 etcaput
2745 1391 2910 1430 suum
2963 1375 3196 1430 movebit
3247 1374 3318 1430 ad
3357 1378 3427 1430 te.
3461 1377 3650 1431 Humi-

2000 1465 2142 1519 liare
2160 1465 2270 1519 Deo
2301 1467 2349 1518 et
2369 1469 2625 1532 exspecta
2647 1481 2846 1518 manus
2866 1465 3008 1535 ejus.
3049 1465 3301 1534 Attende,
3347 1481 3417 1520 ne
3467 1465 3654 1521 seduc-

2001 1561 2088 1608 tus
2115 1555 2176 1608 in
2202 1554 2440 1608 slultitia
2470 1555 2490 1587 ²
2522 1553 2852 1608 humilieris.
2914 1552 3048 1609 Noli
3077 1569 3190 1608 esse
3218 1554 3446 1609 humilis
3478 1555 3536 1609 in
3567 1571 3652 1610 sa-

1996 1643 2209 1714 pientia
2228 1645 2344 1708 tua,
2375 1657 2466 1711 ne,
2507 1642 2849 1711 humiliatus,
2910 1646 2969 1696 in
3011 1643 3303 1697 stultitiam
3349 1642 3650 1698 seducaris.

2003 1730 2300 1787 Advocatus
2320 1747 2354 1786 a
2378 1732 2706 1802 potentiore,
2758 1731 3011 1786 discede:
3035 1747 3104 1785 ea:
3127 1730 3228 1786 hoc
3274 1733 3426 1786 enim
3470 1733 3652 1800 magis

2004 1825 2054 1874 te
2075 1817 2384 1874 advocabit.
2428 1819 2505 1873 Ne
2542 1818 2825 1889 improbus
2852 1819 2952 1884 sis,
2983 1833 3053 1872 ne
3079 1818 3434 1889 impingaris,
3484 1825 3540 1873 et
3587 1835 3656 1874 ne

2007 1907 2164 1976 longe
2192 1909 2269 1961 sis
2296 1907 2367 1961 ab
2397 1922 2478 1976 eo,
2527 1909 2615 1962 et3
2645 1922 2734 1962 eas
2791 1909 2849 1962 in
2895 1906 3240 1962 oblivionem.
3291 1911 3371 1964 Ne
3415 1909 3657 1962 retineas

2004 2012 2076 2051 ex
2103 2012 2256 2066 aquo
2287 1996 2309 2028 ⁴
2340 1997 2491 2066 loqui
2519 2013 2644 2050 cum
2665 1996 2786 2065 illo,
2831 2005 2881 2051 et
2921 2012 2991 2052 ne
3034 1997 3222 2051 credas
3256 1995 3449 2052 multis
3477 1997 3656 2052 verbis

2004 2083 2186 2140 illius.
2218 2085 2302 2139 Ea:
2328 2085 2499 2140 multo
2540 2087 2688 2140 enim
2724 2086 2946 2156 loquela
2993 2085 3225 2141 tentabit
3267 2088 3338 2154 te,
3389 2090 3442 2141 et
3469 2087 3654 2140 subri-

2006 2175 2144 2229 dens
2179 2174 2534 2244 interrogabit
2562 2179 2612 2230 te
2639 2175 2708 2230 de
2737 2174 3068 2230 absconditis
3099 2177 3230 2230 tuis.
3261 2176 3497 2230 Immitis
3525 2175 3656 2229 ani-

2003 2280 2127 2318 mus
2144 2263 2299 2318 illius
2325 2263 2664 2319 conservabit
2695 2264 2859 2320 verba
2901 2268 3018 2329 tua,
3077 2269 3130 2319 et
3183 2279 3294 2319 non
3346 2267 3536 2335 parcet
3591 2262 3656 2318 de

2003 2353 2221 2408 malitia
2242 2351 2381 2407 etde
2405 2352 2664 2408 vinculis.
2692 2352 2833 2407 Cave
2863 2353 2985 2418 tibi,
3017 2355 3068 2407 et
3115 2351 3332 2408 attende
3361 2351 3658 2421 diligenter

2006 2441 2224 2496 auditui
2254 2444 2367 2508 tuo,
2401 2443 2664 2511 quoniam
2712 2458 2838 2497 cum
2887 2441 3237 2498 subversione
3263 2445 3361 2497 tua
3387 2441 3658 2497 ambulas.

261 2490 484 2496 ---ην
517 2490 717 2495 _-_-_-
760 2490 1023 2512 ___-o-_--
1047 2490 1350 2494 ,γρ-ηῄ-
1852 2490 1858 2491 κ
2007 2490 2220 2496 “sum
2713 2490 2834 2497 η---
2889 2490 3231 2498 mnum---
3263 2490 3358 2497 ,η
3388 2490 3658 2497 _-_--"__--

261 2531 427 2595 sime,
453 2545 683 2600 semper
711 2529 771 2583 in
803 2528 974 2584 bonis
1009 2543 1265 2595 manere,
1294 2531 1353 2582 et
1382 2543 1416 2581 a
1455 2525 1626 2582 malis
1658 2541 1857 2581 cavere
1883 2541 1897 2592 ;
1928 2490 1977 2554 B
2010 2530 2250 2585 Audiens
2277 2545 2402 2584 vero
2429 2529 2530 2583 illa
2561 2531 2721 2600 quasi
2749 2531 2810 2584 in
2825 2532 3055 2596 somnis,
3122 2530 3244 2585 vide
3291 2536 3344 2585 et
3380 2529 3659 2601 vigilabis.

260 2635 394 2674 cum
424 2619 592 2674 bonis
622 2622 679 2673 et
703 2621 872 2673 recte:
904 2617 1038 2672 fidei
1069 2633 1135 2672 ac
1185 2620 1397 2672 sancta
1448 2615 1901 2671 conversationis

259 2707 596 2763 hominibus
624 2707 860 2762 assidue
889 2721 1037 2774 esse,
1070 2709 1128 2760 et
1157 2723 1190 2760 a
1221 2704 1526 2778 perversis,
1555 2721 1621 2759 ac
1654 2704 1901 2759 fratrum

260 2795 722 2861 insidiatoribus,
751 2794 865 2852 nisi
888 2800 951 2850 ut
979 2811 1078 2851 eos
1108 2799 1431 2862 convertas,
1462 2799 1520 2850 et
1557 2795 1628 2850 ad
1661 2810 1901 2849 concor-

259 2886 416 2942 diam
449 2888 716 2951 reducas,
738 2883 1030 2956 separari;
1064 2883 1368 2956 quoniam,
1401 2886 1465 2937 ut
1484 2883 1566 2938 ait
1592 2881 1904 2953 Apostolus

258 2983 612 3046 corrumpunt
659 2976 822 3030 bonos
851 2990 1026 3029 mores
1071 2973 1344 3045 colloquia
1388 2971 1539 3026 mala
1568 2971 1614 3042 (ι
1638 2970 1758 3025 Cor.
1790 2970 1901 3040 xv).

259 3066 331 3120 Et
358 3065 483 3136 ipsa
513 3080 614 3136 per
633 3080 696 3119 se
722 3062 952 3118 Veritas
982 3061 1123 3118 dicit
1155 3080 1167 3117 :
1203 3061 1264 3116 Si
1301 3061 1489 3116 oculus
1520 3063 1646 3114 tuus
1673 3058 1903 3114 scanda-

268 3153 521 3208 lizaverit
547 3157 620 3218 te,
642 3167 770 3208 erue
798 3168 926 3207 eum
953 3159 1004 3207 et
1029 3152 1236 3223 projice
1273 3151 1374 3205 abs
1404 3159 1472 3205 te.
1516 3152 1580 3206 Et
1605 3150 1654 3203 si
1709 3163 1906 3202 manus

262 3250 366 3298 tua
394 3242 862 3297 scandalizaverit
889 3248 957 3307 te,
999 3239 1263 3296 abscinde
1309 3255 1452 3307 eam,
1501 3243 1553 3293 et
1578 3238 1785 3309 projice
1815 3237 1908 3289 abs

260 3335 335 3386 te.
367 3331 643 3387 Similiter
664 3338 717 3385 et
747 3330 810 3384 de
838 3329 969 3400 pede
997 3329 1271 3398 agendum
1301 3332 1400 3394 est,
1435 3329 1567 3398 quia
1615 3327 1815 3382 melius
1830 3333 1909 3381 est

260 3421 611 3491 tibi,luscum
639 3428 737 3474 aut
767 3417 1032 3474 claudum
1070 3420 1284 3473 intrare
1312 3419 1373 3472 in
1393 3433 1621 3487 regnum
1651 3417 1908 3471 ctelorum

258 3526 437 3581 quam
461 3509 596 3564 duos
625 3508 825 3575 oculos,
859 3512 954 3562 aut
982 3507 1118 3562 duas
1146 3523 1368 3571 manus,
1417 3515 1515 3561 aut
1573 3505 1705 3560 duos
1749 3505 1909 3576 pedes

258 3599 552 3654 habentem
579 3598 732 3652 mitti
776 3599 836 3652 in
878 3595 1184 3664 gehennam
1240 3597 1387 3666 ignis
1441 3594 1652 3666 (Matth.
1719 3609 1910 3655 xvm;

249 3689 449 3754 Marc.,
484 3689 581 3755 Ix).
618 3687 685 3741 Et
715 3685 772 3740 in
806 3683 1213 3740 Ecclesiastico
1265 3683 1560 3739 invenitur
1615 3683 1766 3738 libro
1802 3700 1814 3738 :
1848 3684 1912 3738 In

254 3780 415 3834 bonis
447 3780 553 3833 viri
580 3777 800 3832 inimici
819 3776 978 3831 illius
1007 3792 1024 3828 :
1054 3776 1115 3830 In
1144 3777 1380 3830 tristitia
1407 3791 1534 3830 vero
1565 3778 1618 3829 et
1647 3775 1706 3829 in
1736 3773 1910 3828 mali-

2013 2619 2173 2675 Omni
2201 2620 2314 2674 vita
2344 2622 2441 2673 tua
2469 2618 2640 2686 dilige
2667 2620 2857 2684 Deum,
2891 2623 2941 2674 et
2973 2620 3172 2675 invoca
3202 2619 3365 2674 illum
3399 2619 3458 2674 in
3487 2620 3664 2674 salute

2013 2713 2130 2763 tua.
2167 2707 2336 2763 Omne
2360 2707 2572 2762 animal
2615 2707 2801 2778 diligit
2854 2709 3038 2763 simile
3079 2709 3209 2777 sibi,
3249 2709 3330 2763 sic
3382 2713 3437 2764 et
3487 2710 3666 2763 omnis

2011 2797 2168 2852 homo
2197 2797 2515 2864 proximum
2541 2795 2667 2851 sibi.
2703 2795 2891 2851 Omnis
2945 2812 3072 2851 caro
3119 2797 3194 2851 ad
3243 2797 3485 2852 similem
3508 2796 3663 2851 999

2012 2885 2120 2940 sibi
2149 2885 2502 2956 coniungitur
2523 2885 2565 2956 ⁵,
2596 2892 2651 2940 et
2679 2884 2856 2939 omnis
2876 2885 3224 2940 homosimili
3242 2885 3662 2940 sibisociatur‘.

2015 2974 2074 3029 Si
2102 2974 2524 3029 communicabit
2560 2974 2579 3008 ⁷
2612 2974 2772 3044 lupus
2827 2990 2971 3044 agno
3026 2975 3351 3045 aliquando,
3409 2975 3494 3029 sic
3547 2988 3664 3044 pec-

2012 3072 2169 3119 cator
2187 3063 2357 3134 justo.
2413 3063 2540 3130 Quae
2595 3064 3020 3119 communicatio
3076 3067 3260 3118 sancto
3318 3063 3532 3119 homini
3587 3061 3666 3118 ad

2014 3151 2411 3207 carnemz’Aut
2450 3166 2575 3224 quae
2627 3168 2742 3223 pax
2786 3151 2924 3207 bona
2970 3151 3136 3207 diviti
3191 3153 3265 3207 ad
3319 3167 3615 3224 pauperem
3641 3153 3666 3204 .'

2025 3242 2245 3296 Venatio
2274 3241 2465 3308 leonis,
2498 3256 2706 3311 onager
2723 3243 2786 3296 in
2814 3256 2998 3296 eremo
3026 3257 3046 3302 ;
3076 3241 3155 3297 sic
3176 3257 3382 3313 pascua
3429 3240 3668 3296 divitum

2017 3339 2146 3385 sunt
2166 3345 2451 3402 pauperes.
2481 3331 2707 3385 Etsicut
2754 3329 3089 3385 abominatio
3129 3335 3209 3386 est
3262 3329 3491 3400 superbo
3570 3329 3671 3382 hu-

2019 3419 2249 3486 militas,
2278 3419 2359 3472 sic
2388 3419 2660 3473 execratio
2705 3415 2869 3473 diviti
2900 3434 3132 3489 pauper.
3184 3418 3342 3474 D2065
3375 3424 3673 3472 commotus

2018 3508 2384 3578 conﬁrmatur
2413 3507 2481 3561 ab
2511 3507 2715 3562 amicis
2741 3523 2762 3568 ;
2786 3507 3016 3562 humilis
3041 3515 3223 3562 autem
3241 3523 3365 3561 cum
3392 3505 3669 3568 ceciderit,

2018 3597 2334 3668 expelletur
2355 3600 2407 3650 et
2438 3613 2472 3651 a
2500 3597 2669 3650 notis.
2704 3596 2883 3651 Diviti
2909 3595 3122 3667 decepto
3153 3596 3317 3651 multi
3372 3611 3670 3666 recupera-

2020 3690 2201 3748 tores;
2233 3687 2446 3741 locutus
2475 3693 2555 3740 est
2603 3685 2860 3756 superba,
2891 3693 2943 3740 et
2979 3685 3423 3755 justiﬂeaverunt
3452 3685 3618 3739 illum
3652 3701 3669 3737 :

2022 3775 2254 3830 humilis
2299 3775 2556 3843 deceptus
2596 3779 2695 3842 est,
2745 3776 2978 3845 insuper
3030 3782 3086 3829 et
3132 3776 3406 3845 arguitur.
3440 3778 3675 3829 Locutus

242 3869 331 3923 tia
352 3867 508 3921 illius
530 3867 738 3921 amicus
767 3866 987 3935 agnitus
1016 3872 1120 3919 est.
1181 3866 1243 3919 In
1283 3865 1446 3919 labiis
1495 3864 1610 3918 suis
1659 3862 1909 3917 indulcat
1939 3859 1982 3925 C
2019 3873 2101 3920 est
2129 3872 2360 3932 sensate,
2393 3874 2446 3918 et
2477 3879 2589 3919 non
2619 3870 2698 3918 est
2735 3861 2891 3919 datus
2943 3863 2993 3918 ei
3029 3864 3200 3918 locus.
3260 3863 3413 3918 Dives
3465 3863 3672 3918 locutus

243 3957 540 4024 inimicus,
571 3957 621 4009 et
650 3955 708 4008 in
740 3952 897 4008 corde
921 3968 1018 4007 suo
1050 3953 1380 4019 insidiatur,
1439 3955 1498 4006 ut
1542 3952 1821 4006 subverlat
1859 3953 1912 4005 te

248 4047 312 4100 in
349 4047 584 4114 foveam.
616 4043 706 4113 Et,
729 4043 832 4110 Qui
849 4043 1090 4112 tetigerit
1105 4043 1304 4113 picem,
1329 4042 1719 4112 inquinabitur
1741 4041 1809 4095 ab
1823 4056 1907 4095 ea.

249 4133 348 4199 Et,
384 4132 492 4199 Qui
514 4130 1004 4185 communicaverit
1023 4129 1276 4200 superbo,
1297 4128 1564 4184 induetur
1589 4129 1848 4200 superbia
1868 4131 1908 4181 ¹.

244 4220 479 4275 Pondus
545 4235 707 4289 super
778 4234 835 4273 se
889 4218 1056 4285 tollit,
1135 4218 1232 4289 qui
1281 4219 1580 4273 honestiori
1652 4234 1710 4272 se
1765 4233 1908 4273 eom-

246 4310 535 4364 municat.
589 4307 787 4362 Ditiori
827 4311 882 4361 te
939 4323 1010 4360 ne
1054 4305 1234 4378 fueris
1307 4308 1505 4362 socius.
1575 4306 1716 4374 Quid
1769 4321 1912 4361 com-

246 4399 567 4454 municabit
595 4399 826 4453 cacabus
875 4397 951 4452 ad
1002 4398 1180 4453 ollam
1225 4398 1252 4452 ?
1283 4397 1513 4467 Quando
1560 4414 1616 4453 se
1698 4399 1912 4454 collise-

243 4492 400 4556 rint,
435 4490 834 4557 confringetur.
859 4491 1024 4542 Dives
1049 4487 1250 4555 iniuste
1262 4497 1381 4557 aget
1407 4497 1458 4542 et
1481 4490 1918 4558 fremet,pauper

243 4587 450 4634 autem
481 4577 642 4631 laesus
673 4577 886 4630 tacebit.
921 4576 979 4630 Si
1000 4577 1254 4647 largitur
1268 4577 1463 4646 fueris,
1496 4579 1733 4631 assumet
1763 4583 1810 4631 te
1834 4581 1918 4642 ;et

247 4667 312 4721 si
349 4681 465 4720 non
494 4665 780 4728 habueris,
821 4664 1162 4736 derelinquet
1211 4669 1277 4720 te.
1341 4663 1402 4719 Si
1440 4664 1628 4734 habes,
1678 4666 1919 4719 convivat

245 4764 469 4818 tecum,
493 4763 546 4808 et
575 4753 859 4809 evacuabit
880 4759 950 4819 te,
981 4758 1030 4808 et
1063 4755 1180 4824 ipse
1207 4770 1317 4808 non
1345 4753 1552 4810 dolebit
1570 4769 1736 4824 super
1766 4755 1922 4815 te;si

243 4845 612 4900 necessarius
645 4843 734 4898 illi
759 4843 959 4913 fueris,
1007 4843 1380 4913 supplantabit
1429 4851 1498 4909 te,
1549 4846 1602 4899 et
1628 4841 1923 4898 subridens

2021 3956 2119 4020 est,
2149 3961 2202 4007 et
2232 3968 2414 4007 omnes
2439 3955 2752 4020 tacuerunt,
2783 3956 2838 4007 et
2893 3951 3122 4006 verbum
3179 3951 3334 4006 illius
3375 3966 3546 4020 usque
3599 3948 3669 4003 ad

2019 4041 2190 4095 nubes
2214 4041 2543 4111 perducent.
2570 4045 2788 4110 Pauper
2819 4040 3028 4094 loculus
3065 4043 3165 4109 est,
3192 4043 3247 4093 et
3275 4038 3463 4094 dicunt
3490 4054 3503 4091 ε
3540 4037 3670 4104 Quis

2022 4133 2100 4184 est
2129 4129 2217 4183 hic
2245 4133 2270 4182 ?
2295 4130 2360 4185 Et
2387 4130 2438 4184 si
2466 4129 2770 4200 o/fenderit,
2803 4129 3117 4183 subvertent
3173 4128 3354 4182 illum.
3392 4129 3540 4182 Bona
3591 4129 3672 4180 est

2019 4219 2336 4274 substantia
2376 4220 2470 4273 cui
2510 4233 2621 4273 non
2671 4222 2750 4274 est
2802 4226 3083 4289 peccatum
3110 4218 3172 4271 in
3215 4217 3573 4285 conscientia,
3623 4218 3675 4269 et

2022 4308 2367 4379 nequissima
2389 4315 2694 4379 paupertas
2725 4307 2782 4360 in
2841 4322 2934 4362 ore
2955 4307 3133 4376 impii.
3174 4307 3280 4360 Cor
3309 4305 3549 4360 hominis
3571 4304 3677 4357 im-

2024 4402 2202 4452 mutat
2228 4399 2426 4467 faciem
2455 4397 2631 4464 illius,
2666 4397 2783 4450 sive
2815 4397 2876 4450 in
2900 4395 3197 4461 bona,sive
3225 4396 3286 4448 in
3306 4395 3474 4448 mala.
3515 4393 3678 4448 Vesti-

2003 4513 2006 4516 η
2024 4489 2179 4557 gium
2211 4488 2338 4540 boni
2365 4486 2543 4541 cordis
2572 4495 2628 4540 et
2668 4486 2868 4555 [aciem
2919 4483 3116 4537 bonam
3161 4482 3389 4554 difﬁcile
3418 4483 3687 4546 invenies,

2028 4579 2232 4630 etcum
2263 4575 2446 4630 labore
2501 4575 2714 4642 (Eccli.,
2775 4589 2876 4643 xu,
2936 4572 3080 4642 xm).
3124 4571 3260 4642 Hoc,
3323 4573 3520 4638 frater,
3552 4587 3686 4626 cave

2031 4663 2155 4730 tibi,
2185 4665 2234 4718 et
2271 4671 2392 4734 post
2419 4663 2889 4733 concupiscentia;
2943 4665 3061 4716 tuas
3117 4677 3226 4716 non
3255 4660 3422 4716 vadas
3471 4660 3687 4730 (Eccli.,

2030 4769 2189 4819 um,
2215 4751 2325 4822 30).

2107 4843 2148 4896 Ι.
2177 4842 2340 4906 Quod
2373 4858 2508 4897 vero
2540 4838 2894 4897 consuluisti
2930 4839 3136 4893 Sedem
3171 4840 3246 4910 (2)
3287 4835 3688 4910 apostolicam,

1705 4998 1908 5057 Variae
1941 4995 2261 5056 lectiones.

347 5126 362 5156 ³
399 5123 484 5177 Al.
521 5122 726 5176 induet
750 5121 1111 5190 superbiam.
1145 5122 1166 5154 ²
1194 5121 1280 5176 Al.
1315 5120 1654 5177 stultitiam.
1715 5124 1736 5156 ³
1769 5123 1854 5177 Al.
1891 5137 1984 5176 ne.
2035 5122 2057 5153 ⁴
2082 5122 2225 5176 Fort.
2262 5137 2452 5191 aequo,
2506 5125 2568 5175 ut
2599 5121 2659 5174 in
2705 5120 2926 5189 vulgata
2956 5135 3095 5174 vers.
3152 5119 3174 5152 ⁵
3204 5119 3284 5172 At.
3318 5117 3699 5186 conjungetur

243 5195 272 5230 ⁸
319 5195 413 5249 Al.
451 5193 713 5250 sociabit.
747 5193 767 5226 ⁷
798 5193 884 5248 Al.
918 5194 1092 5247 sicut.

1714 5281 2054 5342 Varionum
2088 5286 2253 5341 notae

341 5408 436 5475 (1)
464 5411 590 5460 Haec
621 5410 678 5461 et
703 5422 978 5476 sequens,
1021 5421 1135 5459 non
1187 5421 1358 5459 secus
1399 5421 1463 5458 ac
1519 5405 1937 5475 praecedentes,

251 5480 344 5534 ad
363 5478 622 5544 ulterinm
655 5476 793 5532 viris
825 5477 1071 5532 eruditis
1103 5481 1438 5530 consentur.

377 5551 434 5619 '2')
469 5551 621 5617 Quod
673 5564 793 5604 vero
819 5618 822 5619 ν
848 5549 1170 5604 consuluisti
1191 5618 1196 5619 ί
1224 5550 1442 5604 Sedem.
1479 5546 1586 5611 Qui
1618 5545 1715 5600 hic
1755 5561 1788 5599 a
1818 5545 1938 5619 Ste-

252 5616 498 5693 phano’
518 5621 589 5676 ob
623 5618 948 5686 infamiam,
985 5618 1323 5692 bigamiam,
1357 5619 1650 5675 defectum
1684 5616 1943 5687 corporis

612 5748 881 5806 ΡΑτιιοι..
928 5747 1008 5806 Ill
1024 5789 1038 5805 .

2052 5407 2152 5456 aut
2183 5403 2387 5470 animi,
2423 5401 2778 5472 irregulares
2835 5418 2964 5458 esse
3019 5403 3409 5472 declarantur,
3460 5401 3568 5456 bos
3631 5399 3699 5455 ad

2053 5475 2464 5546 suscipiendos
2493 5473 2731 5529 ordines
2761 5489 2956 5546 sacros
2986 5473 3277 5531 inhabiles
3307 5479 3364 5530 et
3400 5475 3710 5544 incapaces

2055 5563 2182 5600 esse
2213 5545 2446 5602 debere.
2481 5546 2864 5615 Apostolorum
2922 5545 3408 5601 Constitutionibus
3445 5551 3496 5600 et
3536 5549 3709 5602 Cano-

2053 5617 2238 5685 nibus,
2264 5620 2395 5690 jam
2427 5617 2529 5672 diu
2562 5621 2696 5672 ante
2747 5615 2907 5675 hunc
2955 5617 3292 5674 Pontiﬁcem
3325 5617 3712 5673 constitutum

3321 5741 3400 5802 38
