4040 6178
481 290 638 358 1035

1497 293 1561 354 S.
1609 287 1999 354 STEPHANI
2047 293 2274 356 PAPIE
2316 297 2414 359 ET
2459 299 2869 365 MARTYRIS

3677 315 3798 381 1036

477 427 578 498 qui
612 428 752 482 sunt
781 423 1053 494 infames,
1086 425 1188 479 aut
1215 421 1317 495 qui
1347 424 1418 479 ad
1442 424 1660 497 gradus
1688 423 2118 479 ecclesiasticos
2149 433 2204 495 Α
2235 444 2348 484 non
2380 435 2520 486 sunt
2543 431 2755 505 integri
2787 450 3048 506 corpore,
3082 441 3185 493 aut
3233 455 3429 496 sanam
3485 459 3586 498 non
3625 445 3799 504 habent

477 531 590 570 non
622 518 764 570 sunt
792 513 1156 582 admittendi,
1189 518 1247 568 et
1278 529 1449 568 nosse
1481 518 1534 568 te
1556 511 1872 577 credimus,
1906 516 1963 567 et
2014 529 2120 583 pro

475 603 822 660 auctoritate
852 603 1014 658 Sedis
1046 601 1373 674 apostolicis
1395 607 1451 657 te
1481 601 1798 657 informare
1847 618 1961 657 non
2022 602 2120 656 de-

474 710 778 767 negamus.
814 692 1068 748 Int'ames
1085 697 1280 748 autem
1295 708 1422 747 esse
1453 707 1552 747 eas
1570 705 1850 762 personas
1868 687 2121 746 dicimus

475 801 599 854 quae
633 800 734 855 pro
767 781 964 854 aliqua
995 781 1160 854 culpa
1195 786 1472 836 notantur
1505 780 1747 836 infamia
1777 781 1852 851 (6.
1877 797 1927 850 (ι.
1968 782 1992 834 1
2035 822 2048 847 ,
2070 788 2122 836 et

468 887 532 944 ιη
565 877 781 930 Decret.
807 875 913 931 luo.
947 873 1046 929 lib.
1080 873 1180 944 ιν),
1210 873 1266 926 id
1297 875 1384 926 est
1413 887 1618 926 omnes
1651 869 1751 941 qui
1789 868 2123 925 christiana:

471 963 619 1035 legis
642 981 907 1020 normam
932 962 1239 1032 adjiciunt,
1256 965 1312 1016 et
1336 963 1560 1016 statuta
1575 958 1972 1014 ecclesiastica
1984 975 2119 1014 con-

465 1059 778 1119 temnunt;
803 1051 1072 1108 similiter
1120 1051 1297 1119 fures,
1341 1046 1676 1118 sacrilegos,
1709 1051 1766 1100 et
1798 1061 2001 1100 omnes
2033 1061 2124 1098 ca-

472 1143 750 1218 pitalibus
790 1139 1139 1196 criminibus
1197 1137 1454 1193 irretitus
1485 1152 1500 1204 ;
1531 1133 1931 1207 sepulcrorum
1975 1149 2120 1206 quo-

475 1250 587 1307 que
617 1232 948 1299 violatores,
971 1233 1028 1284 et
1057 1225 1447 1297 apostolorum
1481 1230 1656 1296 atque
1712 1238 2118 1279 successorum

474 1339 700 1390 eorum,
719 1319 1197 1391 reliquorumque
1220 1316 1456 1371 Patrum
1479 1317 1702 1370 statuta
1725 1313 1976 1368 libenter
2003 1312 2122 1367 vio-

474 1413 685 1483 lantes,
716 1417 770 1466 et
799 1423 1002 1465 omnes
1034 1406 1134 1478 qui
1181 1406 1460 1461 adversus
1511 1407 1714 1459 Patres
1761 1401 2038 1472 (Anianus
2060 1401 2120 1456 in

475 1510 616 1560 sent.
639 1500 807 1556 Pauli
831 1498 962 1554 libri
980 1513 1019 1563 1,
1053 1499 1136 1552 tit.
1188 1511 1250 1562 ιι,
1281 1497 1450 1550 const.
1508 1508 1570 1558 ιι,
1612 1493 1702 1547 tit.
1763 1507 1952 1546 xxxix.
1988 1489 2116 1546 Cod.

477 1590 665 1647 Theod.
697 1592 1060 1660 )armantur,
1091 1584 1191 1658 qui
1223 1585 1280 1640 in
1312 1582 1473 1639 omni
1506 1582 1725 1636 mundo
1757 1579 1997 1636 infamia
2015 1595 2116 1636 no-

475 1683 696 1736 tantur.
729 1675 1011 1735 Similiter
1039 1678 1095 1730 et
1124 1673 1511 1741 incestuosos,
1535 1669 1883 1737 homicidas,
1916 1669 2114 1742 perju-

2234 523 2489 574 mentem
2520 521 2610 575 vel
2644 521 3028 592 intellectum,
3080 531 3181 581 aut
3223 527 3593 586 inobedientes
3618 542 3802 592 sancto-

2235 623 2363 662 rum
2396 609 2644 666 decretis
2675 611 2953 683 existunt,
2989 620 3088 670 aut
3129 617 3329 673 furiosi
3376 621 3800 681 manifestantur:

2233 693 2292 750 bi
2325 713 2528 754 omnes
2560 716 2663 755 nec
2693 702 2765 757 ad
2788 719 2987 758 sacros
3019 707 3236 776 gradus
3257 707 3461 763 debent
3487 711 3693 780 provehi
3721 729 3801 769 nec

2233 784 2350 852 isti,
2387 804 2492 843 nec
2524 787 2740 856 liberti,
2774 807 2964 863 neque
2986 796 3243 866 suspecti
3277 812 3416 864 ;nec
3445 803 3635 854 rectam
3664 802 3801 857 {idem

2227 873 2316 930 vel
2351 873 2586 948 dignam
2609 881 3110 937 conversationem
3135 900 3248 938 non
3273 883 3554 954 habentes,
3583 903 3801 946 summos

2231 966 2561 1021 sacerdotes
2592 973 2840 1038 possunt
2869 985 3164 1026 accusare.

2304 1053 2370 1107 Il.
2404 1054 2513 1109 Sed
2546 1061 2602 1110 et
2632 1057 2884 1128 qualiter
2913 1059 3341 1132 obedientia(S.
3387 1063 3530 1134 Greg.
3585 1067 3738 1136 Epist.
3765 1085 3805 1138 χ,

2235 1142 2331 1197 lib.
2358 1149 2432 1211 ιν)
2453 1144 2542 1199 vel
2581 1147 2902 1202 reverentia
2940 1149 3017 1204 sit
3056 1151 3383 1222 praepositis
3429 1154 3735 1225 exhibenda,
3760 1172 3812 1211 ex

2230 1232 2349 1286 tuis
2380 1250 2606 1304 quoque
2636 1236 2918 1305 subjectis
2950 1237 3074 1308 ipse
3115 1255 3228 1294 non
3261 1241 3526 1314 ambigis,
3566 1243 3623 1298 In
3649 1260 3745 1315 qua
3768 1262 3812 1300 re

2230 1321 2392 1376 valde
2421 1328 2478 1377 et
2509 1323 2668 1392 utile,
2702 1324 2752 1380 si
2781 1325 3033 1398 id,quod
3051 1327 3377 1401 disciplinae
3408 1331 3562 1404 vigor
3584 1333 3812 1405 imponit,

2230 1409 2390 1466 nullo
2420 1417 2680 1484 cogente,
2703 1413 3011 1471 humilitas
3027 1416 3324 1474 laudanda
3353 1421 3650 1476 servaverit
3675 1421 3812 1493 (Idem

2228 1500 2382 1570 epist.
2408 1515 2595 1567 χχχιν,
2625 1503 2873 1573 ejusdem
2930 1504 3107 1576 libri).
3164 1506 3544 1581 Omnipotens
3590 1509 3740 1582 Deus,
3771 1511 3817 1566 in

2228 1589 2399 1660 cujus
2420 1606 2598 1646 manu
2623 1596 2762 1648 sunt
2791 1594 3007 1665 omnia,
3032 1596 3105 1651 de
3126 1611 3243 1668 quo
3276 1598 3556 1670 scriptum
3585 1605 3700 1655 est:
3728 1601 3815 1657 Non

2226 1682 2302 1734 est
2354 1679 2644 1751 sapientia,
2692 1697 2801 1737 non
2843 1687 2924 1739 est
2995 1686 3292 1741 consilium
3344 1693 3534 1744 contra
3577 1689 3820 1746 Dominum

471 1785 589 1871 ros,
624 1764 1165 1871 raptores\100‘0n
1192 1763 1440 1835 (Proolus
1493 1761 1574 1871 (id
1627 1760 1898 1871 υοηξηιξῖη
1948 1759 2113 1871 "ad:
2143 1805 2192 1871 B
2227 1769 2407 1871 (Prpv.
2437 1770 2654 1841 xxvni),
2679 1770 2805 1842 ipse
2835 1776 2910 1842 te,
2943 1776 3217 1846 tuosque,
3271 1779 3330 1831 et
3382 1776 3574 1833 divina
3615 1783 3668 1833 et
3713 1795 3818 1850 apo-

471 1857 598 1913 coll.
631 1873 751 1928 cap.
783 1856 942 1925 χνιι),
975 1851 1292 1920 maleﬁcos,
1352 1850 1660 1920 veneficos,
1694 1848 2010 1918 adulteros,
2043 1848 2112 1904 de

468 1946 638 2003 bellis
664 1945 971 2018 fugientes,
995 1948 1052 1998 et
1078 1941 1174 2013 qui
1205 1940 1445 2012 indigna
1490 1940 1601 1996 sibi
1644 1942 1848 2011 petunt
1877 1937 2004 1993 loca
2022 1941 2111 1992 te-

470 2053 629 2101 nere,
656 2038 757 2089 aut
788 2032 1094 2088 facultates
1128 2031 1393 2086 Ecclesiaa
1424 2028 1776 2085 abstrahunt
1804 2027 2114 2098 injuste,et

469 2123 570 2195 qui
595 2125 861 2194 (Anianus
889 2123 952 2176 in
978 2127 1144 2176 consl.
1186 2136 1303 2174 vui.
1337 2120 1423 2174 tit.
1451 2133 1642 2187 χχχιχ,
1678 2116 1844 2172 libris
1873 2133 1931 2171 ιχ
1979 2115 2108 2172 Cod.

477 2213 922 2283 Theod.)fratres
961 2209 1400 2265 calumniantur
1438 2213 1538 2263 aut
1587 2211 1885 2272 accusant,
1911 2211 1965 2261 et
1999 2221 2112 2260 non

473 2303 724 2374 probant
750 2318 763 2368 ;
795 2299 884 2355 vel
915 2301 1015 2371 qui
1044 2305 1247 2354 contra
1277 2300 1616 2352 innocentes
1638 2295 1967 2368 principum
1990 2293 2113 2350 ani-

477 2406 602 2445 mos
634 2391 704 2445 ad
729 2388 1097 2444 iracundiam
1128 2387 1279 2457 (Cod.
1318 2386 1505 2441 Theod.
1544 2386 1640 2440 lib.
1699 2400 1776 2452 ιχ,
1805 2386 1892 2439 tit.
1917 2401 1956 2451 ι,
1991 2399 2110 2454 cap.

471 2496 549 2536 χι.
585 2479 752 2534 Hadr.
785 2475 910 2534 coll.
968 2475 1162 2548 xnvm)
1215 2479 1529 2547 provocant
1563 2501 1576 2541 ;
1607 2478 1664 2530 et
1711 2489 1915 2530 omnes
1973 2489 2114 2527 ana-

472 2568 902 2634 tbematizatos,
933 2564 1019 2622 vel
1052 2581 1155 2637 pro
1187 2563 1312 2620 suis
1365 2561 1683 2620 sceleribus
1732 2564 1804 2618 ab
1864 2560 2117 2617 Ecclesia

473 2659 697 2733 pulsos,
728 2666 785 2716 et
814 2675 1017 2714 omnes
1046 2673 1192 2728 quos
1212 2654 1922 2727 ecclesiasticaaMnianus,
1943 2661 2112 2708 const.

475 2766 558 2817 ιιι,
592 2752 676 2805 tit.
701 2766 887 2818 χχχιχ,
922 2746 1054 2803 libri
1086 2764 1161 2817 ιχ,
1196 2746 1318 2802 Cod.
1355 2746 1566 2818 Theod.)
1612 2743 1699 2800 vel
1767 2743 1963 2800 saeculi
2037 2743 2113 2799 le-

471 2855 573 2912 ges
604 2838 853 2893 infames
874 2835 1275 2910 pronuntiant.
1301 2833 1416 2890 Hos
1441 2852 1576 2890 vero
1618 2851 1732 2892 non
1767 2833 1956 2905 (Hadr.
1987 2834 2113 2889 coll.

472 2927 618 2999 cxxx)
643 2927 713 2982 ad
747 2943 942 2982 sacros
973 2925 1216 2981 Ordines
1247 2924 1380 2980 licet
1438 2941 1792 2996 promovere,
1851 2939 1955 2980 nec
1995 2940 2115 2979 ser-

477 3016 614 3072 vos'
645 3021 778 3071 ante
814 3014 1135 3088 legitimam
1172 3013 1522 3080 libertatem,
1583 3029 1686 3068 nec
1743 3013 2114 3085 poenitentes,

479 3121 580 3162 nec
607 3104 896 3178 bigamos,
930 3119 1035 3160 nec
1062 3119 1160 3159 eos
1188 3101 1289 3175 qui
1321 3103 1492 3158 curiis
1524 3101 1880 3170 deserviunt,
1898 3101 1984 3157 vel
2014 3101 2115 3174 qui

2222 1855 2438 1912 stolica:
2469 1857 2635 1913 Sedis
2663 1859 2934 1916 instituta
2952 1860 3178 1918 illibata
3195 1881 3450 1930 servare,
3479 1870 3535 1921 et
3561 1883 3659 1922 nos
3685 1871 3819 1938 atque

2221 1962 2424 2002 omnes
2455 1946 2656 2003 ﬁdeles
2702 1948 2776 2004 ad
2806 1950 3033 2020 potiora
3087 1968 3324 2025 semper
3379 1955 3755 2023 conscendere,
3778 1960 3822 2012 et

2223 2035 2293 2090 de
2324 2035 2416 2090 die
2447 2034 2505 2090 in
2537 2036 2689 2092 diem
2711 2036 3000 2095 deteriora
3027 2057 3250 2113 cavere,
3289 2047 3348 2099 et
3380 2043 3612 2100 meliora
3637 2062 3694 2100 ac
3738 2049 3820 2102 Deo

2223 2123 2435 2197 placita
2465 2126 2670 2180 sectari
2703 2132 2880 2200 atque
2909 2129 3189 2201 perficere
3219 2133 3522 2190 concedat.

2295 2213 2392 2267 IIl.
2425 2211 2784 2271 Vestimenta
2804 2233 2936 2272 vero
2967 2219 3602 2295 ecclesiastica,quibus
3622 2223 3821 2279 Domino

2225 2300 2613 2358 ministratur.
2649 2302 2964 2378 cultusque
2995 2307 3230 2366 divinus
3253 2311 3419 2366 omni
3445 2327 3575 2366 cum
3596 2311 3824 2368 honoriﬁ-

2222 2390 2410 2446 centia
2439 2392 2637 2447 100]
2674 2397 2732 2448 et
2762 2393 3066 2450 honestate
3097 2414 3132 2453 a
3162 2399 3569 2456 sacerdotibus
3598 2401 3828 2472 reliquis-

2223 2496 2338 2552 que
2368 2479 2637 2536 Ecclesie
2670 2481 2959 2540 ministris
2989 2483 3350 2558 celebratur,
3413 2493 3470 2545 et
3512 2494 3721 2546 sacrata
3755 2490 3829 2545 de.

2227 2570 2365 2624 bent
2395 2569 2612 2640 (3)esse
2626 2574 2684 2625 et
2712 2571 2979 2628 honesta.
3004 2574 3228 2639 Quibus
3261 2574 3397 2634 aliis
3427 2576 3484 2632 in
3509 2578 3826 2644 usibus,cum

2225 2657 2362 2726 Deo,
2387 2657 2630 2730 ejusque
2663 2659 2897 2716 servitio
2960 2669 3307 2719 consecrata
3357 2671 3415 2721 et
3445 2666 3694 2723 dedicata
3719 2667 3827 2731 sint,

2228 2763 2396 2802 nemo
2417 2747 2588 2802 debet
2617 2749 2729 2803 frui
2761 2767 2938 2821 quam
2969 2751 3392 2810 ecclesiasticis
3425 2760 3482 2810 et
3521 2756 3628 2811 Deo
3671 2755 3828 2826 dignis

2225 2835 2455 2891 ofﬁciis.
2490 2837 2623 2900 Quae
2655 2854 2757 2894 nec
2787 2839 2857 2894 ab
2890 2837 3019 2896 aliis
3051 2840 3268 2896 debent
3311 2844 3566 2917 contingi
3598 2849 3688 2899 aut
3715 2843 3823 2898 ferri

2227 2923 2337 2979 nisi
2366 2942 2400 2979 a
2429 2924 2672 2981 sacratis
2701 2923 3063 2994 hominibus,
3095 2944 3166 2983 ne
3206 2928 3360 2985 ultio
3399 2947 3526 3002 qua:
3568 2931 3827 2986 Baltbazar

2229 3028 2420 3084 regem
2455 3015 2764 3084 percussit,
2791 3031 2970 3086 super
2998 3015 3116 3072 haec
3165 3019 3662 3091 transgredientes
3691 3023 3738 3074 et
3762 3024 3826 3072 ta-

2228 3101 2308 3156 lia
2339 3107 2762 3173 praesumentes
2810 3104 3008 3160 veniat
3053 3103 3276 3174 divina,
3341 3113 3399 3162 et
3447 3123 3696 3164 corruere
3757 3122 3832 3162 eos

1915 3218 2118 3280 Variae
2147 3217 2468 3279 lectiones.

549 3310 570 3344 ⁸
595 3309 753 3365 Alias
785 3326 899 3364 non
932 3307 1169 3364 ordines
1203 3322 1307 3362 nec
1339 3323 1557 3364 servos.

1921 3385 2252 3450 Variorum
2296 3393 2483 3449 notae.

485 3498 614 3566 fuit,
647 3501 712 3551 ut
741 3501 898 3568 patet
930 3494 1242 3568 Canonibus
1258 3493 1634 3568 Apostolorum
1646 3494 1760 3568 χιιιί
1791 3498 1850 3549 et
1879 3493 2122 3568 quibus-
2155 3496 2197 3562 Ο

485 3563 620 3622 dam
666 3563 1071 3640 sequentibus.
1116 3566 1252 3621 Vide
1300 3563 1427 3636 quae
1480 3564 1560 3620 ibi
1606 3563 2121 3621 diximusCSnvsn.

490 3641 614 3694 Bm.

555 3711 633 3781 (3)
671 3710 1043 3765 Vestimenta"
1072 3749 1084 3761 .
1106 3750 1118 3762 .

481 3779 757 3836 stimenta
779 3781 997 3852 quibus
1019 3785 1265 3834 utuntur
1294 3779 1547 3834 ministri
1571 3779 1743 3852 sacri,
1779 3779 1947 3850 plura
1969 3795 2125 3834 com-

480 3851 827 3908 stituuntur.
861 3851 1145 3917 Primum,
1178 3857 1243 3922 ut
1263 3863 1455 3906 vestes
1512 3851 1728 3922 quibus
1770 3852 2124 3919 sacerdotes,

477 3924 730 3991 diaconi,
763 3923 1088 3995 reliquique
1104 3921 1368 3995 Ecclesia:
1403 3921 1656 3995 ministri
1688 3923 1836 3977 sacri
1862 3923 1919 3976 in
1952 3922 2126 3977 mini-

475 3996 671 4051 steriis
729 3991 912 4050 sacris
963 3991 1230 4058 utuntur,
1301 3994 1372 4048 ab
1424 3991 1543 4048 illis
1591 3995 1807 4064 quibus
1867 4010 2125 4048 commu-

475 4069 628 4122 niter
655 4067 1009 4134 induuntur,
1043 4068 1163 4120 sint
1195 4066 1505 4120 distincta).
1548 4065 1832 4128 Alterum,
1862 4081 1934 4119 ne
1991 4065 2126 4135 quis

477 4139 682 4194 iisdem
754 4147 920 4194 extra
995 4153 1224 4193 sacrum
1296 4137 1692 4191 ministerium
1762 4143 1960 4191 utatur
2036 4136 2125 4191 vel

1173 3715 1386 3763 sacrata
1435 3722 1549 3762 esse
1576 3707 1783 3762 debent.
1815 3709 1975 3762 Circa
2030 3721 2124 3762 ve~

477 4211 775 4266 induatur.
845 4211 1128 4274 Tertium,
1182 4207 1608 4280 utgordinarie
1670 4225 1767 4276 per
1818 4210 2124 4280 episcopa-

475 4282 614 4350 lem,
665 4285 749 4337 vel
773 4282 979 4336 saltem
1005 4278 1323 4336 sacerdotis
1355 4278 1605 4352 alicujus
1655 4296 1832 4352 super
1857 4278 1986 4334 ‘hac
2027 4278 2125 4334 ire-

478 4353 842 4425 privilegium
890 4353 1182 4425 habentis,
1211 4350 1874 4425 _benedictionemg'sint
1922 4367 2126 4425 conse-

477 4422 667 4491 cratis,
687 4422 871 4495 'juxta
901 4424 1076 4479 ritum
1107 4423 1194 4495 ab
1211 4422 1466 4495 Ecclesia
1479 4422 2124 4495 prescriptumrpuar-

477 4501 627 4561 tum,
662 4493 734 4550 ne
765 4513 798 4551 a
829 4495 993 4551 laicis
1043 4494 1381 4566 hominibus
1429 4499 1859 4566 contingantur.
1903 4493 2122 4566 Horum

475 4567 736 4638 quaedam
770 4567 842 4622 ab
878 4565 1349 4638 antecessoribus
1380 4565 1752 4638 pontiﬁcibus
1781 4565 2122 4638 constituta,

476 4634 586 4693 hoc
617 4638 846 4693 decreto
877 4640 1161 4692 duntaxat
1179 4635 1625 4692 confirmantur.
1646 4634 1792 4692 Nam
1814 4637 2125 4692 Anacletus

427 4749 429 4752 ‹
477 4726 647 4780 papa,
680 4709 991 4764 Clementis
1015 4723 1336 4774 successor,
1361 4709 1551 4778 prima
1579 4706 1856 4764 decretali
1879 4707 2124 4778 epistola

517 4797 597 4836 asc
629 4781 746 4836 ait:
780 4782 1068 4850 Episcopus
1105 4781 1386 4834 ministros
1449 4795 1632 4834 secum
1697 4782 1894 4835 habeat
1948 4780 2122 4834 sacris

2240 3492 2322 3565 uti
2345 3493 2621 3565 oportuit.
2645 3492 2777 3556 Quae
2809 3510 2942 3550 vero
2974 3493 3304 3565 primorum
3356 3495 3693 3552 seculorum
3719 3495 3835 3550 Pon-

2240 3510 2322 3547 ιιιι
2345 3510 2621 3618 οὲοιιιυιῑ.
2645 3510 2777 3556 uuae
2809 3510 2942 3550 vero
2974 3510 3304 3565 primorum
3356 3510 3693 3552 secutorum
3721 3510 3835 3550 ron-

2238 3563 2377 3646 tiﬁci
2427 3582 2495 3646 us
2527 3565 2864 3646 auctoribus
2888 3567 3558 3646 recteconstitutasunt,
3583 3584 3687 3622 non
3703 3565 3836 3646 modo

2238 3636 2659 3708 posterioribus
2684 3637 2860 3705 hisce,
2887 3638 2987 3692 sed
3010 3636 3187 3692 etiam
3212 3639 3608 3695 anteriorihus
3635 3636 3836 3700 suculis,

2239 3710 2471 3782 recepta
2501 3708 2680 3782 fuisse
2710 3713 2958 3782 testatur
3003 3708 3398 3782 Hieronymus
3456 3710 3515 3765 in
3573 3711 3838 3782 capiteruv

2237 3780 2464 3842 Ezech.,
2495 3779 2596 3833 ubi
2619 3779 2762 3834 dicit
2795 3796 2807 3835 :
2843 3780 3049 3850 Religio
3106 3779 3312 3836 divina
3354 3783 3591 3837 alterum
3638 3779 3837 3835 habitum

2235 3850 2396 3924 liabet
2416 3851 2836 3924 in_mmisterio,
2866 3852 3105 3924 alterum
3135 3853 3198 3906 in
3225 3869 3337 3908 usu
3358 3856 3576 3924 vitaque
3591 3851 3834 3908 comunt.

2237 3922 2380 3977 Item
2396 3922 2645 3997 epistola
2667 3939 2730 3976 ιιι
2760 3924 2831 3977 ad
2862 3923 3258 3997 Heliodorum,
3284 3927 3464 3981 refert
3483 3922 3834 3997 Nepotianum.

2237 3993 2411 4048 morti
2445 3993 2724 4056 vicinum,
2785 3994 3074 4050 avunculo
3132 3994 3359 4051 dixisse
3394 4014 3406 4051 :
3442 3993 3590 4052 Hane
3642 3995 3835 4050 tunicam

2235 4081 2342 4134 qua
2370 4064 2564 4119 utebar
2605 4066 2664 4119 in
2687 4066 2992 4120 ministerio
3045 4065 3277 4136 Christi,
3343 4069 3500 4123 mitte
3544 4066 3837 4122 dilectissinw

2233 4137 2376 4190 mihi
2405 4140 2572 4191 actate
2596 4138 2762 4207 patri,
2787 4139 2972 4206 fratri,
3016 4138 3263 4206 collega,
3327 4145 3464 4206 etc.;
3509 4138 3604 4192 ubi
3642 4137 3834 4207 Mariae.

2237 4207 2520 4281 Victorius
2553 4206 2770 4264 vestem
2795 4209 2955 4281 illam
2979 4208 3247 4281 casulam
3280 4210 3374 4266 vel
3407 4211 3686 4281 planetam
3700 4206 3838 4281 fuisse

2235 4277 2677 4352 interpretatur.
2740 4280 3052 4352 Similiter
3133 4276 3614 4352 Chrysostomus,
3676 4276 3835 4334 bomil.

2235 4366 2444 4404 Lxxxm
2494 4351 2551 4404 in
2595 4351 2807 4420 Matth.,
2867 4352 3115 4407 vestium
3171 4351 3478 4408 sacrarum
3535 4352 3837 4408 mentionem

2237 4421 2409 4496 facit:
2444 4426 2502 4476 et
2531 4421 2591 4476 in
2624 4422 2863 4494 liturgia
2895 4423 3063 4496 ponit
3086 4424 3410 4496 orationes,
3445 4441 3601 4496 quas”
3620 4421 3745 4478 dicit
3769 4437 3837 4474 sa-

2235 4493 2442 4548 cerdoe
2454 4508 2588 4547 cum
2603 4493 2802 4549 sacras
2829 4493 3020 4550 vestes
3049 4493 3265 4549 induit.
3290 4493 3550 4551 Joannes
3574 4495 3834 4552 Diaconos,

2236 4563 2338 4618 lib.
2374 4563 2584 4646 invitas
2608 4567 2885 4646 Gregorii,
2909 4583 3036 4638 cap.
3057 4567 3152 4646 5.7,
3209 4569 3392 4646 refert
3411 4567 3734 4646 Gregorium
3763 4578 3835 4646 ρξ’

2235 4652 2391 4706 pam,
2425 4635 2576 4690 inter
2625 4636 2739 4710 alia
2770 4638 2958 4710 dona,
2984 4635 3258 4710 '_mi_sisse
3305 4639 3368 4694 in
3408 4635 3672 4710 Angliam
3699 4635 3836 4710 vesti-

2233 4705 2433 4761 menta
2463 4708 2847 4763 sacerdotalia
2877 4705 2953 4764 et'
2976 4707 3294 4764 clericalia.
3328 4705 3728 4773 Theodoretus,
3755 4705 3834 4759 lib.

2233 4795 2273 4832 ιι
2315 4779 2471 4844 Hist.,
2505 4795 2634 4850 cap.
2663 4780 2778 4846 27.,
2813 4780 3083 4835 meminit
3132 4781 3449 4850 cujusdam
3488 4781 3655 4837 vestis
3695 4791 3835 4850 sacra!

474 4853 690 4932 indutos
713 4847 1073 4932 pestimenlis,
1105 4856 1290 4932 Soter,
1319 4865 1424 4904 nec
1464 4867 1515 4932 .a
1549 4850 1737 4921 laicis,
1767 4851 2121 4932 etiarnsi'sa-
2155 4868 2201 4932 ι)
2233 4865 2410 4932 quam
2437 4847 2858 4932 gonstantinus
2880 4851 3127 4932 piscaria
3173 4847 3457 4932 episcopo
3477 4852 3655 4932 _m_isit.
3707 4847 3836 4904 Adde

473 4929 643 4980 cratis
674 4924 926 4996 virgines
960 4925 1096 4988 sint,
1131 4922 1950 4996 contingantur,Aconstituit,
1977 4921 2121 4996 Vide

473 5014 601 5068 quia
633 4992 889 5051 diximus
921 4995 978 5050 in
1025 4992 1178 5048 notis
1237 4994 1307 5047 ad
1359 4992 1552 5068 Vitam
1585 4993 1733 5048 Sixti
1787 4999 1844 5048 et
1879 4995 2119 5068 Soteris.

474 5063 602 5124 Hmc
634 5072 826 5124 autem
861 5069 1006 5123 bene
1035 5071 1092 5121 et
1130 5070 1282 5120 recte
1313 5063 1630 5118 constituta
1662 5081 1790 5119 esse
1843 5066 2124 5135 probatur

473 5139 736 5213 exemplo
764 5137 987 5213 Veteris
1004 5135 1378 5213 Testamenti,
1417 5135 1478 5213 in
1537 5150 1657 5213 quo
1709 5138 1855 5191 Deus
1887 5136 2123 5213 propria

472 5218 530 5266 et
554 5207 758 5267 sancta
802 5211 1148 5266 vestimenta
1197 5207 1476 5272 instituit,
1519 5207 1734 5276 quibus
1790 5209 2120 5262 sacerdotes

472 5290 530 5338 et
555 5284 811 5338 ministri
849 5282 944 5338 Uei
976 5283 1032 5336 in
1057 5279 1275 5350 templo
1305 5284 1363 5332 et
1385 5278 1684 5332 sacriﬁciis
1721 5279 1945 5334 Domini
1987 5284 2120 5334 ute-

472 5358 693 5422 rentur,
727 5359 792 5409 ut
812 5359 1039 5409 constat
1063 5351 1237 5407 Exodi
1283 5367 1409 5421 cap.
1442 5366 1655 5422 xxvm,
1694 5350 1878 5422 Multo
1927 5351 2116 5422 magis

470 5420 685 5495 igitur,
701 5431 765 5480 ut
790 5431 940 5481 recte
961 5423 1186 5495 colligit
1207 5420 2113 5495 IvoCarnotensisrepist.cxxiv,

470 5491 525 5549 in
557 5491 682 5566 lege
715 5513 861 5551 nova
888 5491 1218 5552 sacerdotes
1246 5494 1319 5566 ad
1343 5493 1601 5547 divinum
1643 5491 1865 5566 cultum
1890 5509 1954 5547 ac
2003 5494 2114 5548 mi-

468 5565 777 5650 nisterium
799 5574 956 5650 recte
967 5565 1452 5650 peragendum,et
1471 5565 1800 5650 praesertim.
1812 5566 1883 5619 ad
1901 5581 2113 5650 corpus

467 5641 525 5695 et
547 5637 894 5709 sanguinem
917 5635 1148 5694 Domini
1159 5635 1623 5693 consecrandum
1654 5637 1836 5693 sacris
1849 5635 2113 5693 vestibus

2235 4922 2411 4993 quod,
2436 4920 2582 4976 libro
2616 4939 2633 4976 ι
2663 4932 2852 4978 contra
2875 4925 3181 4993 Pelagium,
3215 4920 3447 4979 'scrib'it
3477 4924 3834 4993 Hieronymus,

2231 4992 2532 5067 episcops,
2558 4995 2924 5067 presbyteros
2954 4992 3421 5067 at’queuomnem
3461 4992 3746 5067 clerumgin
3771 5005 3836 5067 sa-

2233 5059 2976 5137 criﬁcii'administ'ratione
3006 5059 3273 5121 candidis
3305 5067 3566 5122 vestibus
3613 5065 3688 5119 uti
3724 5059 3836 5137 soli;

2229 5138 2321 5208 tos
2354 5136 2553 5190 fuisse.
2567 5137 2766 5208 Itaque
2787 5137 2894 5193 hoc
2927 5139 2997 5194 de
3011 5137 3192 5193 sacris
3213 5139 3581 5194 vestimentis
3599 5132 3836 5208 Stephani

2229 5205 2686 5282 decretum,n_on‘
2699 5213 2927 5282 tantum
2948 5210 3018 5264 ab
3035 5210 3161 5281 ipso
3181 5209 3492 5282 ipsiusque
3524 5205 3833 5282 quibusdam

2227 5280 2697 5352 antecessoribus
2731 5281 2876 5336 bene
2904 5298 2970 5336 ac
3001 5280 3416 5337 cOnvenienter
3437 5280 3830 5352 promulgatum

2228 5355 2334 5414 est,
2368 5352 2467 5436 sed
2499 5351 2678 5436 etiam
2710 5358 2832 5436 toto
2864 5368 3007 5436 pene
3057 5361 3346 5436 terrarum
3406 5347 3569 5436 o'rbe_
3593 5347 3829 5407 omnibus

2227 5420 2456 5498 saeculis
2479 5427 2773 5498 receptum
2807 5420 2935 5498 fuit,
2963 5440 3028 5479 ac
3056 5424 3304 5498 proinde
3335 5423 3660 5498 eorumdem
3687 5431 3823 5498 ιιξρξ.

2227 5493 2391 5562 quasi
2423 5490 2762 5550 indifferens
2794 5495 2869 5550 sit
2911 5512 3025 5550 non
3057 5490 3171 5550 nisi
3230 5495 3306 5550 ab
3357 5495 3631 5550 haereticis
3668 5490 3826 5560 rejici-

2224 5568 2321 5618 tur
2338 5564 2430 5620 vel
2460 5564 2632 5637 plane
2662 5565 2999 5640 negligitur.
3023 5567 3284 5623 Smam.
3310 5569 3438 5622 Bm.
