4098 6178
403 355 558 414 1039
1422 352 1489 412 S.
1532 351 1927 412 STEPHANI
1969 350 2017 408 P

2108 351 2202 410 ’ΔΞ
2244 350 2345 409 ΕΤ
2388 350 2796 411 MARTYRIS
3599 358 3726 419 1040

398 487 460 539 in
493 486 644 540 Decr.
685 485 1038 554 Telesophori
1065 493 1118 540 et
1161 485 1320 556 Julii)
1362 501 1495 539 vero
1545 489 1602 540 et
1643 483 2046 540 accusationes
2078 486 2132 552 Α
2163 499 2370 554 porum
2402 483 2652 554 negotia,
2686 483 2846 539 salva
2875 483 2935 537 in
2967 483 3238 539 omnibus
3257 483 3544 551 apostolica
3564 495 3727 544 aucto-

399 591 546 644 quas
577 573 770 629 seaculi
805 574 960 646 leges
982 592 1096 629 non
1123 573 1495 645 recipiunt,et
1522 579 1920 628 antecessores
1943 589 2045 626 no-
2157 571 2348 639 ritate,
2382 576 2438 626 et
2467 574 2717 643 majores
2751 589 2963 637 causae,
3008 578 3136 642 post
3185 573 3531 644 apostolicam
3557 577 3727 632 Sedem

396 663 501 717 stri
536 663 982 734 prohibuerunt,
1005 667 1061 718 et
1082 679 1188 717 nos
1209 660 1866 720 submovemus.Nullus
1888 662 2043 716 enim
2156 665 2295 714 sunt
2318 661 2649 715 referendae.
2675 661 2744 714 Et
2768 661 2921 729 licet,
2947 660 3220 734 Apostolo
3245 661 3553 732 prohibente
3570 665 3606 732 (Ι
3630 665 3727 720 Cor.

398 733 690 824 alienigna
718 760 818 806 aut
846 757 1151 807 accusator
1181 767 1384 806 eorum
1428 751 1530 806 ﬁat
1560 755 1661 806 aut
1709 751 1886 821 judex
1945 750 2042 820 (5).
2153 750 2257 820 v1),
2307 750 2458 804 inter
2509 750 2872 806 Christianos
2928 767 3040 805 non
3099 733 3340 805 debeant
3393 751 3734 810 accusationes

398 838 561 895 Unde
592 844 648 893 et
704 841 776 895 de
807 840 952 896 Loth
983 840 1268 910 scriptum
1299 844 1422 895 est:
1458 843 1746 910 Ingressus
1776 855 1832 894 es
1859 843 1920 893 ut
1947 837 2044 892 ad-
2157 838 2427 908 exerceri,
2463 839 2563 893 sed
2595 839 2646 893 si
2697 839 2992 911 prohiberi
3027 856 3139 894 non
3170 840 3428 910 poterint,
3459 843 3734 896 accusatio-

398 944 554 997 vena,
585 929 854 1001 numquid
877 936 939 984 ut
955 929 1159 999 iudices
1189 927 1342 1000 (Gen.
1375 928 1492 1000 xxx)
1511 928 1540 982 ‘P
1588 932 1906 983 Accusator
1936 944 2045 981 au-
2157 943 2259 982 nes
2289 927 2692 998 episcoporum
2713 929 2786 982 ad
2812 932 3163 984 memoratos
3190 929 3456 998 primates
3477 929 3661 983 debent
3678 931 3735 985 ab

398 1021 517 1072 tem
545 1023 877 1074 vestrorum
912 1016 1110 1072 nullus
1141 1018 1218 1072 sit
1262 1034 1466 1072 servus
1498 1017 1683 1086 (Hadr.
1715 1016 1840 1072 colt.
1873 1017 2045 1070 variis
2155 1016 2595 1072 accusatoribus
2626 1017 2858 1085 deferri,
2883 1017 3241 1072 studendum
3263 1023 3347 1072 est
3361 1022 3537 1072 tamen
3558 1018 3740 1088 episco-

396 1111 543 1176 cnp.)
580 1110 682 1160 aut
709 1104 977 1174 libertus,
1026 1105 1307 1178 nullaque
1355 1111 1631 1178 suspecta
1668 1122 1919 1178 persona
1946 1109 2048 1159 aut
2155 1104 2268 1175 pis,
2295 1107 2358 1158 ut
2388 1103 2742 1160 dissidentes
2768 1105 2973 1160 fratres
2994 1104 3182 1177 magis
3203 1105 3271 1159 ad
3300 1120 3481 1175 pacem
3506 1121 3658 1176 quam
3678 1107 3737 1160 ad

398 1194 658 1249 infamis.
693 1193 1068 1266 Repellantur
1115 1194 1286 1249 etiam
1335 1193 1736 1249 cohabitantes
1765 1193 2043 1255 inimicis,
2147 1192 2443 1263 judicium
2477 1197 2854 1248 coerceantur
2886 1194 2928 1227 ¹⁴
2958 1194 3150 1264 (Cone.
3187 1192 3363 1247 Carth.
3397 1210 3465 1262 ιν,
3517 1209 3618 1264 cap.
3645 1195 3736 1263 26).

399 1287 455 1338 et
484 1299 688 1338 omnes
717 1282 888 1350 laici;
922 1282 1060 1354 quia
1093 1282 1522 1339 infestationem
1551 1281 1928 1353 blasphemiae
1961 1282 2044 1336 af-
2224 1281 2345 1336 νη.
2381 1281 2699 1354 Episcopus
2731 1283 2918 1353 (Hadr.
2951 1281 3082 1336 coll.
3141 1283 3231 1349 25,
3287 1282 3372 1352 27)
3401 1285 3577 1336 autem
3605 1280 3741 1336 aliter

399 1371 569 1426 fectio
600 1370 867 1426 amicitiae
890 1371 1131 1427 incitare
1162 1371 1328 1427 solet.
1359 1372 1474 1427 Nec
1497 1371 1583 1426 illi
1615 1372 1673 1425 in
1695 1375 1887 1426 vestra
1907 1373 2046 1425 sunt
2154 1385 2269 1424 non
2300 1370 2471 1424 debet
2501 1371 2689 1425 audiri
2713 1370 3101 1440 autjudicari,
3126 1371 3236 1424 nisi
3260 1370 3317 1423 in
3350 1369 3628 1440 praesentia
3646 1386 3741 1423 om-

399 1458 761 1531 suscipiendi
787 1459 1160 1516 accusatione
1190 1460 1290 1531 qui
1321 1477 1424 1516 vos
1455 1461 1515 1515 in
1548 1477 1658 1516 sua
1679 1459 1884 1515 volunt
1907 1459 2048 1514 reci-
2154 1459 2318 1512 nium
2351 1458 3021 1530 comprovincialium,et
3043 1459 3114 1513 ab
3141 1458 3407 1513 omnibus
3429 1458 3742 1528 comprovin-

400 1565 534 1620 pere
564 1547 960 1604 infamatione.
992 1549 1202 1605 Nullus
1225 1551 1246 1584 θ
1270 1550 1583 1604 anathema
1614 1551 1658 1584 ¹⁰
1686 1548 2048 1620 suscipiatur
2155 1547 2357 1603 1005
2395 1546 2642 1602 cialibus
2674 1546 3306 1618 episcopis,quia,ipsis
3327 1547 3747 1610 absentibus,nec

397 1638 455 1708 (2
481 1655 532 1710 q.
563 1638 618 1691 2.
652 1637 853 1694 Nullus
874 1638 1525 1709 Anathematizatorum),
1547 1654 1651 1694 nec
1682 1655 1717 1692 a
1746 1653 2044 1709 quoquam
2157 1635 2328 1690 debet
2359 1651 2465 1690 nec
2496 1641 2710 1706 potest.
2745 1636 2877 1698 Quae
2909 1651 3044 1690 vero
3089 1652 3347 1706 personae
3377 1635 3443 1689 ad
3473 1636 3746 1690 accusatio-

396 1726 710 1781 credantur
738 1743 867 1797 quae
896 1727 969 1782 ab
999 1725 1084 1782 eis
1113 1725 1201 1781 vel
1233 1727 1531 1795 dicuntur,
1553 1726 1640 1782 vel
1671 1725 2052 1782 conscribun-
2159 1740 2289 1778 nem
2322 1740 2524 1779 eorum
2557 1742 2672 1779 non
2726 1729 2867 1779 sunt
2915 1724 3309 1791 admittendis,
3341 1729 3396 1780 et
3431 1723 3672 1795 superius
3696 1739 3751 1778 ex

396 1817 512 1869 tur.
2077 1855 2124 1920 Β
2159 1816 2320 1884 parte
2343 1813 2468 1883 jam
2499 1812 2724 1867 dictum
2747 1816 2856 1880 est,
2881 1816 2934 1868 et
2956 1811 3135 1868 latius
3159 1817 3278 1868 tam
3300 1812 3356 1867 hi
3379 1828 3539 1883 quam
3561 1816 3611 1867 et
3627 1811 3748 1865 infa-

468 1903 696 1958 1004.
731 1902 792 1958 V.
825 1903 934 1959 Eos
965 1919 1196 1975 quoque
1217 1903 1344 1959 dico
1367 1902 1893 1959 anathematizatos
1918 1917 2047 1958 esse
2077 1899 2124 1920 ”
2159 1917 2284 1956 mes
2315 1918 2597 1972 personae,
2648 1901 2708 1956 in
2769 1901 3015 1973 epistola
3046 1919 3223 1974 quam
3257 1902 3471 1956 dudum
3503 1899 3691 1956 Hilario
3718 1899 3751 1935 ¹⁸

394 2007 538 2062 quos
568 1991 826 2064 episcopi
858 1991 984 2047 suis
1014 1992 1248 2064 scriptis
1282 1992 2050 2059 anathematizaverunt,aut
2160 1990 2448 2056 misimus,
2485 1995 2624 2045 sunt
2650 1996 3070 2046 annumerataa.

395 2096 594 2136 eorum
626 2084 849 2136 statuta
878 2081 1392 2136 anathematizant.
1424 2081 1529 2136 Per
1559 2082 1778 2152 scripta
1809 2085 1882 2149 (2.
1915 2098 1966 2152 q.
1990 2080 2046 2152 8)
2230 2080 2378 2134 VIII.
2413 2078 2577 2134 Ultra
2607 2079 2918 2150 provinciae
2950 2081 3024 2150 (3,
3077 2097 3129 2150 q.
3181 2082 3234 2149 6,
3290 2081 3441 2136 Ultra
3464 2077 3753 2150 provincia;

396 2169 552 2226 enim
588 2168 787 2224 nullus
821 2175 1124 2224 accusator
1173 2171 1212 2206 ¹¹
1272 2170 1648 2241 suscipiatur,
1684 2171 1782 2225 sed
1815 2169 2049 2241 propria
2156 2172 2211 2222 et
2241 2170 2296 2222 in
2330 2173 2490 2223 Decr.
2524 2171 2679 2224 Joan.
2726 2170 2821 2224 lib.
2871 2170 2947 2240 ιν)
2995 2186 3126 2224 vero
3179 2169 3455 2224 terminos
3485 2166 3751 2222 accusandi

394 2249 533 2313 voce
563 2257 613 2313 si
642 2256 903 2329 legitima
950 2263 1008 2314 et
1064 2259 1354 2330 condigna
1410 2259 1767 2314 accusatoris
1799 2274 2048 2330 persona
2155 2256 2393 2312 licentia
2422 2274 2536 2312 non
2570 2257 2996 2329 progrediatur,
3031 2258 3130 2313 sed
3172 2259 3362 2313 omnis
3393 2257 3656 2312 accusatio
3681 2255 3750 2308 in-

397 2345 592 2414 fuerit,
627 2350 908 2418 praasente
932 2346 1196 2402 videlicet
1217 2364 1304 2412 eo,
1329 2363 1503 2418 quem
1527 2363 1804 2403 accusare
1824 2347 2048 2402 deside-
2155 2353 2244 2400 ter
2291 2346 2648 2418 provinciam
2693 2347 2986 2412 audiatur,
3039 2352 3096 2402 et
3144 2364 3178 2401 a
3222 2345 3753 2418 comprovincialibus

396 2439 509 2501 rat,
543 2435 682 2506 quia
712 2433 913 2490 nullus
971 2435 1184 2491 absens
1240 2440 1342 2491 aut
1397 2437 1659 2492 accusari
1717 2440 1908 2507 potest
1943 2439 2047 2491 aut
2156 2434 2642 2503 terminetur,nisi
2664 2436 2735 2490 ad
2755 2435 3136 2506 apostolicam
3156 2437 3365 2491 Sedem
3385 2434 3753 2490 fuerittantum

396 2539 692 2579 accusare.
724 2521 936 2578 Nullus
956 2528 1155 2579 tamen
1178 2523 1400 2596 prafati
1421 2523 1644 2580 ordinis
1665 2525 1754 2579 vir
1782 2525 2045 2580 accusari
2157 2523 2538 2596 appellatum.
2567 2525 2637 2579 Et
2667 2526 2937 2597 neganda
2966 2525 3036 2595 (3.
3084 2543 3138 2596 q.
3194 2525 3278 2591 ti,
3326 2525 3573 2593 Neganda
3598 2526 3662 2577 cst
3683 2541 3694 2588 ;
3719 2527 3756 2576 et

397 2615 589 2682 potest
642 2612 880 2682 (Hincm.
939 2628 1060 2683 cap.
1117 2613 1201 2680 15,
1261 2613 1357 2668 tib.
1419 2613 1527 2684 Lv),
1562 2617 1664 2668 aut
1694 2615 2046 2685 respondere
2156 2613 2216 2665 in
2245 2613 2638 2669 Decret.Joan.
2675 2613 2771 2668 lib.
2815 2615 2893 2683 1v)
2943 2617 3036 2668 est
3082 2613 3373 2668 accusatis
3423 2612 3636 2667 licentia
3662 2609 3755 2663 cri-

396 2700 520 2756 suis
553 2699 992 2756 accusatoribus
1045 2700 1216 2756 debet
1263 2703 1608 2772 priusquam
1643 2700 1984 2772 regulariter
2015 2721 2048 2758 a
2159 2701 2442 2766 minandi,
2472 2702 2635 2772 prius
2667 2718 2844 2773 quam
2878 2719 2938 2756 se
2969 2703 3239 2765 crimine,
3273 2719 3388 2773 quo
3437 2704 3754 2774 premuntur,

397 2805 503 2844 suo
533 2789 787 2861 primate
814 2793 1056 2845 vocatus
1111 2789 1208 2855 sit,
1267 2789 1580 2862 locumque
1611 2791 1960 2846 defendendi
1991 2796 2048 2846 et
2156 2790 2420 2845 exuerint
2451 2790 2613 2862 (Vide
2643 2790 2768 2846 Cod.
2810 2790 3005 2846 Theod.
3049 2791 3149 2846 lib.
3186 2809 3263 2859 Ix,
3295 2799 3459 2847 const.
3497 2791 3573 2853 10,
3601 2790 3672 2854 11,
3703 2788 3754 2840 12

325 2933 328 2936 .
394 2876 726 2948 inquirendi
763 2878 808 2912 ¹²
841 2876 1090 2949 accipiat
1119 2877 1190 2932 ad
1223 2876 1515 2933 abluenda
1539 2879 1804 2934 crimina.
2155 2879 2430 2934 Anianum
2478 2881 2864 2951 interpretem;
2927 2880 3090 2934 Hadr.
3143 2880 3333 2952 0011.);
3395 2880 3526 2951 quia
3555 2894 3653 2933 non
3690 2879 3758 2930 est

467 2965 557 3020 VI.
589 2964 747 3020 Nulli
777 2966 950 3037 (Idem
979 2981 1148 3037 supra
1173 2968 1232 3020 in
1263 2967 1417 3022 Decr.
1449 2968 1664 3022 Aniceti
1687 2967 1867 3039 papae)
1888 2967 2044 3022 enim
2157 2969 2511 3024 credendum
2571 2973 2772 3024 contra
2829 2968 2977 3024 alios
3024 2985 3226 3024 eorum
3285 2967 3634 3028 confessioni,
3679 2962 3756 3034 qui

396 3054 831 3126 metropolitani
863 3059 968 3110 aut
997 3053 1095 3109 alii
1139 3054 1395 3126 episcopi
1428 3055 1793 3126 appellentur
1823 3055 2043 3128 prima-
2155 3057 2501 3112 criminibus
2535 3057 2812 3128 implicati
2842 3062 3000 3123 sunt,
3023 3058 3136 3112 nisi
3160 3074 3223 3113 se
3246 3059 3408 3130 prius
3439 3053 3760 3128 prohaverint

395 3145 505 3210 tes,
552 3143 652 3213 (6),
710 3142 824 3199 nisi
877 3142 937 3196 hi
994 3143 1096 3214 qui
1149 3143 1370 3214 primas
1424 3145 1592 3200 sedes
1623 3149 1822 3200 tenent
1850 3145 2041 3216 (Hadr.
2156 3147 2514 3215 innocentes,
2575 3145 2853 3216 quoniam
2914 3145 3243 3217 periculosa
3301 3151 3424 3212 est;
3484 3150 3537 3199 et
3566 3139 3755 3196 admitti

396 3231 520 3286 coll.
553 3232 647 3303 25)
677 3237 734 3286 et
763 3248 1014 3304 quorum
1047 3231 1308 3287 civitates
1339 3233 1563 3303 antiqui
1616 3233 1894 3302 primates
1915 3249 2042 3288 esse
2073 3221 2114 3287 C
2155 3251 2266 3288 non
2301 3234 2471 3288 debet
2502 3233 2582 3288 rei
2613 3235 2892 3289 adversus
2914 3251 3353 3306 quamcumque
3375 3231 3655 3306 professio.
3677 3229 3757 3282 Fa-

395 3324 770 3376 censuerunt.
805 3319 1034 3392 Reliqui
1063 3336 1219 3386 vero,
1250 3320 1349 3393 qui
1381 3326 1621 3376 caeteras
1647 3321 2043 3393 metropolita-
2157 3322 2412 3378 miliares
2444 3340 2576 3380 vero
2626 3328 2684 3378 et
2730 3329 2934 3395 sponte
2985 3323 3240 3379 confessi
3292 3330 3462 3394 atque
3489 3319 3758 3376 sceleribus

396 3425 502 3465 nas
533 3409 796 3466 civitates
828 3409 1021 3482 adepti
1077 3413 1236 3477 sunt,
1298 3426 1414 3464 non
1472 3409 1774 3481 primates,
1809 3411 1909 3465 sed
1941 3414 2044 3465 aut
2157 3411 2386 3480 irretiti,
2422 3428 2530 3466 non
2567 3412 2778 3466 debent
2808 3412 3058 3478 admitti,
3096 3429 3204 3467 nec
3253 3413 3314 3467 hi
3372 3411 3468 3484 qui
3499 3409 3570 3480 (S.
3600 3405 3758 3462 Ambr.

395 3497 841 3570 archiepiscopi,
873 3502 974 3553 aut
1022 3496 1456 3568 metropolitani
1503 3503 1804 3553 vocentur.
1861 3498 2045 3554 Urbes
2156 3502 2312 3571 epist.
2347 3503 2490 3569 Lx1v)
2526 3499 2799 3556 hesterna
2829 3499 2944 3568 die,
2996 3506 3098 3555 aut
3143 3501 3354 3572 pridie,
3388 3505 3484 3556 aut
3512 3503 3634 3554 ante
3662 3495 3757 3548 fue-

395 3587 550 3656 (Dist.
580 3587 671 3658 90,
707 3588 889 3655 Urbes,
921 3587 1017 3642 sed
1042 3587 1144 3642 sub
1170 3588 1393 3642 nomine
1420 3587 1591 3653 Lucii,
1622 3603 1736 3644 non
1759 3585 2045 3659 Stephani)
2155 3594 2293 3644 runt
2321 3589 2569 3644 inimici.

393 3675 550 3730 enim
590 3679 647 3731 et
693 3674 820 3731 loca
867 3675 1082 3748 quibus
1139 3676 1418 3747 primates
1477 3677 1786 3748 prasidere
1834 3677 2046 3733 debent
2227 3677 2317 3732 1X.
2352 3676 2606 3732 Clericus
2636 3693 2772 3748 ergo
2804 3677 2905 3748 qui
2936 3677 3279 3750 episcopum
3317 3679 3390 3747 (3,
3419 3693 3468 3748 q.
3501 3674 3761 3739 4,Clericus

395 3780 510 3818 non
544 3781 579 3819 a
610 3764 928 3832 modernis,
951 3765 1052 3820 sed
1076 3764 1253 3820 etiam
1281 3765 1325 3800 ¹⁸
1346 3764 1548 3820 multis
1570 3770 1706 3822 ante
1728 3766 2040 3822 adventum
2153 3767 2248 3838 qui
2266 3765 2592 3838 episcopum)
2617 3781 2788 3821 suum
2810 3767 3299 3836 accusaverit,aut
3321 3767 3370 3822 ei
3393 3763 3675 3820 insidiator
3693 3775 3763 3815 ex-

391 3851 606 3908 Christi
653 3857 795 3908 sunt
847 3857 1080 3910 statutis
1164 3854 1551 3926 temporibus,
1613 3871 1863 3926 quorum
1923 3855 2040 3926 pri-
2150 3855 2475 3926 titerit,non
2497 3860 2586 3910 est
2608 3854 3411 3926 recipiendus,quiainfamis
3434 3852 3760 3910 effectusest,

391 3946 598 4009 metes,
632 3942 811 3998 etiam
870 3942 1119 4015 gentiles
1178 3945 1269 4015 (7),
1330 3960 1434 4015 pro
1493 3943 1817 4014 majoribus
1864 3944 2039 4000 etiam
2150 3944 2460 4015 etagradu
2481 3945 2652 3998 debet
2672 3943 3068 4012 recedere,aut
3089 3944 3260 3999 curia
3287 3943 3436 3998 tradi
3459 3941 3759 3997 serviturus.

388 4032 635 4104 negotiis
664 4031 1057 4104 appellabant.
1120 4037 1183 4086 In
1241 4032 1388 4104 ipsis
1441 4049 1574 4088 vero
1633 4031 1878 4088 urbibus
1910 4036 2042 4105 post
2221 4033 2288 4087 X.
2324 4031 2512 4087 Laicis
2543 4049 2795 4104 quoque,
2830 4032 3092 4102 quamvis
3120 4031 3380 4104 religiosi
3413 4031 3527 4086 sint
3547 4029 3696 4098 (Idem
3714 4027 3762 4080 in

385 4120 596 4176 Christi
630 4122 963 4191 adventum,
1023 4119 1272 4193 apostoli
1325 4125 1382 4176 et
1437 4137 1804 4178 successores
1836 4138 2040 4178 eorum
2147 4124 2308 4194 epist.
2333 4122 2563 4176 Fabiani
2577 4121 2782 4193 papae),
2807 4120 2956 4176 nulli
2979 4126 3174 4176 tamen
3201 4122 3272 4176 de
3295 4118 3677 4176 ecclesiasticis
3696 4115 3759 4167 fa-

385 4209 748 4281 patriarchas
777 4209 865 4266 vel
887 4209 1167 4282 primates
1189 4214 1531 4282 posuerunt,
1555 4211 1626 4266 ad
1649 4227 1794 4281 quos
1815 4211 2039 4283 episco-
2149 4210 2468 4266 cultatibus
2491 4209 2710 4282 aliquid
2735 4210 3123 4281 respondendi
3149 4211 3193 4245 ιδ
3212 4209 3426 4283 legitur
3444 4223 3680 4280 unquam
3700 4207 3765 4259 at-

1808 4353 2013 4413 Variae
2045 4353 2364 4414 lectiones.

450 4467 592 4523 ’Ms.
629 4466 836 4525 Nullus
887 4466 1064 4524 enim.
1125 4467 1290 4522 Hard.
1352 4467 1396 4503 ¹⁰
1448 4467 1532 4523 Αἱ.
1593 4467 2238 4524 anathematizatorum.
2298 4471 2336 4503 “
2373 4469 2456 4523 Αι.
2517 4467 2843 4522 Accusatio.
2879 4469 2922 4502 ¹²
2961 4468 3043 4522 Al.
3097 4467 3400 4524 abluendi.
3450 4470 3490 4502 ¹³
3548 4465 3760 4519 Latinius

383 4540 514 4610 tegit
551 4539 650 4594 sed
674 4539 820 4609 jam.
856 4539 1036 4596 Hard.
1079 4539 1123 4574 “
1150 4539 1237 4595 Al.
1271 4538 1666 4595 cohortentur.
1701 4539 1744 4574 ¹⁶
1773 4541 1865 4596 Αι.
1905 4539 2030 4594 add.
2065 4539 2362 4612 episcopo.
2426 4541 2468 4575 ¹⁶
2497 4541 2653 4594 Forte
2685 4539 3032 4610 disponendi
3065 4541 3230 4595 Labb.

1815 4673 2145 4735 Variorum
2189 4678 2373 4732 nota.

452 4785 529 4860 (5)
559 4784 752 4860 Nullus
781 4782 1110 4860 alienigena
1140 4794 1238 4860 aut
1284 4793 1566 4860 accusator
1593 4800 1782 4860 eorum
1809 4785 2035 4860 ﬁat‘aut
2068 4798 2111 4860 υ
2145 4784 2391 4860 Egyptii
2425 4785 2740 4860 utebantur
2759 4802 2825 4841 eo
2850 4787 3086 4841 nomine
3109 4791 3286 4858 atque
3310 4785 3580 4860 primaria
3601 4777 3756 4860 digni-

378 4850 748 4932 Judelr._Vide
777 4859 945 4932 notas
961 4850 1237 4932 'epistolaa
1269 4857 1471 4932 prima:
1501 4850 2030 4932 Anacleti,_'verbi_s,
2068 4850 2107 4860 ”
2147 4850 2450 4932 tate-Nam
2482 4857 2808 4932 Herodotus
2841 4875 2972 4932 cum
3005 4860 3126 4929 agit
3157 4850 3227 4932 de
3275 4850 3460 4932 sacris
3501 4850 3756 4932 .‘Egyptio-

376 4930 669 5003 peregrina
696 4927 919 5003 judicia
945 4933 1080 4997 etc.,
1105 4927 1245 4982 item
1269 4928 1462 4984 verbis
1491 4931 1753 4999 quoniam
1772 4929 2031 5000 Apostoli,
2143 4946 2275 5003 rum
2309 4929 2408 5003 (l),
2443 4929 2800 5003 patriarchas
2847 4929 2977 5003 illos
3037 4927 3312 4985 nominat
3342 4931 3440 5000 qui
3475 4927 3755 5003 principem

381 4999 490 5056 etc.
512 4999 732 5072 Seven.
767 5000 896 5054 BIN.
1045 5070 1052 5072 Α
1482 5069 1525 5072 __
1651 5069 1663 5072 _
1815 4999 1825 5000 ί
2143 4999 2336 5072 locum
2369 4999 2427 5058 in
2458 5000 2640 5055 sacris
2674 5005 2889 5055 tenent.
2930 5001 3173 5072 Insuper
3199 5018 3346 5057 usus
3366 4999 3455 5057 est
3475 4999 3537 5054 eo
3557 4999 3756 5072 nomine

447 5073 522 5144 (6)
551 5071 930 5144 Appellantur
957 5070 1248 5144 primates,
1286 5074 1417 5144 _et_c.
1480 5069 1776 5144 Hoculoco
1796 5085 2035 5144 (eaquae
2144 5071 2473 5144 Hadrianus
2501 5072 2832 5144 imperator,
2860 5061 3095 5144 Traiani
3120 5089 3446 5136 successor,
3470 5073 3524 5125 in
3547 5061 3756 5144 epistola

379 5139 1503 5215 de'numeroetoriginepatriarcbalium
1524 5141 1752 5215 sediurn
1777 5139 2032 5197 diximus
2142 5144 2212 5196 ad
2238 5143 2503 5197 Servium
2529 5139 2829 5215 consulem
2854 5143 2924 5197 de
2947 5144 3346 5215 Adgyptiorum
3378 5139 3752 5215 inconstantia.

376 5216 434 5269 in
468 5215 624 5270 notis
655 5213 728 5268 ad
760 5229 824 5268 ιιι
876 5207 1508 5285 EpistolamﬂAnacleti
1568 5214 2028 5285 confirmantur:
2143 5215 2263 5280 ubi,
2297 5219 2444 5269 teste
2488 5214 2676 5269 Flavio
2710 5214 2957 5285 Vospico
2989 5207 3072 5268 iﬁ'
3091 5207 3433 5284 Saturnino,
3467 5214 3579 5268 haec
3610 5207 3753 5285 verba

377 5287 576 5357 itaque
607 5285 736 5340 vide
775 5282 1153 5358 qua’ibidem
1183 5284 1462 5339 diximus.
1495 5290 1698 5358 Servas,
1732 5284 1851 5358 BIN.
1956 5354 1989 5358 η
2143 5287 2260 5340 ait:
2297 5286 2396 5340 Ille
2427 5287 2539 5356 ipse
2583 5282 2902 5356 patriarcha
2950 5301 3075 5340 cum
3106 5289 3162 5341 in
3207 5282 3748 5358 (Egyptumnccnml.

447 5354 523 5429 (7)
568 5354 811 5429 Quoruni
862 5356 1344 5429 primatesetiam
1403 5357 1650 5429 gentiles.
1703 5357 1862 5410 Sicut
1915 5354 2033 5410 alia
2141 5358 2208 5412 ab
2239 5358 2368 5410 aliis
2396 5354 2718 5427 Serapidem
2740 5358 2990 5423 adorare,
3014 5359 3083 5412 ab
3107 5359 3235 5413 aliis
3256 5354 3465 5428 cogitur
3493 5355 3747 5429 Christum.

377 5423 698 5502 multa,iita
727 5423 904 5483 etiam
939 5427 1421 5502 antiquissimum
1454 5427 1562 5502 hoc
1611 5443 1837 5502 nomen
1855 5433 2032 5502 atque
2142 5430 2302 5502 Quod
2335 5445 2405 5482 an
2443 5423 2758 5502 imperator
2779 5446 2907 5483 vere
2937 5430 3164 5495 dixerit,
3189 5434 3247 5484 et
3269 5423 3339 5483 de
3369 5429 3574 5502 quibus
3670 5423 3746 5502 ig:

375 5488 694 5573 primatum
736 5506 792 5554 et
831 5488 1295 5573 patriarcharum
1331 5499 1586 5573 feliciter
1621 5499 1679 5573 in
1713 5488 2029 5573 Ecclesiam
2142 5488 2666 5573 telligendum.sit,
2697 5501 2828 5555 vide
2888 5489 3191 5554 Baronium
3256 5488 3408 5556 anno
3441 5493 3634 5554 Christi
3665 5488 3746 5544 132

370 5570 723 5628 translatum
757 5577 864 5626 est.
893 5570 1018 5629 Non
1043 5576 1266 5625 tantum
1291 5570 1447 5624 enim
1478 5570 1686 5640 Judtei,
1719 5570 1819 5625 sed
1850 5570 2028 5626 etiam
2142 5570 2305 5627 num.
2342 5572 2408 5625 13
2437 5578 2494 5627 et
2526 5573 2611 5627 14.
2646 5572 2852 5629 Savnn.
2888 5573 3010 5626 Bm.

429 5691 500 5747 (ι)
519 5687 622 5738 leta
641 5699 755 5738 non
783 5685 1035 5750 leguntur
1065 5684 1210 5748 apud
1237 5683 1588 5745 Herodotum,
1620 5687 1670 5734 et
1700 5684 1927 5735 Baronio
1959 5683 2140 5736 {neum
2172 5686 2365 5750 aliquis
2393 5686 2533 5736 fecit.
2555 5686 2708 5735 Lana.
