4098 6178
407 269 554 330 1041

1620 261 2028 323 ΕΡΙΞΤΟΙΛΕ
2069 260 2608 326 DECRETALES.

3657 267 3813 328 1043

398 399 620 454 tributa
651 395 1553 457 facultas.Scimus,dilectissimi
1581 394 1802 467 “,quia
1822 410 2054 464 semper
2081 397 2136 461 Α
2164 394 2380 450 iterum
2403 413 2506 466 per
2526 396 2824 451 Micheam
2843 396 3042 468 inquit
3061 415 3076 451 :
3093 396 3284 452 Omnes
3305 399 3363 452 in
3380 399 3652 466 sanguine
3663 398 3814 469 judi-

401 487 663 545 carnales
694 485 1033 558 Spirituales
1062 485 1252 541 solent
1273 484 1568 556 persequi,
1592 487 1649 539 et
1669 481 1936 538 malevali
1969 483 2063 537 be-

400 575 636 632 nevolos
681 575 970 630 infamare
1019 580 1074 629 et
1124 574 1398 628 lacerare.
1434 574 1685 644 Ideoque
1716 571 1973 644 Apostoli
2005 578 2063 628 et

399 681 771 721 successores
801 681 1030 730 eorum,
1063 680 1128 718 ac
1162 663 1367 732 reliqui
1403 661 1589 717 sancti
1608 662 1808 716 Patres
1856 659 2058 715 nolue-

398 759 536 809 runt
569 753 690 808 fieri
709 753 939 808 facilem
970 752 1382 823 episcOporum
1407 751 1872 806 accusationem:
1923 765 2060 820 quo-

401 844 585 908 niam,
621 843 670 897 si
702 842 891 896 facilis
935 847 1108 907 esset,
1161 846 1264 895 aut
1311 839 1508 894 nullus
1561 845 1662 894 aut
1709 838 1800 893 vix
1843 837 2056 908 aliquis

402 931 576 986 modo
649 931 1028 985 inveniretur.
1090 928 1311 984 Throni
1370 928 1525 984 enim
1603 928 1702 983 Dei
1779 930 2059 982 vocantur

403 1019 586 1087 (Cone.
627 1020 741 1073 Tol.
777 1034 857 1087 x1,
905 1035 1024 1088 cap.
1056 1018 1150 1085 5);
1199 1017 1330 1071 ideo
1381 1032 1496 1070 non
1557 1015 1767 1070 debent
1816 1013 2052 1084 moveri,

403 1112 504 1163 aut
546 1105 751 1178 afﬂigi,
801 1105 891 1161 vel
924 1105 1275 1177 perturbari.
1327 1105 1408 1159 De
1452 1103 1598 1174 ipsis
1629 1118 1765 1174 ergo
1798 1102 1878 1157 ait
1917 1107 2054 1156 Pro-

401 1197 579 1268 pheta
607 1212 620 1249 :
649 1197 788 1251 Caeli
817 1203 1086 1250 enarrant
1113 1195 1349 1263 gloriam
1379 1195 1496 1260 Dei,
1520 1200 1571 1247 et
1599 1208 1759 1263 Opera
1788 1208 2056 1246 manuum

400 1289 520 1355 ejus
550 1286 849 1339 annuntiat
881 1285 1289 1354 ﬁrmamentum
1318 1282 1489 1350 (Psal.
1522 1287 1705 1353 xvm).

471 1374 570 1429 XI.
606 1373 673 1428 Hi
704 1389 838 1428 vero
870 1373 970 1443 qui
1004 1389 1118 1427 non
1152 1376 1292 1426 sunt
1322 1372 1485 1426 bonae
1513 1367 1968 1425 conversationis
1997 1373 2056 1423 et

402 1479 656 1535 quorum
690 1461 812 1516 vita
831 1466 918 1516 est
945 1458 1312 1526 accusabilis,
1339 1464 1440 1514 aut
1466 1473 1716 1530 quorum
1740 1457 1906 1528 fides,
1936 1457 2055 1511 vita

402 1557 459 1606 et
487 1551 726 1606 libertas
757 1550 1036 1614 nescitur,
1070 1565 1185 1604 non
1219 1552 1468 1619 possunt
1497 1563 1596 1602 eos
1627 1545 2053 1602 accusare.Pri-

403 1657 499 1695 mo
524 1656 757 1711 semper
777 1643 1187 1694 accusatorum
1211 1653 1490 1708 personae,
1515 1636 1682 1706 ﬁdes,
1703 1635 1822 1690 vita
1841 1638 1896 1690 et
1917 1651 2052 1690 con-

397 1729 655 1784 versatio
686 1733 774 1783 est
804 1726 1153 1783 enucleatim
1186 1726 1575 1797 inquirenda;
1609 1729 1666 1779 et
1695 1729 2051 1795 postea,quae

401 1818 710 1889 objiciunt,
744 1815 992 1872 fideliter
1045 1820 1186 1870 sunt
1237 1814 1668 1886 pertractanda,
1716 1812 1855 1884 quia
1906 1812 2050 1867 nihil

401 1907 564 1977 prius
596 1906 720 1961 fieri
754 1907 932 1960 debet
973 1921 1147 1975 quam
1176 1903 1573 1975 impetitorum
1605 1901 2051 1973 personae,ﬁdes

397 1997 631 2067 vitaque
689 1999 746 2049 et
791 1993 1151 2049 conversatio
1201 1993 1512 2063 diligenter
1539 1991 1952 2056 discutiantur,
1980 2007 2052 2045 ne

399 2085 653 2155 alicujus
688 2083 904 2137 invidia
933 2086 1034 2136 aut
1065 2081 1375 2136 inimicitia
1403 2079 1492 2135 vel
1544 2079 1866 2134 intentione
1899 2078 2051 2133 mala

403 2173 716 2244 quisquam
749 2179 986 2227 vexetur
1014 2171 1088 2240 (2.
1113 2187 1170 2241 q.
1204 2171 1260 2239 7,
1285 2167 1648 2237 Quaerendum
1678 2176 1798 2234 est;
1835 2168 1885 2243 1,
1919 2184 1971 2238 q.
1994 2169 2048 2222 8.

397 2263 786 2318 Accusatorum
816 2274 1100 2331 personae;
1132 2262 1183 2313 et
1214 2260 1274 2312 in
1297 2260 1506 2326 Deeret,
1541 2257 1756 2312 Callisti
1779 2257 1985 2328 papae).

471 2351 590 2405 ΧΗ.
622 2349 1068 2406 Criminationes
1104 2348 1313 2419 (Hadr.
1337 2346 1468 2402 coll.
1491 2347 1583 2416 67)
1609 2346 1889 2400 adversus
1919 2346 2052 2400 doc-

399 2446 582 2496 torem
618 2439 820 2494 I006
858 2454 1029 2493 nemo
1061 2435 1510 2507 suscipiat,quia
1539 2435 1726 2507 magis
1757 2438 1896 2489 sunt
1921 2435 2052 2488 doc-

402 2535 554 2584 tores
583 2527 874 2600 portandi,
899 2543 1076 2598 quam
1100 2525 1366 2592 laedendi,
1393 2531 1493 2579 aut
1521 2523 1863 2578 infamandi.
1889 2523 2051 2578 Unde

398 2618 482 2673 ait
502 2616 815 2681 Apostolus
852 2634 865 2671 :
894 2616 1044 2669 Alter
1063 2615 1296 2670 alterius
1325 2630 1495 2669 onera
1521 2617 1816 2684 portate,et
1835 2614 1916 2668 sic
1945 2614 2049 2666 im-

390 2708 615 2778 plebitis
686 2707 854 2776 legem
905 2704 1110 2759 Christi
1155 2703 1354 2772 (Galat.
1408 2707 1504 2772 vr).
1558 2703 1810 2757 Charitas
1865 2705 2050 2756 autem

395 2812 502 2851 non
562 2805 638 2850 est
687 2795 996 2859 ambitiosa,
1046 2809 1156 2848 non
1207 2794 1457 2862 inﬂatur,
1516 2807 1627 2846 non
1676 2793 1875 2861 quierit
1926 2805 2051 2860 qua?

393 2901 500 2940 sua
528 2887 673 2950 sunt,
705 2883 808 2953 sed,
828 2898 944 2953 qua:
973 2883 1097 2937 Jcsu
1129 2881 1333 2936 Christi
1382 2881 1426 2950 (Ι
1474 2878 1597 2935 Cor.
1634 2879 1743 2946 13).
1796 2879 1902 2945 Qui
1928 2895 2047 2932 ma-

394 2984 488 3028 net
517 2975 576 3028 in
604 2952 901 3038 charitate,
932 2971 992 3024 in
1025 2971 1129 3024 Deo
1159 2972 1360 3034 manet,
1391 2972 1441 3023 et
1473 2967 1611 3022 Deus
1661 2968 1725 3022 in
1754 2982 1813 3022 eo
1847 2971 1883 3036 (l
1912 2968 2048 3022 Joan

395 3063 493 3131 iv).
531 3062 598 3116 Et
629 3060 727 3130 qui
779 3059 838 3114 in
884 3064 996 3114 Deo
1045 3061 1260 3127 manet,
1312 3057 1456 3112 nulli
1503 3055 1628 3110 vult
1673 3071 1899 3120 nocere,
1948 3055 2047 3109 sed

2169 493 2364 538 cantur
2394 487 2458 553 η,
2491 488 2865 556 unusquisque
2888 489 3216 556 proximum
3242 502 3407 541 suum
3438 487 3810 554 tribulat,om-

2169 589 2264 628 nes
2288 575 2346 627 in
2367 575 2581 629 malum
2614 591 2810 630 manus
2845 591 2972 629 suas
2988 565 3812 647 praeparant(btich.vn,exvers

2169 664 2314 731 Lxx).
2351 662 2466 718 Hos
2519 663 2796 719 Dominus
2843 665 3184 735 praevidens,
3216 662 3495 734 apostolis
3540 664 3814 736 praecepit

2169 768 2240 806 ne
2271 750 2438 806 facile
2470 751 2617 806 servi
2650 751 2741 806 sui
2770 751 3116 819 lacerentur,
3149 769 3222 808 ne
3257 753 3402 807 forte
3432 753 3813 824 perderentur

2167 843 2270 894 aut
2298 840 2358 894 in
2391 839 2566 895 talem
2619 841 3000 896 tentationem
3047 841 3390 906 inciderent,
3444 858 3621 913 quam
3661 842 3811 896 ferre

2167 928 2409 984 minime
2439 933 2698 1001 possent.
2732 929 2950 984 Idcirco
2982 929 3169 986 sancti
3199 929 3456 1002 Apostoli
3487 935 3544 986 et
3573 947 3810 986 succes-

2166 1034 2326 1073 sores
2356 1035 2558 1073 eorum
2590 1019 2950 1074 decretorum
2984 1035 3221 1074 normae
3253 1022 3602 1087 statuerunt,
3634 1036 3706 1075 ne
3729 1024 3813 1074 ta-

2163 1105 2309 1161 lium
2340 1123 2449 1161 vox
2478 1107 2624 1178 (qua
2656 1106 2844 1179 magis
2875 1107 3114 1178 perdere
3154 1105 3363 1162 nititur
3389 1106 3730 1163 innocentes
3753 1113 3813 1164 et

2145 1195 2482 1268 simplices,
2505 1212 2682 1267 quam
2716 1195 2964 1266 salvare)
2988 1195 3154 1251 facile
3185 1196 3664 1268 reciperetur,sed
3697 1197 3810 1268 ipsi

2162 1282 2255 1337 his
2278 1281 2493 1353 jaculis
2524 1281 2878 1352 pellerentur
2907 1283 3127 1353 procul,
3152 1286 3208 1338 et
3237 1283 3470 1339 Domini
3491 1283 3810 1356 discipulos

2154 1373 2324 1441 juxta
2352 1371 2683 1426 voluntates
2715 1375 2772 1426 et
2817 1371 3104 1427 versutias
3147 1387 3369 1440 eorum,
3402 1372 3646 1428 minime
3675 1389 3809 1444 per-

2162 1460 2297 1515 dere
2329 1465 2589 1531 possent.
2631 1461 2790 1517 Unde
2820 1460 3023 1532 etipse
3075 1459 3354 1516 Dominus
3384 1460 3466 1515 ait
3500 1477 3515 1516 :
3553 1461 3806 1517 Excutite

2157 1550 2439 1620 pulverem
2493 1549 2559 1604 de
2611 1550 2836 1620 pedibus
2893 1551 3089 1604 vestris
3145 1551 3203 1604 in
3254 1551 3636 1606 testimonium
3690 1551 3809 1606 illis

2163 1639 2348 1710 (Marc.
2379 1640 2482 1706 v1).
2511 1638 2578 1692 Et
2608 1637 2748 1694 alibi
2778 1638 2907 1710 ipsa
2939 1655 3041 1711 per
3082 1655 3144 1694 se
3189 1638 3419 1694 Veritas
3463 1639 3535 1694 de
3585 1639 3806 1695 talibus

2161 1727 2302 1782 dicit
2334 1744 2347 1783 :
2380 1728 2568 1782 Melius
2594 1735 2674 1782 est
2703 1727 2796 1782 illi
2839 1735 2900 1782 ut
2940 1727 3315 1799 suspendatur
3355 1727 3506 1783 mola
3553 1729 3810 1783 asinaria

2164 1818 2226 1871 in
2253 1817 2390 1872 collo
2408 1817 2523 1885 eius
2553 1820 2605 1870 et
2633 1817 2990 1887 demergatur
3007 1817 3068 1871 in
3085 1816 3424 1888 pro/undam
3439 1818 3811 1888 maris,quam

2159 1904 2495 1960 scandalth
2523 1921 2698 1959 unum
2725 1905 2790 1960 de
2815 1905 3042 1976 pusil-is
3093 1906 3228 1960 istis
3267 1905 3474 1976 (Matth.
3525 1907 3710 1976 xvm).
3739 1905 3808 1960 Et

2158 1994 2414 2050 Jacobus
2446 1993 2745 2064 apostolus
2768 1994 2959 2065 inquit
2993 2012 3006 2049 :
3037 1994 3316 2050 Iudicium
3343 1995 3467 2050 sine
3493 1995 3807 2050 misericor-

2159 2084 2252 2139 dia
2281 2083 2373 2152 ﬁet
2401 2082 2496 2138 illi
2523 2083 2620 2154 qui
2663 2098 2779 2138 non
2821 2083 3012 2152 fecerit
3059 2082 3508 2138 misericordiam
3529 2083 3665 2154 (Jac.
3718 2085 3802 2152 ιι).

2159 2175 2284 2237 Qua
2311 2173 2468 2228 enim
2505 2172 2690 2227 fronte
2720 2171 2854 2242 quis
2901 2177 3270 2243 peccatorum
3305 2187 3546 2227 suorum
3576 2171 3806 2226 veniam

2159 2266 2401 2334 sperata
2420 2261 2536 2316 Deo
2548 2261 3201 2333 seimpetraturum,qui
3227 2259 3586 2332 delinquenti
3601 2262 3639 2314 1
3653 2261 3803 2315 007

2160 2350 2323 2405 fratri
2357 2349 2501 2404 nihil
2534 2365 2635 2420 per
2660 2348 2894 2420 pietatis
2923 2354 2980 2404 et
3011 2348 3334 2405 clementia
3365 2349 3624 2404 officium
3683 2347 3808 2403 vult

2159 2441 2488 2496 condonare
2507 2437 2534 2492 ?
2567 2437 2824 2494 Profecto
2857 2454 3093 2494 necesse
3141 2443 3229 2494 est
3258 2443 3324 2493 ut
3355 2438 3604 2494 aestimet
3634 2453 3697 2493 se
3719 2443 3806 2493 ta-

2159 2526 2273 2582 lem
2298 2528 2354 2582 in
2370 2527 2594 2598 judicio
2613 2527 2796 2582 Deum
2820 2531 3217 2599 experturum,
3237 2543 3372 2582 cum
3394 2532 3530 2582 ante
3545 2526 3692 2597 justi
3715 2527 3804 2596 ju-

2160 2616 2306 2671 dicis
2327 2615 2589 2671 tribunal
2608 2616 2780 2670 fuerit
2801 2616 3419 2688 constitutus,qualem
3439 2631 3500 2672 se
3521 2615 3679 2670 fratri
3701 2632 3806 2671 suo

2158 2703 2486 2760 exhibuerit
2520 2722 2532 2759 :
2564 2705 2702 2759 Nam
2751 2721 2856 2775 qua
2886 2721 3146 2760 mensura
3175 2707 3356 2760 mensi
3389 2706 3682 2775 fuerimus,
3714 2721 3806 2760 ea-

2157 2793 2279 2848 dem
2303 2795 2624 2848 remetietur
2654 2794 2812 2849 nobis
2843 2793 3052 2862 (Matth.
3086 2796 3202 2864 vn).
3256 2795 3324 2848 Et
3368 2793 3625 2848 Joannes
3667 2810 3806 2865 apo-

2159 2881 2346 2938 stolus
2375 2887 2434 2936 et
2463 2880 2820 2953 evangelista
2849 2882 2966 2937 ait:
2993 2883 3099 2950 Qui
3126 2882 3240 2938 odit
3266 2882 3505 2956 fratrem
3535 2882 3808 2952 suum,ho-

2157 2971 2369 3026 micida
2397 2981 2494 3026 est.
2525 2973 2592 3025 Et
2616 2971 2767 3026 scitis
2794 2973 2926 3044 quia
2971 2973 3148 3026 omnis
3192 2971 3467 3027 homicida
3494 2987 3605 3026 non
3645 2972 3809 3026 habet

2157 3060 2330 3115 vitam
2357 3064 2622 3115 (sternam
2643 3061 2704 3114 in
2722 3076 2781 3115 se
2806 3067 3114 3116 manentem
3130 3061 3176 3132 (Ι
3202 3061 3359 3117 Joan.
3384 3061 3461 3131 ιν)
3482 3059 3598 3115 Vos
3610 3065 3805 3114 tamen

396 3128 600 3205 omnes
632 3128 930 3202 desiderat
959 3147 1236 3216 adjuvare
1267 3150 1324 3200 et
1353 3149 1706 3212 sustentare,
1742 3143 1895 3199 sicut
1922 3143 2048 3214 ipse
2078 3128 2119 3194 C
2157 3149 2262 3204 ﬁlii
2292 3149 2648 3218 charissimi,
2681 3147 2987 3204 hortamur
3025 3153 3090 3204 ut
3136 3128 3423 3221 patienter
3444 3128 3614 3204 imula
3643 3149 3805 3204 vobis

395 3238 677 3294 Dominus
708 3253 890 3292 omnes
917 3238 1065 3291 venit
1088 3236 1303 3290 sal-vare
1340 3243 1390 3289 et
1437 3237 1686 3290 animam
1725 3250 1882 3289 suam
1910 3233 2045 3287 dare

393 3330 452 3382 in
514 3327 936 3397 redemptionem
988 3341 1088 3396 pro
1144 3325 1297 3380 nobis
1358 3324 1580 3393 (Matth.
1644 3324 1756 3394 xx).
1828 3324 2040 3378 Eorum

395 3417 584 3487 (Hadr.
634 3417 761 3471 coll.
795 3416 886 3486 29)
943 3419 1139 3470 autem
1179 3414 1492 3469 accusandi
1543 3413 1897 3479 sacerdotes,
1953 3411 2043 3467 vel

391 3503 745 3560 testiﬁcandi
768 3503 825 3556 in
854 3519 951 3558 eos
976 3519 1170 3558 vocem
1205 3502 1566 3557 obstruimus
1589 3518 1737 3572 quos
1766 3500 2044 3556 humanis

398 3600 452 3649 et
482 3592 694 3647 divinis
724 3592 960 3647 vocibus
983 3592 1293 3646 damnatos
1313 3590 1397 3646 vel
1434 3596 1695 3645 mortuos
1715 3606 1843 3645 esse
1873 3606 2044 3662 agno-

399 3683 640 3738 scimus.
675 3680 994 3736 Pravidere
1024 3697 1158 3751 ergo
1190 3696 1562 3750 summopere
1591 3680 1804 3734 debent
1841 3696 2046 3735 omnes

398 3773 502 3842 qui
537 3771 864 3826 sacerdotes
908 3768 1137 3824 Domini
1169 3774 1622 3840 persequuntur,
1656 3773 1773 3823 tam
1820 3768 2045 3824 occulte

400 3876 579 3932 quam
625 3859 959 3928 manifeste,
991 3874 1062 3912 ne
1090 3857 1372 3927 subjectis
1419 3857 1650 3912 Domini
1697 3857 2050 3912 damnentur

399 3947 727 4021 praeceptis.
751 3947 856 4001 Per
874 3945 1190 4001 Jeremiam
1225 3950 1416 4001 autem
1448 3945 1809 4017 prophelam,
1829 3946 2048 4000 talibus

397 4036 817 4092 comminando
850 4035 1156 4102 Dominus,
1184 4033 1445 4104 loquitur
1466 4033 1696 4089 dicens:
1720 4035 2049 4106 Iniquitates

397 4133 601 4182 vestrae
629 4125 1047 4180 declinaverunt
1082 4124 1122 4157 ³⁸
1152 4124 1418 4189 omnia,et
1435 4131 1654 4194 peccata
1699 4128 1871 4179 vestra
1891 4141 2048 4177 amo-

397 4222 593 4270 verant
624 4215 763 4268 bona
791 4229 822 4267 a
854 4212 1022 4280 vobis,
1053 4215 1186 4283 quia
1216 4214 1426 4266 inventi
1453 4220 1583 4266 sunt
1613 4214 1673 4266 in
1706 4213 1903 4283 populo
1933 4229 2052 4269 meo

400 4304 563 4372 impii
591 4305 638 4356 et
660 4305 934 4373 loquentes
981 4317 1156 4367 vana;
1206 4303 1515 4356 statuerunt
1545 4301 1614 4354 ad
1670 4301 2053 4372 disperdendos

399 4407 569 4460 viros,
603 4396 653 4446 et
680 4389 1226 4460 comprehenderunt,
1279 4393 1338 4444 ut
1384 4392 1607 4460 laqueus
1638 4393 1888 4444 venantis
1934 4391 2051 4461 ple-

2153 3239 2313 3294 illata
2342 3237 2571 3293 Domini
2603 3236 2956 3293 adminiculo
2991 3239 3317 3310 portetis,et
3346 3237 3440 3294 his
3469 3237 3805 3308 apostolicis

2153 3326 2460 3402 praeceptis
2491 3325 2640 3382 tales
2672 3325 2871 3397 procul
2894 3326 3190 3397 pellite,ne
3212 3343 3373 3382 more
3394 3325 3673 3382 canonico
3700 3342 3802 3381 vos

2151 3403 2410 3472 lacerare
2458 3420 2561 3470 aut
2606 3414 2869 3468 mordere
2916 3413 3162 3470 valeant.
3215 3415 3565 3471 Mementote
3622 3414 3798 3469 etiam

2153 3505 2312 3575 quia,
2336 3504 2508 3574 juxta
2529 3501 2970 3574 Psalmographi
2994 3519 3188 3558 vocem
3213 3504 3290 3575 (S.
3317 3505 3498 3574 Bonif.
3529 3507 3794 3576 ep.xxvx):

2153 3594 2320 3647 Homo
2348 3593 2488 3646 sicut
2523 3595 2728 3662 [senum
2763 3594 2886 3648 dies
2916 3593 3056 3663 ejus,
3105 3600 3156 3647 et
3197 3602 3257 3648 ut
3287 3595 3388 3663 ﬂos
3423 3595 3559 3666 agri
3588 3595 3670 3648 ita
3697 3593 3794 3662 ﬂo-

2154 3682 2296 3736 rebit
2326 3681 2496 3751 (Psal.
2529 3680 2648 3749 cn).
2682 3680 2748 3734 Et
2777 3681 3077 3752 apostolus
3109 3682 3190 3736 ait
3220 3699 3233 3736 :
3272 3684 3428 3738 Totus
3467 3681 3708 3736 mundus
3744 3682 3803 3735 in

2155 3771 2400 3840 maligno
2427 3770 2636 3840 positus
2670 3777 2754 3824 est
2782 3771 2828 3838 (Ι
2857 3771 3012 3825 Ιοαη.
3043 3774 3119 3841 ν).
3170 3771 3332 3826 Unde
3372 3787 3683 3842 precamur
3733 3787 3805 3825 ne

2156 3858 2302 3914 tales
2331 3857 2587 3912 multum
2635 3857 2913 3925 timeatis,
2947 3859 3047 3928 qui
3095 3858 3344 3912 infames
3373 3862 3531 3923 sunt,
3583 3863 3642 3913 et
3688 3873 3804 3912 non

2159 3946 2412 4002 multum
2471 3947 2635 4001 vobis
2693 3963 2899 4002 nocere
2952 3951 3218 4018 possunt,
3279 3946 3418 4017 quia
3454 3963 3655 4002 eorum
3697 3962 3806 4001 vox

2157 4036 2446 4091 exstincta
2469 4039 2594 4102 est;
2635 4036 2911 4106 quoniam
2955 4036 3037 4090 sic
3063 4036 3185 4091 odit
3231 4036 3386 4092 Deus
3429 4051 3528 4092 eos
3557 4034 3808 4106 (Proetus

2160 4125 2230 4180 ad
2256 4127 2547 4180 Domnum.
2579 4123 2746 4179 Hadr.
2795 4125 2918 4180 coll.
2965 4126 3051 4194 71)
3103 4124 3204 4196 qui
3247 4125 3527 4180 adversus
3574 4128 3802 4193 patrum

2160 4214 2479 4276 invasores,
2512 4214 2609 4283 qui
2643 4213 2701 4267 in
2735 4214 2954 4268 mundo
2977 4218 3172 4284 patres
3203 4217 3526 4279 armantur,
3559 4217 3627 4266 ut
3656 4212 3804 4266 infa-

2163 4303 2280 4359 mia
2307 4307 2447 4358 sunt
2477 4302 2677 4356 notati.
2708 4301 3031 4356 Armamini
3059 4318 3194 4373 ergo
3228 4301 3318 4357 his
3348 4300 3682 4373 apostolicis
3712 4301 3809 4355 ad-

2164 4391 2461 4446 miniculis
2491 4396 2694 4452 contra
2723 4406 2841 4456 eos,
2875 4396 2932 4446 et
2961 4390 3169 4462 spiritu
3200 4391 3508 4463 principali
3540 4392 3808 4448 roborata

401 4497 505 4536 nus
551 4480 886 4544 volatilibus,
916 4480 998 4534 sic
1025 4479 1216 4532 domus
1245 4493 1432 4532 eorum
1471 4479 1654 4548 plenae
1683 4478 1802 4533 dolo
1837 4480 2051 4549 (Jerem.
2090 4495 2136 4558 D
2169 4480 2346 4535 corda
2371 4484 2580 4546 vestra,
2616 4484 2679 4533 ut
2710 4483 2860 4534 Deus
2891 4480 2991 4550 qui
3041 4496 3142 4535 vos
3193 4485 3456 4552 pastores
3501 4481 3562 4536 in
3597 4480 3809 4552 populo

402 4572 480 4639 v).
520 4570 586 4623 Et
627 4585 728 4640 per
761 4567 940 4623 David
990 4567 1070 4621 ait
1103 4584 1115 4621 :
1150 4568 1256 4635 Qui
1304 4568 1685 4636 cogitaverunt
1721 4569 1970 4622 malitias
1999 4571 2060 4622 in

403 4657 585 4724 corde,
630 4666 748 4713 tota
788 4657 876 4710 die
924 4659 1127 4710 versati
1174 4660 1304 4710 sunt
1355 4658 1414 4710 in
1463 4656 1671 4726 prwliis
1721 4665 2061 4712 emacuerunt

409 4745 634 4814 linguas
661 4762 791 4800 suas
832 4746 976 4799 sicut
1003 4754 1300 4815 serpentes,
1351 4761 1621 4799 venenum
1649 4746 1916 4815 aspidum
1961 4747 2059 4800 sub

403 4835 571 4890 labiis
611 4850 797 4890 eorum
836 4834 1006 4903 (Psal.
1059 4834 1269 4903 cxxxx).
1318 4833 1381 4887 Et
1435 4833 1608 4904 paulo
1653 4839 1782 4905 post
1813 4850 1826 4889 :
1857 4833 2060 4889 Cadent

400 4939 568 4994 super
594 4939 683 4978 eos
713 4923 972 4977 carbones
1007 4924 1063 4976 in
1095 4924 1242 4992 igne,
1291 4923 1513 4992 dejicies
1546 4939 1635 4976 eos
1666 4922 1721 4975 in
1770 4925 1972 4992 foveas,
2006 4927 2065 4977 ut

394 5029 510 5069 non
540 5017 893 5081 consurgant.
925 5011 1016 5065 Vir
1051 5010 1335 5081 linguosus
1366 5027 1477 5065 non
1508 5011 1783 5079 dirigetur
1814 5013 1874 5065 in
1905 5020 2062 5066 terra

400 5103 583 5156 virum
639 5102 904 5172 injustum
957 5101 1104 5153 mala
1134 5101 1352 5169 capient
1381 5102 1441 5153 in
1480 5101 1733 5175 interitu.
1781 5099 1899 5154 Scio
1928 5102 2058 5170 quia

396 5184 562 5251 faciet
589 5189 847 5243 Dominus
869 5205 1094 5243 causam
1115 5188 1532 5258 inapis,judicia
1554 5205 1862 5260 pauperum
1885 5189 2066 5259 (Ibid)

402 5271 547 5332 Item
580 5277 738 5332 Idem
776 5294 787 5332 ε
824 5277 971 5332 Muta
1000 5278 1137 5346 ﬁant
1173 5277 1322 5331 labia
1353 5276 1544 5332 dolosa
1575 5278 1748 5350 (Psal.
1781 5283 1931 5340 xxx).
1992 5279 2062 5332 Et

2170 4585 2275 4623 suo
2297 4566 2490 4623 vocari
2521 4567 2720 4637 voluit,
2756 4585 2869 4622 non
2903 4567 3264 4640 negligentes
3294 4575 3395 4625 aut
3430 4570 3680 4642 tepidos,
3712 4577 3816 4625 aut
3846 4643 3854 4646 ι

2170 4656 2326 4728 lupis
2384 4657 2950 4726 supervenientibus,
3029 4658 3318 4729 fugientes
3379 4658 3654 4726 inveniat,
3713 4659 3815 4713 sed

2171 4743 2435 4815 exemplo
2459 4744 2596 4799 boni
2623 4746 2896 4816 pastoris,
2921 4762 3104 4819 agnos
3134 4746 3351 4818 pariter
3369 4763 3503 4802 cum
3528 4748 3816 4802 matribus

2171 4839 2228 4889 et
2260 4832 2396 4888 ﬁliis
2425 4849 2490 4888 ac
2522 4832 2754 4890 ﬁliabus
2786 4834 3026 4890 viriliter
3056 4836 3446 4903 defensantes,
3480 4842 3652 4907 atque
3681 4853 3815 4891 san-

2173 4927 2321 4976 ctam
2342 4907 2587 4976 matrem
2602 4921 2920 4977 Ecclesiam
2939 4923 3187 4978 fideliter
3201 4929 3709 4994 reportantes,sem
3719 4940 3820 4995 per

2174 5009 2524 5064 inveniat.Et
2555 5027 2907 5081 quamquam
2942 5011 3018 5083 (S.
3065 5014 3244 5083 Bonif.
3267 5028 3350 5084 ep.
3382 5028 3505 5078 xxv,
3530 5011 3645 5067 dies
3672 5010 3821 5065 mali

2175 5099 2308 5164 sint,
2341 5114 2430 5153 vos
2460 5106 2641 5153 tamen
2691 5101 2858 5155 nolite
2900 5116 3013 5155 esse
3054 5100 3450 5171 imprudentes,
3479 5100 3573 5154 sed
3603 5099 3820 5154 intelli-

2174 5192 2375 5259 gentes,
2409 5203 2530 5256 qua
2559 5189 2629 5242 sit
2656 5189 2906 5243 voluntas
2937 5190 3035 5244 Dei
3059 5190 3280 5260 (Ephes.
3313 5192 3390 5256 v).
3433 5189 3824 5254 Quamobrem

2176 5279 2588 5346 confortsmtm,
2610 5281 2662 5331 et
2688 5282 2832 5333 state
2861 5279 2918 5332 in
2947 5277 3050 5334 ﬁde
3077 5277 3315 5336 viriliter
3342 5283 3588 5351 agentes,
3620 5293 3684 5333 ac
3707 5293 3822 5334 om-

1833 5427 2035 5490 Varia:
2066 5427 2386 5488 lectiones.

483 5570 532 5606 ¹⁷
563 5571 644 5625 Ita
675 5570 872 5641 legitur
899 5572 958 5626 in
988 5587 1091 5626 ms.
1121 5573 1263 5628 Just.
1342 5571 1387 5609 ¹⁸
1417 5571 1546 5627 Haec
1577 5570 1702 5624 add.
1735 5569 1841 5624 αι..

1919 5569 1963 5603 ¹⁹
1990 5569 2077 5624 Αι.
2110 5567 2482 5627 insidiantur.
