4098 6178
412 326 568 386 1043

1462 321 1564 380 DE
1608 318 2201 381 HERETICORUM
2250 316 2778 378 BAPTISMATE.

3626 330 3755 391 1044

413 459 513 510 nia
540 464 721 510 vestra
748 457 811 509 in
837 454 1109 510 charitate
1129 456 1265 525 ﬂant
1294 455 1341 525 (Ι
1366 453 1485 508 Cor.
1509 452 1710 517 xvr),et
1736 451 2060 506 secundum
2092 451 2145 516 Α
2176 450 2339 504 dant.
2370 464 2537 503 ruere
2571 447 2762 503 faciat.
2798 448 2911 504 Vos
2942 449 3123 521 igitur
3153 468 3253 522 pro
3282 452 3493 509 viribus
3519 455 3760 528 laborate,

412 549 685 599 sanctum
740 544 1134 616 Evangelium,
1188 546 1248 597 in
1288 543 1560 613 patientia
1610 549 1784 595 vestra
1824 539 2059 611 posside-

2171 542 2229 592 et
2253 542 2416 592 orate
2447 543 2623 607 atque
2654 536 2887 602 vigilate
2920 555 2990 593 ne
3048 540 3168 595 haec
3218 542 3372 608 ﬁant,
3428 544 3650 602 scientes
3675 565 3763 606 nos

416 632 542 686 bilis
570 633 788 687 animus
814 640 1023 686 vestras
1052 631 1206 701 (Luc.
1234 632 1354 697 xu).
1392 627 1795 683 Recordamini
1829 641 2063 696 quoque
2171 642 2403 698 semper
2424 631 2655 697 paratos
2679 642 2807 681 esse
2829 628 2886 681 in
2911 628 3185 684 omnibus
3216 631 3649 705 quibuscumque
3667 637 3756 692 Ι)οκ

420 726 759 775 sanctorum
789 720 1189 792 apostolorum
1234 724 1289 773 et
1338 716 1792 785 Prophetarum;
1825 721 1881 769 et
1926 713 2065 784 quia
2173 716 2368 771 minus
2400 730 2572 786 posse
2602 716 2843 784 dederit,
2880 717 3092 782 modis,
3125 720 3286 773 vobis
3316 734 3474 790 cpem
3516 722 3663 791 ferre,
3706 726 3761 780 li-

424 807 679 864 multum
711 808 1119 863 laboraverunt
1150 809 1208 861 in
1243 807 1507 871 Domino,
1538 804 1667 859 ideo
1699 803 1892 874 adepti
1924 806 2065 857 sunt

426 896 664 968 prmmia
696 899 1073 968 sempiterna.
1118 896 1332 951 Scitote
1374 895 1550 949 etiam
1599 894 1873 964 quoniam
1898 893 2069 961 juxta

424 986 747 1042 Psalmistae
776 1003 1001 1052 vocem,
1028 987 1226 1042 multa
1256 985 1641 1039 tribulationes
1678 984 1982 1053 justorum,
2013 988 2069 1035 et

421 1075 487 1129 de
516 1075 770 1129 omnibus
800 1075 884 1129 his
912 1076 1173 1129 liberabit
1216 1090 1303 1129 eos
1334 1074 1595 1127 Dominus
1634 1071 1809 1140 (Psal.
1846 1070 2066 1138 xxxm).

422 1165 807 1235 Quapropter,
823 1163 927 1217 filii
952 1162 1627 1226 charissimi,hortamur
1656 1176 1755 1214 vos
1785 1164 1843 1212 et
1871 1159 2073 1228 depre-

423 1269 630 1307 camur
658 1258 725 1307 ut
771 1252 991 1307 crebris
1040 1253 1370 1306 orationum
1420 1254 1742 1304 vestrarum
1801 1247 2069 1318 precibus

431 1346 609 1396 Deum
641 1342 908 1406 exoratis,
944 1347 1005 1394 ut
1037 1340 1113 1410 (S.
1157 1341 1344 1408 Bonif.
1395 1338 1549 1405 ibid.)
1595 1337 1912 1391 liberemur
1964 1351 2070 1389 nos

427 1434 486 1484 et
511 1446 636 1495 vos,
662 1431 827 1499 juxta
858 1430 1081 1484 dictum
1115 1427 1396 1498 Apostoli.
1421 1428 1491 1481 ab
1523 1427 1851 1497 importunis
1880 1429 1933 1479 et
1960 1441 2074 1478 ma-

430 1518 499 1573 lis
532 1518 717 1574 homin
729 1519 1006 1589 ibus,quia
1024 1534 1135 1573 non
1155 1518 1401 1572 omnium
1421 1525 1498 1571 est
1519 1515 1650 1585 ﬁdes
1669 1515 1733 1584 (ll
1757 1514 1931 1568 Thess.
1965 1516 2072 1581 ιιι).

428 1606 710 1679 Flagitate
728 1607 904 1662 etiam
929 1613 993 1661 ut
1008 1612 1158 1662 Deus
1178 1612 1235 1661 et
1252 1606 1535 1661 Dominus
1557 1608 1755 1659 noster
1775 1603 1874 1673 qui
1890 1606 1978 1658 est
1995 1620 2075 1657 re-

426 1696 653 1767 fugium
677 1702 1083 1766 pauperum,et
1098 1711 1230 1764 spes
1247 1691 2072 1758 humilium,sanctan11008

432 1801 599 1840 suam
641 1784 981 1850 Ecclesium,
1034 1783 1285 1855 pretioso
1326 1781 1592 1836 videlicet
1631 1781 1917 1851 sanguine
1970 1798 2075 1835 suo
2108 1809 2155 1872 Β

429 1875 817 1944 redemptam,
840 1877 898 1927 et
916 1889 1042 1937 nos,
1066 1872 1166 1943 qui
1183 1872 1448 1926 eamdem
1474 1876 1737 1925 sanctam
1763 1869 2076 1924 Ecclesium

430 1964 658 2028 docere,
686 1978 903 2034 regere,
952 1966 1181 2033 portare
1212 1965 1269 2015 et
1296 1960 1445 2015 tueri
1490 1960 1793 2027 debemus,
1827 1960 1898 2013 de
1931 1976 2079 2029 prae-

437 2052 609 2107 dictis
630 2051 1112 2123 oppressionibus
1131 2055 1189 2105 et
1228 2049 1651 2104 tentationibus
1673 2048 1852 2117 hujus
1883 2046 2076 2103 saeculi

441 2157 718 2212 nequam,
742 2147 919 2211 atque
967 2140 1037 2194 de
1067 2139 1343 2194 omnibus
1380 2137 1825 2193 necessitatibus
1864 2137 2079 2191 nostris

438 2229 892 2285 misericorditer
919 2232 1172 2295 eruat,ut
1198 2243 1376 2282 sermo
1400 2228 1500 2282 Dei
1527 2234 1715 2281 currat
1756 2228 1801 2296 (Ι
1834 2226 1953 2281 Cor.
1986 2228 2078 2297 xv)

436 2322 495 2372 et
522 2317 880 2388 gloriﬁcatur
904 2315 1224 2387 gloriosum
1242 2315 1619 2386 Evangelium
1645 2314 1872 2369 Domini
1896 2314 2079 2370 nostri

430 2406 575 2462 Jesu
606 2405 857 2471 Christi;
894 2410 952 2460 et
973 2404 1160 2476 gratia
1180 2406 1307 2475 ejus
1330 2405 1388 2459 in
1413 2404 1581 2459 nobis
1603 2420 1785 2459 vacua
1808 2420 1921 2459 non
1956 2405 2075 2471 ﬁat,

433 2510 506 2549 ne
537 2495 664 2550 sine
693 2496 884 2550 fructu
937 2494 1249 2565 Evangelii,
1301 2494 1456 2564 quod
1502 2492 1691 2547 absit!
1741 2492 1968 2548 steriles
2017 2494 2075 2547 in

432 2590 749 2655 conspectu
780 2582 882 2639 Dei
917 2599 1323 2655 appareamus,
1353 2586 1410 2637 et
1438 2582 1605 2637 vacui
1637 2582 1888 2636 filiorum
1926 2581 2077 2636 ﬁlia-

436 2689 687 2743 rumque
739 2688 980 2727 numero
1029 2677 1406 2737 revertamur,
1469 2687 1574 2725 nec
1623 2672 1694 2725 de
1738 2671 2078 2725 abscondito

437 2760 679 2830 talento,
713 2761 956 2816 Domino
985 2761 1270 2827 veniente,
1304 2760 1384 2814 rei
1424 2760 1929 2830 essejudicemur.
1964 2759 2080 2814 Ista

439 2850 595 2905 enim
628 2866 860 2922 semper
889 2850 1108 2904 invidet
1139 2849 1332 2903 Satan.
1367 2849 1434 2903 Et
1465 2848 1680 2903 idcirco
1710 2848 1855 2903 tales
1879 2849 2079 2903 adver-

438 2955 572 2994 sum
606 2956 711 2994 nos
742 2939 991 2994 suscitat
1020 2938 1120 3009 qui
1152 2954 1257 2993 nos
1291 2943 1561 3009 premant
1590 2942 1647 2992 et
1676 2937 1984 3007 suﬂ'ocent,
2018 2941 2082 2991 ut

434 3028 665 3083 Domini
714 3044 847 3083 oves
881 3028 1104 3099 absque
1152 3027 1321 3083 nobis
1359 3027 1568 3097 rapiat,
1605 3031 1662 3080 et
1691 3027 1746 3079 in
1790 3026 1928 3096 ima,
1963 3042 2077 3080 non

432 3115 823 3171 existentibus
853 3116 1185 3187 pastoribus
1204 3114 1304 3186 qui
1332 3130 1430 3169 eos
1448 3112 1783 3168 custodiant
1805 3117 1860 3166 et
1890 3114 2080 3167 defen-

2176 810 2266 859 cet
2296 822 2401 860 nos
2432 806 2504 859 ab
2563 804 2708 876 ipsis
2754 805 2985 860 mmulis
3034 811 3245 861 sancta
3298 808 3392 863 Dei
3438 810 3675 866 Ecclesiae
3719 821 3765 869 et

2177 894 2393 948 nostris
2434 910 2545 948 non
2589 894 2775 948 simus
2804 895 3063 966 excepti;
3098 901 3156 949 et
3185 895 3573 954 tribulationes
3608 902 3765 957 cordis

2177 983 2361 1038 nostri
2394 999 2495 1053 pro
2528 987 2728 1037 nostra
2758 986 2815 1036 et
2841 988 3031 1037 vestra
3059 984 3446 1050 tribulatione,
3470 989 3578 1040 sive
3605 990 3767 1045 ovium

2179 1072 2350 1127 nobis
2380 1070 2850 1135 commissarum,
2888 1072 3205 1127 admodum
3260 1074 3376 1127 sint
3414 1074 3650 1130 dilatata.
3676 1076 3770 1133 Vos

2181 1176 2411 1231 quoque
2460 1160 2840 1214 obsecramus
2890 1165 2953 1213 ut
2992 1161 3267 1229 junctum
3315 1162 3471 1217 vobis
3507 1180 3535 1217 a
3564 1163 3771 1219 Domino

2181 1248 2531 1303 famulatum
2580 1263 2693 1301 non
2744 1248 3071 1319 negligatis,
3105 1254 3159 1303 et
3192 1265 3392 1304 omnes
3430 1266 3707 1321 Oppressos
3731 1258 3775 1308 et

2181 1344 2419 1392 cunctos
2453 1338 2545 1391 Dei
2578 1354 2793 1400 servos,
2829 1342 3004 1407 atque
3034 1337 3379 1408 generaliter
3405 1355 3595 1394 omnes
3617 1341 3774 1395 Chris-

2181 1428 2392 1495 tianos,
2418 1432 2591 1496 prout
2620 1425 2903 1480 Dominus
2936 1441 3105 1495 posse
3135 1427 3380 1495 dederit,
3404 1428 3776 1497 adjuvare,stu-

2185 1515 2370 1570 deatis
2420 1518 2496 1582 (ς.
2530 1516 2717 1584 Bonif.
2762 1530 2846 1584 ep.
2887 1515 3040 1585 xxvx)
3074 1518 3135 1569 ut
3166 1519 3300 1569 ante
3329 1516 3572 1570 tribunal
3603 1516 3776 1572 Christi

2185 1605 2513 1659 mercedem
2578 1603 2843 1658 habeatis
2894 1613 3255 1675 perpetuam.
3304 1604 3373 1658 Et
3420 1604 3609 1659 scitote
3653 1605 3777 1675 quod

2186 1693 2467 1747 memoria
2486 1698 2681 1747 vestra
2711 1708 2903 1746 coram
2924 1692 3037 1746 Deo
3068 1696 3158 1747 est
3186 1692 3778 1764 assidue.Nam,quem-

2187 1782 2502 1836 admodum
2537 1780 2795 1835 dolentes
2843 1782 3255 1851 cognoscimus
3284 1798 3385 1836 vos
3415 1783 3483 1836 ab
3528 1782 3718 1852 iniquis
3740 1788 3785 1835 et

2189 1870 2449 1926 scelestis
2499 1869 2836 1924 hominibus
2869 1870 3191 1931 obturbari.
3236 1870 3316 1923 ita
3358 1869 3617 1925 continuo
3650 1870 3785 1925 vobis

2189 1958 2599 2031 compatimur,
2632 1958 2813 2012 Deum
2846 1963 3078 2013 orantes
3119 1974 3221 2029 pro
3269 1958 3597 2014 liberatione
3624 1976 3681 2014 ac
3707 1976 3786 2014 su-

2188 2048 2513 2102 blevatione
2542 2051 2743 2101 vestra
2775 2045 3133 2109 afﬂictionis.
3154 2063 3284 2117 quae
3314 2048 3473 2101 vobis
3504 2048 3664 2115 (unde
3682 2063 3786 2117 gra-

2189 2137 2331 2191 viter
2363 2136 2654 2207 angimur)
2674 2136 2745 2189 ab
2768 2134 2987 2205 iniquis
3017 2135 3075 2189 in
3108 2134 3235 2190 dies
3266 2136 3567 2207 irrogatur.
3599 2141 3787 2192 Stante

2189 2241 2432 2296 corpora
2466 2225 2871 2296 Apostolorum
2904 2240 3006 2295 pro
3035 2224 3201 2279 vobis
3233 2240 3438 2296 preces
3468 2226 3605 2279 ﬁunt
3631 2224 3786 2294 quoti-

2190 2316 2301 2378 die,
2336 2319 2399 2369 ut
2449 2319 2506 2367 et
2544 2329 2649 2370 vos
2694 2313 3020 2368 liberemini
3073 2314 3143 2368 ab
3192 2312 3545 2385 importunis
3572 2318 3625 2367 et
3650 2313 3790 2367 malis

2188 2401 2527 2457 hominibus
2558 2402 2789 2456 Domini
2821 2402 3036 2457 auxilio
3063 2408 3121 2458 et
3149 2418 3286 2457 oves
3316 2403 3477 2457 vobis
3518 2402 3787 2457 commissa

2189 2492 2259 2546 ad
2291 2507 2504 2562 pascua
2537 2496 2761 2544 aeternae
2805 2490 2932 2544 vita:
2983 2508 3100 2545 una
3147 2490 3453 2545 vobiscum
3497 2490 3788 2562 perveniant

2190 2581 2567 2651 sempiterna.
2602 2578 2896 2634 Unitatem
2928 2583 2984 2634 et
3031 2580 3505 2635 communionem
3536 2579 3607 2649 (S.
3638 2580 3780 2647 Boni].

2187 2686 2275 2738 ep.
2310 2674 2383 2733 v1)
2414 2667 2743 2722 dilectionis
2763 2672 2986 2731 vestras,
3010 2668 3299 2723 valentem
3327 2674 3500 2739 atque
3525 2666 3787 2739 proficien-

2188 2763 2304 2813 tem
2321 2758 2377 2810 in
2399 2757 2645 2812 salutem
2666 2757 2928 2810 omnium
2947 2757 3555 2827 pepulorum,Creator
3568 2756 3787 2810 omnium

2190 2844 2561 2915 populorum,
2588 2848 2820 2898 Creator
2849 2843 3113 2898 omnium
3145 2844 3304 2899 Deus
3334 2846 3682 2915 omnipotens
3702 2858 3791 2897 me-

2191 2948 2413 2987 morem
2446 2932 2630 2987 nostri
2663 2931 3013 2986 aaternaliter
3043 2933 3355 2987 custodiat.
3393 2938 3588 3001 Amen.

2259 3020 2405 3075 Data
2436 3025 2617 3075 Nonis
2648 3020 2879 3091 Aprilis,
2927 3020 3232 3081 Valeriano
3278 3025 3337 3075 et
3384 3020 3650 3087 Gallieno,
3678 3019 3789 3073 viris

2188 3109 2559 3179 clarissimis,
2593 3107 2935 3164 consulibus
2967 3110 3144 3181 (Anno
3176 3109 3385 3164 Christi
3413 3110 3558 3181 255).

1287 3278 3795 3311 ω

438 3672 1207 3822 CELEBERHIll/E

1668 4068 2028 4161 PARS

1209 3456 1631 3568 ACTA
1730 3456 1934 3563 ET
2017 3452 3070 3564 MONUMENTA

1260 3674 1388 3819 Illi
1436 3671 2231 3822 HERETICORUM
2298 3668 2951 3817 BAPTISMATE
3005 3663 3797 3817 DISPUTATIONIS~

2129 4067 2617 4160 PRIMA.

936 4251 1405 4317 PRIEGIPUA
1451 4250 1881 4316 VETERUM
1932 4248 2505 4315 MONUMENTA
2567 4246 2773 4322 QU/E
2820 4246 3367 4312 SUPERSUNT

1539 4416 1631 4472 DE
1686 4415 2141 4472 BAPTISMATE
2182 4411 2742 4471 HIERETICORUM.

1212 4734 1303 4821 S.
1350 4732 1883 4820 STEPHANI
1946 4730 2238 4815 PAPZE
2302 4730 2443 4813 ΕΤ
2505 4728 3099 4817 MARTYHIS

1669 4907 2144 4965 DECRETORIIE
2180 4904 2629 4961 SENTENTIE.

1915 5227 2354 5286 PROOEMIUM.

513 5374 839 5430 Dolendum
870 5392 1009 5431 sane
1040 5380 1128 5432 est
1158 5377 1225 5431 ad
1260 5393 1366 5431 nos
1400 5392 1586 5447 usque
1617 5391 1732 5430 non
1765 5372 2066 5429 devenisse
2097 5385 2501 5442 quascumque
2532 5368 2589 5421 in
2622 5367 2712 5421 bis
2743 5382 2937 5421 rerum
2983 5363 3433 5436 tempestatibus
3470 5352 3793 5449 beatissimus

443 5464 775 5534 Stephanus
803 5481 954 5536 papa
984 5466 1006 5519 Ι
1038 5464 1272 5536 scripsit
1301 5463 1602 5536 epistolas,
1636 5464 1755 5519 sive
1784 5463 1854 5517 ad
1891 5461 2214 5524 Africanos,
2248 5458 2365 5514 sive
2396 5458 2466 5511 ad
2499 5454 2819 5512 Orientales
2845 5454 3184 5525 episcopos;
3221 5451 3486 5523 quinimo
3519 5451 3572 5536 et
3600 5452 3789 5536 mira}?

442 5555 581 5607 dum
614 5552 836 5607 nullam
868 5556 1127 5619 omnino,
1169 5554 1421 5625 exceptis
1468 5558 1699 5607 tantum
1733 5550 1999 5622 pauculis
2030 5548 2353 5612 sententiis,
2388 5544 2749 5617 superfuisse
2792 5561 2803 5597 :
2840 5560 2971 5597 cum
3007 5542 3223 5596 interea
3256 5556 3361 5595 nec
3392 5530 3787 5625 obliviiinjuria,

441 5662 543 5699 nec
576 5642 861 5698 edacitate
893 5648 1224 5713 temporum
1274 5619 1591 5699 exciderint
1621 5619 1889 5696 nonnulli
1938 5652 2189 5710 quorum
2238 5649 2662 5707 anonymorum
2714 5631 2895 5688 libelli
2929 5632 3097 5702 longe
3143 5626 3506 5690 humiliores,
3535 5619 3786 5683 multoque
