  <div class='ocr_page' id='page_1' title='image "/cluster/home/n/w/nwhite01/storage/ocr_20150623/3/hvd.32044073549586/576.png"; bbox 0 0 4098 6178; ppageno 0'>
   <div class='ocr_carea' id='block_1_1' title="bbox 273 300 1909 368">
    <p class='ocr_par' dir='ltr' id='par_1_1' title="bbox 273 303 1909 368">
     <span class='ocr_line' id='line_1_1' title="bbox 273 303 1909 368; baseline -0.005 -2"><span class='ocrx_word' id='word_1_1' title='bbox 273 307 436 368; x_wconf 71' lang='grc'>1045</span> <span class='ocrx_word' id='word_1_2' title='bbox 1287 303 1490 365; x_wconf 80' lang='lat' dir='ltr'>PARS</span> <span class='ocrx_word' id='word_1_3' title='bbox 1537 304 1586 364; x_wconf 91' lang='grc' dir='ltr'><strong>Ι.</strong></span> <span class='ocrx_word' id='word_1_4' title='bbox 1629 337 1700 347; x_wconf 89' lang='lat'>--</span> <span class='ocrx_word' id='word_1_5' title='bbox 1729 303 1909 365; x_wconf 68' lang='lat' dir='ltr'>MONi</span> 
     </span>
    </p>
   </div>
   <div class='ocr_carea' id='block_1_2' title="bbox 2012 300 3695 368">
    <p class='ocr_par' dir='ltr' id='par_1_2' title="bbox 2012 300 3695 365">
     <span class='ocr_line' id='line_1_2' title="bbox 2012 300 3695 365; baseline 0.002 -3"><span class='ocrx_word' id='word_1_6' title='bbox 2012 303 2232 364; x_wconf 63' lang='lat' dir='ltr'>IENTA</span> <span class='ocrx_word' id='word_1_7' title='bbox 2273 301 2681 365; x_wconf 78' lang='lat' dir='ltr'>VETEBUM.</span> <span class='ocrx_word' id='word_1_8' title='bbox 3537 300 3695 365; x_wconf 78' lang='grc'>1046</span> 
     </span>
    </p>
   </div>
   <div class='ocr_carea' id='block_1_3' title="bbox 270 427 3694 502">
    <p class='ocr_par' dir='ltr' id='par_1_3' title="bbox 270 427 3694 502">
     <span class='ocr_line' id='line_1_3' title="bbox 270 427 3694 502; baseline -0.001 -13"><span class='ocrx_word' id='word_1_9' title='bbox 270 432 527 489; x_wconf 77' lang='lat' dir='ltr'>exilioris</span> <span class='ocrx_word' id='word_1_10' title='bbox 555 430 800 502; x_wconf 85' lang='lat' dir='ltr'>tenoris,</span> <span class='ocrx_word' id='word_1_11' title='bbox 830 447 896 487; x_wconf 89' lang='lat' dir='ltr'>ao</span> <span class='ocrx_word' id='word_1_12' title='bbox 926 431 1208 487; x_wconf 83' lang='lat' dir='ltr'>momenti</span> <span class='ocrx_word' id='word_1_13' title='bbox 1235 449 1247 487; x_wconf 93' lang='lat'>:</span> <span class='ocrx_word' id='word_1_14' title='bbox 1272 447 1520 502; x_wconf 91' lang='lat' dir='ltr'>cumque</span> <span class='ocrx_word' id='word_1_15' title='bbox 1552 430 1788 486; x_wconf 80' lang='lat' dir='ltr'>aliunde</span> <span class='ocrx_word' id='word_1_16' title='bbox 1814 435 1937 486; x_wconf 86' lang='lat' dir='ltr'>tota</span> <span class='ocrx_word' id='word_1_17' title='bbox 1967 431 2039 486; x_wconf 88' lang='lat' dir='ltr'>ab</span> <span class='ocrx_word' id='word_1_18' title='bbox 2071 431 2207 487; x_wconf 82' lang='lat' dir='ltr'>imis</span> <span class='ocrx_word' id='word_1_19' title='bbox 2237 431 2476 486; x_wconf 80' lang='lat' dir='ltr'>sedibus</span> <span class='ocrx_word' id='word_1_20' title='bbox 2498 431 2570 486; x_wconf 94' lang='lat' dir='ltr'>ob</span> <span class='ocrx_word' id='word_1_21' title='bbox 2591 429 3001 502; x_wconf 81' lang='lat' dir='ltr'>gravissimam</span> <span class='ocrx_word' id='word_1_22' title='bbox 3033 429 3180 483; x_wconf 86' lang='lat' dir='ltr'>hanc</span> <span class='ocrx_word' id='word_1_23' title='bbox 3211 427 3376 483; x_wconf 88' lang='lat' dir='ltr'>litem</span> <span class='ocrx_word' id='word_1_24' title='bbox 3399 434 3694 485; x_wconf 89' lang='lat' dir='ltr'>commota</span> 
     </span>
    </p>
   </div>
   <div class='ocr_carea' id='block_1_4' title="bbox 270 516 3691 592">
    <p class='ocr_par' dir='ltr' id='par_1_4' title="bbox 270 516 3691 592">
     <span class='ocr_line' id='line_1_4' title="bbox 270 516 3691 592; baseline -0.002 -14"><span class='ocrx_word' id='word_1_25' title='bbox 270 522 529 578; x_wconf 83' lang='lat' dir='ltr'>Ecclesia</span> <span class='ocrx_word' id='word_1_26' title='bbox 560 521 752 590; x_wconf 83' lang='lat' dir='ltr'>fuerit,</span> <span class='ocrx_word' id='word_1_27' title='bbox 785 521 1037 592; x_wconf 86' lang='lat' dir='ltr'>indeque</span> <span class='ocrx_word' id='word_1_28' title='bbox 1067 521 1126 574; x_wconf 89' lang='lat' dir='ltr'>in</span> <span class='ocrx_word' id='word_1_29' title='bbox 1158 525 1421 576; x_wconf 88' lang='lat' dir='ltr'>sanctam</span> <span class='ocrx_word' id='word_1_30' title='bbox 1467 519 1620 576; x_wconf 88' lang='lat' dir='ltr'>Petri</span> <span class='ocrx_word' id='word_1_31' title='bbox 1651 521 1856 576; x_wconf 84' lang='lat' dir='ltr'>Sedem</span> <span class='ocrx_word' id='word_1_32' title='bbox 1908 519 2150 590; x_wconf 86' lang='lat' dir='ltr'>intenta,</span> <span class='ocrx_word' id='word_1_33' title='bbox 2183 536 2568 591; x_wconf 80' lang='lat' dir='ltr'>quaecumque</span> <span class='ocrx_word' id='word_1_34' title='bbox 2617 516 2974 590; x_wconf 77' lang='lat' dir='ltr'>pontificalia</span> <span class='ocrx_word' id='word_1_35' title='bbox 3005 516 3234 588; x_wconf 88' lang='lat' dir='ltr'>placita,</span> <span class='ocrx_word' id='word_1_36' title='bbox 3269 517 3566 571; x_wconf 89' lang='lat' dir='ltr'>decretave</span> <span class='ocrx_word' id='word_1_37' title='bbox 3599 535 3691 571; x_wconf 89' lang='lat' dir='ltr'>ar-</span> 
     </span>
    </p>
   </div>
   <div class='ocr_carea' id='block_1_5' title="bbox 271 605 3692 682">
    <p class='ocr_par' dir='ltr' id='par_1_5' title="bbox 271 605 3692 682">
     <span class='ocr_line' id='line_1_5' title="bbox 271 605 3692 682; baseline -0.001 -17"><span class='ocrx_word' id='word_1_38' title='bbox 271 611 446 668; x_wconf 86' lang='lat' dir='ltr'>rectis</span> <span class='ocrx_word' id='word_1_39' title='bbox 494 610 740 666; x_wconf 86' lang='lat' dir='ltr'>auribus</span> <span class='ocrx_word' id='word_1_40' title='bbox 791 610 1052 682; x_wconf 87' lang='lat' dir='ltr'>accipere</span> <span class='ocrx_word' id='word_1_41' title='bbox 1100 609 1388 665; x_wconf 84' lang='lat' dir='ltr'>debuerit.</span> <span class='ocrx_word' id='word_1_42' title='bbox 1421 609 1499 665; x_wconf 90' lang='lat' dir='ltr'>Eo</span> <span class='ocrx_word' id='word_1_43' title='bbox 1551 625 1688 682; x_wconf 84' lang='lat' dir='ltr'>ergo</span> <span class='ocrx_word' id='word_1_44' title='bbox 1736 608 2072 680; x_wconf 75' lang='lat' dir='ltr'>diligentius</span> <span class='ocrx_word' id='word_1_45' title='bbox 2102 609 2431 681; x_wconf 88' lang='lat' dir='ltr'>colligenda</span> <span class='ocrx_word' id='word_1_46' title='bbox 2477 613 2633 674; x_wconf 89' lang='lat' dir='ltr'>sunt,</span> <span class='ocrx_word' id='word_1_47' title='bbox 2670 612 2958 679; x_wconf 79' lang='lat' dir='ltr'>quotquot</span> <span class='ocrx_word' id='word_1_48' title='bbox 3003 605 3368 671; x_wconf 84' lang='lat' dir='ltr'>emerserint,</span> <span class='ocrx_word' id='word_1_49' title='bbox 3412 605 3692 676; x_wconf 86' lang='lat' dir='ltr'>Stephani</span> 
     </span>
    </p>
   </div>
   <div class='ocr_carea' id='block_1_6' title="bbox 270 695 3693 771">
    <p class='ocr_par' dir='ltr' id='par_1_6' title="bbox 270 695 3693 771">
     <span class='ocr_line' id='line_1_6' title="bbox 270 695 3693 771; baseline -0.001 -17"><span class='ocrx_word' id='word_1_50' title='bbox 270 700 434 771; x_wconf 73' lang='lat' dir='ltr'>Papae</span> <span class='ocrx_word' id='word_1_51' title='bbox 467 698 766 755; x_wconf 68' lang='lat' dir='ltr'>sententias</span> <span class='ocrx_word' id='word_1_52' title='bbox 797 714 866 754; x_wconf 87' lang='lat' dir='ltr'>ex</span> <span class='ocrx_word' id='word_1_53' title='bbox 895 697 1161 766; x_wconf 86' lang='lat' dir='ltr'>epistolis</span> <span class='ocrx_word' id='word_1_54' title='bbox 1191 697 1463 770; x_wconf 78' lang='lat' dir='ltr'>Cypriani</span> <span class='ocrx_word' id='word_1_55' title='bbox 1497 703 1554 752; x_wconf 90' lang='lat' dir='ltr'>et</span> <span class='ocrx_word' id='word_1_56' title='bbox 1585 697 1909 753; x_wconf 89' lang='lat' dir='ltr'>Firmiliani</span> <span class='ocrx_word' id='word_1_57' title='bbox 1941 703 2248 769; x_wconf 59' lang='lat' dir='ltr'>excerptas;</span> <span class='ocrx_word' id='word_1_58' title='bbox 2287 697 2577 768; x_wconf 87' lang='lat' dir='ltr'>palmares</span> <span class='ocrx_word' id='word_1_59' title='bbox 2609 714 2780 768; x_wconf 90' lang='lat' dir='ltr'>porro</span> <span class='ocrx_word' id='word_1_60' title='bbox 2812 712 2876 751; x_wconf 88' lang='lat' dir='ltr'>ac</span> <span class='ocrx_word' id='word_1_61' title='bbox 2908 696 3115 750; x_wconf 91' lang='lat' dir='ltr'>merito</span> <span class='ocrx_word' id='word_1_62' title='bbox 3139 695 3305 749; x_wconf 60' lang='lat' dir='ltr'>dictae</span> <span class='ocrx_word' id='word_1_63' title='bbox 3340 695 3693 761; x_wconf 65' lang='lat' dir='ltr'>decretoriis,</span> 
     </span>
    </p>
   </div>
   <div class='ocr_carea' id='block_1_7' title="bbox 266 784 3693 860">
    <p class='ocr_par' dir='ltr' id='par_1_7' title="bbox 266 784 3693 860">
     <span class='ocr_line' id='line_1_7' title="bbox 266 784 3693 860; baseline -0.002 -16"><span class='ocrx_word' id='word_1_64' title='bbox 266 789 486 860; x_wconf 88' lang='lat' dir='ltr'>quippe</span> <span class='ocrx_word' id='word_1_65' title='bbox 509 805 656 856; x_wconf 67' lang='lat' dir='ltr'>qua,</span> <span class='ocrx_word' id='word_1_66' title='bbox 677 787 815 843; x_wconf 91' lang='lat' dir='ltr'>licet</span> <span class='ocrx_word' id='word_1_67' title='bbox 844 786 980 841; x_wconf 92' lang='lat' dir='ltr'>hinc</span> <span class='ocrx_word' id='word_1_68' title='bbox 1011 793 1069 842; x_wconf 88' lang='lat' dir='ltr'>et</span> <span class='ocrx_word' id='word_1_69' title='bbox 1098 787 1234 842; x_wconf 90' lang='lat' dir='ltr'>hinc</span> <span class='ocrx_word' id='word_1_70' title='bbox 1263 787 1655 842; x_wconf 88' lang='lat' dir='ltr'>renitentibus</span> <span class='ocrx_word' id='word_1_71' title='bbox 1682 788 1948 842; x_wconf 81' lang='lat' dir='ltr'>maximae</span> <span class='ocrx_word' id='word_1_72' title='bbox 1980 787 2089 842; x_wconf 89' lang='lat' dir='ltr'>hac</span> <span class='ocrx_word' id='word_1_73' title='bbox 2121 787 2521 843; x_wconf 71' lang='lat' dir='ltr'>meretissimae</span> <span class='ocrx_word' id='word_1_74' title='bbox 2554 786 2919 841; x_wconf 83' lang='lat' dir='ltr'>auctoritatis</span> <span class='ocrx_word' id='word_1_75' title='bbox 2942 784 3106 853; x_wconf 89' lang='lat' dir='ltr'>viris,</span> <span class='ocrx_word' id='word_1_76' title='bbox 3131 785 3425 856; x_wconf 83' lang='lat' dir='ltr'>ingentem</span> <span class='ocrx_word' id='word_1_77' title='bbox 3456 785 3693 840; x_wconf 89' lang='lat' dir='ltr'>demum</span> 
     </span>
    </p>
   </div>
   <div class='ocr_carea' id='block_1_8' title="bbox 267 872 3694 948">
    <p class='ocr_par' dir='ltr' id='par_1_8' title="bbox 267 872 3694 948">
     <span class='ocr_line' id='line_1_8' title="bbox 267 872 3694 948; baseline -0.001 -17"><span class='ocrx_word' id='word_1_78' title='bbox 267 876 434 932; x_wconf 90' lang='lat' dir='ltr'>litem</span> <span class='ocrx_word' id='word_1_79' title='bbox 466 877 809 933; x_wconf 91' lang='lat' dir='ltr'>diremerint</span> <span class='ocrx_word' id='word_1_80' title='bbox 840 892 906 930; x_wconf 90' lang='lat' dir='ltr'>ac</span> <span class='ocrx_word' id='word_1_81' title='bbox 936 876 1111 948; x_wconf 90' lang='lat' dir='ltr'>paulo</span> <span class='ocrx_word' id='word_1_82' title='bbox 1145 881 1275 947; x_wconf 90' lang='lat' dir='ltr'>post</span> <span class='ocrx_word' id='word_1_83' title='bbox 1323 876 1542 931; x_wconf 84' lang='lat' dir='ltr'>fuerint</span> <span class='ocrx_word' id='word_1_84' title='bbox 1591 877 1663 930; x_wconf 92' lang='lat' dir='ltr'>ab</span> <span class='ocrx_word' id='word_1_85' title='bbox 1713 877 1872 931; x_wconf 91' lang='lat' dir='ltr'>omni</span> <span class='ocrx_word' id='word_1_86' title='bbox 1903 892 2138 948; x_wconf 89' lang='lat' dir='ltr'>quaque</span> <span class='ocrx_word' id='word_1_87' title='bbox 2187 881 2347 948; x_wconf 90' lang='lat' dir='ltr'>patet</span> <span class='ocrx_word' id='word_1_88' title='bbox 2395 875 2684 931; x_wconf 86' lang='lat' dir='ltr'>Eccclesia</span> <span class='ocrx_word' id='word_1_89' title='bbox 2731 879 2998 946; x_wconf 72' lang='lat' dir='ltr'>acceptae,</span> <span class='ocrx_word' id='word_1_90' title='bbox 3032 872 3308 944; x_wconf 66' lang='lat' dir='ltr'>amplexae</span> <span class='ocrx_word' id='word_1_91' title='bbox 3353 873 3600 927; x_wconf 84' lang='lat' dir='ltr'>ﬁrmiter</span> <span class='ocrx_word' id='word_1_92' title='bbox 3627 890 3694 928; x_wconf 89' lang='lat' dir='ltr'>ac</span> 
     </span>
    </p>
   </div>
   <div class='ocr_carea' id='block_1_9' title="bbox 262 961 3692 1038">
    <p class='ocr_par' dir='ltr' id='par_1_9' title="bbox 262 961 3692 1038">
     <span class='ocr_line' id='line_1_9' title="bbox 262 961 3692 1038; baseline -0.001 -17"><span class='ocrx_word' id='word_1_93' title='bbox 262 971 553 1038; x_wconf 86' lang='lat' dir='ltr'>perpetuo</span> <span class='ocrx_word' id='word_1_94' title='bbox 581 969 844 1022; x_wconf 69' lang='lat' dir='ltr'>servatas.</span> <span class='ocrx_word' id='word_1_95' title='bbox 879 965 1008 1021; x_wconf 64' lang='lat' dir='ltr'>Hsae</span> <span class='ocrx_word' id='word_1_96' title='bbox 1037 981 1172 1021; x_wconf 88' lang='lat' dir='ltr'>vero</span> <span class='ocrx_word' id='word_1_97' title='bbox 1203 964 1390 1020; x_wconf 86' lang='lat' dir='ltr'>sancti</span> <span class='ocrx_word' id='word_1_98' title='bbox 1424 965 1722 1020; x_wconf 84' lang='lat' dir='ltr'>Pontificis</span> <span class='ocrx_word' id='word_1_99' title='bbox 1762 966 1937 1021; x_wconf 74' lang='lat' dir='ltr'>effata</span> <span class='ocrx_word' id='word_1_100' title='bbox 1981 965 2124 1020; x_wconf 86' lang='lat' dir='ltr'>dum</span> <span class='ocrx_word' id='word_1_101' title='bbox 2155 981 2186 1020; x_wconf 91' lang='lat' dir='ltr'>e</span> <span class='ocrx_word' id='word_1_102' title='bbox 2217 964 2542 1020; x_wconf 88' lang='lat' dir='ltr'>Firmiliani</span> <span class='ocrx_word' id='word_1_103' title='bbox 2573 963 2783 1018; x_wconf 84' lang='lat' dir='ltr'>litteris</span> <span class='ocrx_word' id='word_1_104' title='bbox 2813 961 3186 1035; x_wconf 87' lang='lat' dir='ltr'>potissimum</span> <span class='ocrx_word' id='word_1_105' title='bbox 3234 961 3517 1031; x_wconf 89' lang='lat' dir='ltr'>eruimus,</span> <span class='ocrx_word' id='word_1_106' title='bbox 3550 978 3692 1017; x_wconf 90' lang='lat' dir='ltr'>neu-</span> 
     </span>
    </p>
   </div>
   <div class='ocr_carea' id='block_1_10' title="bbox 261 1050 3688 1126">
    <p class='ocr_par' dir='ltr' id='par_1_10' title="bbox 261 1050 3688 1126">
     <span class='ocr_line' id='line_1_10' title="bbox 261 1050 3688 1126; baseline -0.001 -18"><span class='ocrx_word' id='word_1_107' title='bbox 261 1055 306 1108; x_wconf 89' lang='lat' dir='ltr'>ti</span> <span class='ocrx_word' id='word_1_108' title='bbox 319 1071 496 1126; x_wconf 91' lang='lat' dir='ltr'>quam</span> <span class='ocrx_word' id='word_1_109' title='bbox 528 1055 589 1108; x_wconf 90' lang='lat' dir='ltr'>in</span> <span class='ocrx_word' id='word_1_110' title='bbox 620 1055 816 1110; x_wconf 90' lang='lat' dir='ltr'>animo</span> <span class='ocrx_word' id='word_1_111' title='bbox 847 1058 937 1109; x_wconf 90' lang='lat' dir='ltr'>est</span> <span class='ocrx_word' id='word_1_112' title='bbox 966 1054 1154 1126; x_wconf 89' lang='lat' dir='ltr'>ipsam</span> <span class='ocrx_word' id='word_1_113' title='bbox 1185 1053 1512 1108; x_wconf 89' lang='lat' dir='ltr'>Firmiliani</span> <span class='ocrx_word' id='word_1_114' title='bbox 1544 1053 1854 1125; x_wconf 82' lang='lat' dir='ltr'>epistolam</span> <span class='ocrx_word' id='word_1_115' title='bbox 1902 1053 2298 1110; x_wconf 88' lang='lat' dir='ltr'>authenticam</span> <span class='ocrx_word' id='word_1_116' title='bbox 2333 1059 2435 1110; x_wconf 87' lang='lat' dir='ltr'>aut</span> <span class='ocrx_word' id='word_1_117' title='bbox 2464 1057 2648 1109; x_wconf 87' lang='lat' dir='ltr'>ratam</span> <span class='ocrx_word' id='word_1_118' title='bbox 2702 1053 2932 1107; x_wconf 88' lang='lat' dir='ltr'>habere.</span> <span class='ocrx_word' id='word_1_119' title='bbox 2967 1052 3102 1106; x_wconf 90' lang='lat' dir='ltr'>Esto</span> <span class='ocrx_word' id='word_1_120' title='bbox 3133 1052 3242 1106; x_wconf 93' lang='lat' dir='ltr'>sub</span> <span class='ocrx_word' id='word_1_121' title='bbox 3266 1051 3463 1120; x_wconf 89' lang='lat' dir='ltr'>judice</span> <span class='ocrx_word' id='word_1_122' title='bbox 3494 1050 3565 1105; x_wconf 91' lang='lat' dir='ltr'>lis</span> <span class='ocrx_word' id='word_1_123' title='bbox 3595 1051 3688 1104; x_wconf 90' lang='lat' dir='ltr'>in-</span> 
     </span>
    </p>
   </div>
   <div class='ocr_carea' id='block_1_11' title="bbox 259 1139 3690 1215">
    <p class='ocr_par' dir='ltr' id='par_1_11' title="bbox 259 1139 3690 1215">
     <span class='ocr_line' id='line_1_11' title="bbox 259 1139 3690 1215; baseline -0.002 -17"><span class='ocrx_word' id='word_1_124' title='bbox 259 1148 452 1215; x_wconf 82' lang='lat' dir='ltr'>tegra,</span> <span class='ocrx_word' id='word_1_125' title='bbox 486 1147 836 1214; x_wconf 87' lang='lat' dir='ltr'>tantumque</span> <span class='ocrx_word' id='word_1_126' title='bbox 883 1141 1132 1198; x_wconf 87' lang='lat' dir='ltr'>velimus</span> <span class='ocrx_word' id='word_1_127' title='bbox 1183 1141 1371 1210; x_wconf 89' lang='lat' dir='ltr'>liceat,</span> <span class='ocrx_word' id='word_1_128' title='bbox 1405 1157 1475 1198; x_wconf 85' lang='lat' dir='ltr'>ex</span> <span class='ocrx_word' id='word_1_129' title='bbox 1523 1141 1633 1197; x_wconf 90' lang='lat' dir='ltr'>hoc</span> <span class='ocrx_word' id='word_1_130' title='bbox 1684 1142 1841 1198; x_wconf 85' lang='lat' dir='ltr'>fonte</span> <span class='ocrx_word' id='word_1_131' title='bbox 1871 1144 1961 1198; x_wconf 90' lang='lat' dir='ltr'>vel</span> <span class='ocrx_word' id='word_1_132' title='bbox 1993 1141 2170 1197; x_wconf 90' lang='lat' dir='ltr'>dubio</span> <span class='ocrx_word' id='word_1_133' title='bbox 2203 1142 2286 1198; x_wconf 91' lang='lat' dir='ltr'>vel</span> <span class='ocrx_word' id='word_1_134' title='bbox 2318 1141 2649 1198; x_wconf 87' lang='lat' dir='ltr'>disturbato</span> <span class='ocrx_word' id='word_1_135' title='bbox 2679 1141 2986 1197; x_wconf 86' lang='lat' dir='ltr'>exhaurire</span> <span class='ocrx_word' id='word_1_136' title='bbox 3015 1139 3336 1195; x_wconf 87' lang='lat' dir='ltr'>sententias</span> <span class='ocrx_word' id='word_1_137' title='bbox 3383 1139 3514 1194; x_wconf 90' lang='lat' dir='ltr'>illas</span> <span class='ocrx_word' id='word_1_138' title='bbox 3563 1155 3690 1209; x_wconf 64' lang='lat' dir='ltr'>quae</span> 
     </span>
    </p>
   </div>
   <div class='ocr_carea' id='block_1_12' title="bbox 265 1225 3686 1304">
    <p class='ocr_par' dir='ltr' id='par_1_12' title="bbox 265 1225 3686 1304">
     <span class='ocr_line' id='line_1_12' title="bbox 265 1225 3686 1304; baseline -0.002 -16"><span class='ocrx_word' id='word_1_139' title='bbox 265 1231 662 1288; x_wconf 83' lang='lat' dir='ltr'>venerandam</span> <span class='ocrx_word' id='word_1_140' title='bbox 695 1230 935 1303; x_wconf 83' lang='lat' dir='ltr'>sapiunt</span> <span class='ocrx_word' id='word_1_141' title='bbox 967 1235 1342 1299; x_wconf 85' lang='lat' dir='ltr'>vetustatem,</span> <span class='ocrx_word' id='word_1_142' title='bbox 1371 1246 1638 1302; x_wconf 86' lang='lat' dir='ltr'>quasque</span> <span class='ocrx_word' id='word_1_143' title='bbox 1668 1230 1824 1286; x_wconf 84' lang='lat' dir='ltr'>vafer</span> <span class='ocrx_word' id='word_1_144' title='bbox 1853 1229 2239 1303; x_wconf 76' lang='lat' dir='ltr'>interpolator</span> <span class='ocrx_word' id='word_1_145' title='bbox 2267 1246 2338 1286; x_wconf 83' lang='lat' dir='ltr'>ex</span> <span class='ocrx_word' id='word_1_146' title='bbox 2368 1231 2606 1304; x_wconf 90' lang='lat' dir='ltr'>antquis</span> <span class='ocrx_word' id='word_1_147' title='bbox 2651 1229 3067 1286; x_wconf 87' lang='lat' dir='ltr'>instrumentis</span> <span class='ocrx_word' id='word_1_148' title='bbox 3097 1228 3156 1282; x_wconf 90' lang='lat' dir='ltr'>in</span> <span class='ocrx_word' id='word_1_149' title='bbox 3189 1226 3417 1283; x_wconf 82' lang='lat' dir='ltr'>novella</span> <span class='ocrx_word' id='word_1_150' title='bbox 3467 1225 3686 1280; x_wconf 73' lang='grc' dir='ltr'>νοθείων</span> 
     </span>
    </p>
   </div>
   <div class='ocr_carea' id='block_1_13' title="bbox 271 1319 1139 1393">
    <p class='ocr_par' dir='ltr' id='par_1_13' title="bbox 271 1319 1139 1393">
     <span class='ocr_line' id='line_1_13' title="bbox 271 1319 1139 1393; baseline -0.001 -18"><span class='ocrx_word' id='word_1_151' title='bbox 271 1321 568 1393; x_wconf 77' lang='lat' dir='ltr'>farragine</span> <span class='ocrx_word' id='word_1_152' title='bbox 597 1321 900 1376; x_wconf 88' lang='lat' dir='ltr'>intrudere</span> <span class='ocrx_word' id='word_1_153' title='bbox 931 1319 1139 1392; x_wconf 88' lang='lat' dir='ltr'>potuit.</span> 
     </span>
    </p>
   </div>
   <div class='ocr_carea' id='block_1_14' title="bbox 1244 1417 2712 1490">
    <p class='ocr_par' dir='ltr' id='par_1_14' title="bbox 1244 1417 2712 1490">
     <span class='ocr_line' id='line_1_14' title="bbox 1244 1417 2712 1490; baseline -0.001 -16"><span class='ocrx_word' id='word_1_154' title='bbox 1244 1418 1390 1475; x_wconf 86' lang='lat' dir='ltr'>Uuus</span> <span class='ocrx_word' id='word_1_155' title='bbox 1418 1434 1482 1472; x_wconf 88' lang='lat' dir='ltr'>ac</span> <span class='ocrx_word' id='word_1_156' title='bbox 1509 1418 1858 1473; x_wconf 77' lang='lat' dir='ltr'>necessarius</span> <span class='ocrx_word' id='word_1_157' title='bbox 1885 1419 2378 1474; x_wconf 74' lang='lat' dir='ltr'>controversiarum</span> <span class='ocrx_word' id='word_1_158' title='bbox 2406 1417 2538 1490; x_wconf 78' lang='lat' dir='ltr'>ﬁdei</span> <span class='ocrx_word' id='word_1_159' title='bbox 2564 1418 2712 1488; x_wconf 83' lang='lat' dir='ltr'>ﬁnis.</span> 
     </span>
    </p>
   </div>
   <div class='ocr_carea' id='block_1_15' title="bbox 335 1515 3684 1590">
    <p class='ocr_par' dir='ltr' id='par_1_15' title="bbox 335 1515 3684 1590">
     <span class='ocr_line' id='line_1_15' title="bbox 335 1515 3684 1590; baseline -0.001 -17"><span class='ocrx_word' id='word_1_160' title='bbox 335 1517 672 1588; x_wconf 87' lang='lat' dir='ltr'>Stephanus</span> <span class='ocrx_word' id='word_1_161' title='bbox 720 1517 791 1572; x_wconf 92' lang='lat' dir='ltr'>de</span> <span class='ocrx_word' id='word_1_162' title='bbox 840 1516 1212 1589; x_wconf 88' lang='lat' dir='ltr'>episcopatus</span> <span class='ocrx_word' id='word_1_163' title='bbox 1243 1518 1337 1573; x_wconf 92' lang='lat' dir='ltr'>sui</span> <span class='ocrx_word' id='word_1_164' title='bbox 1367 1517 1491 1572; x_wconf 94' lang='lat' dir='ltr'>loco</span> <span class='ocrx_word' id='word_1_165' title='bbox 1522 1517 1808 1590; x_wconf 84' lang='lat' dir='ltr'>gloriatur</span> <span class='ocrx_word' id='word_1_166' title='bbox 1838 1524 1893 1572; x_wconf 89' lang='lat' dir='ltr'>et</span> <span class='ocrx_word' id='word_1_167' title='bbox 1921 1533 1986 1573; x_wconf 86' lang='lat' dir='ltr'>se</span> <span class='ocrx_word' id='word_1_168' title='bbox 2017 1517 2450 1574; x_wconf 87' lang='lat' dir='ltr'>successionem</span> <span class='ocrx_word' id='word_1_169' title='bbox 2484 1517 2636 1573; x_wconf 91' lang='lat' dir='ltr'>Petri</span> <span class='ocrx_word' id='word_1_170' title='bbox 2680 1521 2879 1573; x_wconf 87' lang='lat' dir='ltr'>tenere</span> <span class='ocrx_word' id='word_1_171' title='bbox 2928 1515 3246 1583; x_wconf 89' lang='lat' dir='ltr'>contendit,</span> <span class='ocrx_word' id='word_1_172' title='bbox 3282 1531 3459 1587; x_wconf 88' lang='lat' dir='ltr'>super</span> <span class='ocrx_word' id='word_1_173' title='bbox 3508 1529 3684 1586; x_wconf 88' lang='lat' dir='ltr'>quem</span> 
     </span>
    </p>
   </div>
   <div class='ocr_carea' id='block_1_16' title="bbox 271 1604 1882 1677">
    <p class='ocr_par' dir='ltr' id='par_1_16' title="bbox 271 1604 1882 1677">
     <span class='ocr_line' id='line_1_16' title="bbox 271 1604 1882 1677; baseline -0.001 -15"><span class='ocrx_word' id='word_1_174' title='bbox 271 1606 659 1662; x_wconf 86' lang='lat' dir='ltr'>fundamenta</span> <span class='ocrx_word' id='word_1_175' title='bbox 687 1604 954 1661; x_wconf 82' lang='lat' dir='ltr'>Ecclesiae</span> <span class='ocrx_word' id='word_1_176' title='bbox 985 1604 1195 1662; x_wconf 81' lang='lat' dir='ltr'>collata</span> <span class='ocrx_word' id='word_1_177' title='bbox 1223 1609 1365 1661; x_wconf 90' lang='lat' dir='ltr'>sunt</span> <span class='ocrx_word' id='word_1_178' title='bbox 1394 1606 1633 1677; x_wconf 83' lang='lat' dir='ltr'>(Firmil.</span> <span class='ocrx_word' id='word_1_179' title='bbox 1666 1607 1882 1677; x_wconf 83' lang='lat' dir='ltr'>Epist.).</span> 
     </span>
    </p>
   </div>
   <div class='ocr_carea' id='block_1_17' title="bbox 1390 1730 2564 1803">
    <p class='ocr_par' dir='ltr' id='par_1_17' title="bbox 1390 1730 2564 1803">
     <span class='ocr_line' id='line_1_17' title="bbox 1390 1730 2564 1803; baseline -0.001 -17"><span class='ocrx_word' id='word_1_180' title='bbox 1390 1731 1598 1786; x_wconf 72' lang='lat'><strong>1010</strong></span> <span class='ocrx_word' id='word_1_181' title='bbox 1639 1730 1709 1785; x_wconf 91' lang='lat' dir='ltr'>II.</span> <span class='ocrx_word' id='word_1_182' title='bbox 1751 1731 2007 1785; x_wconf 84' lang='lat' dir='ltr'>Palmarc</span> <span class='ocrx_word' id='word_1_183' title='bbox 2025 1732 2176 1802; x_wconf 83' lang='lat' dir='ltr'>juris</span> <span class='ocrx_word' id='word_1_184' title='bbox 2205 1732 2564 1803; x_wconf 82' lang='lat' dir='ltr'>principium.</span> 
     </span>
    </p>
   </div>
   <div class='ocr_carea' id='block_1_18' title="bbox 334 1826 3687 1900">
    <p class='ocr_par' dir='ltr' id='par_1_18' title="bbox 334 1826 3687 1900">
     <span class='ocr_line' id='line_1_18' title="bbox 334 1826 3687 1900; baseline -0 -16"><span class='ocrx_word' id='word_1_185' title='bbox 334 1827 394 1884; x_wconf 90' lang='lat' dir='ltr'>Si</span> <span class='ocrx_word' id='word_1_186' title='bbox 425 1826 560 1898; x_wconf 87' lang='lat' dir='ltr'>quis</span> <span class='ocrx_word' id='word_1_187' title='bbox 590 1842 725 1900; x_wconf 79' lang='lat' dir='ltr'>ergo</span> <span class='ocrx_word' id='word_1_188' title='bbox 759 1844 792 1882; x_wconf 89' lang='lat' dir='ltr'>a</span> <span class='ocrx_word' id='word_1_189' title='bbox 822 1843 1194 1900; x_wconf 90' lang='lat' dir='ltr'>quacumque</span> <span class='ocrx_word' id='word_1_190' title='bbox 1223 1827 1429 1884; x_wconf 71' lang='lat' dir='ltr'>haeresi</span> <span class='ocrx_word' id='word_1_191' title='bbox 1459 1828 1683 1884; x_wconf 90' lang='lat' dir='ltr'>venerit</span> <span class='ocrx_word' id='word_1_192' title='bbox 1713 1829 1784 1882; x_wconf 89' lang='lat' dir='ltr'>ad</span> <span class='ocrx_word' id='word_1_193' title='bbox 1819 1845 1946 1898; x_wconf 90' lang='lat' dir='ltr'>nos,</span> <span class='ocrx_word' id='word_1_194' title='bbox 1981 1845 2140 1883; x_wconf 82' lang='lat' dir='ltr'>NIHIL</span> <span class='ocrx_word' id='word_1_195' title='bbox 2169 1845 2520 1896; x_wconf 73' lang='lat' dir='ltr'>mnovs&#39;rua,</span> <span class='ocrx_word' id='word_1_196' title='bbox 2553 1844 2672 1884; x_wconf 74' lang='lat' dir='ltr'>ms:</span> <span class='ocrx_word' id='word_1_197' title='bbox 2704 1844 2856 1891; x_wconf 83' lang='lat' dir='ltr'>ouoo</span> <span class='ocrx_word' id='word_1_198' title='bbox 2884 1844 3181 1884; x_wconf 66' lang='lat' dir='ltr'>rmorrum</span> <span class='ocrx_word' id='word_1_199' title='bbox 3226 1843 3344 1896; x_wconf 77' lang='lat' dir='ltr'>ss&#39;r,</span> <span class='ocrx_word' id='word_1_200' title='bbox 3379 1833 3446 1882; x_wconf 89' lang='lat' dir='ltr'>ut</span> <span class='ocrx_word' id='word_1_201' title='bbox 3476 1844 3687 1883; x_wconf 88' lang='lat' dir='ltr'>manus</span> 
     </span>
    </p>
   </div>
   <div class='ocr_carea' id='block_1_19' title="bbox 260 1916 3682 1990">
    <p class='ocr_par' dir='ltr' id='par_1_19' title="bbox 260 1916 3682 1990">
     <span class='ocr_line' id='line_1_19' title="bbox 260 1916 3682 1990; baseline 0 -18"><span class='ocrx_word' id='word_1_202' title='bbox 260 1916 351 1972; x_wconf 88' lang='lat' dir='ltr'>illi</span> <span class='ocrx_word' id='word_1_203' title='bbox 379 1916 720 1988; x_wconf 88' lang='lat' dir='ltr'>imponatur</span> <span class='ocrx_word' id='word_1_204' title='bbox 748 1916 807 1971; x_wconf 89' lang='lat' dir='ltr'>in</span> <span class='ocrx_word' id='word_1_205' title='bbox 841 1917 1264 1990; x_wconf 88' lang='lat' dir='ltr'>pcenitentiam,</span> <span class='ocrx_word' id='word_1_206' title='bbox 1299 1933 1433 1974; x_wconf 91' lang='lat' dir='ltr'>cum</span> <span class='ocrx_word' id='word_1_207' title='bbox 1466 1917 1580 1989; x_wconf 86' lang='lat' dir='ltr'>ipsi</span> <span class='ocrx_word' id='word_1_208' title='bbox 1610 1916 1866 1973; x_wconf 71' lang='lat' dir='ltr'>haeretici</span> <span class='ocrx_word' id='word_1_209' title='bbox 1913 1917 2146 1990; x_wconf 91' lang='lat' dir='ltr'>proprie</span> <span class='ocrx_word' id='word_1_210' title='bbox 2177 1916 2524 1973; x_wconf 87' lang='lat' dir='ltr'>alterutrum</span> <span class='ocrx_word' id='word_1_211' title='bbox 2569 1919 2640 1973; x_wconf 91' lang='lat' dir='ltr'>ad</span> <span class='ocrx_word' id='word_1_212' title='bbox 2675 1934 2736 1973; x_wconf 88' lang='lat' dir='ltr'>se</span> <span class='ocrx_word' id='word_1_213' title='bbox 2766 1916 3064 1973; x_wconf 89' lang='lat' dir='ltr'>venientes</span> <span class='ocrx_word' id='word_1_214' title='bbox 3095 1934 3207 1973; x_wconf 91' lang='lat' dir='ltr'>non</span> <span class='ocrx_word' id='word_1_215' title='bbox 3243 1916 3552 1990; x_wconf 88' lang='lat' dir='ltr'>baptizent,</span> <span class='ocrx_word' id='word_1_216' title='bbox 3583 1917 3682 1972; x_wconf 88' lang='lat' dir='ltr'>sed</span> 
     </span>
    </p>
   </div>
   <div class='ocr_carea' id='block_1_20' title="bbox 260 2005 1586 2079">
    <p class='ocr_par' dir='ltr' id='par_1_20' title="bbox 260 2005 1586 2079">
     <span class='ocr_line' id='line_1_20' title="bbox 260 2005 1586 2079; baseline 0 -18"><span class='ocrx_word' id='word_1_217' title='bbox 260 2005 660 2062; x_wconf 87' lang='lat' dir='ltr'>communicet</span> <span class='ocrx_word' id='word_1_218' title='bbox 686 2009 916 2062; x_wconf 85' lang='lat' dir='ltr'>tantum</span> <span class='ocrx_word' id='word_1_219' title='bbox 946 2006 1133 2079; x_wconf 84' lang='lat' dir='ltr'>(Cypr.</span> <span class='ocrx_word' id='word_1_220' title='bbox 1169 2007 1344 2076; x_wconf 86' lang='lat' dir='ltr'>Epist.</span> <span class='ocrx_word' id='word_1_221' title='bbox 1379 2006 1586 2077; x_wconf 78' lang='lat' dir='ltr'>Lxxw).</span> 
     </span>
    </p>
   </div>
   <div class='ocr_carea' id='block_1_21' title="bbox 925 2131 3020 2204">
    <p class='ocr_par' dir='ltr' id='par_1_21' title="bbox 925 2131 3020 2204">
     <span class='ocr_line' id='line_1_21' title="bbox 925 2131 3020 2204; baseline 0 -16"><span class='ocrx_word' id='word_1_222' title='bbox 925 2133 1028 2189; x_wconf 74' lang='lat' dir='ltr'>ILI.</span> <span class='ocrx_word' id='word_1_223' title='bbox 1063 2133 1400 2189; x_wconf 79' lang='lat' dir='ltr'>Traditionis</span> <span class='ocrx_word' id='word_1_224' title='bbox 1429 2132 1739 2204; x_wconf 73' lang='lat' dir='ltr'>apostolicae</span> <span class='ocrx_word' id='word_1_225' title='bbox 1767 2133 2144 2188; x_wconf 74' lang='lat' dir='ltr'>testimonium</span> <span class='ocrx_word' id='word_1_226' title='bbox 2170 2131 2238 2188; x_wconf 80' lang='lat' dir='ltr'>de</span> <span class='ocrx_word' id='word_1_227' title='bbox 2265 2133 2650 2190; x_wconf 62' lang='lat' dir='ltr'>haereticorum</span> <span class='ocrx_word' id='word_1_228' title='bbox 2681 2133 3020 2204; x_wconf 79' lang='lat' dir='ltr'>baptismate.</span> 
     </span>
    </p>
   </div>
   <div class='ocr_carea' id='block_1_22' title="bbox 337 2229 3680 2303">
    <p class='ocr_par' dir='ltr' id='par_1_22' title="bbox 337 2229 3680 2303">
     <span class='ocr_line' id='line_1_22' title="bbox 337 2229 3680 2303; baseline 0.001 -20"><span class='ocrx_word' id='word_1_229' title='bbox 337 2269 353 2282; x_wconf 94' lang='lat'>.</span> <span class='ocrx_word' id='word_1_230' title='bbox 399 2269 414 2284; x_wconf 95' lang='lat'>.</span> <span class='ocrx_word' id='word_1_231' title='bbox 459 2271 475 2284; x_wconf 93' lang='lat'>.</span> <span class='ocrx_word' id='word_1_232' title='bbox 508 2229 684 2295; x_wconf 86' lang='lat' dir='ltr'>Quasi</span> <span class='ocrx_word' id='word_1_233' title='bbox 715 2229 961 2303; x_wconf 88' lang='lat' dir='ltr'>apostoli</span> <span class='ocrx_word' id='word_1_234' title='bbox 991 2246 1091 2286; x_wconf 90' lang='lat' dir='ltr'>eos</span> <span class='ocrx_word' id='word_1_235' title='bbox 1121 2231 1221 2302; x_wconf 89' lang='lat' dir='ltr'>qui</span> <span class='ocrx_word' id='word_1_236' title='bbox 1262 2232 1336 2287; x_wconf 88' lang='lat' dir='ltr'>ab</span> <span class='ocrx_word' id='word_1_237' title='bbox 1383 2229 1587 2288; x_wconf 57' lang='lat' dir='ltr'>haeresi</span> <span class='ocrx_word' id='word_1_238' title='bbox 1613 2230 1852 2288; x_wconf 89' lang='lat' dir='ltr'>veniant</span> <span class='ocrx_word' id='word_1_239' title='bbox 1880 2230 2161 2302; x_wconf 86' lang='lat' dir='ltr'>baptizari</span> <span class='ocrx_word' id='word_1_240' title='bbox 2211 2230 2622 2302; x_wconf 86' lang='lat' dir='ltr'>prohibuerint</span> <span class='ocrx_word' id='word_1_241' title='bbox 2667 2235 2724 2287; x_wconf 87' lang='lat' dir='ltr'>et</span> <span class='ocrx_word' id='word_1_242' title='bbox 2770 2229 2880 2287; x_wconf 79' lang='lat' dir='ltr'>hoc</span> <span class='ocrx_word' id='word_1_243' title='bbox 2931 2229 3380 2286; x_wconf 87' lang='lat' dir='ltr'>custodiendum</span> <span class='ocrx_word' id='word_1_244' title='bbox 3428 2229 3680 2302; x_wconf 83' lang='lat' dir='ltr'>posteris</span> 
     </span>
    </p>
   </div>
   <div class='ocr_carea' id='block_1_23' title="bbox 259 2315 1133 2392">
    <p class='ocr_par' dir='ltr' id='par_1_23' title="bbox 259 2315 1133 2392">
     <span class='ocr_line' id='line_1_23' title="bbox 259 2315 1133 2392; baseline 0.002 -20"><span class='ocrx_word' id='word_1_245' title='bbox 259 2315 615 2375; x_wconf 81' lang='lat' dir='ltr'>tradiderint</span> <span class='ocrx_word' id='word_1_246' title='bbox 640 2321 881 2388; x_wconf 82' lang='lat' dir='ltr'>(Firmil.</span> <span class='ocrx_word' id='word_1_247' title='bbox 913 2321 1133 2392; x_wconf 85' lang='lat' dir='ltr'>Epist.).</span> 
     </span>
    </p>
   </div>
   <div class='ocr_carea' id='block_1_24' title="bbox 1396 2417 2548 2490">
    <p class='ocr_par' dir='ltr' id='par_1_24' title="bbox 1396 2417 2548 2490">
     <span class='ocr_line' id='line_1_24' title="bbox 1396 2417 2548 2490; baseline 0.001 -17"><span class='ocrx_word' id='word_1_248' title='bbox 1396 2417 1487 2473; x_wconf 80' lang='grc' dir='ltr'>ιν.</span> <span class='ocrx_word' id='word_1_249' title='bbox 1522 2418 1839 2474; x_wconf 81' lang='lat' dir='ltr'>Testimonii</span> <span class='ocrx_word' id='word_1_250' title='bbox 1865 2418 2169 2474; x_wconf 70' lang='lat' dir='ltr'>intrinseca</span> <span class='ocrx_word' id='word_1_251' title='bbox 2196 2422 2548 2490; x_wconf 76' lang='lat' dir='ltr'>argumenta.</span> 
     </span>
    </p>
   </div>
   <div class='ocr_carea' id='block_1_25' title="bbox 334 2503 3678 2579">
    <p class='ocr_par' dir='ltr' id='par_1_25' title="bbox 334 2503 3678 2579">
     <span class='ocr_line' id='line_1_25' title="bbox 334 2503 3678 2579; baseline 0 -19"><span class='ocrx_word' id='word_1_252' title='bbox 334 2503 669 2576; x_wconf 85' lang='lat' dir='ltr'>Stephanus</span> <span class='ocrx_word' id='word_1_253' title='bbox 701 2510 760 2562; x_wconf 92' lang='lat' dir='ltr'>et</span> <span class='ocrx_word' id='word_1_254' title='bbox 787 2506 889 2578; x_wconf 90' lang='lat' dir='ltr'>qui</span> <span class='ocrx_word' id='word_1_255' title='bbox 937 2505 1022 2561; x_wconf 89' lang='lat' dir='ltr'>illi</span> <span class='ocrx_word' id='word_1_256' title='bbox 1069 2506 1466 2577; x_wconf 88' lang='lat' dir='ltr'>consentiunt,</span> <span class='ocrx_word' id='word_1_257' title='bbox 1502 2507 1864 2562; x_wconf 86' lang='lat' dir='ltr'>contendunt</span> <span class='ocrx_word' id='word_1_258' title='bbox 1913 2506 2320 2563; x_wconf 88' lang='lat' dir='ltr'>dimissionem</span> <span class='ocrx_word' id='word_1_259' title='bbox 2371 2511 2740 2579; x_wconf 81' lang='lat' dir='ltr'>peccatorum</span> <span class='ocrx_word' id='word_1_260' title='bbox 2771 2511 2830 2562; x_wconf 89' lang='lat' dir='ltr'>et</span> <span class='ocrx_word' id='word_1_261' title='bbox 2857 2506 3176 2562; x_wconf 86' lang='lat' dir='ltr'>secundam</span> <span class='ocrx_word' id='word_1_262' title='bbox 3225 2504 3588 2561; x_wconf 84' lang='lat' dir='ltr'>nativitatem</span> <span class='ocrx_word' id='word_1_263' title='bbox 3619 2504 3678 2560; x_wconf 92' lang='lat' dir='ltr'>in</span> 
     </span>
    </p>
   </div>
   <div class='ocr_carea' id='block_1_26' title="bbox 259 2593 3683 2669">
    <p class='ocr_par' dir='ltr' id='par_1_26' title="bbox 259 2593 3683 2669">
     <span class='ocr_line' id='line_1_26' title="bbox 259 2593 3683 2669; baseline 0 -18"><span class='ocrx_word' id='word_1_264' title='bbox 259 2593 675 2651; x_wconf 74' lang='lat' dir='ltr'>luereticorum</span> <span class='ocrx_word' id='word_1_265' title='bbox 705 2595 1000 2668; x_wconf 87' lang='lat' dir='ltr'>baptismo</span> <span class='ocrx_word' id='word_1_266' title='bbox 1032 2597 1361 2669; x_wconf 88' lang='lat' dir='ltr'>procedere,</span> <span class='ocrx_word' id='word_1_267' title='bbox 1377 2595 1534 2667; x_wconf 90' lang='lat' dir='ltr'>apud</span> <span class='ocrx_word' id='word_1_268' title='bbox 1565 2612 1714 2668; x_wconf 88' lang='lat' dir='ltr'>quos</span> <span class='ocrx_word' id='word_1_269' title='bbox 1742 2596 1918 2651; x_wconf 87' lang='lat' dir='ltr'>etiam</span> <span class='ocrx_word' id='word_1_270' title='bbox 1950 2597 2062 2668; x_wconf 91' lang='lat' dir='ltr'>ipsi</span> <span class='ocrx_word' id='word_1_271' title='bbox 2089 2597 2443 2653; x_wconf 84' lang='lat' dir='ltr'>conﬁtentur</span> <span class='ocrx_word' id='word_1_272' title='bbox 2470 2596 2756 2668; x_wconf 88' lang='lat' dir='ltr'>Spiritum</span> <span class='ocrx_word' id='word_1_273' title='bbox 2789 2599 3060 2651; x_wconf 88' lang='lat' dir='ltr'>sanctum</span> <span class='ocrx_word' id='word_1_274' title='bbox 3093 2611 3208 2650; x_wconf 91' lang='lat' dir='ltr'>non</span> <span class='ocrx_word' id='word_1_275' title='bbox 3239 2610 3386 2660; x_wconf 87' lang='lat' dir='ltr'>esse,</span> <span class='ocrx_word' id='word_1_276' title='bbox 3409 2595 3683 2666; x_wconf 84' lang='lat' dir='ltr'>simulque</span> 
     </span>
    </p>
   </div>
   <div class='ocr_carea' id='block_1_27' title="bbox 273 2683 3683 2757">
    <p class='ocr_par' dir='ltr' id='par_1_27' title="bbox 273 2683 3683 2757">
     <span class='ocr_line' id='line_1_27' title="bbox 273 2683 3683 2757; baseline 0 -19"><span class='ocrx_word' id='word_1_277' title='bbox 273 2699 463 2740; x_wconf 87' lang='lat' dir='ltr'>unum</span> <span class='ocrx_word' id='word_1_278' title='bbox 494 2683 661 2740; x_wconf 91' lang='lat' dir='ltr'>nobis</span> <span class='ocrx_word' id='word_1_279' title='bbox 692 2689 869 2756; x_wconf 90' lang='lat' dir='ltr'>atque</span> <span class='ocrx_word' id='word_1_280' title='bbox 897 2685 1185 2742; x_wconf 84' lang='lat' dir='ltr'>haereticis</span> <span class='ocrx_word' id='word_1_281' title='bbox 1214 2684 1514 2756; x_wconf 88' lang='lat' dir='ltr'>baptisma</span> <span class='ocrx_word' id='word_1_282' title='bbox 1541 2701 1762 2741; x_wconf 91' lang='lat' dir='ltr'>esse....</span> <span class='ocrx_word' id='word_1_283' title='bbox 1795 2685 1921 2740; x_wconf 91' lang='lat' dir='ltr'>Non</span> <span class='ocrx_word' id='word_1_284' title='bbox 1965 2690 2176 2757; x_wconf 86' lang='lat' dir='ltr'>putant</span> <span class='ocrx_word' id='word_1_285' title='bbox 2205 2687 2588 2757; x_wconf 83' lang='lat' dir='ltr'>quaerendum</span> <span class='ocrx_word' id='word_1_286' title='bbox 2619 2700 2748 2742; x_wconf 88' lang='lat' dir='ltr'>esse</span> <span class='ocrx_word' id='word_1_287' title='bbox 2781 2685 2912 2755; x_wconf 90' lang='lat' dir='ltr'>quis</span> <span class='ocrx_word' id='word_1_288' title='bbox 2941 2685 3018 2739; x_wconf 91' lang='lat' dir='ltr'>sit</span> <span class='ocrx_word' id='word_1_289' title='bbox 3047 2683 3144 2740; x_wconf 91' lang='lat' dir='ltr'>ille</span> <span class='ocrx_word' id='word_1_290' title='bbox 3173 2683 3273 2756; x_wconf 91' lang='lat' dir='ltr'>qui</span> <span class='ocrx_word' id='word_1_291' title='bbox 3304 2684 3683 2755; x_wconf 84' lang='lat' dir='ltr'>baptizaverit</span> 
     </span>
    </p>
   </div>
   <div class='ocr_carea' id='block_1_28' title="bbox 267 2771 3680 2847">
    <p class='ocr_par' dir='ltr' id='par_1_28' title="bbox 267 2771 3680 2847">
     <span class='ocr_line' id='line_1_28' title="bbox 267 2771 3680 2847; baseline -0.001 -19"><span class='ocrx_word' id='word_1_292' title='bbox 267 2788 340 2828; x_wconf 86' lang='lat' dir='ltr'>eo</span> <span class='ocrx_word' id='word_1_293' title='bbox 370 2774 524 2844; x_wconf 89' lang='lat' dir='ltr'>quod</span> <span class='ocrx_word' id='word_1_294' title='bbox 557 2772 656 2845; x_wconf 90' lang='lat' dir='ltr'>qui</span> <span class='ocrx_word' id='word_1_295' title='bbox 689 2773 1086 2846; x_wconf 89' lang='lat' dir='ltr'>baptizaverit,</span> <span class='ocrx_word' id='word_1_296' title='bbox 1119 2775 1368 2847; x_wconf 84' lang='lat' dir='ltr'>gratiam</span> <span class='ocrx_word' id='word_1_297' title='bbox 1398 2773 1676 2844; x_wconf 88' lang='lat' dir='ltr'>consequi</span> <span class='ocrx_word' id='word_1_298' title='bbox 1708 2774 1962 2845; x_wconf 89' lang='lat' dir='ltr'>potuerit</span> <span class='ocrx_word' id='word_1_299' title='bbox 1999 2774 2265 2830; x_wconf 85' lang='lat' dir='ltr'>invocata</span> <span class='ocrx_word' id='word_1_300' title='bbox 2293 2774 2576 2830; x_wconf 89' lang='lat' dir='ltr'>Trinitate</span> <span class='ocrx_word' id='word_1_301' title='bbox 2616 2774 2936 2829; x_wconf 84' lang='lat' dir='ltr'>nominum</span> <span class='ocrx_word' id='word_1_302' title='bbox 2957 2772 3141 2828; x_wconf 87' lang='lat' dir='ltr'>Patris</span> <span class='ocrx_word' id='word_1_303' title='bbox 3173 2777 3230 2827; x_wconf 90' lang='lat' dir='ltr'>et</span> <span class='ocrx_word' id='word_1_304' title='bbox 3259 2771 3385 2827; x_wconf 86' lang='lat' dir='ltr'>Filii</span> <span class='ocrx_word' id='word_1_305' title='bbox 3414 2776 3471 2826; x_wconf 87' lang='lat' dir='ltr'>et</span> <span class='ocrx_word' id='word_1_306' title='bbox 3499 2771 3680 2843; x_wconf 83' lang='lat' dir='ltr'>Spiri-</span> 
     </span>
    </p>
   </div>
   <div class='ocr_carea' id='block_1_29' title="bbox 267 2860 3679 2942">
    <p class='ocr_par' dir='ltr' id='par_1_29' title="bbox 267 2860 3679 2942">
     <span class='ocr_line' id='line_1_29' title="bbox 267 2860 3679 2942; baseline -0 -27"><span class='ocrx_word' id='word_1_307' title='bbox 267 2865 369 2916; x_wconf 87' lang='lat' dir='ltr'>tus</span> <span class='ocrx_word' id='word_1_308' title='bbox 399 2862 655 2918; x_wconf 88' lang='lat' dir='ltr'>sancti...</span> <span class='ocrx_word' id='word_1_309' title='bbox 686 2861 825 2918; x_wconf 86' lang='lat' dir='ltr'>Vult</span> <span class='ocrx_word' id='word_1_310' title='bbox 854 2861 1187 2934; x_wconf 89' lang='lat' dir='ltr'>Stephanus</span> <span class='ocrx_word' id='word_1_311' title='bbox 1237 2863 1330 2918; x_wconf 89' lang='lat' dir='ltr'>his</span> <span class='ocrx_word' id='word_1_312' title='bbox 1359 2862 1460 2934; x_wconf 88' lang='lat' dir='ltr'>qui</span> <span class='ocrx_word' id='word_1_313' title='bbox 1490 2863 1648 2934; x_wconf 91' lang='lat' dir='ltr'>apud</span> <span class='ocrx_word' id='word_1_314' title='bbox 1699 2862 2001 2918; x_wconf 69' lang='lat' dir='ltr'>haereticos</span> <span class='ocrx_word' id='word_1_315' title='bbox 2031 2863 2425 2935; x_wconf 88' lang='lat' dir='ltr'>baptizantur,</span> <span class='ocrx_word' id='word_1_316' title='bbox 2457 2864 2661 2919; x_wconf 89' lang='lat' dir='ltr'>adesse</span> <span class='ocrx_word' id='word_1_317' title='bbox 2709 2862 3080 2934; x_wconf 82' lang='lat' dir='ltr'>praesentiam</span> <span class='ocrx_word' id='word_1_318' title='bbox 3129 2865 3187 2917; x_wconf 92' lang='lat' dir='ltr'>et</span> <span class='ocrx_word' id='word_1_319' title='bbox 3230 2860 3679 2942; x_wconf 70' lang='lat' dir='ltr'>sanctimoniam</span> 
     </span>
    </p>
   </div>
   <div class='ocr_carea' id='block_1_30' title="bbox 265 2948 3680 3025">
    <p class='ocr_par' dir='ltr' id='par_1_30' title="bbox 265 2948 3680 3025">
     <span class='ocr_line' id='line_1_30' title="bbox 265 2948 3680 3025; baseline -0 -20"><span class='ocrx_word' id='word_1_320' title='bbox 265 2948 554 3006; x_wconf 87' lang='lat' dir='ltr'>Christi...</span> <span class='ocrx_word' id='word_1_321' title='bbox 589 2949 839 3006; x_wconf 87' lang='lat' dir='ltr'>Multum</span> <span class='ocrx_word' id='word_1_322' title='bbox 871 2952 1100 3023; x_wconf 82' lang='lat' dir='ltr'>proficit</span> <span class='ocrx_word' id='word_1_323' title='bbox 1128 2967 1340 3007; x_wconf 89' lang='lat' dir='ltr'>nomen</span> <span class='ocrx_word' id='word_1_324' title='bbox 1371 2951 1610 3016; x_wconf 86' lang='lat' dir='ltr'>Christi,</span> <span class='ocrx_word' id='word_1_325' title='bbox 1641 2955 1707 3006; x_wconf 91' lang='lat' dir='ltr'>ut</span> <span class='ocrx_word' id='word_1_326' title='bbox 1735 2951 2090 3023; x_wconf 91' lang='lat' dir='ltr'>quicumque</span> <span class='ocrx_word' id='word_1_327' title='bbox 2117 2957 2175 3008; x_wconf 90' lang='lat' dir='ltr'>et</span> <span class='ocrx_word' id='word_1_328' title='bbox 2204 2953 2540 3025; x_wconf 89' lang='lat' dir='ltr'>ubicunque</span> <span class='ocrx_word' id='word_1_329' title='bbox 2587 2953 2647 3007; x_wconf 91' lang='lat' dir='ltr'>in</span> <span class='ocrx_word' id='word_1_330' title='bbox 2689 2952 2924 3007; x_wconf 90' lang='lat' dir='ltr'>nomine</span> <span class='ocrx_word' id='word_1_331' title='bbox 2953 2949 3163 3006; x_wconf 88' lang='lat' dir='ltr'>Christi</span> <span class='ocrx_word' id='word_1_332' title='bbox 3194 2948 3522 3021; x_wconf 88' lang='lat' dir='ltr'>baptizatus</span> <span class='ocrx_word' id='word_1_333' title='bbox 3553 2949 3680 3004; x_wconf 80' lang='lat' dir='ltr'>fue-</span> 
     </span>
    </p>
   </div>
   <div class='ocr_carea' id='block_1_31' title="bbox 256 3038 2304 3115">
    <p class='ocr_par' dir='ltr' id='par_1_31' title="bbox 256 3038 2304 3115">
     <span class='ocr_line' id='line_1_31' title="bbox 256 3038 2304 3115; baseline 0.001 -20"><span class='ocrx_word' id='word_1_334' title='bbox 256 3038 362 3110; x_wconf 89' lang='lat' dir='ltr'>rit,</span> <span class='ocrx_word' id='word_1_335' title='bbox 394 3045 788 3113; x_wconf 87' lang='lat' dir='ltr'>consequatur</span> <span class='ocrx_word' id='word_1_336' title='bbox 816 3041 1017 3096; x_wconf 88' lang='lat' dir='ltr'>statim</span> <span class='ocrx_word' id='word_1_337' title='bbox 1044 3040 1297 3113; x_wconf 86' lang='lat' dir='ltr'>gratiam</span> <span class='ocrx_word' id='word_1_338' title='bbox 1329 3040 1544 3096; x_wconf 89' lang='lat' dir='ltr'>Christi</span> <span class='ocrx_word' id='word_1_339' title='bbox 1575 3040 1819 3112; x_wconf 82' lang='lat' dir='ltr'>(Firmil.</span> <span class='ocrx_word' id='word_1_340' title='bbox 1857 3042 2029 3112; x_wconf 80' lang='lat' dir='ltr'>Epist.</span> <span class='ocrx_word' id='word_1_341' title='bbox 2056 3043 2304 3115; x_wconf 82' lang='lat' dir='ltr'>passim).</span> 
     </span>
    </p>
   </div>
   <div class='ocr_carea' id='block_1_32' title="bbox 1766 3165 3331 3225">
    <p class='ocr_par' dir='ltr' id='par_1_32' title="bbox 1766 3165 3331 3225">
     <span class='ocr_line' id='line_1_32' title="bbox 1766 3165 3331 3225; baseline 0.003 -5"><span class='ocrx_word' id='word_1_342' title='bbox 1766 3165 1834 3219; x_wconf 87' lang='lat' dir='ltr'>V.</span> <span class='ocrx_word' id='word_1_343' title='bbox 1880 3167 2167 3222; x_wconf 78' lang='lat' dir='ltr'>Clausula.</span> <span class='ocrx_word' id='word_1_344' title='bbox 3325 3219 3331 3225; x_wconf 92' lang='lat'>.</span> 
     </span>
    </p>
   </div>
   <div class='ocr_carea' id='block_1_33' title="bbox 502 3256 3444 3330">
    <p class='ocr_par' dir='ltr' id='par_1_33' title="bbox 502 3256 3444 3330">
     <span class='ocr_line' id='line_1_33' title="bbox 502 3256 3444 3330; baseline 0 -20"><span class='ocrx_word' id='word_1_345' title='bbox 502 3271 757 3311; x_wconf 60' lang='lat' dir='ltr'>nmassrs</span> <span class='ocrx_word' id='word_1_346' title='bbox 786 3271 1008 3318; x_wconf 83' lang='lat' dir='ltr'>QUIDEM</span> <span class='ocrx_word' id='word_1_347' title='bbox 1041 3272 1209 3311; x_wconf 77' lang='lat' dir='ltr'><strong>PARIT</strong></span> <span class='ocrx_word' id='word_1_348' title='bbox 1236 3273 1302 3311; x_wconf 71' lang='grc' dir='ltr'>ετ</span> <span class='ocrx_word' id='word_1_349' title='bbox 1332 3272 1609 3325; x_wconf 74' lang='lat' dir='ltr'>EXPONIT;</span> <span class='ocrx_word' id='word_1_350' title='bbox 1643 3271 1946 3312; x_wconf 68' lang='lat' dir='ltr'>mnosrros</span> <span class='ocrx_word' id='word_1_351' title='bbox 1974 3273 2163 3313; x_wconf 74' lang='lat' dir='ltr'><strong>AUTEM</strong></span> <span class='ocrx_word' id='word_1_352' title='bbox 2193 3274 2457 3314; x_wconf 82' lang='lat' dir='ltr'>ECCLELIA</span> <span class='ocrx_word' id='word_1_353' title='bbox 2488 3275 2745 3316; x_wconf 78' lang='lat' dir='ltr'>soscm&#39;r</span> <span class='ocrx_word' id='word_1_354' title='bbox 2777 3258 3014 3330; x_wconf 73' lang='lat' dir='ltr'>(Firmil.</span> <span class='ocrx_word' id='word_1_355' title='bbox 3048 3256 3271 3330; x_wconf 83' lang='lat' dir='ltr'>Epist.).</span> <span class='ocrx_word' id='word_1_356' title='bbox 3305 3258 3444 3313; x_wconf 86' lang='lat' dir='ltr'>Eon.</span> 
     </span>
    </p>
   </div>
   <div class='ocr_carea' id='block_1_34' title="bbox 587 3589 3351 3653">
    <p class='ocr_par' dir='ltr' id='par_1_34' title="bbox 587 3589 3351 3653">
     <span class='ocr_line' id='line_1_34' title="bbox 587 3589 3351 3653; baseline 0.001 -6"><span class='ocrx_word' id='word_1_357' title='bbox 587 3592 1061 3648; x_wconf 69' lang='lat' dir='ltr'>loli-1012</span> <span class='ocrx_word' id='word_1_358' title='bbox 1107 3589 1533 3652; x_wconf 85' lang='lat' dir='ltr'>CONCILIUM</span> <span class='ocrx_word' id='word_1_359' title='bbox 1578 3591 1978 3652; x_wconf 84' lang='lat' dir='ltr'>ROMANUM</span> <span class='ocrx_word' id='word_1_360' title='bbox 2023 3591 2170 3652; x_wconf 88' lang='lat' dir='ltr'>SUB</span> <span class='ocrx_word' id='word_1_361' title='bbox 2219 3591 2285 3652; x_wconf 94' lang='lat' dir='ltr'>S.</span> <span class='ocrx_word' id='word_1_362' title='bbox 2333 3590 2748 3652; x_wconf 83' lang='lat' dir='ltr'>STEPHANO</span> <span class='ocrx_word' id='word_1_363' title='bbox 2794 3591 3351 3653; x_wconf 83' lang='lat' dir='ltr'>CELEBRATUM.</span> 
     </span>
    </p>
   </div>
   <div class='ocr_carea' id='block_1_35' title="bbox 1521 3738 2417 3808">
    <p class='ocr_par' dir='ltr' id='par_1_35' title="bbox 1521 3738 2417 3808">
     <span class='ocr_line' id='line_1_35' title="bbox 1521 3738 2417 3808; baseline -0.004 -13"><span class='ocrx_word' id='word_1_364' title='bbox 1521 3740 1607 3795; x_wconf 87' lang='lat' dir='ltr'>EX</span> <span class='ocrx_word' id='word_1_365' title='bbox 1631 3739 1935 3796; x_wconf 86' lang='lat' dir='ltr'>LIBELLO</span> <span class='ocrx_word' id='word_1_366' title='bbox 1965 3738 2294 3796; x_wconf 71' lang='lat' dir='ltr'>summa</span> <span class='ocrx_word' id='word_1_367' title='bbox 2323 3740 2417 3808; x_wconf 76' lang='grc'>(1).</span> 
     </span>
    </p>
   </div>
   <div class='ocr_carea' id='block_1_36' title="bbox 330 3981 1909 4061">
    <p class='ocr_par' dir='ltr' id='par_1_36' title="bbox 330 3981 1905 4061">
     <span class='ocr_line' id='line_1_36' title="bbox 330 3981 1905 4061; baseline 0.001 -22"><span class='ocrx_word' id='word_1_368' title='bbox 330 3981 567 4047; x_wconf 71' lang='grc' dir='ltr'>Σῦνοδος</span> <span class='ocrx_word' id='word_1_369' title='bbox 601 3984 714 4039; x_wconf 79' lang='grc' dir='ltr'>θεία</span> <span class='ocrx_word' id='word_1_370' title='bbox 743 3985 832 4039; x_wconf 79' lang='grc' dir='ltr'>καὶ</span> <span class='ocrx_word' id='word_1_371' title='bbox 864 3985 983 4061; x_wconf 70' lang='grc' dir='ltr'>ἱερά</span> <span class='ocrx_word' id='word_1_372' title='bbox 1019 3988 1244 4057; x_wconf 82' lang='grc' dir='ltr'>τοπική,</span> <span class='ocrx_word' id='word_1_373' title='bbox 1297 3985 1347 4040; x_wconf 76' lang='grc' dir='ltr'>ἐν</span> <span class='ocrx_word' id='word_1_374' title='bbox 1394 3987 1582 4060; x_wconf 76' lang='grc' dir='ltr'>Ῥώμῃ</span> <span class='ocrx_word' id='word_1_375' title='bbox 1630 3998 1905 4060; x_wconf 83' lang='grc' dir='ltr'>συναθροι-</span> 
     </span>
    </p>
   </div>
   <div class='ocr_carea' id='block_1_37' title="bbox 2012 3981 3674 4061">
    <p class='ocr_par' dir='ltr' id='par_1_37' title="bbox 2083 3986 3674 4060">
     <span class='ocr_line' id='line_1_37' title="bbox 2083 3986 3674 4060; baseline -0.001 -17"><span class='ocrx_word' id='word_1_376' title='bbox 2083 3989 2354 4060; x_wconf 86' lang='lat' dir='ltr'>Synodus</span> <span class='ocrx_word' id='word_1_377' title='bbox 2384 3989 2581 4044; x_wconf 88' lang='lat' dir='ltr'>divina</span> <span class='ocrx_word' id='word_1_378' title='bbox 2611 3993 2667 4044; x_wconf 90' lang='lat' dir='ltr'>et</span> <span class='ocrx_word' id='word_1_379' title='bbox 2697 4006 2862 4044; x_wconf 89' lang='lat' dir='ltr'>sacra</span> <span class='ocrx_word' id='word_1_380' title='bbox 2904 3987 3297 4060; x_wconf 89' lang='lat' dir='ltr'>provincialis,</span> <span class='ocrx_word' id='word_1_381' title='bbox 3332 3988 3528 4044; x_wconf 70' lang='lat' dir='ltr'>Roma</span> <span class='ocrx_word' id='word_1_382' title='bbox 3560 3986 3674 4044; x_wconf 90' lang='lat' dir='ltr'>col-</span> 
     </span>
    </p>
   </div>
   <div class='ocr_carea' id='block_1_38' title="bbox 246 4074 1909 4150">
    <p class='ocr_par' dir='ltr' id='par_1_38' title="bbox 246 4074 1900 4150">
     <span class='ocr_line' id='line_1_38' title="bbox 246 4074 1900 4150; baseline -0.001 -21"><span class='ocrx_word' id='word_1_383' title='bbox 246 4079 439 4138; x_wconf 82' lang='grc' dir='ltr'>σθεῖσα</span> <span class='ocrx_word' id='word_1_384' title='bbox 498 4074 600 4128; x_wconf 80' lang='grc' dir='ltr'>ὑπὸ</span> <span class='ocrx_word' id='word_1_385' title='bbox 679 4074 950 4150; x_wconf 77' lang='grc' dir='ltr'>Στεφάνου</span> <span class='ocrx_word' id='word_1_386' title='bbox 1025 4079 1121 4129; x_wconf 77' lang='grc' dir='ltr'>τοῦ</span> <span class='ocrx_word' id='word_1_387' title='bbox 1185 4074 1581 4150; x_wconf 75' lang='grc' dir='ltr'>ἱερομάρτυρος</span> <span class='ocrx_word' id='word_1_388' title='bbox 1659 4074 1854 4129; x_wconf 86' lang='grc' dir='ltr'>πάππα</span> <span class='ocrx_word' id='word_1_389' title='bbox 1887 4094 1900 4107; x_wconf 81' lang='grc'><strong><em>⁸</em></strong></span> 
     </span>
    </p>
   </div>
   <div class='ocr_carea' id='block_1_39' title="bbox 2012 4074 3673 4150">
    <p class='ocr_par' dir='ltr' id='par_1_39' title="bbox 2015 4076 3673 4150">
     <span class='ocr_line' id='line_1_39' title="bbox 2015 4076 3673 4150; baseline -0.001 -19"><span class='ocrx_word' id='word_1_390' title='bbox 2015 4076 2163 4133; x_wconf 89' lang='lat' dir='ltr'>lecta</span> <span class='ocrx_word' id='word_1_391' title='bbox 2193 4094 2226 4132; x_wconf 90' lang='lat' dir='ltr'>a</span> <span class='ocrx_word' id='word_1_392' title='bbox 2257 4077 2551 4148; x_wconf 81' lang='lat' dir='ltr'>Stephano</span> <span class='ocrx_word' id='word_1_393' title='bbox 2583 4082 2783 4132; x_wconf 86' lang='lat' dir='ltr'>sancto</span> <span class='ocrx_word' id='word_1_394' title='bbox 2832 4081 3085 4150; x_wconf 85' lang='lat' dir='ltr'>martyre</span> <span class='ocrx_word' id='word_1_395' title='bbox 3115 4081 3172 4133; x_wconf 91' lang='lat' dir='ltr'>et</span> <span class='ocrx_word' id='word_1_396' title='bbox 3203 4093 3378 4148; x_wconf 89' lang='lat' dir='ltr'>papa;</span> <span class='ocrx_word' id='word_1_397' title='bbox 3417 4093 3542 4147; x_wconf 63' lang='lat' dir='ltr'>quae</span> <span class='ocrx_word' id='word_1_398' title='bbox 3573 4091 3673 4130; x_wconf 89' lang='lat' dir='ltr'>eos</span> 
     </span>
    </p>
   </div>
   <div class='ocr_carea' id='block_1_40' title="bbox 245 4162 1909 4242">
    <p class='ocr_par' dir='ltr' id='par_1_40' title="bbox 245 4162 1903 4242">
     <span class='ocr_line' id='line_1_40' title="bbox 245 4162 1903 4242; baseline -0.001 -23"><span class='ocrx_word' id='word_1_399' title='bbox 245 4162 633 4238; x_wconf 74' lang='grc' dir='ltr'>ἀποκηρύξασα</span> <span class='ocrx_word' id='word_1_400' title='bbox 688 4162 816 4225; x_wconf 79' lang='grc' dir='ltr'>τοὺς</span> <span class='ocrx_word' id='word_1_401' title='bbox 879 4163 928 4218; x_wconf 84' lang='grc' dir='ltr'>ἐν</span> <span class='ocrx_word' id='word_1_402' title='bbox 987 4168 1055 4236; x_wconf 76' lang='grc' dir='ltr'>τῇ</span> <span class='ocrx_word' id='word_1_403' title='bbox 1104 4166 1333 4242; x_wconf 70' lang='grc' dir='ltr'>Ἀφρικῇ</span> <span class='ocrx_word' id='word_1_404' title='bbox 1393 4162 1602 4237; x_wconf 78' lang='grc' dir='ltr'>συνόδῳ</span> <span class='ocrx_word' id='word_1_405' title='bbox 1658 4163 1903 4240; x_wconf 85' lang='grc' dir='ltr'>παραλό-</span> 
     </span>
    </p>
   </div>
   <div class='ocr_carea' id='block_1_41' title="bbox 2012 4162 3676 4242">
    <p class='ocr_par' dir='ltr' id='par_1_41' title="bbox 2017 4165 3676 4239">
     <span class='ocr_line' id='line_1_41' title="bbox 2017 4165 3676 4239; baseline -0.002 -18"><span class='ocrx_word' id='word_1_406' title='bbox 2017 4165 2114 4238; x_wconf 90' lang='lat' dir='ltr'>qui</span> <span class='ocrx_word' id='word_1_407' title='bbox 2151 4167 2205 4220; x_wconf 89' lang='lat' dir='ltr'>in</span> <span class='ocrx_word' id='word_1_408' title='bbox 2250 4167 2522 4221; x_wconf 84' lang='lat' dir='ltr'>Africana</span> <span class='ocrx_word' id='word_1_409' title='bbox 2551 4167 2770 4239; x_wconf 85' lang='lat' dir='ltr'>synodo</span> <span class='ocrx_word' id='word_1_410' title='bbox 2817 4166 2943 4221; x_wconf 90' lang='lat' dir='ltr'>sine</span> <span class='ocrx_word' id='word_1_411' title='bbox 2993 4166 3218 4220; x_wconf 89' lang='lat' dir='ltr'>ratione</span> <span class='ocrx_word' id='word_1_412' title='bbox 3265 4167 3676 4220; x_wconf 86' lang='lat' dir='ltr'>concesserant</span> 
     </span>
    </p>
   </div>
   <div class='ocr_carea' id='block_1_42' title="bbox 243 4247 1909 4329">
    <p class='ocr_par' dir='ltr' id='par_1_42' title="bbox 243 4247 1906 4329">
     <span class='ocr_line' id='line_1_42' title="bbox 243 4247 1906 4329; baseline 0 -23"><span class='ocrx_word' id='word_1_413' title='bbox 243 4273 365 4329; x_wconf 81' lang='grc' dir='ltr'>γως</span> <span class='ocrx_word' id='word_1_414' title='bbox 421 4251 906 4326; x_wconf 74' lang='grc' dir='ltr'>ἐπικεχειρηκότας</span> <span class='ocrx_word' id='word_1_415' title='bbox 965 4247 1343 4322; x_wconf 74' lang='grc' dir='ltr'>ἀναϐαπτίζειν</span> <span class='ocrx_word' id='word_1_416' title='bbox 1401 4253 1528 4315; x_wconf 79' lang='grc' dir='ltr'>τοὺς</span> <span class='ocrx_word' id='word_1_417' title='bbox 1594 4253 1653 4308; x_wconf 78' lang='grc' dir='ltr'>ἐκ</span> <span class='ocrx_word' id='word_1_418' title='bbox 1729 4253 1906 4322; x_wconf 79' lang='grc' dir='ltr'>πάσης</span> 
     </span>
    </p>
   </div>
   <div class='ocr_carea' id='block_1_43' title="bbox 2012 4247 3668 4329">
    <p class='ocr_par' dir='ltr' id='par_1_43' title="bbox 2018 4250 3668 4326">
     <span class='ocr_line' id='line_1_43' title="bbox 2018 4250 3668 4326; baseline -0.001 -17"><span class='ocrx_word' id='word_1_419' title='bbox 2018 4270 2116 4309; x_wconf 89' lang='lat' dir='ltr'>eos</span> <span class='ocrx_word' id='word_1_420' title='bbox 2148 4253 2494 4326; x_wconf 86' lang='lat' dir='ltr'>rebaptizari</span> <span class='ocrx_word' id='word_1_421' title='bbox 2528 4255 2629 4326; x_wconf 91' lang='lat' dir='ltr'>qui</span> <span class='ocrx_word' id='word_1_422' title='bbox 2659 4271 2726 4309; x_wconf 89' lang='lat' dir='ltr'>ex</span> <span class='ocrx_word' id='word_1_423' title='bbox 2757 4269 3106 4325; x_wconf 87' lang='lat' dir='ltr'>quacunque</span> <span class='ocrx_word' id='word_1_424' title='bbox 3135 4253 3339 4308; x_wconf 61' lang='lat' dir='ltr'>haeresi</span> <span class='ocrx_word' id='word_1_425' title='bbox 3370 4253 3441 4308; x_wconf 92' lang='lat' dir='ltr'>ad</span> <span class='ocrx_word' id='word_1_426' title='bbox 3472 4250 3668 4308; x_wconf 88' lang='lat' dir='ltr'>catho-</span> 
     </span>
    </p>
   </div>
   <div class='ocr_carea' id='block_1_44' title="bbox 249 4340 1909 4418">
    <p class='ocr_par' dir='ltr' id='par_1_44' title="bbox 249 4340 1905 4418">
     <span class='ocr_line' id='line_1_44' title="bbox 249 4340 1905 4418; baseline 0.001 -22"><span class='ocrx_word' id='word_1_427' title='bbox 249 4341 509 4418; x_wconf 69' lang='grc' dir='ltr'>αἱρέσεως</span> <span class='ocrx_word' id='word_1_428' title='bbox 559 4343 1033 4418; x_wconf 74' lang='grc' dir='ltr'>προσερχομένους</span> <span class='ocrx_word' id='word_1_429' title='bbox 1107 4345 1176 4416; x_wconf 74' lang='grc' dir='ltr'>τῇ</span> <span class='ocrx_word' id='word_1_430' title='bbox 1242 4341 1508 4416; x_wconf 77' lang='grc' dir='ltr'>καθολικῇ</span> <span class='ocrx_word' id='word_1_431' title='bbox 1587 4340 1905 4413; x_wconf 76' lang='grc' dir='ltr'>Ἐκκλησίᾳ.</span> 
     </span>
    </p>
   </div>
   <div class='ocr_carea' id='block_1_45' title="bbox 2012 4340 3277 4418">
    <p class='ocr_par' dir='ltr' id='par_1_45' title="bbox 2020 4341 3277 4411">
     <span class='ocr_line' id='line_1_45' title="bbox 2020 4341 3277 4411; baseline -0.002 -14"><span class='ocrx_word' id='word_1_432' title='bbox 2020 4342 2191 4398; x_wconf 88' lang='lat' dir='ltr'>licam</span> <span class='ocrx_word' id='word_1_433' title='bbox 2225 4345 2565 4399; x_wconf 85' lang='lat' dir='ltr'>accederent</span> <span class='ocrx_word' id='word_1_434' title='bbox 2597 4341 2936 4411; x_wconf 88' lang='lat' dir='ltr'>Ecclesiam,</span> <span class='ocrx_word' id='word_1_435' title='bbox 2967 4342 3277 4398; x_wconf 90' lang='lat' dir='ltr'>abdicavit.</span> 
     </span>
    </p>
   </div>
   <div class='ocr_carea' id='block_1_46' title="bbox 1589 4459 2258 4530">
    <p class='ocr_par' dir='ltr' id='par_1_46' title="bbox 1589 4459 2258 4530">
     <span class='ocr_line' id='line_1_46' title="bbox 1589 4459 2258 4530; baseline -0.003 0"><span class='ocrx_word' id='word_1_436' title='bbox 1589 4459 1593 4468; x_wconf 71' lang='grc'><em>’</em></span> <span class='ocrx_word' id='word_1_437' title='bbox 1685 4469 2017 4530; x_wconf 82' lang='lat' dir='ltr'>Variorum</span> <span class='ocrx_word' id='word_1_438' title='bbox 2067 4475 2258 4530; x_wconf 80' lang='lat' dir='ltr'>notae.</span> 
     </span>
    </p>
   </div>
   <div class='ocr_carea' id='block_1_47' title="bbox 329 4573 1915 4646">
    <p class='ocr_par' dir='ltr' id='par_1_47' title="bbox 329 4573 1915 4646">
     <span class='ocr_line' id='line_1_47' title="bbox 329 4573 1915 4646; baseline 0.001 -18"><span class='ocrx_word' id='word_1_439' title='bbox 329 4574 406 4645; x_wconf 89' lang='grc'>(1)</span> <span class='ocrx_word' id='word_1_440' title='bbox 439 4579 562 4629; x_wconf 89' lang='lat' dir='ltr'>Duo</span> <span class='ocrx_word' id='word_1_441' title='bbox 589 4579 768 4643; x_wconf 78' lang='lat' dir='ltr'>erant,</span> <span class='ocrx_word' id='word_1_442' title='bbox 800 4573 996 4646; x_wconf 88' lang='lat' dir='ltr'>inquit</span> <span class='ocrx_word' id='word_1_443' title='bbox 1031 4575 1396 4645; x_wconf 86' lang='lat' dir='ltr'>Augustinus</span> <span class='ocrx_word' id='word_1_444' title='bbox 1426 4573 1483 4628; x_wconf 89' lang='lat' dir='ltr'>in</span> <span class='ocrx_word' id='word_1_445' title='bbox 1514 4573 1663 4629; x_wconf 90' lang='lat' dir='ltr'>libro</span> <span class='ocrx_word' id='word_1_446' title='bbox 1692 4573 1766 4646; x_wconf 81' lang='lat' dir='ltr'>de</span> <span class='ocrx_word' id='word_1_447' title='bbox 1787 4577 1915 4629; x_wconf 86' lang='lat' dir='ltr'>uni-</span> 
     </span>
    </p>
   </div>
   <div class='ocr_carea' id='block_1_48' title="bbox 253 4645 1909 4717">
    <p class='ocr_par' dir='ltr' id='par_1_48' title="bbox 253 4645 1909 4717">
     <span class='ocr_line' id='line_1_48' title="bbox 253 4645 1909 4717; baseline -0.002 -15"><span class='ocrx_word' id='word_1_448' title='bbox 253 4663 320 4702; x_wconf 86' lang='lat' dir='ltr'>co</span> <span class='ocrx_word' id='word_1_449' title='bbox 379 4648 673 4716; x_wconf 85' lang='lat' dir='ltr'>Baptismo,</span> <span class='ocrx_word' id='word_1_450' title='bbox 727 4663 852 4717; x_wconf 89' lang='lat' dir='ltr'>cap.</span> <span class='ocrx_word' id='word_1_451' title='bbox 892 4645 989 4709; x_wconf 70' lang='grc'>14,</span> <span class='ocrx_word' id='word_1_452' title='bbox 1029 4648 1592 4702; x_wconf 79' lang='lat' dir='ltr'>eminentissimarum</span> <span class='ocrx_word' id='word_1_453' title='bbox 1647 4645 1909 4700; x_wconf 79' lang='lat' dir='ltr'>ecclesia-</span> 
     </span>
    </p>
   </div>
   <div class='ocr_carea' id='block_1_49' title="bbox 254 4717 1910 4788">
    <p class='ocr_par' dir='ltr' id='par_1_49' title="bbox 254 4717 1910 4788">
     <span class='ocr_line' id='line_1_49' title="bbox 254 4717 1910 4788; baseline 0 -17"><span class='ocrx_word' id='word_1_454' title='bbox 254 4733 406 4786; x_wconf 85' lang='lat' dir='ltr'>rum,</span> <span class='ocrx_word' id='word_1_455' title='bbox 456 4719 716 4773; x_wconf 69' lang='lat' dir='ltr'>Romanae</span> <span class='ocrx_word' id='word_1_456' title='bbox 771 4717 984 4772; x_wconf 79' lang='lat' dir='ltr'>scilicet</span> <span class='ocrx_word' id='word_1_457' title='bbox 1033 4726 1083 4773; x_wconf 89' lang='lat' dir='ltr'>et</span> <span class='ocrx_word' id='word_1_458' title='bbox 1130 4717 1594 4787; x_wconf 81' lang='lat' dir='ltr'>Carthaginensis,</span> <span class='ocrx_word' id='word_1_459' title='bbox 1649 4719 1910 4788; x_wconf 82' lang='lat' dir='ltr'>episcopi,</span> 
     </span>
    </p>
   </div>
   <div class='ocr_carea' id='block_1_50' title="bbox 256 4788 1913 4860">
    <p class='ocr_par' dir='ltr' id='par_1_50' title="bbox 256 4788 1913 4860">
     <span class='ocr_line' id='line_1_50' title="bbox 256 4788 1913 4860; baseline -0.001 -16"><span class='ocrx_word' id='word_1_460' title='bbox 256 4788 564 4859; x_wconf 83' lang='lat' dir='ltr'>Stephanus</span> <span class='ocrx_word' id='word_1_461' title='bbox 612 4795 663 4844; x_wconf 83' lang='lat' dir='ltr'>et</span> <span class='ocrx_word' id='word_1_462' title='bbox 707 4788 1032 4860; x_wconf 83' lang='lat' dir='ltr'>Cyprianus,</span> <span class='ocrx_word' id='word_1_463' title='bbox 1064 4789 1222 4843; x_wconf 82' lang='lat' dir='ltr'>ambo</span> <span class='ocrx_word' id='word_1_464' title='bbox 1274 4791 1333 4842; x_wconf 86' lang='lat' dir='ltr'>in</span> <span class='ocrx_word' id='word_1_465' title='bbox 1379 4791 1596 4845; x_wconf 75' lang='lat' dir='ltr'>unitate</span> <span class='ocrx_word' id='word_1_466' title='bbox 1645 4789 1913 4844; x_wconf 78' lang='lat' dir='ltr'>catholica</span> 
     </span>
    </p>
   </div>
   <div class='ocr_carea' id='block_1_51' title="bbox 251 4859 1913 4931">
    <p class='ocr_par' dir='ltr' id='par_1_51' title="bbox 251 4859 1913 4931">
     <span class='ocr_line' id='line_1_51' title="bbox 251 4859 1913 4931; baseline -0.001 -16"><span class='ocrx_word' id='word_1_467' title='bbox 251 4862 560 4915; x_wconf 77' lang='lat' dir='ltr'>constituti.</span> <span class='ocrx_word' id='word_1_468' title='bbox 595 4860 732 4915; x_wconf 88' lang='lat' dir='ltr'>Erat</span> <span class='ocrx_word' id='word_1_469' title='bbox 751 4859 823 4914; x_wconf 79' lang='lat' dir='ltr'>ea</span> <span class='ocrx_word' id='word_1_470' title='bbox 855 4865 1198 4929; x_wconf 86' lang='lat' dir='ltr'>tempestate</span> <span class='ocrx_word' id='word_1_471' title='bbox 1229 4876 1509 4931; x_wconf 85' lang='lat' dir='ltr'>magnum</span> <span class='ocrx_word' id='word_1_472' title='bbox 1563 4859 1822 4916; x_wconf 89' lang='lat' dir='ltr'>schisma</span> <span class='ocrx_word' id='word_1_473' title='bbox 1852 4860 1913 4914; x_wconf 89' lang='lat' dir='ltr'>in</span> 
     </span>
    </p>
   </div>
   <div class='ocr_carea' id='block_1_52' title="bbox 253 4931 1912 5003">
    <p class='ocr_par' dir='ltr' id='par_1_52' title="bbox 253 4931 1912 5003">
     <span class='ocr_line' id='line_1_52' title="bbox 253 4931 1912 5003; baseline -0.001 -17"><span class='ocrx_word' id='word_1_474' title='bbox 253 4931 516 4986; x_wconf 90' lang='lat' dir='ltr'>Ecclesia</span> <span class='ocrx_word' id='word_1_475' title='bbox 537 4935 774 5003; x_wconf 89' lang='lat' dir='ltr'>propter</span> <span class='ocrx_word' id='word_1_476' title='bbox 794 4931 1115 4986; x_wconf 86' lang='lat' dir='ltr'>doctrinam</span> <span class='ocrx_word' id='word_1_477' title='bbox 1146 4931 1215 4985; x_wconf 91' lang='lat' dir='ltr'>de</span> <span class='ocrx_word' id='word_1_478' title='bbox 1239 4932 1713 5003; x_wconf 87' lang='lat' dir='ltr'>rebaptizatione,</span> <span class='ocrx_word' id='word_1_479' title='bbox 1735 4947 1912 5003; x_wconf 86' lang='lat' dir='ltr'>quam</span> 
     </span>
    </p>
   </div>
   <div class='ocr_carea' id='block_1_53' title="bbox 252 5001 1912 5075">
    <p class='ocr_par' dir='ltr' id='par_1_53' title="bbox 252 5001 1912 5075">
     <span class='ocr_line' id='line_1_53' title="bbox 252 5001 1912 5075; baseline -0.001 -17"><span class='ocrx_word' id='word_1_480' title='bbox 252 5003 400 5075; x_wconf 90' lang='lat' dir='ltr'>olim</span> <span class='ocrx_word' id='word_1_481' title='bbox 447 5001 565 5056; x_wconf 79' lang='lat' dir='ltr'>Afri</span> <span class='ocrx_word' id='word_1_482' title='bbox 621 5001 1064 5075; x_wconf 76' lang='lat' dir='ltr'>acceperantab</span> <span class='ocrx_word' id='word_1_483' title='bbox 1095 5001 1435 5075; x_wconf 73' lang='lat' dir='ltr'>Agrippino,</span> <span class='ocrx_word' id='word_1_484' title='bbox 1467 5001 1912 5075; x_wconf 84' lang='lat' dir='ltr'>Carthaginensi</span> 
     </span>
    </p>
   </div>
   <div class='ocr_carea' id='block_1_54' title="bbox 250 5072 1914 5147">
    <p class='ocr_par' dir='ltr' id='par_1_54' title="bbox 250 5072 1914 5147">
     <span class='ocr_line' id='line_1_54' title="bbox 250 5072 1914 5147; baseline -0.001 -18"><span class='ocrx_word' id='word_1_485' title='bbox 250 5074 549 5147; x_wconf 87' lang='lat' dir='ltr'>episcopo,</span> <span class='ocrx_word' id='word_1_486' title='bbox 572 5078 630 5147; x_wconf 79' lang='lat' dir='ltr'>et</span> <span class='ocrx_word' id='word_1_487' title='bbox 656 5072 925 5147; x_wconf 48' lang='lat' dir='ltr'>quam}.</span> <span class='ocrx_word' id='word_1_488' title='bbox 959 5072 1294 5147; x_wconf 45' lang='lat' dir='ltr'>Cyprianus</span> <span class='ocrx_word' id='word_1_489' title='bbox 1317 5074 1631 5147; x_wconf 78' lang='lat' dir='ltr'>admodum</span> <span class='ocrx_word' id='word_1_490' title='bbox 1662 5072 1914 5146; x_wconf 56' lang='lat' dir='ltr'>p&#39;ervica-</span> 
     </span>
    </p>
   </div>
   <div class='ocr_carea' id='block_1_55' title="bbox 248 5144 1910 5217">
    <p class='ocr_par' dir='ltr' id='par_1_55' title="bbox 248 5144 1910 5217">
     <span class='ocr_line' id='line_1_55' title="bbox 248 5144 1910 5217; baseline 0 -17"><span class='ocrx_word' id='word_1_491' title='bbox 248 5145 400 5200; x_wconf 87' lang='lat' dir='ltr'>citer</span> <span class='ocrx_word' id='word_1_492' title='bbox 431 5144 1188 5217; x_wconf 15' lang='lat' dir='ltr'>defendebat.rTunc&#39;_papa</span> <span class='ocrx_word' id='word_1_493' title='bbox 1221 5144 1552 5217; x_wconf 88' lang='lat' dir='ltr'>Stephanus</span> <span class='ocrx_word' id='word_1_494' title='bbox 1588 5144 1910 5217; x_wconf 52' lang='lat' dir='ltr'>Ro&#39;maasy-</span> 
     </span>
    </p>
   </div>
   <div class='ocr_carea' id='block_1_56' title="bbox 249 5163 1909 5288">
    <p class='ocr_par' dir='ltr' id='par_1_56' title="bbox 249 5163 1909 5288">
     <span class='ocr_line' id='line_1_56' title="bbox 249 5163 1909 5217; baseline 0 -17"><span class='ocrx_word' id='word_1_495' title='bbox 249 5163 400 5200; x_wconf 80' lang='lat' dir='ltr'>(mer</span> <span class='ocrx_word' id='word_1_496' title='bbox 431 5163 796 5200; x_wconf 77' lang='lat' dir='ltr'>ueienoeoat.</span> <span class='ocrx_word' id='word_1_497' title='bbox 828 5163 991 5199; x_wconf 54' lang='lat' dir='ltr'>tunc</span> <span class='ocrx_word' id='word_1_498' title='bbox 1078 5163 1188 5216; x_wconf 88' lang='lat' dir='ltr'>apa</span> <span class='ocrx_word' id='word_1_499' title='bbox 1222 5163 1552 5215; x_wconf 65' lang='lat' dir='ltr'>Stephanus</span> <span class='ocrx_word' id='word_1_500' title='bbox 1588 5163 1781 5200; x_wconf 65' lang='lat' dir='ltr'>nomen</span> <span class='ocrx_word' id='word_1_501' title='bbox 1815 5163 1909 5217; x_wconf 89' lang='lat' dir='ltr'>sy—</span> 
     </span>
     <span class='ocr_line' id='line_1_57' title="bbox 249 5163 1909 5288; baseline 0.001 -18"><span class='ocrx_word' id='word_1_502' title='bbox 249 5217 477 5288; x_wconf 87' lang='lat' dir='ltr'>nodum</span> <span class='ocrx_word' id='word_1_503' title='bbox 509 5216 918 5288; x_wconf 90' lang='lat' dir='ltr'>provincialem</span> <span class='ocrx_word' id='word_1_504' title='bbox 944 5163 1193 5288; x_wconf 59' lang='lat' dir='ltr'>colfegit,</span> <span class='ocrx_word' id='word_1_505' title='bbox 1216 5221 1280 5271; x_wconf 87' lang='lat' dir='ltr'>ut</span> <span class='ocrx_word' id='word_1_506' title='bbox 1300 5215 1382 5271; x_wconf 88' lang='lat' dir='ltr'>ait</span> <span class='ocrx_word' id='word_1_507' title='bbox 1406 5221 1611 5272; x_wconf 88' lang='lat' dir='ltr'>auctor</span> <span class='ocrx_word' id='word_1_508' title='bbox 1630 5215 1909 5286; x_wconf 82' lang='lat' dir='ltr'>Synodici,</span> 
     </span>
    </p>
   </div>
   <div class='ocr_carea' id='block_1_57' title="bbox 253 5287 1915 5359">
    <p class='ocr_par' dir='ltr' id='par_1_57' title="bbox 253 5287 1915 5359">
     <span class='ocr_line' id='line_1_58' title="bbox 253 5287 1915 5359; baseline 0 -17"><span class='ocrx_word' id='word_1_509' title='bbox 253 5287 360 5359; x_wconf 86' lang='lat' dir='ltr'>ubi</span> <span class='ocrx_word' id='word_1_510' title='bbox 405 5287 527 5342; x_wconf 85' lang='lat' dir='ltr'>cum</span> <span class='ocrx_word' id='word_1_511' title='bbox 574 5289 789 5345; x_wconf 64' lang='lat' dir='ltr'>caeteris</span> <span class='ocrx_word' id='word_1_512' title='bbox 837 5288 1056 5358; x_wconf 81' lang='lat' dir='ltr'>quidem</span> <span class='ocrx_word' id='word_1_513' title='bbox 1097 5287 1326 5358; x_wconf 61' lang='lat' dir='ltr'>collegis</span> <span class='ocrx_word' id='word_1_514' title='bbox 1354 5290 1506 5359; x_wconf 84' lang='lat' dir='ltr'>suis,</span> <span class='ocrx_word' id='word_1_515' title='bbox 1542 5294 1607 5342; x_wconf 90' lang='lat' dir='ltr'>ut</span> <span class='ocrx_word' id='word_1_516' title='bbox 1653 5288 1915 5359; x_wconf 90' lang='lat' dir='ltr'>loquitur</span> 
     </span>
    </p>
   </div>
   <div class='ocr_carea' id='block_1_58' title="bbox 254 5358 1910 5431">
    <p class='ocr_par' dir='ltr' id='par_1_58' title="bbox 254 5358 1910 5431">
     <span class='ocr_line' id='line_1_59' title="bbox 254 5358 1910 5431; baseline 0.001 -19"><span class='ocrx_word' id='word_1_517' title='bbox 254 5358 625 5428; x_wconf 88' lang='lat' dir='ltr'>Vincentius,</span> <span class='ocrx_word' id='word_1_518' title='bbox 648 5360 740 5431; x_wconf 85' lang='lat' dir='ltr'>sed</span> <span class='ocrx_word' id='word_1_519' title='bbox 763 5367 943 5414; x_wconf 83' lang='lat' dir='ltr'>tamen</span> <span class='ocrx_word' id='word_1_520' title='bbox 960 5376 1060 5431; x_wconf 88' lang='lat' dir='ltr'>pro</span> <span class='ocrx_word' id='word_1_521' title='bbox 1083 5362 1320 5421; x_wconf 71' lang='lat' dir='ltr'>caeteris.</span> <span class='ocrx_word' id='word_1_522' title='bbox 1346 5358 1403 5413; x_wconf 88' lang='lat' dir='ltr'>in</span> <span class='ocrx_word' id='word_1_523' title='bbox 1434 5376 1562 5414; x_wconf 91' lang='lat' dir='ltr'>eam</span> <span class='ocrx_word' id='word_1_524' title='bbox 1585 5358 1910 5415; x_wconf 86' lang='lat' dir='ltr'>doctrinam</span> 
     </span>
    </p>
   </div>
   <div class='ocr_carea' id='block_1_59' title="bbox 254 5430 1912 5504">
    <p class='ocr_par' dir='ltr' id='par_1_59' title="bbox 254 5430 1912 5504">
     <span class='ocr_line' id='line_1_60' title="bbox 254 5430 1912 5504; baseline -0.001 -19"><span class='ocrx_word' id='word_1_525' title='bbox 254 5431 521 5486; x_wconf 86' lang='lat' dir='ltr'>invectus</span> <span class='ocrx_word' id='word_1_526' title='bbox 571 5436 679 5486; x_wconf 90' lang='lat' dir='ltr'>est.</span> <span class='ocrx_word' id='word_1_527' title='bbox 714 5430 996 5503; x_wconf 87' lang='lat' dir='ltr'>Denique,</span> <span class='ocrx_word' id='word_1_528' title='bbox 1036 5448 1104 5487; x_wconf 86' lang='lat' dir='ltr'>ex</span> <span class='ocrx_word' id='word_1_529' title='bbox 1149 5447 1217 5486; x_wconf 90' lang='lat' dir='ltr'>ea</span> <span class='ocrx_word' id='word_1_530' title='bbox 1264 5432 1509 5502; x_wconf 87' lang='lat' dir='ltr'>synodo,</span> <span class='ocrx_word' id='word_1_531' title='bbox 1541 5435 1607 5486; x_wconf 89' lang='lat' dir='ltr'>ut</span> <span class='ocrx_word' id='word_1_532' title='bbox 1653 5435 1912 5504; x_wconf 87' lang='lat' dir='ltr'>apparet,</span> 
     </span>
    </p>
   </div>
   <div class='ocr_carea' id='block_1_60' title="bbox 2025 4571 3673 4645">
    <p class='ocr_par' dir='ltr' id='par_1_60' title="bbox 2025 4571 3673 4645">
     <span class='ocr_line' id='line_1_61' title="bbox 2025 4571 3673 4645; baseline -0.001 -16"><span class='ocrx_word' id='word_1_533' title='bbox 2025 4572 2308 4629; x_wconf 86' lang='lat' dir='ltr'>celebrem</span> <span class='ocrx_word' id='word_1_534' title='bbox 2356 4573 2663 4645; x_wconf 89' lang='lat' dir='ltr'>epistolam</span> <span class='ocrx_word' id='word_1_535' title='bbox 2715 4574 2784 4629; x_wconf 90' lang='lat' dir='ltr'>ad</span> <span class='ocrx_word' id='word_1_536' title='bbox 2833 4573 3084 4629; x_wconf 87' lang='lat' dir='ltr'>Africam</span> <span class='ocrx_word' id='word_1_537' title='bbox 3118 4571 3306 4639; x_wconf 90' lang='lat' dir='ltr'>misit;</span> <span class='ocrx_word' id='word_1_538' title='bbox 3357 4590 3483 4645; x_wconf 78' lang='lat' dir='ltr'>quas</span> <span class='ocrx_word' id='word_1_539' title='bbox 3533 4589 3673 4628; x_wconf 89' lang='lat' dir='ltr'>sane</span> 
     </span>
    </p>
   </div>
   <div class='ocr_carea' id='block_1_61' title="bbox 2021 4645 3667 4717">
    <p class='ocr_par' dir='ltr' id='par_1_61' title="bbox 2021 4645 3667 4717">
     <span class='ocr_line' id='line_1_62' title="bbox 2021 4645 3667 4717; baseline -0.001 -17"><span class='ocrx_word' id='word_1_540' title='bbox 2021 4661 2176 4700; x_wconf 88' lang='lat' dir='ltr'>nunc</span> <span class='ocrx_word' id='word_1_541' title='bbox 2236 4662 2349 4699; x_wconf 92' lang='lat' dir='ltr'>non</span> <span class='ocrx_word' id='word_1_542' title='bbox 2407 4652 2594 4700; x_wconf 85' lang='lat' dir='ltr'>exstat</span> <span class='ocrx_word' id='word_1_543' title='bbox 2649 4647 2892 4717; x_wconf 88' lang='lat' dir='ltr'>integra,</span> <span class='ocrx_word' id='word_1_544' title='bbox 2945 4646 3044 4700; x_wconf 89' lang='lat' dir='ltr'>sed</span> <span class='ocrx_word' id='word_1_545' title='bbox 3103 4650 3327 4699; x_wconf 89' lang='lat' dir='ltr'>tantum</span> <span class='ocrx_word' id='word_1_546' title='bbox 3368 4645 3667 4717; x_wconf 81' lang='lat' dir='ltr'>definitio,</span> 
     </span>
    </p>
   </div>
   <div class='ocr_carea' id='block_1_62' title="bbox 2023 4716 3671 4788">
    <p class='ocr_par' dir='ltr' id='par_1_62' title="bbox 2023 4716 3671 4788">
     <span class='ocr_line' id='line_1_63' title="bbox 2023 4716 3671 4788; baseline 0.001 -18"><span class='ocrx_word' id='word_1_547' title='bbox 2023 4733 2199 4788; x_wconf 89' lang='lat' dir='ltr'>quam</span> <span class='ocrx_word' id='word_1_548' title='bbox 2233 4717 2580 4788; x_wconf 15' lang='lat' dir='ltr'>iniEpistola</span> <span class='ocrx_word' id='word_1_549' title='bbox 2610 4716 2870 4773; x_wconf 30' lang='grc' dir='ltr'>μαινίαά</span> <span class='ocrx_word' id='word_1_550' title='bbox 2901 4717 3218 4788; x_wconf 85' lang='lat' dir='ltr'>Pompeium</span> <span class='ocrx_word' id='word_1_551' title='bbox 3243 4716 3412 4772; x_wconf 88' lang='lat' dir='ltr'>nobis</span> <span class='ocrx_word' id='word_1_552' title='bbox 3441 4733 3671 4771; x_wconf 88' lang='lat' dir='ltr'>conser-</span> 
     </span>
    </p>
   </div>
   <div class='ocr_carea' id='block_1_63' title="bbox 2021 4787 2661 4859">
    <p class='ocr_par' dir='ltr' id='par_1_63' title="bbox 2021 4787 2661 4859">
     <span class='ocr_line' id='line_1_64' title="bbox 2021 4787 2661 4859; baseline 0.002 -16"><span class='ocrx_word' id='word_1_553' title='bbox 2021 4789 2174 4844; x_wconf 89' lang='lat' dir='ltr'>vavit</span> <span class='ocrx_word' id='word_1_554' title='bbox 2204 4787 2261 4842; x_wconf 93' lang='lat' dir='ltr'>S.</span> <span class='ocrx_word' id='word_1_555' title='bbox 2295 4787 2616 4859; x_wconf 81' lang='lat' dir='ltr'>Cyprianus</span> <span class='ocrx_word' id='word_1_556' title='bbox 2649 4807 2661 4844; x_wconf 88' lang='lat'><strong>:</strong></span> 
     </span>
    </p>
   </div>
   <div class='ocr_carea' id='block_1_64' title="bbox 2095 4858 3670 4931">
    <p class='ocr_par' dir='ltr' id='par_1_64' title="bbox 2095 4858 3670 4931">
     <span class='ocr_line' id='line_1_65' title="bbox 2095 4858 3670 4931; baseline 0.001 -19"><span class='ocrx_word' id='word_1_557' title='bbox 2095 4881 2122 4908; x_wconf 83' lang='lat'><strong>«</strong></span> <span class='ocrx_word' id='word_1_558' title='bbox 2155 4859 2208 4912; x_wconf 88' lang='lat' dir='ltr'>Si</span> <span class='ocrx_word' id='word_1_559' title='bbox 2244 4858 2377 4931; x_wconf 84' lang='lat' dir='ltr'>quis</span> <span class='ocrx_word' id='word_1_560' title='bbox 2417 4876 2552 4931; x_wconf 88' lang='lat' dir='ltr'>ergo</span> <span class='ocrx_word' id='word_1_561' title='bbox 2601 4877 2636 4915; x_wconf 89' lang='lat' dir='ltr'>a</span> <span class='ocrx_word' id='word_1_562' title='bbox 2683 4875 3035 4931; x_wconf 89' lang='lat' dir='ltr'>quacunque</span> <span class='ocrx_word' id='word_1_563' title='bbox 3083 4858 3287 4914; x_wconf 67' lang='lat' dir='ltr'>haeresi</span> <span class='ocrx_word' id='word_1_564' title='bbox 3332 4858 3553 4914; x_wconf 90' lang='lat' dir='ltr'>venerit</span> <span class='ocrx_word' id='word_1_565' title='bbox 3597 4859 3670 4913; x_wconf 87' lang='lat' dir='ltr'>ad</span> 
     </span>
    </p>
   </div>
   <div class='ocr_carea' id='block_1_65' title="bbox 2024 4930 3674 5002">
    <p class='ocr_par' dir='ltr' id='par_1_65' title="bbox 2024 4930 3674 5002">
     <span class='ocr_line' id='line_1_66' title="bbox 2024 4930 3674 5002; baseline -0.001 -18"><span class='ocrx_word' id='word_1_566' title='bbox 2024 4947 2152 4999; x_wconf 88' lang='lat' dir='ltr'>nos,</span> <span class='ocrx_word' id='word_1_567' title='bbox 2185 4930 2329 5002; x_wconf 84' lang='lat' dir='ltr'>nihil</span> <span class='ocrx_word' id='word_1_568' title='bbox 2364 4930 2670 4986; x_wconf 84' lang='lat' dir='ltr'>innovetur</span> <span class='ocrx_word' id='word_1_569' title='bbox 2696 4930 2806 4987; x_wconf 85' lang='lat' dir='ltr'>nisi</span> <span class='ocrx_word' id='word_1_570' title='bbox 2831 4932 2988 5002; x_wconf 88' lang='lat' dir='ltr'>quod</span> <span class='ocrx_word' id='word_1_571' title='bbox 3019 4932 3300 4986; x_wconf 87' lang='lat' dir='ltr'>traditum</span> <span class='ocrx_word' id='word_1_572' title='bbox 3323 4935 3431 5002; x_wconf 77' lang='lat' dir='ltr'>est,</span> <span class='ocrx_word' id='word_1_573' title='bbox 3457 4933 3522 5002; x_wconf 88' lang='lat' dir='ltr'>ut</span> <span class='ocrx_word' id='word_1_574' title='bbox 3550 4945 3674 5002; x_wconf 81' lang='lat' dir='ltr'>ma-</span> 
     </span>
    </p>
   </div>
   <div class='ocr_carea' id='block_1_66' title="bbox 2027 4999 3670 5074">
    <p class='ocr_par' dir='ltr' id='par_1_66' title="bbox 2027 4999 3670 5074">
     <span class='ocr_line' id='line_1_67' title="bbox 2027 4999 3670 5074; baseline -0.001 -18"><span class='ocrx_word' id='word_1_575' title='bbox 2027 5019 2135 5056; x_wconf 88' lang='lat' dir='ltr'>nus</span> <span class='ocrx_word' id='word_1_576' title='bbox 2169 5001 2251 5074; x_wconf 84' lang='lat' dir='ltr'>illi</span> <span class='ocrx_word' id='word_1_577' title='bbox 2304 5001 2642 5074; x_wconf 86' lang='lat' dir='ltr'>imponatur</span> <span class='ocrx_word' id='word_1_578' title='bbox 2671 5003 2730 5058; x_wconf 88' lang='lat' dir='ltr'>in</span> <span class='ocrx_word' id='word_1_579' title='bbox 2762 4999 3194 5074; x_wconf 58' lang='lat' dir='ltr'>poiniteutiam;</span> <span class='ocrx_word' id='word_1_580' title='bbox 3228 5018 3361 5057; x_wconf 90' lang='lat' dir='ltr'>cum</span> <span class='ocrx_word' id='word_1_581' title='bbox 3411 4999 3670 5074; x_wconf 67' lang='lat' dir='ltr'>ipsiha-</span> 
     </span>
    </p>
   </div>
   <div class='ocr_carea' id='block_1_67' title="bbox 2024 5071 3672 5145">
    <p class='ocr_par' dir='ltr' id='par_1_67' title="bbox 2024 5071 3672 5145">
     <span class='ocr_line' id='line_1_68' title="bbox 2024 5071 3672 5145; baseline -0.002 -17"><span class='ocrx_word' id='word_1_582' title='bbox 2024 5073 2188 5129; x_wconf 89' lang='lat' dir='ltr'>retici</span> <span class='ocrx_word' id='word_1_583' title='bbox 2221 5071 2454 5145; x_wconf 77' lang='lat' dir='ltr'>proprie</span> <span class='ocrx_word' id='word_1_584' title='bbox 2485 5071 2828 5130; x_wconf 70' lang='lat' dir='ltr'>alterutrum</span> <span class='ocrx_word' id='word_1_585' title='bbox 2861 5076 2930 5129; x_wconf 88' lang='lat' dir='ltr'>ad</span> <span class='ocrx_word' id='word_1_586' title='bbox 2965 5090 3026 5129; x_wconf 87' lang='lat' dir='ltr'>se</span> <span class='ocrx_word' id='word_1_587' title='bbox 3056 5073 3352 5129; x_wconf 87' lang='lat' dir='ltr'>venientes</span> <span class='ocrx_word' id='word_1_588' title='bbox 3384 5071 3498 5128; x_wconf 88' lang='lat' dir='ltr'>non</span> <span class='ocrx_word' id='word_1_589' title='bbox 3531 5071 3672 5142; x_wconf 84' lang='lat' dir='ltr'>bap-</span> 
     </span>
    </p>
   </div>
   <div class='ocr_carea' id='block_1_68' title="bbox 2025 5145 3162 5210">
    <p class='ocr_par' dir='ltr' id='par_1_68' title="bbox 2025 5145 3162 5210">
     <span class='ocr_line' id='line_1_69' title="bbox 2025 5145 3162 5210; baseline 0 -11"><span class='ocrx_word' id='word_1_590' title='bbox 2025 5145 2225 5210; x_wconf 85' lang='lat' dir='ltr'>tizent,</span> <span class='ocrx_word' id='word_1_591' title='bbox 2261 5147 2358 5201; x_wconf 88' lang='lat' dir='ltr'>sed</span> <span class='ocrx_word' id='word_1_592' title='bbox 2393 5147 2830 5202; x_wconf 89' lang='lat' dir='ltr'>communicant</span> <span class='ocrx_word' id='word_1_593' title='bbox 2857 5151 3108 5201; x_wconf 87' lang='lat' dir='ltr'>tantum.</span> <span class='ocrx_word' id='word_1_594' title='bbox 3133 5165 3162 5194; x_wconf 89' lang='grc'><strong>››</strong></span> 
     </span>
    </p>
   </div>
   <div class='ocr_carea' id='block_1_69' title="bbox 2098 5212 3672 5290">
    <p class='ocr_par' dir='ltr' id='par_1_69' title="bbox 2098 5212 3672 5290">
     <span class='ocr_line' id='line_1_70' title="bbox 2098 5212 3672 5290; baseline -0.001 -20"><span class='ocrx_word' id='word_1_595' title='bbox 2098 5216 2270 5271; x_wconf 90' lang='lat' dir='ltr'>Istius</span> <span class='ocrx_word' id='word_1_596' title='bbox 2301 5217 2580 5290; x_wconf 86' lang='lat' dir='ltr'>Stephani</span> <span class='ocrx_word' id='word_1_597' title='bbox 2629 5217 2888 5290; x_wconf 60' lang='lat' dir='ltr'>epistola!</span> <span class='ocrx_word' id='word_1_598' title='bbox 2922 5218 3316 5290; x_wconf 74' lang='lat' dir='ltr'>meminerunt</span> <span class='ocrx_word' id='word_1_599' title='bbox 3344 5212 3672 5290; x_wconf 79' lang='lat' dir='ltr'>Eusebius,</span> 
     </span>
    </p>
   </div>
   <div class='ocr_carea' id='block_1_70' title="bbox 2020 5285 3671 5360">
    <p class='ocr_par' dir='ltr' id='par_1_70' title="bbox 2020 5285 3671 5360">
     <span class='ocr_line' id='line_1_71' title="bbox 2020 5285 3671 5360; baseline -0.001 -19"><span class='ocrx_word' id='word_1_600' title='bbox 2020 5286 2124 5360; x_wconf 85' lang='lat' dir='ltr'>lib.</span> <span class='ocrx_word' id='word_1_601' title='bbox 2159 5304 2260 5352; x_wconf 85' lang='lat' dir='ltr'>vn,</span> <span class='ocrx_word' id='word_1_602' title='bbox 2291 5285 2432 5360; x_wconf 43' lang='lat' dir='ltr'>cap;</span> <span class='ocrx_word' id='word_1_603' title='bbox 2469 5291 2523 5355; x_wconf 90' lang='lat'>3,</span> <span class='ocrx_word' id='word_1_604' title='bbox 2571 5293 2629 5344; x_wconf 90' lang='lat' dir='ltr'>et</span> <span class='ocrx_word' id='word_1_605' title='bbox 2668 5285 3014 5344; x_wconf 78' lang='lat' dir='ltr'>Vincentius</span> <span class='ocrx_word' id='word_1_606' title='bbox 3070 5286 3391 5343; x_wconf 76' lang='lat' dir='ltr'>Lirinensis</span> <span class='ocrx_word' id='word_1_607' title='bbox 3445 5285 3504 5341; x_wconf 90' lang='lat' dir='ltr'>in</span> <span class='ocrx_word' id='word_1_608' title='bbox 3563 5301 3671 5341; x_wconf 87' lang='lat' dir='ltr'>suo</span> 
     </span>
    </p>
   </div>
   <div class='ocr_carea' id='block_1_71' title="bbox 2021 5359 2497 5416">
    <p class='ocr_par' dir='ltr' id='par_1_71' title="bbox 2021 5359 2497 5416">
     <span class='ocr_line' id='line_1_72' title="bbox 2021 5359 2497 5416; baseline 0 -2"><span class='ocrx_word' id='word_1_609' title='bbox 2021 5359 2497 5416; x_wconf 88' lang='lat' dir='ltr'>Commonitorio.</span> 
     </span>
    </p>
   </div>
  </div>
