  <div class='ocr_page' id='page_1' title='image "/cluster/home/n/w/nwhite01/storage/ocr_20150623/3/hvd.32044073549586/577.png"; bbox 0 0 4098 6178; ppageno 0'>
   <div class='ocr_carea' id='block_1_1' title="bbox 495 302 2838 368">
    <p class='ocr_par' dir='ltr' id='par_1_1' title="bbox 495 302 2838 368">
     <span class='ocr_line' id='line_1_1' title="bbox 495 302 2838 368; baseline 0.003 -6"><span class='ocrx_word' id='word_1_1' title='bbox 495 303 650 364; x_wconf 74' lang='grc'><strong>1047</strong></span> <span class='ocrx_word' id='word_1_2' title='bbox 1557 303 1658 364; x_wconf 89' lang='lat' dir='ltr'><strong>DE</strong></span> <span class='ocrx_word' id='word_1_3' title='bbox 1705 302 2293 366; x_wconf 62' lang='lat' dir='ltr'><strong>HrERETICORUM</strong></span> <span class='ocrx_word' id='word_1_4' title='bbox 2338 304 2838 368; x_wconf 80' lang='lat' dir='ltr'><strong>BAPTISMATE</strong></span> 
     </span>
    </p>
   </div>
   <div class='ocr_carea' id='block_1_2' title="bbox 3674 325 3803 390">
    <p class='ocr_par' dir='ltr' id='par_1_2' title="bbox 3674 325 3803 390">
     <span class='ocr_line' id='line_1_2' title="bbox 3674 325 3803 390; baseline 0.047 -6"><span class='ocrx_word' id='word_1_5' title='bbox 3674 325 3803 390; x_wconf 70' lang='grc'><strong>1048</strong></span> 
     </span>
    </p>
   </div>
   <div class='ocr_carea' id='block_1_3' title="bbox 493 440 3801 481">
    <p class='ocr_par' dir='ltr' id='par_1_3' title="bbox 493 440 3801 481">
     <span class='ocr_line' id='line_1_3' title="bbox 493 440 3801 481; baseline -0.001 -26"><span class='ocrx_word' id='word_1_6' title='bbox 493 440 3801 481; x_wconf 57' lang='lat' dir='ltr'>W</span> 
     </span>
    </p>
   </div>
   <div class='ocr_carea' id='block_1_4' title="bbox 937 605 3441 747">
    <p class='ocr_par' dir='ltr' id='par_1_4' title="bbox 937 605 3441 747">
     <span class='ocr_line' id='line_1_4' title="bbox 937 605 3441 747; baseline 0.003 -7"><span class='ocrx_word' id='word_1_7' title='bbox 937 617 1712 740; x_wconf 83' lang='lat' dir='ltr'><strong>CONCILIA</strong></span> <span class='ocrx_word' id='word_1_8' title='bbox 1805 619 2794 746; x_wconf 83' lang='lat' dir='ltr'><strong>CARTHAGIN</strong></span> <span class='ocrx_word' id='word_1_9' title='bbox 2805 621 3023 744; x_wconf 90' lang='lat' dir='ltr'><strong>EN</strong></span> <span class='ocrx_word' id='word_1_10' title='bbox 3041 621 3310 744; x_wconf 88' lang='lat' dir='ltr'><strong>SIA</strong></span> <span class='ocrx_word' id='word_1_11' title='bbox 3341 605 3441 747; x_wconf 48' lang='lat'><strong>‘1’.</strong></span> 
     </span>
    </p>
   </div>
   <div class='ocr_carea' id='block_1_5' title="bbox 659 979 3699 1053">
    <p class='ocr_par' dir='ltr' id='par_1_5' title="bbox 659 979 3699 1053">
     <span class='ocr_line' id='line_1_5' title="bbox 659 979 3699 1053; baseline 0.004 -11"><span class='ocrx_word' id='word_1_12' title='bbox 659 979 1613 1043; x_wconf 80' lang='lat' dir='ltr'><strong>CARTHAGINE’NSE</strong></span> <span class='ocrx_word' id='word_1_13' title='bbox 1676 980 2292 1045; x_wconf 84' lang='lat' dir='ltr'><strong>CONC&#39;ILIUM</strong></span> <span class='ocrx_word' id='word_1_14' title='bbox 2359 982 2562 1045; x_wconf 85' lang='lat' dir='ltr'><strong><em>SUB</em></strong></span> <span class='ocrx_word' id='word_1_15' title='bbox 2625 981 3194 1046; x_wconf 82' lang='lat' dir='ltr'><strong>CYPRIANO</strong></span> <span class='ocrx_word' id='word_1_16' title='bbox 3258 986 3699 1053; x_wconf 77' lang='lat' dir='ltr'><strong>TERTIUM</strong></span> 
     </span>
    </p>
   </div>
   <div class='ocr_carea' id='block_1_6' title="bbox 1648 1114 2742 1184">
    <p class='ocr_par' dir='ltr' id='par_1_6' title="bbox 1648 1114 2742 1184">
     <span class='ocr_line' id='line_1_6' title="bbox 1648 1114 2742 1184; baseline 0.003 -14"><span class='ocrx_word' id='word_1_17' title='bbox 1648 1115 1738 1171; x_wconf 87' lang='lat' dir='ltr'><strong>DE</strong></span> <span class='ocrx_word' id='word_1_18' title='bbox 1781 1114 2208 1171; x_wconf 87' lang='lat' dir='ltr'><strong>INFANTIBUS</strong></span> <span class='ocrx_word' id='word_1_19' title='bbox 2247 1115 2742 1184; x_wconf 86' lang='lat' dir='ltr'><strong>BAPTIZANDIS,</strong></span> 
     </span>
    </p>
   </div>
   <div class='ocr_carea' id='block_1_7' title="bbox 1441 1256 2971 1304">
    <p class='ocr_par' dir='ltr' id='par_1_7' title="bbox 1441 1256 2971 1304">
     <span class='ocr_line' id='line_1_7' title="bbox 1441 1256 2971 1304; baseline 0.001 -4"><span class='ocrx_word' id='word_1_20' title='bbox 1441 1256 1606 1302; x_wconf 71' lang='lat' dir='ltr'><strong>ANNO</strong></span> <span class='ocrx_word' id='word_1_21' title='bbox 1650 1256 1794 1302; x_wconf 82' lang='lat' dir='ltr'><strong>POST</strong></span> <span class='ocrx_word' id='word_1_22' title='bbox 1837 1257 2141 1302; x_wconf 59' lang='lat' dir='ltr'><strong>CHRISTI)!</strong></span> <span class='ocrx_word' id='word_1_23' title='bbox 2185 1257 2401 1304; x_wconf 67' lang='lat' dir='ltr'><strong>IATUX</strong></span> <span class='ocrx_word' id='word_1_24' title='bbox 2445 1257 2622 1303; x_wconf 81' lang='lat' dir='ltr'><strong>CCLIII</strong></span> <span class='ocrx_word' id='word_1_25' title='bbox 2664 1258 2971 1304; x_wconf 73' lang='grc' dir='ltr'><strong>ΗΔΒΙἸὌΠ.</strong></span> 
     </span>
    </p>
   </div>
   <div class='ocr_carea' id='block_1_8' title="bbox 495 1375 3825 1472">
    <p class='ocr_par' dir='ltr' id='par_1_8' title="bbox 495 1375 3825 1472">
     <span class='ocr_line' id='line_1_8' title="bbox 495 1375 3825 1472; baseline 0.002 -24"><span class='ocrx_word' id='word_1_26' title='bbox 495 1375 766 1460; x_wconf 55' lang='grc' dir='ltr'>(Ειιαειιιη</span> <span class='ocrx_word' id='word_1_27' title='bbox 788 1405 875 1459; x_wconf 88' lang='grc' dir='ltr'>ιιι,</span> <span class='ocrx_word' id='word_1_28' title='bbox 897 1389 950 1444; x_wconf 91' lang='lat'><strong>3.</strong></span> <span class='ocrx_word' id='word_1_29' title='bbox 973 1388 1212 1457; x_wconf 90' lang='lat' dir='ltr'><strong>Pamel.,</strong></span> <span class='ocrx_word' id='word_1_30' title='bbox 1237 1389 1449 1462; x_wconf 82' lang='lat' dir='ltr'><strong>Rigalt.</strong></span> <span class='ocrx_word' id='word_1_31' title='bbox 1475 1389 1673 1461; x_wconf 89' lang='lat' dir='ltr'><strong>Baluz,</strong></span> <span class='ocrx_word' id='word_1_32' title='bbox 1699 1407 1807 1446; x_wconf 83' lang='lat' dir='ltr'><strong>er.</strong></span> <span class='ocrx_word' id='word_1_33' title='bbox 1835 1391 2042 1462; x_wconf 90' lang='lat' dir='ltr'><strong>Paris.,</strong></span> <span class='ocrx_word' id='word_1_34' title='bbox 2065 1406 2221 1446; x_wconf 84' lang='lat' dir='ltr'><strong>Lvm.</strong></span> <span class='ocrx_word' id='word_1_35' title='bbox 2245 1389 2451 1461; x_wconf 84' lang='lat' dir='ltr'><strong>Oxon.,</strong></span> <span class='ocrx_word' id='word_1_36' title='bbox 2483 1391 2661 1464; x_wconf 90' lang='lat' dir='ltr'><strong>Lips.,</strong></span> <span class='ocrx_word' id='word_1_37' title='bbox 2686 1407 2833 1448; x_wconf 79' lang='lat' dir='ltr'><strong>LXIV.</strong></span> <span class='ocrx_word' id='word_1_38' title='bbox 2856 1392 3074 1450; x_wconf 86' lang='lat' dir='ltr'><strong>Routh.</strong></span> <span class='ocrx_word' id='word_1_39' title='bbox 3097 1392 3240 1450; x_wconf 80' lang='lat' dir='ltr'><strong>Bell.</strong></span> <span class='ocrx_word' id='word_1_40' title='bbox 3265 1411 3457 1465; x_wconf 75' lang='lat' dir='ltr'><strong>sacrae,</strong></span> <span class='ocrx_word' id='word_1_41' title='bbox 3482 1398 3618 1468; x_wconf 64' lang='lat' dir='ltr'><strong>p.71:</strong></span> <span class='ocrx_word' id='word_1_42' title='bbox 3641 1403 3690 1456; x_wconf 87' lang='lat' dir='ltr'><strong>et</strong></span> <span class='ocrx_word' id='word_1_43' title='bbox 3714 1401 3825 1472; x_wconf 82' lang='grc'><strong>116.)</strong></span> 
     </span>
    </p>
   </div>
   <div class='ocr_carea' id='block_1_9' title="bbox 1983 1685 2423 1757">
    <p class='ocr_par' dir='ltr' id='par_1_9' title="bbox 1983 1685 2423 1757">
     <span class='ocr_line' id='line_1_9' title="bbox 1983 1685 2423 1757; baseline 0.002 -17"><span class='ocrx_word' id='word_1_44' title='bbox 1983 1685 2423 1757; x_wconf 74' lang='lat' dir='ltr'><strong>PROOEMIUM.</strong></span> 
     </span>
    </p>
   </div>
   <div class='ocr_carea' id='block_1_10' title="bbox 568 1809 3830 1887">
    <p class='ocr_par' dir='ltr' id='par_1_10' title="bbox 568 1809 3830 1887">
     <span class='ocr_line' id='line_1_10' title="bbox 568 1809 3830 1887; baseline -0 -15"><span class='ocrx_word' id='word_1_45' title='bbox 568 1819 736 1872; x_wconf 85' lang='lat' dir='ltr'><strong>Anno</strong></span> <span class='ocrx_word' id='word_1_46' title='bbox 766 1815 978 1871; x_wconf 79' lang='lat' dir='ltr'><strong>Christi</strong></span> <span class='ocrx_word' id='word_1_47' title='bbox 1006 1816 1111 1870; x_wconf 87' lang='lat'><strong>257</strong></span> <span class='ocrx_word' id='word_1_48' title='bbox 1143 1816 1237 1886; x_wconf 80' lang='lat'><strong>(2),</strong></span> <span class='ocrx_word' id='word_1_49' title='bbox 1270 1814 1676 1887; x_wconf 83' lang='lat' dir='ltr'><strong>persecutione</strong></span> <span class='ocrx_word' id='word_1_50' title='bbox 1725 1815 2010 1878; x_wconf 78' lang='lat' dir='ltr'><strong>cessante,</strong></span> <span class='ocrx_word' id='word_1_51' title='bbox 2044 1811 2117 1866; x_wconf 90' lang='lat' dir='ltr'><strong>ad</strong></span> <span class='ocrx_word' id='word_1_52' title='bbox 2147 1814 2485 1882; x_wconf 76' lang='lat' dir='ltr'><strong>quassatam</strong></span> <span class='ocrx_word' id='word_1_53' title='bbox 2535 1809 2854 1867; x_wconf 88' lang='lat' dir='ltr'><strong>Ecclesiam</strong></span> <span class='ocrx_word' id='word_1_54' title='bbox 2887 1813 3372 1884; x_wconf 83' lang='lat' dir='ltr'><strong>componendam,</strong></span> <span class='ocrx_word' id='word_1_55' title='bbox 3401 1813 3690 1886; x_wconf 82' lang='lat' dir='ltr'><strong>Cyprianus</strong></span> <span class='ocrx_word' id='word_1_56' title='bbox 3716 1817 3830 1886; x_wconf 85' lang='lat' dir='ltr'><strong>ejus-</strong></span> 
     </span>
    </p>
   </div>
   <div class='ocr_carea' id='block_1_11' title="bbox 501 1901 3830 1979">
    <p class='ocr_par' dir='ltr' id='par_1_11' title="bbox 501 1901 3830 1979">
     <span class='ocr_line' id='line_1_11' title="bbox 501 1901 3830 1979; baseline -0 -18"><span class='ocrx_word' id='word_1_57' title='bbox 501 1923 617 1978; x_wconf 87' lang='lat' dir='ltr'><strong>que</strong></span> <span class='ocrx_word' id='word_1_58' title='bbox 650 1904 877 1979; x_wconf 71' lang='lat' dir='ltr'><strong>collegaa</strong></span> <span class='ocrx_word' id='word_1_59' title='bbox 921 1905 1180 1977; x_wconf 89' lang='lat' dir='ltr'><strong>episc0pi</strong></span> <span class='ocrx_word' id='word_1_60' title='bbox 1224 1904 1506 1959; x_wconf 64' lang='lat' dir='ltr'><strong>Africanae</strong></span> <span class='ocrx_word' id='word_1_61' title='bbox 1555 1902 1846 1971; x_wconf 66' lang='lat' dir='ltr'><strong>Ecclesiae,</strong></span> <span class='ocrx_word' id='word_1_62' title='bbox 1877 1918 1946 1956; x_wconf 82' lang='lat' dir='ltr'><strong>ex</strong></span> <span class='ocrx_word' id='word_1_63' title='bbox 1977 1917 2137 1955; x_wconf 92' lang='lat' dir='ltr'><strong>more</strong></span> <span class='ocrx_word' id='word_1_64' title='bbox 2165 1903 2594 1968; x_wconf 90' lang='lat' dir='ltr'><strong>convenerunt;</strong></span> <span class='ocrx_word' id='word_1_65' title='bbox 2628 1901 2841 1973; x_wconf 82' lang='lat' dir='ltr'><strong>partim</strong></span> <span class='ocrx_word' id='word_1_66' title='bbox 2874 1904 2941 1956; x_wconf 90' lang='lat' dir='ltr'><strong>ut</strong></span> <span class='ocrx_word' id='word_1_67' title='bbox 2971 1907 3188 1958; x_wconf 86' lang='lat' dir='ltr'><strong>rectam</strong></span> <span class='ocrx_word' id='word_1_68' title='bbox 3244 1903 3415 1958; x_wconf 82' lang='lat' dir='ltr'><strong>ﬁdem</strong></span> <span class='ocrx_word' id='word_1_69' title='bbox 3460 1909 3513 1958; x_wconf 91' lang='lat' dir='ltr'><strong>et</strong></span> <span class='ocrx_word' id='word_1_70' title='bbox 3557 1904 3830 1960; x_wconf 81' lang='lat' dir='ltr'><strong>catholicam</strong></span> 
     </span>
    </p>
   </div>
   <div class='ocr_carea' id='block_1_12' title="bbox 507 1988 3833 2065">
    <p class='ocr_par' dir='ltr' id='par_1_12' title="bbox 507 1988 3833 2065">
     <span class='ocr_line' id='line_1_12' title="bbox 507 1988 3833 2065; baseline -0.001 -13"><span class='ocrx_word' id='word_1_71' title='bbox 507 1997 790 2052; x_wconf 88' lang='lat' dir='ltr'><strong>unitatem</strong></span> <span class='ocrx_word' id='word_1_72' title='bbox 845 1999 1276 2061; x_wconf 87' lang='lat' dir='ltr'><strong>conservarent,</strong></span> <span class='ocrx_word' id='word_1_73' title='bbox 1310 1994 1523 2065; x_wconf 81' lang='lat' dir='ltr'><strong>partim</strong></span> <span class='ocrx_word' id='word_1_74' title='bbox 1572 1993 1748 2048; x_wconf 90' lang='lat' dir='ltr'><strong>etiam</strong></span> <span class='ocrx_word' id='word_1_75' title='bbox 1796 1997 1862 2046; x_wconf 91' lang='lat' dir='ltr'><strong>ut</strong></span> <span class='ocrx_word' id='word_1_76' title='bbox 1909 1989 2228 2061; x_wconf 85' lang='lat' dir='ltr'><strong>collapsam</strong></span> <span class='ocrx_word' id='word_1_77' title='bbox 2277 1988 2734 2045; x_wconf 86' lang='lat' dir='ltr'><strong>ecclesiasticam</strong></span> <span class='ocrx_word' id='word_1_78' title='bbox 2768 1990 3141 2064; x_wconf 89' lang='lat' dir='ltr'><strong>disciplinam</strong></span> <span class='ocrx_word' id='word_1_79' title='bbox 3192 1993 3574 2059; x_wconf 81' lang='lat' dir='ltr'><strong>restituerent,</strong></span> <span class='ocrx_word' id='word_1_80' title='bbox 3602 2010 3660 2048; x_wconf 90' lang='lat' dir='ltr'><strong>ac</strong></span> <span class='ocrx_word' id='word_1_81' title='bbox 3699 1995 3833 2049; x_wconf 78' lang='lat' dir='ltr'><strong>bonos</strong></span> 
     </span>
    </p>
   </div>
   <div class='ocr_carea' id='block_1_13' title="bbox 511 2077 3834 2154">
    <p class='ocr_par' dir='ltr' id='par_1_13' title="bbox 511 2077 3834 2154">
     <span class='ocr_line' id='line_1_13' title="bbox 511 2077 3834 2154; baseline -0.001 -13"><span class='ocrx_word' id='word_1_82' title='bbox 511 2102 704 2141; x_wconf 91' lang='lat' dir='ltr'><strong>mores</strong></span> <span class='ocrx_word' id='word_1_83' title='bbox 733 2084 995 2139; x_wconf 79' lang='lat' dir='ltr'><strong>fidelium</strong></span> <span class='ocrx_word' id='word_1_84' title='bbox 1038 2084 1441 2140; x_wconf 86' lang='lat' dir='ltr'><strong>informarent.</strong></span> <span class='ocrx_word' id='word_1_85' title='bbox 1475 2084 1540 2138; x_wconf 93' lang='lat' dir='ltr'><strong>In</strong></span> <span class='ocrx_word' id='word_1_86' title='bbox 1587 2081 1698 2136; x_wconf 90' lang='lat' dir='ltr'><strong>hac</strong></span> <span class='ocrx_word' id='word_1_87' title='bbox 1729 2081 1948 2153; x_wconf 81' lang='lat' dir='ltr'><strong>synodo</strong></span> <span class='ocrx_word' id='word_1_88' title='bbox 1979 2078 2365 2134; x_wconf 90' lang='lat' dir='ltr'><strong>constitutum</strong></span> <span class='ocrx_word' id='word_1_89' title='bbox 2396 2083 2485 2134; x_wconf 91' lang='lat' dir='ltr'><strong>est</strong></span> <span class='ocrx_word' id='word_1_90' title='bbox 2516 2077 2726 2151; x_wconf 88' lang='lat' dir='ltr'><strong>primo,</strong></span> <span class='ocrx_word' id='word_1_91' title='bbox 2759 2083 2823 2134; x_wconf 91' lang='lat' dir='ltr'><strong>ut</strong></span> <span class='ocrx_word' id='word_1_92' title='bbox 2853 2080 3133 2135; x_wconf 88' lang='lat' dir='ltr'><strong>diaconus</strong></span> <span class='ocrx_word' id='word_1_93' title='bbox 3181 2079 3301 2148; x_wconf 92' lang='lat' dir='ltr'><strong>ille,</strong></span> <span class='ocrx_word' id='word_1_94' title='bbox 3336 2097 3504 2153; x_wconf 88' lang='lat' dir='ltr'><strong>quem</strong></span> <span class='ocrx_word' id='word_1_95' title='bbox 3549 2081 3834 2154; x_wconf 80' lang='lat' dir='ltr'><strong>Rogatianua</strong></span> 
     </span>
    </p>
   </div>
   <div class='ocr_carea' id='block_1_14' title="bbox 511 2167 3836 2246">
    <p class='ocr_par' dir='ltr' id='par_1_14' title="bbox 511 2167 3836 2246">
     <span class='ocr_line' id='line_1_14' title="bbox 511 2167 3836 2246; baseline -0.002 -15"><span class='ocrx_word' id='word_1_96' title='bbox 511 2175 583 2231; x_wconf 92' lang='lat' dir='ltr'><strong>de</strong></span> <span class='ocrx_word' id='word_1_97' title='bbox 615 2173 896 2246; x_wconf 80' lang='lat' dir='ltr'><strong>protervis</strong></span> <span class='ocrx_word' id='word_1_98' title='bbox 925 2177 983 2228; x_wconf 93' lang='lat' dir='ltr'><strong>et</strong></span> <span class='ocrx_word' id='word_1_99' title='bbox 1011 2172 1289 2227; x_wconf 84' lang='lat' dir='ltr'><strong>conviciis</strong></span> <span class='ocrx_word' id='word_1_100' title='bbox 1339 2170 1450 2226; x_wconf 87' lang='lat' dir='ltr'><strong>sibi</strong></span> <span class='ocrx_word' id='word_1_101' title='bbox 1499 2170 1676 2226; x_wconf 91' lang='lat' dir='ltr'><strong>illatis</strong></span> <span class='ocrx_word' id='word_1_102' title='bbox 1707 2185 1901 2224; x_wconf 89' lang='lat' dir='ltr'><strong>coram</strong></span> <span class='ocrx_word' id='word_1_103' title='bbox 1936 2167 2201 2224; x_wconf 90' lang='lat' dir='ltr'><strong>Patribus</strong></span> <span class='ocrx_word' id='word_1_104' title='bbox 2233 2167 2461 2222; x_wconf 88' lang='lat' dir='ltr'><strong>concilii</strong></span> <span class='ocrx_word' id='word_1_105' title='bbox 2493 2168 2958 2238; x_wconf 88' lang='lat' dir='ltr'><strong>denuntiaverat,</strong></span> <span class='ocrx_word' id='word_1_106' title='bbox 2991 2169 3377 2240; x_wconf 84' lang='lat' dir='ltr'><strong>abstineatur,</strong></span> <span class='ocrx_word' id='word_1_107' title='bbox 3409 2175 3506 2226; x_wconf 91' lang='lat' dir='ltr'><strong>aut</strong></span> <span class='ocrx_word' id='word_1_108' title='bbox 3547 2171 3648 2226; x_wconf 89' lang='lat' dir='ltr'><strong>nisi</strong></span> <span class='ocrx_word' id='word_1_109' title='bbox 3688 2187 3836 2243; x_wconf 79' lang='lat' dir='ltr'><strong>pecca-</strong></span> 
     </span>
    </p>
   </div>
   <div class='ocr_carea' id='block_1_15' title="bbox 512 2255 3838 2332">
    <p class='ocr_par' dir='ltr' id='par_1_15' title="bbox 512 2255 3838 2332">
     <span class='ocr_line' id='line_1_15' title="bbox 512 2255 3838 2332; baseline -0.002 -13"><span class='ocrx_word' id='word_1_110' title='bbox 512 2268 639 2319; x_wconf 90' lang='lat' dir='ltr'><strong>tum</strong></span> <span class='ocrx_word' id='word_1_111' title='bbox 669 2262 960 2328; x_wconf 89' lang='lat' dir='ltr'><strong>emendet,</strong></span> <span class='ocrx_word' id='word_1_112' title='bbox 991 2261 1231 2317; x_wconf 91' lang='lat' dir='ltr'><strong>omnino</strong></span> <span class='ocrx_word' id='word_1_113' title='bbox 1263 2261 1606 2332; x_wconf 89' lang='lat' dir='ltr'><strong>deponatur.</strong></span> <span class='ocrx_word' id='word_1_114' title='bbox 1640 2259 1800 2314; x_wconf 87' lang='lat' dir='ltr'><strong>Idem</strong></span> <span class='ocrx_word' id='word_1_115' title='bbox 1834 2259 1903 2313; x_wconf 92' lang='lat' dir='ltr'><strong>de</strong></span> <span class='ocrx_word' id='word_1_116' title='bbox 1932 2255 2172 2329; x_wconf 83' lang='lat' dir='ltr'><strong>reliquis</strong></span> <span class='ocrx_word' id='word_1_117' title='bbox 2211 2255 2497 2328; x_wconf 86' lang='lat' dir='ltr'><strong>protervis</strong></span> <span class='ocrx_word' id='word_1_118' title='bbox 2526 2261 2583 2312; x_wconf 89' lang='lat' dir='ltr'><strong>et</strong></span> <span class='ocrx_word' id='word_1_119' title='bbox 2611 2257 3055 2314; x_wconf 87' lang='lat' dir='ltr'><strong>contumeliosis</strong></span> <span class='ocrx_word' id='word_1_120' title='bbox 3106 2259 3336 2314; x_wconf 87' lang='lat' dir='ltr'><strong>clericis</strong></span> <span class='ocrx_word' id='word_1_121' title='bbox 3381 2259 3724 2314; x_wconf 85' lang='lat' dir='ltr'><strong>constitutum</strong></span> <span class='ocrx_word' id='word_1_122' title='bbox 3748 2274 3838 2314; x_wconf 79' lang='lat' dir='ltr'><strong>esse</strong></span> 
     </span>
    </p>
   </div>
   <div class='ocr_carea' id='block_1_16' title="bbox 514 2345 3839 2421">
    <p class='ocr_par' dir='ltr' id='par_1_16' title="bbox 514 2345 3839 2421">
     <span class='ocr_line' id='line_1_16' title="bbox 514 2345 3839 2421; baseline -0.002 -15"><span class='ocrx_word' id='word_1_123' title='bbox 514 2351 713 2407; x_wconf 86' lang='lat' dir='ltr'><strong>volens</strong></span> <span class='ocrx_word' id='word_1_124' title='bbox 747 2367 759 2406; x_wconf 92' lang='lat'><strong>:</strong></span> <span class='ocrx_word' id='word_1_125' title='bbox 794 2350 933 2421; x_wconf 89' lang='lat' dir='ltr'><strong>quia</strong></span> <span class='ocrx_word' id='word_1_126' title='bbox 977 2348 1346 2404; x_wconf 88' lang='lat' dir='ltr'><strong>contumacia</strong></span> <span class='ocrx_word' id='word_1_127' title='bbox 1375 2347 1432 2405; x_wconf 93' lang='lat' dir='ltr'><strong>in</strong></span> <span class='ocrx_word' id='word_1_128' title='bbox 1467 2347 1694 2404; x_wconf 89' lang='lat' dir='ltr'><strong>clericis</strong></span> <span class='ocrx_word' id='word_1_129' title='bbox 1743 2346 2026 2417; x_wconf 87' lang='lat' dir='ltr'><strong>subjectis</strong></span> <span class='ocrx_word' id='word_1_130' title='bbox 2079 2345 2405 2417; x_wconf 88' lang='lat' dir='ltr'><strong>periculosa</strong></span> <span class='ocrx_word' id='word_1_131' title='bbox 2435 2345 2532 2414; x_wconf 89' lang='lat' dir='ltr'><strong>sit,</strong></span> <span class='ocrx_word' id='word_1_132' title='bbox 2565 2363 2633 2401; x_wconf 86' lang='lat' dir='ltr'><strong>ex</strong></span> <span class='ocrx_word' id='word_1_133' title='bbox 2679 2363 2794 2417; x_wconf 89' lang='lat' dir='ltr'><strong>qua</strong></span> <span class='ocrx_word' id='word_1_134' title='bbox 2823 2352 2890 2402; x_wconf 90' lang='lat' dir='ltr'><strong>ut</strong></span> <span class='ocrx_word' id='word_1_135' title='bbox 2919 2345 3244 2419; x_wconf 89' lang='lat' dir='ltr'><strong>plurimum</strong></span> <span class='ocrx_word' id='word_1_136' title='bbox 3295 2349 3355 2404; x_wconf 92' lang='lat' dir='ltr'><strong>in</strong></span> <span class='ocrx_word' id='word_1_137' title='bbox 3402 2348 3647 2404; x_wconf 69' lang='lat' dir='ltr'><strong>hmresim</strong></span> <span class='ocrx_word' id='word_1_138' title='bbox 3674 2347 3839 2420; x_wconf 81' lang='lat' dir='ltr'><strong>prolabi</strong></span> 
     </span>
    </p>
   </div>
   <div class='ocr_carea' id='block_1_17' title="bbox 515 2435 3841 2509">
    <p class='ocr_par' dir='ltr' id='par_1_17' title="bbox 515 2435 3841 2509">
     <span class='ocr_line' id='line_1_17' title="bbox 515 2435 3841 2509; baseline -0.002 -14"><span class='ocrx_word' id='word_1_139' title='bbox 515 2441 961 2496; x_wconf 87' lang='lat' dir='ltr'><strong>consueverunt.</strong></span> <span class='ocrx_word' id='word_1_140' title='bbox 981 2438 1170 2493; x_wconf 89' lang='lat' dir='ltr'><strong>Verba</strong></span> <span class='ocrx_word' id='word_1_141' title='bbox 1198 2437 1468 2509; x_wconf 85' lang='lat' dir='ltr'><strong>Cypriani</strong></span> <span class='ocrx_word' id='word_1_142' title='bbox 1516 2435 1890 2507; x_wconf 88' lang='lat' dir='ltr'><strong>responsoria</strong></span> <span class='ocrx_word' id='word_1_143' title='bbox 1920 2435 1990 2490; x_wconf 86' lang='lat' dir='ltr'><strong>ad</strong></span> <span class='ocrx_word' id='word_1_144' title='bbox 2024 2435 2413 2507; x_wconf 84' lang='lat' dir='ltr'><strong>Rogationum</strong></span> <span class='ocrx_word' id='word_1_145' title='bbox 2461 2435 2571 2490; x_wconf 89' lang='lat' dir='ltr'><strong>hac</strong></span> <span class='ocrx_word' id='word_1_146' title='bbox 2619 2435 2690 2490; x_wconf 91' lang='lat' dir='ltr'><strong>de</strong></span> <span class='ocrx_word' id='word_1_147' title='bbox 2737 2452 2800 2491; x_wconf 89' lang='lat' dir='ltr'><strong>re</strong></span> <span class='ocrx_word' id='word_1_148' title='bbox 2845 2436 3154 2492; x_wconf 87' lang='lat' dir='ltr'><strong>scribentis</strong></span> <span class='ocrx_word' id='word_1_149' title='bbox 3197 2437 3321 2492; x_wconf 69' lang='lat' dir='ltr'><strong>haec</strong></span> <span class='ocrx_word' id='word_1_150' title='bbox 3350 2441 3485 2493; x_wconf 88' lang='lat' dir='ltr'><strong>sunt</strong></span> <span class='ocrx_word' id='word_1_151' title='bbox 3515 2455 3528 2490; x_wconf 86' lang='lat'><strong>:</strong></span> <span class='ocrx_word' id='word_1_152' title='bbox 3556 2459 3582 2486; x_wconf 90' lang='grc'><strong>‹‹</strong></span> <span class='ocrx_word' id='word_1_153' title='bbox 3609 2437 3718 2491; x_wconf 69' lang='lat' dir='ltr'><strong>Haec</strong></span> <span class='ocrx_word' id='word_1_154' title='bbox 3741 2440 3841 2491; x_wconf 83' lang='lat' dir='ltr'><strong>sunt</strong></span> 
     </span>
    </p>
   </div>
   <div class='ocr_carea' id='block_1_18' title="bbox 517 2523 3840 2598">
    <p class='ocr_par' dir='ltr' id='par_1_18' title="bbox 517 2523 3840 2598">
     <span class='ocr_line' id='line_1_18' title="bbox 517 2523 3840 2598; baseline -0.002 -15"><span class='ocrx_word' id='word_1_155' title='bbox 517 2527 687 2584; x_wconf 90' lang='lat' dir='ltr'><strong>initia</strong></span> <span class='ocrx_word' id='word_1_156' title='bbox 720 2526 1127 2582; x_wconf 67' lang='lat' dir='ltr'><strong>hereticorum</strong></span> <span class='ocrx_word' id='word_1_157' title='bbox 1159 2531 1216 2580; x_wconf 88' lang='lat' dir='ltr'><strong>et</strong></span> <span class='ocrx_word' id='word_1_158' title='bbox 1244 2530 1408 2582; x_wconf 88' lang='lat' dir='ltr'><strong>ortus</strong></span> <span class='ocrx_word' id='word_1_159' title='bbox 1439 2530 1616 2596; x_wconf 89' lang='lat' dir='ltr'><strong>atque</strong></span> <span class='ocrx_word' id='word_1_160' title='bbox 1645 2529 1892 2580; x_wconf 87' lang='lat' dir='ltr'><strong>conatus</strong></span> <span class='ocrx_word' id='word_1_161' title='bbox 1925 2523 2439 2580; x_wconf 89' lang='lat' dir='ltr'><strong>schismaticorum</strong></span> <span class='ocrx_word' id='word_1_162' title='bbox 2486 2523 2638 2580; x_wconf 89' lang='lat' dir='ltr'><strong>male</strong></span> <span class='ocrx_word' id='word_1_163' title='bbox 2682 2525 3091 2596; x_wconf 85' lang='lat' dir='ltr'><strong>cogitantium,</strong></span> <span class='ocrx_word' id='word_1_164' title='bbox 3127 2531 3193 2580; x_wconf 91' lang='lat' dir='ltr'><strong>ut</strong></span> <span class='ocrx_word' id='word_1_165' title='bbox 3225 2527 3335 2582; x_wconf 88' lang='lat' dir='ltr'><strong>sibi</strong></span> <span class='ocrx_word' id='word_1_166' title='bbox 3370 2525 3635 2598; x_wconf 84' lang='lat' dir='ltr'><strong>placeant,</strong></span> <span class='ocrx_word' id='word_1_167' title='bbox 3665 2530 3716 2579; x_wconf 88' lang='lat' dir='ltr'><strong>ut</strong></span> <span class='ocrx_word' id='word_1_168' title='bbox 3738 2542 3840 2596; x_wconf 78' lang='lat' dir='ltr'><strong>pre-</strong></span> 
     </span>
    </p>
   </div>
   <div class='ocr_carea' id='block_1_19' title="bbox 514 2612 3840 2688">
    <p class='ocr_par' dir='ltr' id='par_1_19' title="bbox 514 2612 3840 2688">
     <span class='ocr_line' id='line_1_19' title="bbox 514 2612 3840 2688; baseline -0.002 -16"><span class='ocrx_word' id='word_1_169' title='bbox 514 2618 771 2688; x_wconf 86' lang='lat' dir='ltr'><strong>positum</strong></span> <span class='ocrx_word' id='word_1_170' title='bbox 805 2615 1058 2686; x_wconf 89' lang='lat' dir='ltr'><strong>superbo</strong></span> <span class='ocrx_word' id='word_1_171' title='bbox 1087 2621 1317 2670; x_wconf 91' lang='lat' dir='ltr'><strong>tumore</strong></span> <span class='ocrx_word' id='word_1_172' title='bbox 1365 2618 1766 2670; x_wconf 87' lang='lat' dir='ltr'><strong>contemnant.</strong></span> <span class='ocrx_word' id='word_1_173' title='bbox 1801 2613 1891 2668; x_wconf 92' lang='lat' dir='ltr'><strong>Sic</strong></span> <span class='ocrx_word' id='word_1_174' title='bbox 1922 2614 1995 2668; x_wconf 92' lang='lat' dir='ltr'><strong>de</strong></span> <span class='ocrx_word' id='word_1_175' title='bbox 2028 2612 2284 2668; x_wconf 83' lang='lat' dir='ltr'><strong>Ecclesia</strong></span> <span class='ocrx_word' id='word_1_176' title='bbox 2330 2613 2624 2669; x_wconf 90' lang='lat' dir='ltr'><strong>receditur</strong></span> <span class='ocrx_word' id='word_1_177' title='bbox 2655 2631 2668 2668; x_wconf 86' lang='lat'>:</span> <span class='ocrx_word' id='word_1_178' title='bbox 2708 2613 2793 2668; x_wconf 92' lang='lat' dir='ltr'><strong>sic</strong></span> <span class='ocrx_word' id='word_1_179' title='bbox 2824 2613 3004 2669; x_wconf 90' lang='lat' dir='ltr'><strong>altare</strong></span> <span class='ocrx_word' id='word_1_180' title='bbox 3034 2615 3347 2685; x_wconf 84' lang='lat' dir='ltr'><strong>profanum</strong></span> <span class='ocrx_word' id='word_1_181' title='bbox 3398 2615 3533 2670; x_wconf 81' lang='lat' dir='ltr'><strong>foris</strong></span> <span class='ocrx_word' id='word_1_182' title='bbox 3576 2613 3840 2678; x_wconf 84' lang='lat' dir='ltr'><strong>collocatur,</strong></span> 
     </span>
    </p>
   </div>
   <div class='ocr_carea' id='block_1_20' title="bbox 515 2701 3841 2776">
    <p class='ocr_par' dir='ltr' id='par_1_20' title="bbox 515 2701 3841 2776">
     <span class='ocr_line' id='line_1_20' title="bbox 515 2701 3841 2776; baseline -0.002 -15"><span class='ocrx_word' id='word_1_183' title='bbox 515 2705 599 2762; x_wconf 90' lang='lat' dir='ltr'><strong>sic</strong></span> <span class='ocrx_word' id='word_1_184' title='bbox 627 2709 831 2761; x_wconf 85' lang='lat' dir='ltr'><strong>contra</strong></span> <span class='ocrx_word' id='word_1_185' title='bbox 860 2721 1059 2776; x_wconf 89' lang='lat' dir='ltr'><strong>pacem</strong></span> <span class='ocrx_word' id='word_1_186' title='bbox 1091 2703 1308 2760; x_wconf 91' lang='lat' dir='ltr'><strong>Christi</strong></span> <span class='ocrx_word' id='word_1_187' title='bbox 1337 2708 1392 2759; x_wconf 90' lang='lat' dir='ltr'><strong>et</strong></span> <span class='ocrx_word' id='word_1_188' title='bbox 1420 2702 1849 2758; x_wconf 89' lang='lat' dir='ltr'><strong>ordinationem</strong></span> <span class='ocrx_word' id='word_1_189' title='bbox 1901 2707 2077 2773; x_wconf 88' lang='lat' dir='ltr'><strong>atque</strong></span> <span class='ocrx_word' id='word_1_190' title='bbox 2106 2702 2390 2757; x_wconf 85' lang='lat' dir='ltr'><strong>unitatem</strong></span> <span class='ocrx_word' id='word_1_191' title='bbox 2423 2702 2524 2757; x_wconf 89' lang='lat' dir='ltr'><strong>Dei</strong></span> <span class='ocrx_word' id='word_1_192' title='bbox 2567 2701 2899 2758; x_wconf 87' lang='lat' dir='ltr'><strong>rebellatur.</strong></span> <span class='ocrx_word' id='word_1_193' title='bbox 2933 2705 3093 2767; x_wconf 89' lang='lat' dir='ltr'><strong>Quod</strong></span> <span class='ocrx_word' id='word_1_194' title='bbox 3146 2704 3196 2759; x_wconf 89' lang='lat' dir='ltr'><strong>si</strong></span> <span class='ocrx_word' id='word_1_195' title='bbox 3251 2703 3404 2759; x_wconf 90' lang='lat' dir='ltr'><strong>ultra</strong></span> <span class='ocrx_word' id='word_1_196' title='bbox 3447 2709 3501 2759; x_wconf 88' lang='lat' dir='ltr'><strong>te</strong></span> <span class='ocrx_word' id='word_1_197' title='bbox 3545 2702 3841 2758; x_wconf 82' lang='lat' dir='ltr'><strong>contumeliis</strong></span> 
     </span>
    </p>
   </div>
   <div class='ocr_carea' id='block_1_21' title="bbox 513 2788 3839 2863">
    <p class='ocr_par' dir='ltr' id='par_1_21' title="bbox 513 2788 3839 2863">
     <span class='ocr_line' id='line_1_21' title="bbox 513 2788 3839 2863; baseline -0.002 -14"><span class='ocrx_word' id='word_1_198' title='bbox 513 2795 638 2850; x_wconf 89' lang='lat' dir='ltr'><strong>suis</strong></span> <span class='ocrx_word' id='word_1_199' title='bbox 664 2792 1093 2848; x_wconf 84' lang='lat' dir='ltr'><strong>exacerbaverit</strong></span> <span class='ocrx_word' id='word_1_200' title='bbox 1139 2796 1195 2848; x_wconf 91' lang='lat' dir='ltr'><strong>et</strong></span> <span class='ocrx_word' id='word_1_201' title='bbox 1243 2792 1657 2863; x_wconf 90' lang='lat' dir='ltr'><strong>provocaverit,</strong></span> <span class='ocrx_word' id='word_1_202' title='bbox 1693 2790 1954 2863; x_wconf 69' lang='lat' dir='ltr'><strong>iungeris</strong></span> <span class='ocrx_word' id='word_1_203' title='bbox 1984 2791 2138 2846; x_wconf 90' lang='lat' dir='ltr'><strong>circa</strong></span> <span class='ocrx_word' id='word_1_204' title='bbox 2165 2806 2299 2844; x_wconf 92' lang='lat' dir='ltr'><strong>eum</strong></span> <span class='ocrx_word' id='word_1_205' title='bbox 2351 2795 2638 2862; x_wconf 87' lang='lat' dir='ltr'><strong>potestate</strong></span> <span class='ocrx_word' id='word_1_206' title='bbox 2669 2790 2907 2846; x_wconf 87' lang='lat' dir='ltr'><strong>honoris</strong></span> <span class='ocrx_word' id='word_1_207' title='bbox 2961 2793 3069 2858; x_wconf 90' lang='lat' dir='ltr'><strong>tui,</strong></span> <span class='ocrx_word' id='word_1_208' title='bbox 3107 2801 3171 2846; x_wconf 85' lang='lat' dir='ltr'><strong>ut</strong></span> <span class='ocrx_word' id='word_1_209' title='bbox 3223 2809 3360 2847; x_wconf 89' lang='lat' dir='ltr'><strong>eum</strong></span> <span class='ocrx_word' id='word_1_210' title='bbox 3413 2791 3498 2847; x_wconf 88' lang='lat' dir='ltr'><strong>vel</strong></span> <span class='ocrx_word' id='word_1_211' title='bbox 3541 2793 3759 2862; x_wconf 87' lang='lat' dir='ltr'><strong>deponas</strong></span> <span class='ocrx_word' id='word_1_212' title='bbox 3779 2788 3839 2843; x_wconf 80' lang='lat' dir='ltr'><strong>vel</strong></span> 
     </span>
    </p>
   </div>
   <div class='ocr_carea' id='block_1_22' title="bbox 510 2877 3842 2952">
    <p class='ocr_par' dir='ltr' id='par_1_22' title="bbox 510 2877 3842 2952">
     <span class='ocr_line' id='line_1_22' title="bbox 510 2877 3842 2952; baseline -0.002 -14"><span class='ocrx_word' id='word_1_213' title='bbox 510 2883 826 2938; x_wconf 90' lang='lat' dir='ltr'><strong>abstineas.</strong></span> <span class='ocrx_word' id='word_1_214' title='bbox 854 2906 876 2935; x_wconf 79' lang='grc' dir='ltr'><strong>ι</strong></span> <span class='ocrx_word' id='word_1_215' title='bbox 915 2881 1182 2936; x_wconf 91' lang='lat' dir='ltr'><strong>Secundo</strong></span> <span class='ocrx_word' id='word_1_216' title='bbox 1211 2881 1322 2935; x_wconf 89' lang='lat' dir='ltr'><strong>hac</strong></span> <span class='ocrx_word' id='word_1_217' title='bbox 1350 2881 1552 2935; x_wconf 88' lang='lat' dir='ltr'><strong>eadem</strong></span> <span class='ocrx_word' id='word_1_218' title='bbox 1586 2880 1809 2952; x_wconf 89' lang='lat' dir='ltr'><strong>synodo</strong></span> <span class='ocrx_word' id='word_1_219' title='bbox 1859 2880 2056 2934; x_wconf 89' lang='lat' dir='ltr'><strong>Patres</strong></span> <span class='ocrx_word' id='word_1_220' title='bbox 2104 2878 2330 2934; x_wconf 88' lang='lat' dir='ltr'><strong>concilii</strong></span> <span class='ocrx_word' id='word_1_221' title='bbox 2379 2877 2772 2951; x_wconf 88' lang='lat' dir='ltr'><strong>intelligentes</strong></span> <span class='ocrx_word' id='word_1_222' title='bbox 2805 2881 2960 2950; x_wconf 89' lang='lat' dir='ltr'><strong>quod</strong></span> <span class='ocrx_word' id='word_1_223' title='bbox 2993 2880 3305 2936; x_wconf 89' lang='lat' dir='ltr'><strong>Geminius</strong></span> <span class='ocrx_word' id='word_1_224' title='bbox 3334 2880 3528 2936; x_wconf 87' lang='lat' dir='ltr'><strong>Victor</strong></span> <span class='ocrx_word' id='word_1_225' title='bbox 3551 2879 3842 2937; x_wconf 86' lang='lat' dir='ltr'><strong>Christianus</strong></span> 
     </span>
    </p>
   </div>
   <div class='ocr_carea' id='block_1_23' title="bbox 508 2965 3840 3040">
    <p class='ocr_par' dir='ltr' id='par_1_23' title="bbox 508 2965 3840 3040">
     <span class='ocr_line' id='line_1_23' title="bbox 508 2965 3840 3040; baseline -0.003 -13"><span class='ocrx_word' id='word_1_226' title='bbox 508 2987 578 3027; x_wconf 86' lang='lat' dir='ltr'><strong>ex</strong></span> <span class='ocrx_word' id='word_1_227' title='bbox 608 2970 717 3025; x_wconf 91' lang='lat' dir='ltr'><strong>hac</strong></span> <span class='ocrx_word' id='word_1_228' title='bbox 746 2970 864 3024; x_wconf 89' lang='lat' dir='ltr'><strong>vita</strong></span> <span class='ocrx_word' id='word_1_229' title='bbox 895 2969 1203 3024; x_wconf 88' lang='lat' dir='ltr'><strong>discedens</strong></span> <span class='ocrx_word' id='word_1_230' title='bbox 1236 2969 1617 3024; x_wconf 88' lang='lat' dir='ltr'><strong>Fortunatum</strong></span> <span class='ocrx_word' id='word_1_231' title='bbox 1650 2968 1965 3039; x_wconf 88' lang='lat' dir='ltr'><strong>quemdam</strong></span> <span class='ocrx_word' id='word_1_232' title='bbox 2012 2967 2415 3040; x_wconf 86' lang='lat' dir='ltr'><strong>presbyterum</strong></span> <span class='ocrx_word' id='word_1_233' title='bbox 2465 2972 2817 3022; x_wconf 88' lang='lat' dir='ltr'><strong>testamento</strong></span> <span class='ocrx_word' id='word_1_234' title='bbox 2867 2985 3106 3024; x_wconf 90' lang='lat' dir='ltr'><strong>suorum</strong></span> <span class='ocrx_word' id='word_1_235' title='bbox 3139 2967 3399 3024; x_wconf 85' lang='lat' dir='ltr'><strong>ﬁliorum</strong></span> <span class='ocrx_word' id='word_1_236' title='bbox 3428 2972 3656 3023; x_wconf 87' lang='lat' dir='ltr'><strong>tutorem</strong></span> <span class='ocrx_word' id='word_1_237' title='bbox 3703 2965 3840 3021; x_wconf 85' lang='lat' dir='ltr'><strong>nomi-</strong></span> 
     </span>
    </p>
   </div>
   <div class='ocr_carea' id='block_1_24' title="bbox 511 3052 3841 3128">
    <p class='ocr_par' dir='ltr' id='par_1_24' title="bbox 511 3052 3841 3128">
     <span class='ocr_line' id='line_1_24' title="bbox 511 3052 3841 3128; baseline -0.002 -13"><span class='ocrx_word' id='word_1_238' title='bbox 511 3062 732 3125; x_wconf 83' lang='lat' dir='ltr'><strong>nasset,</strong></span> <span class='ocrx_word' id='word_1_239' title='bbox 765 3061 940 3128; x_wconf 86' lang='lat' dir='ltr'><strong>atque</strong></span> <span class='ocrx_word' id='word_1_240' title='bbox 969 3057 1070 3122; x_wconf 87' lang='lat' dir='ltr'><strong>ita,</strong></span> <span class='ocrx_word' id='word_1_241' title='bbox 1098 3058 1268 3127; x_wconf 86' lang='lat' dir='ltr'><strong>juxta</strong></span> <span class='ocrx_word' id='word_1_242' title='bbox 1297 3057 1596 3112; x_wconf 90' lang='lat' dir='ltr'><strong>decretum</strong></span> <span class='ocrx_word' id='word_1_243' title='bbox 1627 3055 1858 3127; x_wconf 88' lang='lat' dir='ltr'><strong>concilii</strong></span> <span class='ocrx_word' id='word_1_244' title='bbox 1903 3056 2173 3126; x_wconf 88' lang='lat' dir='ltr'><strong>alicujus,</strong></span> <span class='ocrx_word' id='word_1_245' title='bbox 2205 3057 2345 3112; x_wconf 92' lang='lat' dir='ltr'><strong>olim</strong></span> <span class='ocrx_word' id='word_1_246' title='bbox 2377 3056 2486 3112; x_wconf 90' lang='lat' dir='ltr'><strong>hac</strong></span> <span class='ocrx_word' id='word_1_247' title='bbox 2535 3057 2606 3111; x_wconf 90' lang='lat' dir='ltr'><strong>de</strong></span> <span class='ocrx_word' id='word_1_248' title='bbox 2654 3072 2714 3111; x_wconf 90' lang='lat' dir='ltr'><strong>re</strong></span> <span class='ocrx_word' id='word_1_249' title='bbox 2760 3055 2820 3111; x_wconf 92' lang='lat' dir='ltr'><strong>in</strong></span> <span class='ocrx_word' id='word_1_250' title='bbox 2870 3056 3063 3111; x_wconf 83' lang='lat' dir='ltr'><strong>Africa</strong></span> <span class='ocrx_word' id='word_1_251' title='bbox 3113 3057 3227 3112; x_wconf 90' lang='lat' dir='ltr'><strong>sub</strong></span> <span class='ocrx_word' id='word_1_252' title='bbox 3279 3055 3712 3112; x_wconf 86' lang='lat' dir='ltr'><strong>antecessoribus</strong></span> <span class='ocrx_word' id='word_1_253' title='bbox 3735 3052 3841 3108; x_wconf 88' lang='lat' dir='ltr'><strong>cele-</strong></span> 
     </span>
    </p>
   </div>
   <div class='ocr_carea' id='block_1_25' title="bbox 509 3144 3843 3219">
    <p class='ocr_par' dir='ltr' id='par_1_25' title="bbox 509 3144 3843 3219">
     <span class='ocr_line' id='line_1_25' title="bbox 509 3144 3843 3219; baseline -0.003 -16"><span class='ocrx_word' id='word_1_254' title='bbox 509 3146 684 3212; x_wconf 90' lang='lat' dir='ltr'><strong>brati,</strong></span> <span class='ocrx_word' id='word_1_255' title='bbox 725 3163 957 3219; x_wconf 81' lang='lat' dir='ltr'><strong>pcenam</strong></span> <span class='ocrx_word' id='word_1_256' title='bbox 1009 3145 1632 3201; x_wconf 83' lang='lat' dir='ltr'><strong>excommunicationis</strong></span> <span class='ocrx_word' id='word_1_257' title='bbox 1681 3145 2069 3201; x_wconf 90' lang='lat' dir='ltr'><strong>incurrisset:</strong></span> <span class='ocrx_word' id='word_1_258' title='bbox 2105 3145 2300 3216; x_wconf 91' lang='lat' dir='ltr'><strong>ipsum</strong></span> <span class='ocrx_word' id='word_1_259' title='bbox 2352 3144 2682 3200; x_wconf 88' lang='lat' dir='ltr'><strong>Geminium</strong></span> <span class='ocrx_word' id='word_1_260' title='bbox 2736 3145 3101 3212; x_wconf 85' lang='lat' dir='ltr'><strong>defunctum,</strong></span> <span class='ocrx_word' id='word_1_261' title='bbox 3135 3162 3202 3200; x_wconf 92' lang='lat' dir='ltr'><strong>eo</strong></span> <span class='ocrx_word' id='word_1_262' title='bbox 3257 3146 3408 3216; x_wconf 93' lang='lat' dir='ltr'><strong>quod</strong></span> <span class='ocrx_word' id='word_1_263' title='bbox 3459 3145 3843 3216; x_wconf 84' lang='lat' dir='ltr'><strong>presbyteruma</strong></span> 
     </span>
    </p>
   </div>
   <div class='ocr_carea' id='block_1_26' title="bbox 511 3229 3844 3305">
    <p class='ocr_par' dir='ltr' id='par_1_26' title="bbox 511 3229 3844 3305">
     <span class='ocr_line' id='line_1_26' title="bbox 511 3229 3844 3305; baseline -0.002 -15"><span class='ocrx_word' id='word_1_264' title='bbox 511 3235 670 3290; x_wconf 87' lang='lat' dir='ltr'><strong>cultu</strong></span> <span class='ocrx_word' id='word_1_265' title='bbox 705 3233 807 3290; x_wconf 91' lang='lat' dir='ltr'><strong>Dei</strong></span> <span class='ocrx_word' id='word_1_266' title='bbox 837 3240 908 3290; x_wconf 87' lang='lat' dir='ltr'><strong>ad</strong></span> <span class='ocrx_word' id='word_1_267' title='bbox 943 3233 1245 3289; x_wconf 62' lang='lat' dir='ltr'><strong>saecularia</strong></span> <span class='ocrx_word' id='word_1_268' title='bbox 1287 3237 1604 3300; x_wconf 86' lang='lat' dir='ltr'><strong>avocasset,</strong></span> <span class='ocrx_word' id='word_1_269' title='bbox 1638 3233 2206 3289; x_wconf 85' lang='lat' dir='ltr'><strong>excommunicatum</strong></span> <span class='ocrx_word' id='word_1_270' title='bbox 2239 3249 2369 3288; x_wconf 87' lang='lat' dir='ltr'><strong>esse</strong></span> <span class='ocrx_word' id='word_1_271' title='bbox 2399 3233 2778 3300; x_wconf 85' lang='lat' dir='ltr'><strong>denuntiant;</strong></span> <span class='ocrx_word' id='word_1_272' title='bbox 2810 3233 3052 3303; x_wconf 89' lang='lat' dir='ltr'><strong>ideoque</strong></span> <span class='ocrx_word' id='word_1_273' title='bbox 3099 3250 3203 3305; x_wconf 93' lang='lat' dir='ltr'><strong>pro</strong></span> <span class='ocrx_word' id='word_1_274' title='bbox 3255 3235 3521 3291; x_wconf 87' lang='lat' dir='ltr'><strong>defuncto</strong></span> <span class='ocrx_word' id='word_1_275' title='bbox 3565 3229 3844 3288; x_wconf 81' lang='lat' dir='ltr'><strong>sacriﬁcium</strong></span> 
     </span>
    </p>
   </div>
   <div class='ocr_carea' id='block_1_27' title="bbox 514 3317 3844 3394">
    <p class='ocr_par' dir='ltr' id='par_1_27' title="bbox 514 3317 3844 3394">
     <span class='ocr_line' id='line_1_27' title="bbox 514 3317 3844 3394; baseline -0.003 -14"><span class='ocrx_word' id='word_1_276' title='bbox 514 3323 728 3393; x_wconf 81' lang='lat' dir='ltr'><strong>oﬂ‘erri,</strong></span> <span class='ocrx_word' id='word_1_277' title='bbox 763 3339 974 3378; x_wconf 92' lang='lat' dir='ltr'><strong>nomen</strong></span> <span class='ocrx_word' id='word_1_278' title='bbox 1006 3323 1160 3394; x_wconf 90' lang='lat' dir='ltr'><strong>apud</strong></span> <span class='ocrx_word' id='word_1_279' title='bbox 1192 3323 1375 3378; x_wconf 87' lang='lat' dir='ltr'><strong>altare</strong></span> <span class='ocrx_word' id='word_1_280' title='bbox 1403 3323 1693 3377; x_wconf 88' lang='lat' dir='ltr'><strong>nominari</strong></span> <span class='ocrx_word' id='word_1_281' title='bbox 1725 3338 1923 3378; x_wconf 81' lang='lat' dir='ltr'><strong>severe</strong></span> <span class='ocrx_word' id='word_1_282' title='bbox 1954 3323 2270 3377; x_wconf 88' lang='lat' dir='ltr'><strong>admodum</strong></span> <span class='ocrx_word' id='word_1_283' title='bbox 2304 3322 2695 3389; x_wconf 90' lang='lat' dir='ltr'><strong>interdicunt;</strong></span> <span class='ocrx_word' id='word_1_284' title='bbox 2741 3323 3055 3393; x_wconf 88' lang='lat' dir='ltr'><strong>ipsumque</strong></span> <span class='ocrx_word' id='word_1_285' title='bbox 3085 3327 3518 3378; x_wconf 88' lang='lat' dir='ltr'><strong>antecessorum</strong></span> <span class='ocrx_word' id='word_1_286' title='bbox 3549 3335 3753 3376; x_wconf 87' lang='lat' dir='ltr'><strong>suorum</strong></span> <span class='ocrx_word' id='word_1_287' title='bbox 3776 3317 3844 3370; x_wconf 87' lang='lat' dir='ltr'><strong>de-</strong></span> 
     </span>
    </p>
   </div>
   <div class='ocr_carea' id='block_1_28' title="bbox 517 3405 3842 3482">
    <p class='ocr_par' dir='ltr' id='par_1_28' title="bbox 517 3405 3842 3482">
     <span class='ocr_line' id='line_1_28' title="bbox 517 3405 3842 3482; baseline -0.004 -15"><span class='ocrx_word' id='word_1_288' title='bbox 517 3417 742 3468; x_wconf 89' lang='lat' dir='ltr'><strong>cretum</strong></span> <span class='ocrx_word' id='word_1_289' title='bbox 804 3411 912 3466; x_wconf 88' lang='lat' dir='ltr'><strong>hac</strong></span> <span class='ocrx_word' id='word_1_290' title='bbox 971 3409 1232 3482; x_wconf 88' lang='lat' dir='ltr'><strong>synodali</strong></span> <span class='ocrx_word' id='word_1_291' title='bbox 1266 3409 1683 3465; x_wconf 87' lang='lat' dir='ltr'><strong>constitutione</strong></span> <span class='ocrx_word' id='word_1_292' title='bbox 1733 3411 2101 3465; x_wconf 84' lang='lat' dir='ltr'><strong>confirmant.</strong></span> <span class='ocrx_word' id='word_1_293' title='bbox 2139 3409 2266 3465; x_wconf 79' lang='lat' dir='ltr'><strong>Haec</strong></span> <span class='ocrx_word' id='word_1_294' title='bbox 2316 3414 2586 3465; x_wconf 90' lang='lat' dir='ltr'><strong>constant</strong></span> <span class='ocrx_word' id='word_1_295' title='bbox 2633 3427 2701 3464; x_wconf 83' lang='lat' dir='ltr'><strong>ex</strong></span> <span class='ocrx_word' id='word_1_296' title='bbox 2749 3409 3020 3482; x_wconf 86' lang='lat' dir='ltr'><strong>Cypriani</strong></span> <span class='ocrx_word' id='word_1_297' title='bbox 3070 3410 3323 3482; x_wconf 84' lang='lat' dir='ltr'><strong>epistola</strong></span> <span class='ocrx_word' id='word_1_298' title='bbox 3367 3412 3455 3478; x_wconf 88' lang='lat'><strong>66,</strong></span> <span class='ocrx_word' id='word_1_299' title='bbox 3504 3425 3610 3481; x_wconf 88' lang='lat' dir='ltr'><strong>qua</strong></span> <span class='ocrx_word' id='word_1_300' title='bbox 3651 3406 3718 3462; x_wconf 87' lang='lat' dir='ltr'><strong>sic</strong></span> <span class='ocrx_word' id='word_1_301' title='bbox 3755 3405 3842 3459; x_wconf 87' lang='lat' dir='ltr'><strong>ait:</strong></span> 
     </span>
    </p>
   </div>
   <div class='ocr_carea' id='block_1_29' title="bbox 519 3493 3843 3569">
    <p class='ocr_par' dir='ltr' id='par_1_29' title="bbox 519 3493 3843 3569">
     <span class='ocr_line' id='line_1_29' title="bbox 519 3493 3843 3569; baseline -0.004 -12"><span class='ocrx_word' id='word_1_302' title='bbox 519 3500 776 3557; x_wconf 79' lang='lat' dir='ltr'><strong>Graviter</strong></span> <span class='ocrx_word' id='word_1_303' title='bbox 803 3503 1058 3554; x_wconf 79' lang='lat' dir='ltr'><strong>commoti</strong></span> <span class='ocrx_word' id='word_1_304' title='bbox 1107 3515 1316 3566; x_wconf 83' lang='lat' dir='ltr'><strong>sumus,</strong></span> <span class='ocrx_word' id='word_1_305' title='bbox 1347 3513 1444 3568; x_wconf 82' lang='lat' dir='ltr'><strong>ego</strong></span> <span class='ocrx_word' id='word_1_306' title='bbox 1472 3502 1521 3553; x_wconf 85' lang='lat' dir='ltr'><strong>et</strong></span> <span class='ocrx_word' id='word_1_307' title='bbox 1548 3496 1782 3568; x_wconf 60' lang='lat' dir='ltr'><strong>college</strong></span> <span class='ocrx_word' id='word_1_308' title='bbox 1809 3499 1938 3564; x_wconf 88' lang='lat' dir='ltr'><strong>mei,</strong></span> <span class='ocrx_word' id='word_1_309' title='bbox 1967 3499 2063 3568; x_wconf 83' lang='lat' dir='ltr'><strong>qui</strong></span> <span class='ocrx_word' id='word_1_310' title='bbox 2107 3506 2407 3569; x_wconf 71' lang='lat' dir='ltr'><strong>praesentes</strong></span> <span class='ocrx_word' id='word_1_311' title='bbox 2436 3497 2682 3562; x_wconf 85' lang='lat' dir='ltr'><strong>aderant,</strong></span> <span class='ocrx_word' id='word_1_312' title='bbox 2715 3501 2768 3552; x_wconf 91' lang='lat' dir='ltr'><strong>et</strong></span> <span class='ocrx_word' id='word_1_313' title='bbox 2795 3499 3221 3568; x_wconf 81' lang='lat' dir='ltr'><strong>compresbyteri</strong></span> <span class='ocrx_word' id='word_1_314' title='bbox 3248 3501 3421 3555; x_wconf 86' lang='lat' dir='ltr'><strong>nostri</strong></span> <span class='ocrx_word' id='word_1_315' title='bbox 3447 3500 3540 3569; x_wconf 88' lang='lat' dir='ltr'><strong>qui</strong></span> <span class='ocrx_word' id='word_1_316' title='bbox 3583 3498 3716 3552; x_wconf 82' lang='lat' dir='ltr'><strong>nobis</strong></span> <span class='ocrx_word' id='word_1_317' title='bbox 3748 3493 3843 3547; x_wconf 78' lang='lat' dir='ltr'><strong>assi-</strong></span> 
     </span>
    </p>
   </div>
   <div class='ocr_carea' id='block_1_30' title="bbox 517 3584 3845 3658">
    <p class='ocr_par' dir='ltr' id='par_1_30' title="bbox 517 3584 3845 3658">
     <span class='ocr_line' id='line_1_30' title="bbox 517 3584 3845 3658; baseline -0.002 -16"><span class='ocrx_word' id='word_1_318' title='bbox 517 3588 732 3654; x_wconf 84' lang='lat' dir='ltr'><strong>debant,</strong></span> <span class='ocrx_word' id='word_1_319' title='bbox 766 3592 875 3642; x_wconf 90' lang='lat' dir='ltr'><strong>etc.</strong></span> <span class='ocrx_word' id='word_1_320' title='bbox 906 3587 1114 3643; x_wconf 84' lang='lat' dir='ltr'><strong>Baron.</strong></span> <span class='ocrx_word' id='word_1_321' title='bbox 1147 3604 1298 3642; x_wconf 90' lang='lat' dir='ltr'><strong>anno</strong></span> <span class='ocrx_word' id='word_1_322' title='bbox 1345 3587 1472 3652; x_wconf 88' lang='lat'><strong>257,</strong></span> <span class='ocrx_word' id='word_1_323' title='bbox 1507 3603 1749 3642; x_wconf 90' lang='lat' dir='ltr'><strong>numero</strong></span> <span class='ocrx_word' id='word_1_324' title='bbox 1781 3587 1848 3640; x_wconf 91' lang='grc'>13</span> <span class='ocrx_word' id='word_1_325' title='bbox 1878 3591 1937 3642; x_wconf 90' lang='lat' dir='ltr'><strong>et</strong></span> <span class='ocrx_word' id='word_1_326' title='bbox 1977 3588 2062 3640; x_wconf 81' lang='grc'><strong>14.</strong></span> <span class='ocrx_word' id='word_1_327' title='bbox 2100 3587 2213 3641; x_wconf 86' lang='lat' dir='ltr'><strong>Hoc</strong></span> <span class='ocrx_word' id='word_1_328' title='bbox 2257 3587 2462 3642; x_wconf 90' lang='lat' dir='ltr'><strong>eodem</strong></span> <span class='ocrx_word' id='word_1_329' title='bbox 2511 3586 2758 3641; x_wconf 91' lang='lat' dir='ltr'><strong>concilio</strong></span> <span class='ocrx_word' id='word_1_330' title='bbox 2816 3587 3182 3658; x_wconf 88' lang='lat' dir='ltr'><strong>Baptismum</strong></span> <span class='ocrx_word' id='word_1_331' title='bbox 3244 3587 3651 3643; x_wconf 86' lang='lat' dir='ltr'><strong>infantulorum</strong></span> <span class='ocrx_word' id='word_1_332' title='bbox 3675 3584 3724 3639; x_wconf 90' lang='lat' dir='ltr'><strong>in</strong></span> <span class='ocrx_word' id='word_1_333' title='bbox 3747 3597 3845 3637; x_wconf 77' lang='lat' dir='ltr'><strong>casu</strong></span> 
     </span>
    </p>
   </div>
   <div class='ocr_carea' id='block_1_31' title="bbox 518 3670 3844 3748">
    <p class='ocr_par' dir='ltr' id='par_1_31' title="bbox 518 3670 3844 3748">
     <span class='ocr_line' id='line_1_31' title="bbox 518 3670 3844 3748; baseline -0.001 -17"><span class='ocrx_word' id='word_1_334' title='bbox 518 3676 890 3731; x_wconf 89' lang='lat' dir='ltr'><strong>necessitatis</strong></span> <span class='ocrx_word' id='word_1_335' title='bbox 937 3681 1072 3731; x_wconf 87' lang='lat' dir='ltr'><strong>ante</strong></span> <span class='ocrx_word' id='word_1_336' title='bbox 1124 3681 1391 3730; x_wconf 88' lang='lat' dir='ltr'><strong>octavum</strong></span> <span class='ocrx_word' id='word_1_337' title='bbox 1423 3675 1576 3730; x_wconf 88' lang='lat' dir='ltr'><strong>diem</strong></span> <span class='ocrx_word' id='word_1_338' title='bbox 1627 3675 2072 3730; x_wconf 86' lang='lat' dir='ltr'><strong>accelerandum</strong></span> <span class='ocrx_word' id='word_1_339' title='bbox 2121 3691 2269 3742; x_wconf 89' lang='lat' dir='ltr'><strong>esse,</strong></span> <span class='ocrx_word' id='word_1_340' title='bbox 2304 3676 2373 3731; x_wconf 90' lang='lat' dir='ltr'><strong>ad</strong></span> <span class='ocrx_word' id='word_1_341' title='bbox 2410 3676 2799 3745; x_wconf 89' lang='lat' dir='ltr'><strong>quorumdam</strong></span> <span class='ocrx_word' id='word_1_342' title='bbox 2831 3675 3261 3731; x_wconf 91' lang='lat' dir='ltr'><strong>dubitationem</strong></span> <span class='ocrx_word' id='word_1_343' title='bbox 3294 3691 3625 3748; x_wconf 88' lang='lat' dir='ltr'><strong>responsum</strong></span> <span class='ocrx_word' id='word_1_344' title='bbox 3667 3689 3769 3729; x_wconf 83' lang='lat' dir='ltr'><strong>esse</strong></span> <span class='ocrx_word' id='word_1_345' title='bbox 3791 3670 3844 3722; x_wconf 79' lang='lat' dir='ltr'><strong>vi-</strong></span> 
     </span>
    </p>
   </div>
   <div class='ocr_carea' id='block_1_32' title="bbox 517 3760 3846 3836">
    <p class='ocr_par' dir='ltr' id='par_1_32' title="bbox 517 3760 3846 3836">
     <span class='ocr_line' id='line_1_32' title="bbox 517 3760 3846 3836; baseline -0.002 -16"><span class='ocrx_word' id='word_1_346' title='bbox 517 3767 687 3820; x_wconf 90' lang='lat' dir='ltr'><strong>detur</strong></span> <span class='ocrx_word' id='word_1_347' title='bbox 718 3782 731 3820; x_wconf 94' lang='lat'>:</span> <span class='ocrx_word' id='word_1_348' title='bbox 766 3765 1039 3832; x_wconf 86' lang='lat' dir='ltr'><strong>maxime,</strong></span> <span class='ocrx_word' id='word_1_349' title='bbox 1073 3765 1212 3836; x_wconf 90' lang='lat' dir='ltr'><strong>quia</strong></span> <span class='ocrx_word' id='word_1_350' title='bbox 1258 3764 1572 3821; x_wconf 83' lang='lat' dir='ltr'><strong>concilium</strong></span> <span class='ocrx_word' id='word_1_351' title='bbox 1625 3763 1769 3819; x_wconf 89' lang='lat' dir='ltr'><strong>illud</strong></span> <span class='ocrx_word' id='word_1_352' title='bbox 1822 3768 2082 3835; x_wconf 88' lang='lat' dir='ltr'><strong>tempore</strong></span> <span class='ocrx_word' id='word_1_353' title='bbox 2122 3763 2391 3820; x_wconf 64' lang='lat' dir='ltr'><strong>Ecclesiae</strong></span> <span class='ocrx_word' id='word_1_354' title='bbox 2425 3773 2623 3835; x_wconf 88' lang='lat' dir='ltr'><strong>pacato</strong></span> <span class='ocrx_word' id='word_1_355' title='bbox 2656 3765 3036 3835; x_wconf 89' lang='lat' dir='ltr'><strong>celebratum,</strong></span> <span class='ocrx_word' id='word_1_356' title='bbox 3071 3782 3184 3820; x_wconf 93' lang='lat' dir='ltr'><strong>non</strong></span> <span class='ocrx_word' id='word_1_357' title='bbox 3237 3767 3349 3821; x_wconf 90' lang='lat' dir='ltr'><strong>sub</strong></span> <span class='ocrx_word' id='word_1_358' title='bbox 3393 3764 3577 3831; x_wconf 90' lang='lat' dir='ltr'><strong>Lucio,</strong></span> <span class='ocrx_word' id='word_1_359' title='bbox 3608 3768 3664 3818; x_wconf 90' lang='lat' dir='ltr'><strong>ut</strong></span> <span class='ocrx_word' id='word_1_360' title='bbox 3688 3760 3846 3816; x_wconf 78' lang='lat' dir='ltr'><strong>Veneta</strong></span> 
     </span>
    </p>
   </div>
   <div class='ocr_carea' id='block_1_33' title="bbox 523 3846 3849 3927">
    <p class='ocr_par' dir='ltr' id='par_1_33' title="bbox 523 3846 3849 3927">
     <span class='ocr_line' id='line_1_33' title="bbox 523 3846 3849 3927; baseline -0.003 -18"><span class='ocrx_word' id='word_1_361' title='bbox 523 3853 700 3909; x_wconf 90' lang='lat' dir='ltr'><strong>editio</strong></span> <span class='ocrx_word' id='word_1_362' title='bbox 749 3853 944 3920; x_wconf 91' lang='lat' dir='ltr'><strong>habet,</strong></span> <span class='ocrx_word' id='word_1_363' title='bbox 980 3854 1079 3909; x_wconf 91' lang='lat' dir='ltr'><strong>sed</strong></span> <span class='ocrx_word' id='word_1_364' title='bbox 1131 3853 1324 3925; x_wconf 90' lang='lat' dir='ltr'><strong>potius</strong></span> <span class='ocrx_word' id='word_1_365' title='bbox 1374 3846 1526 3909; x_wconf 88' lang='lat' dir='ltr'><strong>circa</strong></span> <span class='ocrx_word' id='word_1_366' title='bbox 1582 3853 1819 3908; x_wconf 89' lang='lat' dir='ltr'><strong>initium</strong></span> <span class='ocrx_word' id='word_1_367' title='bbox 1880 3852 2174 3909; x_wconf 86' lang='lat' dir='ltr'><strong>Valeriani</strong></span> <span class='ocrx_word' id='word_1_368' title='bbox 2222 3853 2490 3908; x_wconf 86' lang='lat' dir='ltr'><strong>habitum</strong></span> <span class='ocrx_word' id='word_1_369' title='bbox 2543 3852 2744 3922; x_wconf 89' lang='lat' dir='ltr'><strong>fuisse,</strong></span> <span class='ocrx_word' id='word_1_370' title='bbox 2777 3857 2934 3909; x_wconf 82' lang='lat' dir='ltr'><strong>certo</strong></span> <span class='ocrx_word' id='word_1_371' title='bbox 2986 3854 3262 3927; x_wconf 79' lang='lat' dir='ltr'><strong>colligere</strong></span> <span class='ocrx_word' id='word_1_372' title='bbox 3292 3854 3478 3910; x_wconf 90' lang='lat' dir='ltr'><strong>liceat.</strong></span> <span class='ocrx_word' id='word_1_373' title='bbox 3511 3852 3688 3917; x_wconf 88' lang='lat' dir='ltr'><strong>Qualis</strong></span> <span class='ocrx_word' id='word_1_374' title='bbox 3708 3849 3784 3903; x_wconf 84' lang='lat' dir='ltr'><strong>illa</strong></span> <span class='ocrx_word' id='word_1_375' title='bbox 3805 3847 3849 3900; x_wconf 86' lang='lat' dir='ltr'><strong>de</strong></span> 
     </span>
    </p>
   </div>
   <div class='ocr_carea' id='block_1_34' title="bbox 512 3936 3846 4016">
    <p class='ocr_par' dir='ltr' id='par_1_34' title="bbox 512 3936 3846 4016">
     <span class='ocr_line' id='line_1_34' title="bbox 512 3936 3846 4016; baseline -0.002 -21"><span class='ocrx_word' id='word_1_376' title='bbox 512 3941 812 4012; x_wconf 89' lang='lat' dir='ltr'><strong>Baptismo</strong></span> <span class='ocrx_word' id='word_1_377' title='bbox 842 3941 1267 3997; x_wconf 85' lang='lat' dir='ltr'><strong>infantulorum</strong></span> <span class='ocrx_word' id='word_1_378' title='bbox 1299 3941 1695 3998; x_wconf 84' lang='lat' dir='ltr'><strong>controversia</strong></span> <span class='ocrx_word' id='word_1_379' title='bbox 1725 3941 1916 4008; x_wconf 83' lang='lat' dir='ltr'><strong>fuerit,</strong></span> <span class='ocrx_word' id='word_1_380' title='bbox 1953 3945 2008 3996; x_wconf 92' lang='lat' dir='ltr'><strong>et</strong></span> <span class='ocrx_word' id='word_1_381' title='bbox 2039 3959 2129 3996; x_wconf 84' lang='lat' dir='ltr'><strong>ux</strong></span> <span class='ocrx_word' id='word_1_382' title='bbox 2159 3940 2406 4014; x_wconf 89' lang='lat' dir='ltr'><strong>epistola</strong></span> <span class='ocrx_word' id='word_1_383' title='bbox 2434 3941 2704 4013; x_wconf 90' lang='lat' dir='ltr'><strong>Cypriani</strong></span> <span class='ocrx_word' id='word_1_384' title='bbox 2736 3942 2806 3996; x_wconf 90' lang='lat' dir='ltr'><strong>ad</strong></span> <span class='ocrx_word' id='word_1_385' title='bbox 2842 3942 3046 3997; x_wconf 88' lang='lat' dir='ltr'><strong>Fidum</strong></span> <span class='ocrx_word' id='word_1_386' title='bbox 3102 3944 3508 4016; x_wconf 88' lang='lat' dir='ltr'><strong>presbyterum</strong></span> <span class='ocrx_word' id='word_1_387' title='bbox 3537 3941 3623 3995; x_wconf 89' lang='lat' dir='ltr'><strong>hic</strong></span> <span class='ocrx_word' id='word_1_388' title='bbox 3649 3936 3846 4006; x_wconf 75' lang='lat' dir='ltr'><strong>subjects</strong></span> 
     </span>
    </p>
   </div>
   <div class='ocr_carea' id='block_1_35' title="bbox 513 4030 1048 4101">
    <p class='ocr_par' dir='ltr' id='par_1_35' title="bbox 513 4030 1048 4101">
     <span class='ocr_line' id='line_1_35' title="bbox 513 4030 1048 4101; baseline 0.002 -17"><span class='ocrx_word' id='word_1_389' title='bbox 513 4045 866 4101; x_wconf 77' lang='lat' dir='ltr'><strong>cognoscere</strong></span> <span class='ocrx_word' id='word_1_390' title='bbox 895 4030 1048 4085; x_wconf 89' lang='lat' dir='ltr'><strong>licet.</strong></span> 
     </span>
    </p>
   </div>
   <div class='ocr_carea' id='block_1_36' title="bbox 509 4253 2163 4315">
    <p class='ocr_par' dir='ltr' id='par_1_36' title="bbox 509 4253 2163 4315">
     <span class='ocr_line' id='line_1_36' title="bbox 509 4253 2163 4315; baseline 0.001 -8"><span class='ocrx_word' id='word_1_391' title='bbox 509 4253 842 4308; x_wconf 71' lang='lat' dir='ltr'><strong>CYPRIANUS</strong></span> <span class='ocrx_word' id='word_1_392' title='bbox 907 4270 975 4308; x_wconf 82' lang='lat' dir='ltr'><strong>ET</strong></span> <span class='ocrx_word' id='word_1_393' title='bbox 1029 4269 1246 4307; x_wconf 54' lang='lat' dir='ltr'><strong>CERERI</strong></span> <span class='ocrx_word' id='word_1_394' title='bbox 1310 4269 1576 4308; x_wconf 69' lang='lat' dir='ltr'><strong>COLLEGE</strong></span> <span class='ocrx_word' id='word_1_395' title='bbox 1629 4269 1729 4315; x_wconf 85' lang='lat' dir='ltr'><strong>QUI</strong></span> <span class='ocrx_word' id='word_1_396' title='bbox 1787 4270 1846 4308; x_wconf 86' lang='lat' dir='ltr'><strong>IN</strong></span> <span class='ocrx_word' id='word_1_397' title='bbox 1903 4269 2163 4308; x_wconf 78' lang='lat' dir='ltr'><strong>CONCILIO</strong></span> 
     </span>
    </p>
   </div>
   <div class='ocr_carea' id='block_1_37' title="bbox 582 4324 2162 4397">
    <p class='ocr_par' dir='ltr' id='par_1_37' title="bbox 582 4324 2162 4397">
     <span class='ocr_line' id='line_1_37' title="bbox 582 4324 2162 4397; baseline 0.001 -19"><span class='ocrx_word' id='word_1_398' title='bbox 582 4339 921 4379; x_wconf 65' lang='lat' dir='ltr'><strong>assosnunr</strong></span> <span class='ocrx_word' id='word_1_399' title='bbox 987 4341 1227 4380; x_wconf 77' lang='lat' dir='ltr'><strong>NUMERO</strong></span> <span class='ocrx_word' id='word_1_400' title='bbox 1294 4341 1418 4379; x_wconf 81' lang='lat' dir='ltr'><strong>var</strong></span> <span class='ocrx_word' id='word_1_401' title='bbox 1477 4325 1576 4396; x_wconf 84' lang='grc'><strong>(4),</strong></span> <span class='ocrx_word' id='word_1_402' title='bbox 1637 4341 1767 4380; x_wconf 77' lang='lat' dir='ltr'><strong>FIDO</strong></span> <span class='ocrx_word' id='word_1_403' title='bbox 1823 4324 1899 4397; x_wconf 89' lang='lat'><strong>(5)</strong></span> <span class='ocrx_word' id='word_1_404' title='bbox 1958 4342 2162 4380; x_wconf 78' lang='lat' dir='ltr'><strong>FRATRI</strong></span> 
     </span>
    </p>
   </div>
   <div class='ocr_carea' id='block_1_38' title="bbox 584 4411 871 4450">
    <p class='ocr_par' dir='ltr' id='par_1_38' title="bbox 584 4411 871 4450">
     <span class='ocr_line' id='line_1_38' title="bbox 584 4411 871 4450; baseline -0.003 0"><span class='ocrx_word' id='word_1_405' title='bbox 584 4411 871 4450; x_wconf 76' lang='lat' dir='ltr'><strong>SALUTEM.</strong></span> 
     </span>
    </p>
   </div>
   <div class='ocr_carea' id='block_1_39' title="bbox 2345 4243 3846 4325">
    <p class='ocr_par' dir='ltr' id='par_1_39' title="bbox 2345 4243 3846 4325">
     <span class='ocr_line' id='line_1_39' title="bbox 2345 4243 3846 4325; baseline -0.003 -17"><span class='ocrx_word' id='word_1_406' title='bbox 2345 4255 2485 4308; x_wconf 85' lang='lat' dir='ltr'><strong>tium</strong></span> <span class='ocrx_word' id='word_1_407' title='bbox 2524 4253 2680 4309; x_wconf 87' lang='lat' dir='ltr'><strong>modo</strong></span> <span class='ocrx_word' id='word_1_408' title='bbox 2717 4258 2979 4308; x_wconf 79' lang='lat' dir='ltr'><strong>natorum</strong></span> <span class='ocrx_word' id='word_1_409' title='bbox 3028 4255 3344 4325; x_wconf 82' lang='lat' dir='ltr'><strong>Bapsismus</strong></span> <span class='ocrx_word' id='word_1_410' title='bbox 3396 4253 3466 4308; x_wconf 83' lang='lat' dir='ltr'><strong>ad</strong></span> <span class='ocrx_word' id='word_1_411' title='bbox 3510 4250 3683 4325; x_wconf 80' lang='lat' dir='ltr'><strong>iisdem</strong></span> 
     </span>
    </p>
   </div>
   <div class='ocr_carea' id='block_1_40' title="bbox 2345 4316 3847 4396">
    <p class='ocr_par' dir='ltr' id='par_1_40' title="bbox 2345 4316 3847 4396">
     <span class='ocr_line' id='line_1_40' title="bbox 2345 4316 3847 4396; baseline -0.005 -16"><span class='ocrx_word' id='word_1_412' title='bbox 2345 4325 2500 4380; x_wconf 79' lang='lat' dir='ltr'><strong>titur.</strong></span> <span class='ocrx_word' id='word_1_413' title='bbox 2537 4355 2604 4366; x_wconf 77' lang='lat'><strong>—~</strong></span> <span class='ocrx_word' id='word_1_414' title='bbox 2643 4325 3059 4396; x_wconf 74' lang='lat' dir='ltr'><strong>Superstitiosus</strong></span> <span class='ocrx_word' id='word_1_415' title='bbox 3103 4316 3228 4381; x_wconf 73' lang='lat' dir='ltr'><strong>mos</strong></span> <span class='ocrx_word' id='word_1_416' title='bbox 3280 4329 3518 4396; x_wconf 82' lang='lat' dir='ltr'><strong>infantes</strong></span> <span class='ocrx_word' id='word_1_417' title='bbox 3561 4323 3628 4377; x_wconf 84' lang='lat' dir='ltr'><strong>ad</strong></span> <span class='ocrx_word' id='word_1_418' title='bbox 3666 4316 3847 4396; x_wconf 57' lang='lat' dir='ltr'><strong>osqglum</strong></span> 
     </span>
    </p>
   </div>
   <div class='ocr_carea' id='block_1_41' title="bbox 2342 4389 3848 4453">
    <p class='ocr_par' dir='ltr' id='par_1_41' title="bbox 2342 4389 3848 4453">
     <span class='ocr_line' id='line_1_41' title="bbox 2342 4389 3848 4453; baseline -0.006 -2"><span class='ocrx_word' id='word_1_419' title='bbox 2342 4413 2457 4451; x_wconf 84' lang='lat' dir='ltr'><strong>non</strong></span> <span class='ocrx_word' id='word_1_420' title='bbox 2487 4389 2781 4452; x_wconf 46' lang='lat' dir='ltr'><strong>admitte-re</strong></span> <span class='ocrx_word' id='word_1_421' title='bbox 2808 4401 2937 4452; x_wconf 82' lang='lat' dir='ltr'><strong>ante</strong></span> <span class='ocrx_word' id='word_1_422' title='bbox 2967 4398 3110 4452; x_wconf 86' lang='lat' dir='ltr'><strong>diem</strong></span> <span class='ocrx_word' id='word_1_423' title='bbox 3142 4389 3391 4453; x_wconf 73' lang='lat' dir='ltr'><strong>octavum</strong></span> <span class='ocrx_word' id='word_1_424' title='bbox 3417 4399 3643 4452; x_wconf 81' lang='lat' dir='ltr'><strong>notatur.</strong></span> <span class='ocrx_word' id='word_1_425' title='bbox 3660 4389 3848 4444; x_wconf 77' lang='lat' dir='ltr'><strong>——Nemo</strong></span> 
     </span>
    </p>
   </div>
   <div class='ocr_carea' id='block_1_42' title="bbox 2344 4467 3112 4540">
    <p class='ocr_par' dir='ltr' id='par_1_42' title="bbox 2344 4467 3112 4540">
     <span class='ocr_line' id='line_1_42' title="bbox 2344 4467 3112 4540; baseline 0.001 -18"><span class='ocrx_word' id='word_1_426' title='bbox 2344 4485 2374 4522; x_wconf 88' lang='lat' dir='ltr'><strong>a</strong></span> <span class='ocrx_word' id='word_1_427' title='bbox 2404 4469 2684 4540; x_wconf 86' lang='lat' dir='ltr'><strong>Baptismo</strong></span> <span class='ocrx_word' id='word_1_428' title='bbox 2715 4467 3112 4540; x_wconf 76' lang='lat' dir='ltr'><strong>impediendus.</strong></span> 
     </span>
    </p>
   </div>
   <div class='ocr_carea' id='block_1_43' title="bbox 514 4502 3804 4574">
    <p class='ocr_par' dir='ltr' id='par_1_43' title="bbox 514 4502 3804 4574">
     <span class='ocr_line' id='line_1_43' title="bbox 514 4502 3804 4574; baseline 0 -18"><span class='ocrx_word' id='word_1_429' title='bbox 514 4503 950 4558; x_wconf 76' lang='lat' dir='ltr'><strong>ARGUMENTUM.</strong></span> <span class='ocrx_word' id='word_1_430' title='bbox 975 4533 1045 4543; x_wconf 77' lang='grc' dir='ltr'><strong>-ο</strong></span> <span class='ocrx_word' id='word_1_431' title='bbox 1075 4505 1266 4558; x_wconf 82' lang='lat' dir='ltr'><strong>Patres</strong></span> <span class='ocrx_word' id='word_1_432' title='bbox 1303 4502 1556 4574; x_wconf 80' lang='lat' dir='ltr'><strong>Africani</strong></span> <span class='ocrx_word' id='word_1_433' title='bbox 1591 4518 1779 4574; x_wconf 86' lang='lat' dir='ltr'><strong>pacem</strong></span> <span class='ocrx_word' id='word_1_434' title='bbox 1823 4519 1856 4557; x_wconf 81' lang='grc' dir='ltr'><strong><em>α</em></strong></span> <span class='ocrx_word' id='word_1_435' title='bbox 1905 4503 2165 4573; x_wconf 81' lang='lat' dir='ltr'><strong>Therapio</strong></span> <span class='ocrx_word' id='word_1_436' title='bbox 2344 4502 2374 4522; x_wconf 82' lang='lat'><strong><em>“</em></strong></span> <span class='ocrx_word' id='word_1_437' title='bbox 2404 4502 2684 4540; x_wconf 66' lang='grc' dir='ltr'><strong>υ⁶⁵¹¹⁶⁶⁰¹¹⁶¹¹</strong></span> <span class='ocrx_word' id='word_1_438' title='bbox 2717 4502 3112 4574; x_wconf 56' lang='grc' dir='ltr'><strong>⁶”⁶¹’⁰“ι⁹’⁶⁴“έ“”</strong></span> <span class='ocrx_word' id='word_1_439' title='bbox 3487 4572 3497 4574; x_wconf 75' lang='lat'><strong><em>_</em></strong></span> <span class='ocrx_word' id='word_1_440' title='bbox 3711 4567 3722 4574; x_wconf 94' lang='lat'>_</span> <span class='ocrx_word' id='word_1_441' title='bbox 3797 4562 3804 4572; x_wconf 55' lang='grc'><em>,</em></span> 
     </span>
    </p>
   </div>
   <div class='ocr_carea' id='block_1_44' title="bbox 2343 4567 3847 4646">
    <p class='ocr_par' dir='ltr' id='par_1_44' title="bbox 2343 4567 3847 4646">
     <span class='ocr_line' id='line_1_44' title="bbox 2343 4567 3847 4646; baseline -0.008 -18"><span class='ocrx_word' id='word_1_442' title='bbox 2343 4575 2553 4629; x_wconf 74' lang='grc' dir='ltr'>ιΜιι</span> <span class='ocrx_word' id='word_1_443' title='bbox 2604 4575 2645 4630; x_wconf 92' lang='grc' dir='ltr'><strong>Ι.</strong></span> <span class='ocrx_word' id='word_1_444' title='bbox 2692 4574 2967 4646; x_wconf 83' lang='lat' dir='ltr'><strong>Legimus</strong></span> <span class='ocrx_word' id='word_1_445' title='bbox 3017 4573 3244 4631; x_wconf 87' lang='lat' dir='ltr'><strong>litteras</strong></span> <span class='ocrx_word' id='word_1_446' title='bbox 3289 4579 3443 4646; x_wconf 91' lang='lat' dir='ltr'><strong>tuas,</strong></span> <span class='ocrx_word' id='word_1_447' title='bbox 3477 4572 3640 4628; x_wconf 77' lang='lat' dir='ltr'><strong>frater</strong></span> <span class='ocrx_word' id='word_1_448' title='bbox 3682 4567 3847 4622; x_wconf 78' lang='lat' dir='ltr'><strong>charis-</strong></span> 
     </span>
    </p>
   </div>
   <div class='ocr_carea' id='block_1_45' title="bbox 587 4575 2162 4645">
    <p class='ocr_par' dir='ltr' id='par_1_45' title="bbox 587 4575 2162 4645">
     <span class='ocr_line' id='line_1_45' title="bbox 587 4575 2162 4645; baseline 0.001 -18"><span class='ocrx_word' id='word_1_449' title='bbox 587 4582 788 4628; x_wconf 78' lang='lat' dir='ltr'><strong>temere</strong></span> <span class='ocrx_word' id='word_1_450' title='bbox 830 4589 1154 4645; x_wconf 70' lang='lat' dir='ltr'><strong>concessam,</strong></span> <span class='ocrx_word' id='word_1_451' title='bbox 1196 4578 1379 4629; x_wconf 87' lang='lat' dir='ltr'><strong>ratam</strong></span> <span class='ocrx_word' id='word_1_452' title='bbox 1423 4591 1540 4630; x_wconf 84' lang='lat' dir='ltr'><strong>esse</strong></span> <span class='ocrx_word' id='word_1_453' title='bbox 1575 4577 1847 4630; x_wconf 85' lang='lat' dir='ltr'><strong>statuunt.</strong></span> <span class='ocrx_word' id='word_1_454' title='bbox 1872 4605 1943 4614; x_wconf 84' lang='lat'><strong>-—-</strong></span> <span class='ocrx_word' id='word_1_455' title='bbox 1971 4575 2162 4645; x_wconf 77' lang='lat' dir='ltr'><strong>Infan-</strong></span> 
     </span>
    </p>
   </div>
   <div class='ocr_carea' id='block_1_46' title="bbox 1954 4707 2525 4768">
    <p class='ocr_par' dir='ltr' id='par_1_46' title="bbox 1954 4707 2525 4768">
     <span class='ocr_line' id='line_1_46' title="bbox 1954 4707 2525 4768; baseline 0.002 -1"><span class='ocrx_word' id='word_1_456' title='bbox 1954 4707 2284 4768; x_wconf 84' lang='lat' dir='ltr'><strong>Variorum</strong></span> <span class='ocrx_word' id='word_1_457' title='bbox 2340 4714 2525 4768; x_wconf 63' lang='lat' dir='ltr'><strong>notae.</strong></span> 
     </span>
    </p>
   </div>
   <div class='ocr_carea' id='block_1_47' title="bbox 589 4829 2168 4914">
    <p class='ocr_par' dir='ltr' id='par_1_47' title="bbox 589 4829 2168 4914">
     <span class='ocr_line' id='line_1_47' title="bbox 589 4829 2168 4914; baseline -0.01 -14"><span class='ocrx_word' id='word_1_458' title='bbox 589 4829 817 4911; x_wconf 62' lang='grc' dir='ltr'><strong>(1),Ῑ⁴Ἰῐεὶ</strong></span> <span class='ocrx_word' id='word_1_459' title='bbox 843 4847 972 4902; x_wconf 76' lang='lat' dir='ltr'><strong>quae</strong></span> <span class='ocrx_word' id='word_1_460' title='bbox 1003 4845 1069 4914; x_wconf 72' lang='lat' dir='ltr'><strong>eo</strong></span> <span class='ocrx_word' id='word_1_461' title='bbox 1096 4830 1205 4886; x_wconf 92' lang='lat' dir='ltr'><strong>loci</strong></span> <span class='ocrx_word' id='word_1_462' title='bbox 1238 4831 1581 4914; x_wconf 40' lang='lat' dir='ltr'><strong>colligimus.</strong></span> <span class='ocrx_word' id='word_1_463' title='bbox 1601 4830 1848 4914; x_wconf 79' lang='lat' dir='ltr'><strong>consilia</strong></span> <span class='ocrx_word' id='word_1_464' title='bbox 1874 4831 2168 4913; x_wconf 79' lang='lat' dir='ltr'><strong>Carthagi-</strong></span> 
     </span>
    </p>
   </div>
   <div class='ocr_carea' id='block_1_48' title="bbox 516 4901 2164 4978">
    <p class='ocr_par' dir='ltr' id='par_1_48' title="bbox 516 4901 2164 4978">
     <span class='ocr_line' id='line_1_48' title="bbox 516 4901 2164 4978; baseline 0 -22"><span class='ocrx_word' id='word_1_465' title='bbox 516 4901 723 4978; x_wconf 80' lang='lat' dir='ltr'><strong>nensia</strong></span> <span class='ocrx_word' id='word_1_466' title='bbox 751 4901 877 4958; x_wconf 20' lang='lat' dir='ltr'><strong>noni</strong></span> <span class='ocrx_word' id='word_1_467' title='bbox 889 4902 1156 4978; x_wconf 83' lang='lat' dir='ltr'><strong>eamdem</strong></span> <span class='ocrx_word' id='word_1_468' title='bbox 1182 4901 1617 4978; x_wconf 79' lang='lat' dir='ltr'><strong>rebaptisrnatis</strong></span> <span class='ocrx_word' id='word_1_469' title='bbox 1639 4904 2020 4975; x_wconf 69' lang='lat' dir='ltr'><strong>quaestionem</strong></span> <span class='ocrx_word' id='word_1_470' title='bbox 2044 4901 2164 4978; x_wconf 77' lang='lat' dir='ltr'><strong>agi-</strong></span> 
     </span>
    </p>
   </div>
   <div class='ocr_carea' id='block_1_49' title="bbox 512 4974 2166 5046">
    <p class='ocr_par' dir='ltr' id='par_1_49' title="bbox 512 4974 2166 5046">
     <span class='ocr_line' id='line_1_49' title="bbox 512 4974 2166 5046; baseline 0.001 -20"><span class='ocrx_word' id='word_1_471' title='bbox 512 4974 784 5046; x_wconf 82' lang='lat' dir='ltr'><strong>taverint,</strong></span> <span class='ocrx_word' id='word_1_472' title='bbox 807 4981 1016 5028; x_wconf 87' lang='lat' dir='ltr'><strong>cuncta</strong></span> <span class='ocrx_word' id='word_1_473' title='bbox 1041 4974 1236 5046; x_wconf 81' lang='lat' dir='ltr'><strong>tamen</strong></span> <span class='ocrx_word' id='word_1_474' title='bbox 1261 4976 1428 5046; x_wconf 88' lang='lat' dir='ltr'><strong>quasi</strong></span> <span class='ocrx_word' id='word_1_475' title='bbox 1460 4976 1517 5028; x_wconf 91' lang='lat' dir='ltr'><strong>in</strong></span> <span class='ocrx_word' id='word_1_476' title='bbox 1544 4992 1727 5030; x_wconf 91' lang='lat' dir='ltr'><strong>unum</strong></span> <span class='ocrx_word' id='word_1_477' title='bbox 1753 4991 1964 5045; x_wconf 89' lang='lat' dir='ltr'><strong>corpus</strong></span> <span class='ocrx_word' id='word_1_478' title='bbox 1992 4976 2166 5030; x_wconf 87' lang='lat' dir='ltr'><strong>eden-</strong></span> 
     </span>
    </p>
   </div>
   <div class='ocr_carea' id='block_1_50' title="bbox 515 5044 2165 5118">
    <p class='ocr_par' dir='ltr' id='par_1_50' title="bbox 515 5044 2165 5118">
     <span class='ocr_line' id='line_1_50' title="bbox 515 5044 2165 5118; baseline 0.002 -21"><span class='ocrx_word' id='word_1_479' title='bbox 515 5045 588 5118; x_wconf 89' lang='lat' dir='ltr'><strong>d_a</strong></span> <span class='ocrx_word' id='word_1_480' title='bbox 619 5061 748 5099; x_wconf 87' lang='lat' dir='ltr'><strong>esse</strong></span> <span class='ocrx_word' id='word_1_481' title='bbox 790 5044 1246 5118; x_wconf 85' lang='lat' dir='ltr'><strong>autumavimus,</strong></span> <span class='ocrx_word' id='word_1_482' title='bbox 1282 5044 1482 5118; x_wconf 81' lang='lat' dir='ltr'><strong>utpote</strong></span> <span class='ocrx_word' id='word_1_483' title='bbox 1530 5046 1737 5118; x_wconf 83' lang='lat' dir='ltr'><strong>iisdem</strong></span> <span class='ocrx_word' id='word_1_484' title='bbox 1792 5044 1909 5101; x_wconf 85' lang='lat' dir='ltr'><strong>fere</strong></span> <span class='ocrx_word' id='word_1_485' title='bbox 1941 5051 2165 5118; x_wconf 87' lang='lat' dir='ltr'><strong>tempo-</strong></span> 
     </span>
    </p>
   </div>
   <div class='ocr_carea' id='block_1_51' title="bbox 514 5063 2167 5186">
    <p class='ocr_par' dir='ltr' id='par_1_51' title="bbox 514 5063 2167 5186">
     <span class='ocr_line' id='line_1_51' title="bbox 515 5063 2165 5171; baseline 0.002 -74"><span class='ocrx_word' id='word_1_486' title='bbox 515 5063 588 5098; x_wconf 88' lang='lat' dir='ltr'><strong>ua</strong></span> <span class='ocrx_word' id='word_1_487' title='bbox 619 5063 748 5099; x_wconf 87' lang='lat' dir='ltr'><strong>esse</strong></span> <span class='ocrx_word' id='word_1_488' title='bbox 790 5063 1246 5112; x_wconf 71' lang='lat' dir='ltr'><strong>aurumavrmus,</strong></span> <span class='ocrx_word' id='word_1_489' title='bbox 1282 5063 1482 5118; x_wconf 68' lang='lat' dir='ltr'><strong>urpone</strong></span> <span class='ocrx_word' id='word_1_490' title='bbox 1530 5063 1737 5101; x_wconf 83' lang='lat' dir='ltr'><strong>nsaern</strong></span> <span class='ocrx_word' id='word_1_491' title='bbox 1792 5063 1909 5101; x_wconf 78' lang='lat' dir='ltr'><strong>rere</strong></span> <span class='ocrx_word' id='word_1_492' title='bbox 1941 5063 2165 5171; x_wconf 56' lang='lat' dir='ltr'><strong>tempo-</strong></span> 
     </span>
     <span class='ocr_line' id='line_1_52' title="bbox 514 5115 2167 5186; baseline 0.002 -17"><span class='ocrx_word' id='word_1_493' title='bbox 514 5115 700 5179; x_wconf 89' lang='lat' dir='ltr'><strong>ribus,</strong></span> <span class='ocrx_word' id='word_1_494' title='bbox 734 5117 844 5170; x_wconf 90' lang='lat' dir='ltr'><strong>sub</strong></span> <span class='ocrx_word' id='word_1_495' title='bbox 877 5115 1079 5170; x_wconf 89' lang='lat' dir='ltr'><strong>eodem</strong></span> <span class='ocrx_word' id='word_1_496' title='bbox 1123 5133 1356 5172; x_wconf 89' lang='lat' dir='ltr'><strong>summo</strong></span> <span class='ocrx_word' id='word_1_497' title='bbox 1402 5117 1692 5184; x_wconf 83' lang='lat' dir='ltr'><strong>Pontifice,</strong></span> <span class='ocrx_word' id='word_1_498' title='bbox 1725 5119 1796 5172; x_wconf 90' lang='lat' dir='ltr'><strong>ab</strong></span> <span class='ocrx_word' id='word_1_499' title='bbox 1825 5119 2028 5172; x_wconf 91' lang='lat' dir='ltr'><strong>eodem</strong></span> <span class='ocrx_word' id='word_1_500' title='bbox 2085 5121 2167 5186; x_wconf 82' lang='lat' dir='ltr'><strong>‘y-</strong></span> 
     </span>
    </p>
   </div>
   <div class='ocr_carea' id='block_1_52' title="bbox 514 5186 2165 5312">
    <p class='ocr_par' dir='ltr' id='par_1_52' title="bbox 514 5186 2165 5312">
     <span class='ocr_line' id='line_1_53' title="bbox 514 5186 2165 5312; baseline 0.002 -73"><span class='ocrx_word' id='word_1_501' title='bbox 514 5187 742 5312; x_wconf 56' lang='grc' dir='ltr'><strong>ἓιὲἓιιο,</strong></span> <span class='ocrx_word' id='word_1_502' title='bbox 778 5203 846 5241; x_wconf 84' lang='lat' dir='ltr'><strong>ex</strong></span> <span class='ocrx_word' id='word_1_503' title='bbox 878 5186 1084 5241; x_wconf 90' lang='lat' dir='ltr'><strong>iisdem</strong></span> <span class='ocrx_word' id='word_1_504' title='bbox 1134 5189 1558 5260; x_wconf 88' lang='lat' dir='ltr'><strong>propemodum</strong></span> <span class='ocrx_word' id='word_1_505' title='bbox 1609 5189 1898 5260; x_wconf 86' lang='lat' dir='ltr'><strong>episcOpis</strong></span> <span class='ocrx_word' id='word_1_506' title='bbox 1948 5189 2165 5244; x_wconf 89' lang='lat' dir='ltr'><strong>habita.</strong></span> 
     </span>
    </p>
   </div>
   <div class='ocr_carea' id='block_1_53' title="bbox 2274 4820 3847 4903">
    <p class='ocr_par' dir='ltr' id='par_1_53' title="bbox 2274 4820 3847 4903">
     <span class='ocr_line' id='line_1_54' title="bbox 2274 4820 3847 4903; baseline -0.003 -17"><span class='ocrx_word' id='word_1_507' title='bbox 2274 4831 2665 4903; x_wconf 85' lang='lat' dir='ltr'><strong>Augustinum</strong></span> <span class='ocrx_word' id='word_1_508' title='bbox 2715 4831 2772 4885; x_wconf 91' lang='lat' dir='ltr'><strong>in</strong></span> <span class='ocrx_word' id='word_1_509' title='bbox 2803 4831 2953 4887; x_wconf 92' lang='lat' dir='ltr'><strong>libro</strong></span> <span class='ocrx_word' id='word_1_510' title='bbox 2983 4832 3054 4888; x_wconf 91' lang='lat' dir='ltr'><strong>de</strong></span> <span class='ocrx_word' id='word_1_511' title='bbox 3084 4833 3276 4888; x_wconf 87' lang='lat' dir='ltr'><strong>Gestis</strong></span> <span class='ocrx_word' id='word_1_512' title='bbox 3327 4831 3553 4903; x_wconf 84' lang='lat' dir='ltr'><strong>Pelagii,</strong></span> <span class='ocrx_word' id='word_1_513' title='bbox 3582 4843 3691 4903; x_wconf 78' lang='lat' dir='ltr'><strong>cap.</strong></span> <span class='ocrx_word' id='word_1_514' title='bbox 3720 4823 3786 4903; x_wconf 65' lang='lat' dir='ltr'><strong>ti,</strong></span> <span class='ocrx_word' id='word_1_515' title='bbox 3809 4820 3847 4870; x_wconf 70' lang='grc' dir='ltr'><strong>οί</strong></span> 
     </span>
    </p>
   </div>
   <div class='ocr_carea' id='block_1_54' title="bbox 2276 4901 3846 4977">
    <p class='ocr_par' dir='ltr' id='par_1_54' title="bbox 2276 4901 3846 4977">
     <span class='ocr_line' id='line_1_55' title="bbox 2276 4901 3846 4977; baseline -0.002 -21"><span class='ocrx_word' id='word_1_516' title='bbox 2276 4903 2336 4956; x_wconf 91' lang='lat' dir='ltr'><strong>in</strong></span> <span class='ocrx_word' id='word_1_517' title='bbox 2370 4901 2516 4958; x_wconf 83' lang='lat' dir='ltr'><strong>libro</strong></span> <span class='ocrx_word' id='word_1_518' title='bbox 2551 4907 2757 4977; x_wconf 81' lang='lat' dir='ltr'><strong>quarto</strong></span> <span class='ocrx_word' id='word_1_519' title='bbox 2807 4908 3011 4977; x_wconf 87' lang='lat' dir='ltr'><strong>contra</strong></span> <span class='ocrx_word' id='word_1_520' title='bbox 3059 4903 3206 4958; x_wconf 89' lang='lat' dir='ltr'><strong>duas</strong></span> <span class='ocrx_word' id='word_1_521' title='bbox 3255 4901 3540 4977; x_wconf 81' lang='lat' dir='ltr'><strong>Epistolas</strong></span> <span class='ocrx_word' id='word_1_522' title='bbox 3586 4901 3846 4977; x_wconf 39' lang='lat' dir='ltr'><strong>Pelagium?</strong></span> 
     </span>
    </p>
   </div>
   <div class='ocr_carea' id='block_1_55' title="bbox 2278 4970 3843 5045">
    <p class='ocr_par' dir='ltr' id='par_1_55' title="bbox 2278 4970 3843 5045">
     <span class='ocr_line' id='line_1_56' title="bbox 2278 4970 3843 5045; baseline -0.008 -17"><span class='ocrx_word' id='word_1_523' title='bbox 2278 4990 2428 5035; x_wconf 90' lang='lat' dir='ltr'><strong>rum,</strong></span> <span class='ocrx_word' id='word_1_524' title='bbox 2461 4970 2586 5045; x_wconf 57' lang='lat' dir='ltr'><strong>cap&#39;.</strong></span> <span class='ocrx_word' id='word_1_525' title='bbox 2631 4975 2685 5044; x_wconf 89' lang='lat'><strong>8,</strong></span> <span class='ocrx_word' id='word_1_526' title='bbox 2738 4980 2794 5028; x_wconf 92' lang='lat' dir='ltr'><strong>et</strong></span> <span class='ocrx_word' id='word_1_527' title='bbox 2844 4976 2902 5028; x_wconf 91' lang='lat' dir='ltr'><strong>in</strong></span> <span class='ocrx_word' id='word_1_528' title='bbox 2955 4991 3222 5030; x_wconf 90' lang='lat' dir='ltr'><strong>sermone</strong></span> <span class='ocrx_word' id='word_1_529' title='bbox 3263 4970 3367 5029; x_wconf 61' lang='lat'>294</span> <span class='ocrx_word' id='word_1_530' title='bbox 3419 4989 3570 5030; x_wconf 78' lang='lat' dir='ltr'><strong>novae</strong></span> <span class='ocrx_word' id='word_1_531' title='bbox 3619 4970 3843 5045; x_wconf 63' lang='lat' dir='ltr'><strong>editionis.</strong></span> 
     </span>
    </p>
   </div>
   <div class='ocr_carea' id='block_1_56' title="bbox 2278 5033 3844 5128">
    <p class='ocr_par' dir='ltr' id='par_1_56' title="bbox 2278 5033 3844 5128">
     <span class='ocr_line' id='line_1_57' title="bbox 2278 5033 3844 5128; baseline -0.001 -30"><span class='ocrx_word' id='word_1_532' title='bbox 2278 5033 2548 5128; x_wconf 36' lang='lat' dir='ltr'><strong>meminit</strong></span> <span class='ocrx_word' id='word_1_533' title='bbox 2569 5033 2833 5128; x_wconf 81' lang='lat' dir='ltr'><strong>ejusdem</strong></span> <span class='ocrx_word' id='word_1_534' title='bbox 2877 5047 3075 5128; x_wconf 40' lang='lat' dir='ltr'><strong>etiam.</strong></span> <span class='ocrx_word' id='word_1_535' title='bbox 3103 5045 3570 5128; x_wconf 53' lang='lat' dir='ltr'><strong>Hieronymusin</strong></span> <span class='ocrx_word' id='word_1_536' title='bbox 3599 5033 3844 5128; x_wconf 48' lang='grc' dir='ltr'><strong>θυεερ-ξς</strong></span> 
     </span>
    </p>
   </div>
   <div class='ocr_carea' id='block_1_57' title="bbox 2277 5108 3845 5188">
    <p class='ocr_par' dir='ltr' id='par_1_57' title="bbox 2277 5108 3845 5188">
     <span class='ocr_line' id='line_1_58' title="bbox 2277 5108 3845 5188; baseline -0.006 -17"><span class='ocrx_word' id='word_1_537' title='bbox 2277 5117 2543 5188; x_wconf 87' lang='lat' dir='ltr'><strong>logorum</strong></span> <span class='ocrx_word' id='word_1_538' title='bbox 2576 5108 2854 5172; x_wconf 66' lang='lat' dir='ltr'><strong>adversus</strong></span> <span class='ocrx_word' id='word_1_539' title='bbox 2888 5117 3246 5188; x_wconf 82' lang='lat' dir='ltr'><strong>Pelagianos.</strong></span> <span class='ocrx_word' id='word_1_540' title='bbox 3278 5108 3421 5172; x_wconf 75' lang='lat' dir='ltr'><strong>Vide</strong></span> <span class='ocrx_word' id='word_1_541' title='bbox 3451 5117 3646 5171; x_wconf 88' lang='lat' dir='ltr'><strong>librum</strong></span> <span class='ocrx_word' id='word_1_542' title='bbox 3674 5108 3845 5171; x_wconf 54' lang='lat' dir='ltr'><strong>Georg!l</strong></span> 
     </span>
    </p>
   </div>
   <div class='ocr_carea' id='block_1_58' title="bbox 2278 5188 3593 5260">
    <p class='ocr_par' dir='ltr' id='par_1_58' title="bbox 2278 5188 3593 5260">
     <span class='ocr_line' id='line_1_59' title="bbox 2278 5188 3593 5260; baseline -0.005 -16"><span class='ocrx_word' id='word_1_543' title='bbox 2278 5188 2590 5244; x_wconf 84' lang='lat' dir='ltr'><strong>Cassandri</strong></span> <span class='ocrx_word' id='word_1_544' title='bbox 2624 5189 2902 5244; x_wconf 84' lang='lat' dir='ltr'><strong>adversus</strong></span> <span class='ocrx_word' id='word_1_545' title='bbox 2933 5191 3365 5260; x_wconf 83' lang='lat' dir='ltr'><strong>Anabaptistas.</strong></span> <span class='ocrx_word' id='word_1_546' title='bbox 3401 5190 3593 5243; x_wconf 75' lang='lat' dir='ltr'><strong>BALUZ.</strong></span> 
     </span>
    </p>
   </div>
   <div class='ocr_carea' id='block_1_59' title="bbox 2351 5250 3842 5331">
    <p class='ocr_par' dir='ltr' id='par_1_59' title="bbox 2351 5250 3842 5331">
     <span class='ocr_line' id='line_1_60' title="bbox 2351 5250 3842 5331; baseline -0.01 -18"><span class='ocrx_word' id='word_1_547' title='bbox 2351 5261 2428 5330; x_wconf 83' lang='grc'>(4)</span> <span class='ocrx_word' id='word_1_548' title='bbox 2460 5266 2696 5331; x_wconf 67' lang='lat' dir='ltr'><strong>Numero</strong></span> <span class='ocrx_word' id='word_1_549' title='bbox 2738 5277 2884 5314; x_wconf 84' lang='lat' dir='ltr'><strong>LXVI.</strong></span> <span class='ocrx_word' id='word_1_550' title='bbox 2919 5250 3156 5315; x_wconf 75' lang='lat' dir='ltr'><strong>Videsis</strong></span> <span class='ocrx_word' id='word_1_551' title='bbox 3195 5261 3349 5331; x_wconf 89' lang='lat' dir='ltr'><strong>quod</strong></span> <span class='ocrx_word' id='word_1_552' title='bbox 3398 5266 3526 5315; x_wconf 87' lang='lat' dir='ltr'><strong>ante</strong></span> <span class='ocrx_word' id='word_1_553' title='bbox 3570 5250 3842 5310; x_wconf 68' lang='lat' dir='ltr'><strong>(innotatum</strong></span> 
     </span>
    </p>
   </div>
   <div class='ocr_carea' id='block_1_60' title="bbox 2279 5330 3797 5402">
    <p class='ocr_par' dir='ltr' id='par_1_60' title="bbox 2279 5330 3797 5402">
     <span class='ocr_line' id='line_1_61' title="bbox 2279 5330 3797 5402; baseline -0.002 -15"><span class='ocrx_word' id='word_1_554' title='bbox 2279 5336 2368 5387; x_wconf 86' lang='lat' dir='ltr'><strong>est</strong></span> <span class='ocrx_word' id='word_1_555' title='bbox 2399 5332 2468 5385; x_wconf 90' lang='lat' dir='ltr'><strong>ad</strong></span> <span class='ocrx_word' id='word_1_556' title='bbox 2502 5330 2719 5386; x_wconf 89' lang='lat' dir='ltr'><strong>Concil.</strong></span> <span class='ocrx_word' id='word_1_557' title='bbox 2754 5348 2904 5402; x_wconf 84' lang='lat' dir='ltr'><strong>u,p.</strong></span> <span class='ocrx_word' id='word_1_558' title='bbox 2943 5333 3062 5385; x_wconf 88' lang='grc'><strong>109.</strong></span> <span class='ocrx_word' id='word_1_559' title='bbox 3099 5330 3319 5387; x_wconf 78' lang='lat' dir='ltr'><strong>Rou&#39;rn.</strong></span> <span class='ocrx_word' id='word_1_560' title='bbox 3788 5383 3797 5402; x_wconf 44' lang='grc' dir='ltr'>ε</span> 
     </span>
    </p>
   </div>
   <div class='ocr_carea' id='block_1_61' title="bbox 2351 5395 3843 5478">
    <p class='ocr_par' dir='ltr' id='par_1_61' title="bbox 2351 5395 3843 5478">
     <span class='ocr_line' id='line_1_62' title="bbox 2351 5395 3843 5478; baseline -0.003 -22"><span class='ocrx_word' id='word_1_561' title='bbox 2351 5403 2608 5478; x_wconf 47' lang='lat' dir='ltr'><strong>(bifido.</strong></span> <span class='ocrx_word' id='word_1_562' title='bbox 2645 5395 2936 5478; x_wconf 64' lang='lat' dir='ltr'><strong>Pamelius</strong></span> <span class='ocrx_word' id='word_1_563' title='bbox 2985 5404 3066 5478; x_wconf 83' lang='lat' dir='ltr'><strong>ait</strong></span> <span class='ocrx_word' id='word_1_564' title='bbox 3117 5420 3225 5478; x_wconf 86' lang='lat' dir='ltr'><strong>non</strong></span> <span class='ocrx_word' id='word_1_565' title='bbox 3262 5402 3513 5474; x_wconf 87' lang='lat' dir='ltr'><strong>potuisse</strong></span> <span class='ocrx_word' id='word_1_566' title='bbox 3558 5395 3843 5478; x_wconf 42' lang='lat' dir='ltr'><strong>sere}???</strong></span> 
     </span>
    </p>
   </div>
   <div class='ocr_carea' id='block_1_62' title="bbox 2281 5459 3841 5549">
    <p class='ocr_par' dir='ltr' id='par_1_62' title="bbox 2281 5459 3841 5549">
     <span class='ocr_line' id='line_1_63' title="bbox 2281 5459 3841 5549; baseline -0.02 -6"><span class='ocrx_word' id='word_1_567' title='bbox 2281 5459 2486 5543; x_wconf 50' lang='lat' dir='ltr'><strong>qu‘o&#39;in</strong></span> <span class='ocrx_word' id='word_1_568' title='bbox 2518 5473 2648 5549; x_wconf 76' lang='lat' dir='ltr'><strong>loco</strong></span> <span class='ocrx_word' id='word_1_569' title='bbox 2685 5475 2884 5549; x_wconf 72' lang='lat' dir='ltr'><strong>Fidus</strong></span> <span class='ocrx_word' id='word_1_570' title='bbox 2912 5474 3086 5549; x_wconf 83' lang='lat' dir='ltr'><strong>fuerit</strong></span> <span class='ocrx_word' id='word_1_571' title='bbox 3127 5459 3462 5549; x_wconf 72' lang='lat' dir='ltr'><strong>episcopus,</strong></span> <span class='ocrx_word' id='word_1_572' title='bbox 3493 5459 3841 5549; x_wconf 41' lang='lat' dir='ltr'><strong>verisimile-13:</strong></span> 
     </span>
    </p>
   </div>
   <div class='ocr_carea' id='block_1_63' title="bbox 2280 5525 3841 5618">
    <p class='ocr_par' dir='ltr' id='par_1_63' title="bbox 2280 5525 3841 5618">
     <span class='ocr_line' id='line_1_64' title="bbox 2280 5525 3841 5618; baseline 0.003 -19"><span class='ocrx_word' id='word_1_573' title='bbox 2280 5525 2412 5600; x_wconf 72' lang='lat' dir='ltr'><strong>men</strong></span> <span class='ocrx_word' id='word_1_574' title='bbox 2447 5561 2574 5600; x_wconf 88' lang='lat' dir='ltr'><strong>esse</strong></span> <span class='ocrx_word' id='word_1_575' title='bbox 2624 5545 2805 5618; x_wconf 89' lang='lat' dir='ltr'><strong>fuisse</strong></span> <span class='ocrx_word' id='word_1_576' title='bbox 2835 5545 3090 5600; x_wconf 88' lang='lat' dir='ltr'><strong>vicinum</strong></span> <span class='ocrx_word' id='word_1_577' title='bbox 3123 5525 3841 5618; x_wconf 34' lang='lat' dir='ltr'><strong>TherapjitquijyﬁY&#39;f‘if’</strong></span> 
     </span>
    </p>
   </div>
   <div class='ocr_carea' id='block_1_64' title="bbox 2281 5606 3840 5689">
    <p class='ocr_par' dir='ltr' id='par_1_64' title="bbox 2281 5606 3840 5689">
     <span class='ocr_line' id='line_1_65' title="bbox 2281 5606 3840 5689; baseline -0.002 -18"><span class='ocrx_word' id='word_1_578' title='bbox 2281 5618 2469 5674; x_wconf 90' lang='lat' dir='ltr'><strong>sancti</strong></span> <span class='ocrx_word' id='word_1_579' title='bbox 2499 5617 2769 5689; x_wconf 88' lang='lat' dir='ltr'><strong>Cypriani</strong></span> <span class='ocrx_word' id='word_1_580' title='bbox 2801 5617 3250 5688; x_wconf 87' lang='lat' dir='ltr'><strong>cognominatur</strong></span> <span class='ocrx_word' id='word_1_581' title='bbox 3278 5606 3519 5672; x_wconf 41' lang='lat' dir='ltr'><strong>a‘Bull&#39;a.</strong></span> <span class='ocrx_word' id='word_1_582' title='bbox 3549 5606 3680 5681; x_wconf 87' lang='lat' dir='ltr'><strong>(Vid.</strong></span> <span class='ocrx_word' id='word_1_583' title='bbox 3709 5608 3840 5668; x_wconf 70' lang='grc' dir='ltr'><strong>ευΡη</strong></span> 
     </span>
    </p>
   </div>
   <div class='ocr_carea' id='block_1_65' title="bbox 567 5274 658 5312">
    <p class='ocr_par' dir='ltr' id='par_1_65' title="bbox 567 5274 658 5312">
     <span class='ocr_line' id='line_1_66' title="bbox 567 5274 658 5312; baseline 0.011 -1"><span class='ocrx_word' id='word_1_584' title='bbox 567 5274 658 5312; x_wconf 81' lang='lat' dir='ltr'><strong>DD.</strong></span> 
     </span>
    </p>
   </div>
   <div class='ocr_carea' id='block_1_66' title="bbox 588 5327 2166 5408">
    <p class='ocr_par' dir='ltr' id='par_1_66' title="bbox 588 5327 2166 5408">
     <span class='ocr_line' id='line_1_67' title="bbox 588 5327 2166 5408; baseline 0.001 -27"><span class='ocrx_word' id='word_1_585' title='bbox 588 5328 666 5408; x_wconf 78' lang='grc'><strong>(2)</strong></span> <span class='ocrx_word' id='word_1_586' title='bbox 698 5327 796 5382; x_wconf 89' lang='lat' dir='ltr'><strong>Est</strong></span> <span class='ocrx_word' id='word_1_587' title='bbox 819 5327 957 5408; x_wconf 81' lang='lat' dir='ltr'><strong>_hoc_</strong></span> <span class='ocrx_word' id='word_1_588' title='bbox 996 5329 1305 5408; x_wconf 73' lang='lat' dir='ltr'><strong>concilium</strong></span> <span class='ocrx_word' id='word_1_589' title='bbox 1339 5331 1798 5408; x_wconf 78' lang='lat' dir='ltr'><strong>Carthaginense</strong></span> <span class='ocrx_word' id='word_1_590' title='bbox 1829 5348 1892 5385; x_wconf 86' lang='grc' dir='ltr'><strong>ιιι</strong></span> <span class='ocrx_word' id='word_1_591' title='bbox 1924 5330 2033 5385; x_wconf 90' lang='lat' dir='ltr'><strong>sub</strong></span> <span class='ocrx_word' id='word_1_592' title='bbox 2065 5333 2166 5402; x_wconf 89' lang='lat' dir='ltr'><strong>Cy-</strong></span> 
     </span>
    </p>
   </div>
   <div class='ocr_carea' id='block_1_67' title="bbox 519 5401 2168 5470">
    <p class='ocr_par' dir='ltr' id='par_1_67' title="bbox 519 5401 2168 5470">
     <span class='ocr_line' id='line_1_68' title="bbox 519 5401 2168 5470; baseline 0.002 -19"><span class='ocrx_word' id='word_1_593' title='bbox 519 5401 722 5470; x_wconf 82' lang='lat' dir='ltr'><strong>priano</strong></span> <span class='ocrx_word' id='word_1_594' title='bbox 772 5403 837 5453; x_wconf 88' lang='lat' dir='ltr'><strong>ut</strong></span> <span class='ocrx_word' id='word_1_595' title='bbox 889 5401 1165 5456; x_wconf 88' lang='lat' dir='ltr'><strong>admonet</strong></span> <span class='ocrx_word' id='word_1_596' title='bbox 1217 5401 1577 5464; x_wconf 71' lang='lat' dir='ltr'><strong>Harduinus,</strong></span> <span class='ocrx_word' id='word_1_597' title='bbox 1607 5401 1963 5459; x_wconf 87' lang='lat' dir='ltr'><strong>celebratum</strong></span> <span class='ocrx_word' id='word_1_598' title='bbox 2017 5401 2168 5455; x_wconf 86' lang='lat' dir='ltr'><strong>anno</strong></span> 
     </span>
    </p>
   </div>
   <div class='ocr_carea' id='block_1_68' title="bbox 519 5469 2170 5546">
    <p class='ocr_par' dir='ltr' id='par_1_68' title="bbox 519 5469 2170 5546">
     <span class='ocr_line' id='line_1_69' title="bbox 519 5469 2170 5546; baseline 0.003 -23"><span class='ocrx_word' id='word_1_599' title='bbox 519 5469 736 5546; x_wconf 81' lang='lat' dir='ltr'><strong>Christi</strong></span> <span class='ocrx_word' id='word_1_600' title='bbox 766 5473 1284 5546; x_wconf 34' lang='lat' dir='ltr'><strong>ccpxugtictitium</strong></span> <span class='ocrx_word' id='word_1_601' title='bbox 1319 5479 1513 5529; x_wconf 89' lang='lat' dir='ltr'><strong>autem</strong></span> <span class='ocrx_word' id='word_1_602' title='bbox 1545 5472 1701 5546; x_wconf 9' lang='lat' dir='ltr'><strong>illud,</strong></span> <span class='ocrx_word' id='word_1_603' title='bbox 1740 5480 1907 5546; x_wconf 90' lang='lat' dir='ltr'><strong>putat</strong></span> <span class='ocrx_word' id='word_1_604' title='bbox 1957 5473 2170 5545; x_wconf 86' lang='lat' dir='ltr'><strong>Pagius</strong></span> 
     </span>
    </p>
   </div>
   <div class='ocr_carea' id='block_1_69' title="bbox 521 5541 2139 5616">
    <p class='ocr_par' dir='ltr' id='par_1_69' title="bbox 521 5541 2139 5616">
     <span class='ocr_line' id='line_1_70' title="bbox 521 5541 2139 5616; baseline 0.002 -21"><span class='ocrx_word' id='word_1_605' title='bbox 521 5541 761 5616; x_wconf 29' lang='lat' dir='ltr'><strong>ad‘ann.</strong></span> <span class='ocrx_word' id='word_1_606' title='bbox 794 5541 924 5616; x_wconf 82' lang='lat' dir='ltr'><strong>Chr.</strong></span> <span class='ocrx_word' id='word_1_607' title='bbox 955 5543 1080 5616; x_wconf 79' lang='grc'><strong>254,</strong></span> <span class='ocrx_word' id='word_1_608' title='bbox 1115 5562 1172 5616; x_wconf 87' lang='lat' dir='ltr'><strong>n.</strong></span> <span class='ocrx_word' id='word_1_609' title='bbox 1203 5547 1267 5612; x_wconf 85' lang='lat'><strong>5;</strong></span> <span class='ocrx_word' id='word_1_610' title='bbox 1301 5561 1475 5616; x_wconf 92' lang='lat' dir='ltr'><strong>quem</strong></span> <span class='ocrx_word' id='word_1_611' title='bbox 1507 5541 1764 5601; x_wconf 72' lang='lat' dir='ltr'><strong>consule.</strong></span> <span class='ocrx_word' id='word_1_612' title='bbox 2042 5541 2067 5545; x_wconf 61' lang='grc'>⁷</span> <span class='ocrx_word' id='word_1_613' title='bbox 2128 5556 2139 5566; x_wconf 88' lang='grc'><em>’</em></span> 
     </span>
    </p>
   </div>
   <div class='ocr_carea' id='block_1_70' title="bbox 592 5612 2169 5692">
    <p class='ocr_par' dir='ltr' id='par_1_70' title="bbox 592 5612 2169 5692">
     <span class='ocr_line' id='line_1_71' title="bbox 592 5612 2169 5692; baseline 0.001 -24"><span class='ocrx_word' id='word_1_614' title='bbox 592 5612 670 5683; x_wconf 88' lang='grc'><strong>(3)</strong></span> <span class='ocrx_word' id='word_1_615' title='bbox 700 5613 886 5685; x_wconf 84' lang='lat' dir='ltr'><strong>Hujus</strong></span> <span class='ocrx_word' id='word_1_616' title='bbox 924 5615 1184 5688; x_wconf 66' lang='lat' dir='ltr'><strong>epistola</strong></span> <span class='ocrx_word' id='word_1_617' title='bbox 1230 5612 1447 5674; x_wconf 43' lang='lat' dir='ltr'><strong>me—ntio</strong></span> <span class='ocrx_word' id='word_1_618' title='bbox 1493 5622 1651 5674; x_wconf 79' lang='lat' dir='ltr'><strong>extat</strong></span> <span class='ocrx_word' id='word_1_619' title='bbox 1697 5617 1851 5692; x_wconf 90' lang='lat' dir='ltr'><strong>apud</strong></span> <span class='ocrx_word' id='word_1_620' title='bbox 1901 5620 2169 5672; x_wconf 88' lang='lat' dir='ltr'><strong>sanctum</strong></span> 
     </span>
    </p>
   </div>
  </div>
