4098 6178
283 323 440 383 1049

1297 317 1494 398 mas
1541 318 1586 377 1.
1623 349 1700 361 -
1735 315 2238 378 MONUMENTA
2280 317 2689 381 versuum.

3535 315 3694 378 1050

272 451 452 520 sime,
507 449 722 521 quibus
794 446 1140 520 signiﬁcasti
1199 447 1270 501 de
1346 447 1578 502 Victore
1633 447 1930 518 quondam
1961 442 2018 507 Α
2047 448 2300 514 deretur,
2333 445 2434 503 sed
2486 447 2697 503 librato
2746 448 2902 521 apud
2951 463 3056 502 nos
3099 446 3197 501 diu
3250 444 3516 512 consilio,
3550 447 3693 500 satis

278 540 618 612 presbytero
676 537 775 610 (ὃ),
821 537 976 607 quod
1034 535 1106 605 ei,
1160 539 1474 608 antequam
1531 535 1930 606 paenitentiam

281 628 517 702 plenam
543 625 781 698 egisset,
803 630 856 680 et
878 623 1122 680 Domino
1149 625 1281 693 Deo,
1305 624 1363 678 in
1387 639 1561 696 quem
1585 623 1930 695 deliquerat,

280 714 692 781 satisfecisset,
723 719 938 770 temere
968 713 1318 784 Therapius,
1359 712 1579 784 collega
1605 717 1805 767 noster
1832 713 1930 784 (7),

277 807 601 860 immaturo
649 809 910 874 tempore
939 806 996 856 et
1021 817 1392 874 praepropera
1429 801 1803 857 festinatione
1832 818 1934 872 pa-

282 910 410 950 cem
441 891 688 949 dederit.
728 893 863 958 Qua
913 905 1006 946 res
1039 905 1146 946 nos
1195 889 1339 945 satis
1387 889 1587 957 movit,
1639 906 1934 945 recessum

282 999 416 1039 esse
445 999 479 1037 a
510 980 724 1037 decreti
773 967 962 1035 nostri
993 979 1070 1050 (8)
1118 978 1487 1047 auctoritate,
1540 982 1604 1033 ut
1632 983 1765 1033 ante
1794 977 1934 1050 legi-

280 1071 496 1126 timum
549 1073 608 1124 et
656 1068 894 1140 plenum
948 1071 1187 1139 tempus
1236 1066 1674 1135 satisfactionis,
1728 1071 1786 1122 et
1811 1067 1938 1122 sine

279 1159 468 1230 petitu
514 1160 571 1212 et
616 1156 976 1212 conscientia
1024 1154 1210 1227 plebis
1257 1155 1356 1228 (9),
1409 1154 1571 1211 nulla
1598 1155 1939 1211 infirmitate

280 1250 531 1320 urgente
562 1261 630 1301 ac
664 1244 1012 1301 necessitate
1061 1248 1302 1317 cogente
1332 1244 1465 1316 (10),
1499 1261 1611 1316 pax
1653 1243 1705 1300 ei
1734 1259 1937 1300 conce-

2043 535 2156 590 fuit
2209 536 2520 608 objurgare
2575 536 2931 606 Therapium
2998 533 3282 606 collegam
3343 539 3610 589 nostrum
3669 535 3690 566 ²

2041 625 2197 696 quod
2231 631 2448 680 temere
2479 626 2587 680 hoc
2622 625 2818 680 fecerit
2844 629 2900 680 et
2930 623 3282 679 instruxisse
3309 639 3381 677 ne
3405 622 3546 694 quid
3575 621 3688 677 tale

2042 714 2113 768 de
2143 718 2347 769 caetero
2380 713 2571 770 faciat.
2606 714 2810 769 Pacem
2845 719 3038 768 tamen
3074 713 3626 784 quomodocumque
3655 727 3691 766 δ.

2042 803 2340 858 sacerdote
2360 802 2457 858 Dei
2492 802 2674 858 semel
2699 803 2894 857 datam
2927 818 3040 857 non
3064 802 3399 873 putavimus
3429 801 3694 856 auferen-

2044 891 2203 957 dam,
2257 907 2322 945 ac
2372 908 2474 961 per
2520 890 2629 945 hoc
2678 890 2894 945 Victori
2942 889 3538 945 communicationem
3578 888 3691 945 sibi

2045 994 2384 1034 concessam
2417 994 2699 1050 usurpare
2721 977 3120 1048 permisimus.

2119 1068 2320 1124 1015
2356 1067 2425 1123 ΙΙ.
2471 1071 2764 1131 Quantum
2806 1083 2939 1121 vero
2987 1067 3059 1122 ad
3091 1083 3329 1121 causam
3379 1064 3692 1120 infantium

2046 1156 2298 1227 pertinet
2348 1156 2482 1227 (11),
2545 1172 2692 1226 quos
2751 1155 2948 1210 dixisti
3005 1154 3163 1210 intra
3221 1154 3545 1209 secundum
3603 1151 3692 1208 vel

2047 1243 2288 1299 tertium
2319 1244 2473 1300 diem
2505 1261 2618 1316 quo
2668 1243 2789 1299 nati
2819 1244 2938 1300 sint
2963 1244 2985 1278 ³
3030 1241 3382 1299 constitutos
3413 1241 3693 1314 baptizari

1707 1345 1910 1405 Variae
1935 1344 2254 1406 lectiones.

356 1447 374 1480 ¹
411 1443 501 1498 Sic
532 1444 685 1498 Lam.
716 1441 848 1514 Bod.
883 1441 936 1510 l,
965 1442 1022 1497 2.
1055 1442 1217 1498 Ebor.
1267 1443 1381 1514 ΝΟ.
1421 1441 1474 1510 l,
1513 1445 1567 1514 2.
1603 1441 1727 1514 Ver.
1746 1443 1954 1514 ,Benev.
1994 1441 2242 1514 AVictore
2298 1443 2551 1514 quodam
2608 1443 2779 1514 Impr,
2810 1457 2942 1513 nup.
2996 1439 3325 1514 “ciConsilio
3374 1440 3694 1514 ijurgare

277 1515 634 1585 Therapium
667 1513 945 1586 collegam
998 1517 1264 1570 nostrum
1313 1513 1675 1570 decrevimus
1704 1512 1810 1568 NG.
1857 1516 1912 1567 2.
1988 1512 2011 1547 ³
2055 1513 2242 1577 Quam
2297 1511 2417 1569 nati
2464 1519 2604 1569 sunt
2653 1511 2782 1569 B’od.
2818 1511 2972 1579 1,’2.
3018 1512 3128 1567 NC.
3183 1513 3236 1581 1,
3265 1513 3319 1565 2.
3364 1511 3528 1567 Ebor.
3563 1513 3689 1566 Lin.

290 1586 418 1642 Bed.
457 1589 582 1642 Ver.

1707 1665 2043 1726 Variorum
2087 1669 2275 1726 notae.

286 1761 498 1820 Concil.
529 1777 626 1831 vn,
659 1778 716 1833 p.
751 1761 876 1832 103)
907 1760 1200 1817 Morellius
1221 1761 1461 1833 putavit
1490 1760 1672 1817 fuisse
1703 1765 1936 1816 tantum
1967 1764 2016 1828 B
2120 1763 2175 1833 (7

292 1832 722 1906 presbyterum.
759 1833 1058 1906 BAan.__-—
1085 1834 1182 1888 Ait
1209 1832 1562 1906 Pearsonius
1595 1833 1655 1887 in
1687 1833 1897 1906 Annal.
1925 1849 1938 1886 :

290 1903 321 1955 ᾇ
358 1903 501 1960 Dum
547 1903 633 1958 illi
683 1905 743 1959 in
792 1903 1039 1959 concilio
1083 1909 1268 1969 erant,
1318 1903 1505 1959 allata;
1554 1909 1693 1959 sunt
1740 1921 1773 1958 a
1804 1905 1942 1958 Fido

288 1976 683 2048 episcopo,ﬁut
713 1976 960 2041 videtur,
992 1976 1222 2047 scripta)
1263 1976 1487 2042 litteris,
1516 1995 1543 2025 ιι
1581 1977 1653 2030 ad
1687 1992 1780 2030 an.
1812 1976 1940 2042 253,

297 2047 439 2104 sect.
472 2065 547 2102 Ix.
587 2047 807 2103 Rou'rn.

372 2121 717 2191 (6),_Victore
771 2117 1042 2191 qucndam
1094 2118 1432 2191 presbytero.
1490 2117 1775 2191 Rigaltius
1823 2117 1938 2191 ait_:

297 2187 401 2246 Iste
433 2187 637 2245 'Victor
693 2187 967 2261 quondam
1025 2187 1106 2243 in,
1151 2187 1389 2243 Ecclesia
1436 2187 1736 2260 presbyter,
1797 2187 1945 2242 male

291 2269 512 2316 servata
557 2261 680 2332 ﬁde,
732 2261 1032 2332 Ecclesium
1075 2263 1359 2326 amiserat,
1411 2264 1461 2313 et
1504 2277 1713 2331 pacem.
1763 2261 1946 2330 Itaque

295 2336 399 2388 etsi
452 2348 640 2404 pacem
710 2331 1200 2403 quomodocunque,
1281 2333 1378 2386 hoc
1440 2335 1517 2386 est
1593 2331 1948 2401 praepropera

298 2405 555 2475 Therapii
580 2405 928 2473 festinatione
952 2405 1260 2473 recepisset,
1291 2404 1521 2457 minime
1548 2408 1740 2458 tamen
1771 2404 1947 2457 locum

297 2491 358 2529 in
408 2475 672 2544 Ecclesia,
721 2477 821 2529 hoc
866 2477 944 2529 est
986 2475 1292 2545 presbyteri
1347 2475 1605 2529 honorem
1650 2478 1942 2544 receperat,

297 2548 445 2618 Bene
501 2548 697 2618 igitur,
765 2553 928 2618 atque
1002 2562 1073 2600 ex
1122 2545 1418 2618 disciplina
1452 2617 1457 2618 γ
1491 2548 1676 2614 veteri,
1730 2547 1948 2614 scripsit

299 2617 635 2688 Cyprianus,
667 2617 732 2672 de
764 2616 982 2671 Victore
1009 2616 1280 2687 quondam
1313 2617 1646 2687 presbytero,
1679 2618 1774 2686 qui
1800 2631 1949 2670 nunc

295 2690 451 2743 inter
518 2689 684 2744 laicus
759 2689 1194 2743 communicabat
1264 2689 1538 2743 Ecclesiae.
1613 2688 1762 2743 Idem
1817 2702 1947 2754 ergo

305 2761 484 2815 Victor
527 2761 591 2815 de
639 2760 777 2814 laico
823 2760 1125 2830 presbyter,
1173 2758 1238 2814 de
1279 2760 1592 2830 presbytero
1638 2760 1841 2829 lapsus,
1883 2759 1948 2812 de

299 2831 455 2901 lapso
485 2831 772 2900 pcenitens,
803 2831 870 2885 de
896 2833 1196 2898 ptenitente
1213 2831 1422 2901 laicus.
1455 2831 1646 2900 Supra
1676 2832 1944 2884 observa-

297 2900 496 2974 vimus
544 2918 658 2974 non
709 2917 942 2974 semper
985 2902 1044 2956 in
1097 2900 1356 2974 Ecclesia
1402 2901 1750 2974 obtinuisse,
1799 2901 1947 2974 utin

299 2973 541 3028 clericos
571 2972 1002 3044 delinquentes,
1045 2972 1235 3028 solum
1271 2989 1372 3044 per
1418 2973 1840 3043 depositionem
1875 2972 1946 3025 ad

297 3043 774 3100 communionem
828 3043 1036 3099 laicam
1085 3043 1664 3098 animadverteretur.
1710 3044 1948 3098 Constat

2252 1761 2462 1817 Temere
2536 1762 2826 1832 Therapius
2882 1760 3084 1832 collega
3163 1766 3365 1817 noster.
3422 1760 3694 1815 Baluzius

2052 1832 2288 1903 quidem
2325 1834 2574 1888 duorum
2623 1833 2907 1888 librorum
2961 1839 3222 1887 veterum
3272 1833 3385 1887 fide
3433 1834 3627 1901 nixus,
3662 1848 3696 1886 a

2053 1904 2270 1976 quibus
2301 1905 2500 1958 aberat
2527 1921 2632 1959 vox
2680 1913 2896 1969 temere,
2929 1904 3132 1959 eadem
3164 1909 3228 1958 ut
3275 1921 3307 1958 a
3336 1904 3513 1960 sciolo
3546 1919 3694 1974 quo-

2053 1977 2190 2030 dam
2221 1992 2291 2030 ex
2319 1976 2697 2047 sequentibus
2738 1977 3025 2046 adjectum
3058 1976 3348 2047 neglexit;
3381 1993 3508 2047 quae
3539 1991 3695 2047 vero,

2053 2047 2180 2117 ipso
2214 2046 2427 2118 fatente
2459 2047 2580 2118 viro
2619 2047 2966 2116 clarissimo,
2997 2047 3054 2100 in
3104 2046 3372 2118 pluribus
3403 2046 3698 2102 veteribus

2056 2117 2487 2189 exemplaribus
2516 2117 2684 2173 lectio
2720 2119 2956 2173 inventa
2999 2117 3118 2185 est,
3142 2119 3289 2173 hanc
3321 2135 3424 2189 ego
3457 2118 3701 2172 minime

2058 2189 2476 2262 eliminandam
2511 2190 2728 2259 putavi,
2765 2189 3082 2262 praesertim
3137 2207 3266 2244 cum
3320 2191 3462 2244 bene
3495 2205 3700 2244 conve-

2057 2262 2208 2315 niret
2235 2261 2358 2315 loco
2387 2261 3008 2316 vocabulum.'Rou'rn.
3043 2292 3111 2299 ——

2128 2333 2439 2402 Therapius,
2471 2333 2780 2404 episcopus
2825 2332 3114 2404 Bullensis
3147 2332 3203 2385 in
3245 2332 3539 2404 provincia
3569 2347 3699 2401 pro-

2057 2404 2370 2475 consulari.
2425 2403 2643 2475 Duplex
2671 2402 2887 2458 'autem
2941 2403 3066 2466 fuit,
3125 2407 3188 2456 ut
3236 2402 3373 2475 alibi
3424 2402 3698 2475 diximus,

2057 2474 2223 2528 Bulla
2253 2476 2309 2528 in
2342 2492 2409 2529 ea
2440 2473 2754 2542 provincia,
2790 2492 2906 2529 una
2937 2475 3088 2528 dicta
3137 2473 3482 2544 simpliciter
3514 2473 3697 2544 Bulla,

2057 2547 2378 2616 cujusiste
2426 2548 2752 2617 Therapius
2806 2551 2928 2601 erat
2974 2543 3304 2615 episcopus,
3341 2545 3478 2617 alia
3537 2543 3701 2617 Bulla

2058 2615 2236 2688 regia.
2269 2618 2525 2672 Concilio
2556 2615 2997 2685 Carthaginensi
3021 2619 3130 2671 sub
3153 2616 3414 2671 Genetlio
3439 2615 3704 2688 interfuit

2057 2689 2395 2760 Epigonius,
2429 2690 2738 2760 episcopus
2767 2688 3129 2744 Bullensium
3166 2687 3495 2760 regionum,
3527 2687 3700 2760 colla-

2056 2759 2199 2815 tinni
2231 2777 2363 2815 vero
2394 2759 2837 2832 Carthaginensi
2878 2761 3028 2832 inter
3074 2759 3390 2832 catholicos
3435 2759 3700 2832 etdona-

2061 2832 2226 2886 tistas
2261 2832 2592 2886 Dominicus
2614 2829 2951 2902 i'episcopus
3002 2829 3362 2902 Bullensium
3390 2830 3700 2902 regionum

2058 2902 2398 2971 catholicus,
2431 2908 2487 2956 et
2516 2900 3012 2969 Felix—Donatista,
3044 2900 3142 2970 qui
3163 2906 3222 2956 in
3253 2901 3435 2972 gestis
3462 2907 3705 2954 vocatur

2059 2973 2403 3044 simpliciter
2432 2975 2740 3044 episcopus
2773 2973 3420 3044 Bullensis._BALUZIUs.

2130 3040 2200 3116 (8')
2259 3040 2484 3100 Decreti
2531 3040 2727 3100 nostri.
2792 3046 2962 3100 Cons.
3022 3042 3232 3113 prioris
3293 3040 3565 3114 Epistolas
3615 3057 3703 3096 uv

296 3115 591 3197 Yictorcm
623 3114 876 3197 Ecclesia
902 3115 1137 3197 pulsum
1172 3116 1242 3170 ad
1267 3115 1673 3197 pmnitentiam
1703 3129 1950 3197 eamque
1980 3131 2022 3197 ρ
2061 3114 2202 3197 init“.
2225 3117 2438 3197 linum.

302 3187 591 3242 diutinam
612 3185 960 3242 admissum.
982 3185 1137 3242 Licet
1151 3185 1284 3242 vero
1307 3187 1529 3258 synodo
1552 3191 1682 3257 post
1694 3186 1949 3241 reditum

299 3258 570 3330 Cypriani
598 3258 1067 3330 secunda,lapsis
1091 3258 1162 3312 ob
1186 3257 1648 3330 persecutionem
1673 3258 1948 3329 ingruen-

297 3335 418 3384 tem
450 3329 782 3397 indultum;
817 3334 1011 3384 tamen
1061 3329 1201 3384 non,
1226 3346 1294 3384 ea
1342 3346 1512 3384 mens
1558 3333 1797 3383 Patrum
1829 3333 1952 3383 erat

300 3405 386 3467 ut,
422 3417 560 3472 pace
591 3401 861 3456 restituta
889 3405 943 3456 et
985 3401 1145 3454 nulla
1169 3403 1494 3456 necessitate
1520 3414 1760 3469 cogente,
1793 3400 1950 3470 epis-

297 3488 483 3542 copus
533 3474 729 3526 omnia
787 3489 888 3542 pro
937 3472 1178 3526 arbitrio
1234 3472 1470 3526 laxaret.
1537 3472 1738 3526 Pacem
1795 3487 1951 3525 nunc

295 3542 568 3616 Ecclesia;
591 3542 876 3616 redditam
904 3543 1178 3616 frequens
1202 3544 1462 3616 synodus
1483 3543 1722 3616 indicat.
1751 3543 1951 3616 Fortu-

298 3615 576 3670 natianus
607 3615 808 3686 lapsus
837 3614 1113 3686 quondam
1154 3614 1433 3685 episcopus
1481 3615 1717 3680 dicitur,
1752 3614 1950 3686 statim

298 3634 576 3670 nauauus
607 3634 808 3686 lapsus
872 3634 1113 3669 uonaam
1154 3634 1433 3685 episcopus
1481 3634 1717 3680 dicitur,
1752 3634 1950 3668 statim

297 3687 402 3740 Ed.
441 3703 543 3740 va
574 3685 674 3756 (a.,
708 3634 876 3756 ιλιινῖ.
908 3685 1139 3741 FsLLus.
1174 3717 1242 3726 —
1281 3688 1627 3756 Quanquam
1661 3684 1952 3740 Pamelius

297 3762 582 3827 agnoscat
610 3757 894 3812 editiones
928 3757 1171 3812 Manutii
1205 3761 1261 3811 et
1290 3757 1536 3812 Morellii
1573 3757 1706 3811 istic
1737 3756 1952 3812 habere

297 3829 598 3898 quondam,
641 3829 828 3900 magis
873 3834 1068 3900 tamen
1113 3828 1162 3881 ei
1213 3828 1431 3900 placuit
1474 3827 1952 3900 lectioiveterum

297 3899 650 3967 editionum,
684 3899 763 3954 ini
793 3899 1009 3971 quibus
1039 3899 1324 3971 scriptum
1371 3904 1462 3954 est
1491 3899 1790 3971 quondam,
1823 3916 1950 3953 eam

297 3971 569 4026 videlicet
597 3971 670 4026 ob
701 3969 963 4035 causam,
996 3975 1061 4025 ut
1091 3969 1188 4043 ille
1228 3971 1517 4043 ait,quod
1553 3970 1698 4025 satis
1729 3975 1955 4025 constet

295 4058 368 4096 ex
399 4043 778 4113 sequentibus
811 4043 1003 4096 adhuc
1049 4041 1262 4097 vixisse
1310 4041 1602 4097 Victorem
1655 4043 1950 4112 presbyte-

298 4129 434 4168 rum
493 4129 626 4168 cum
687 4113 1010 4184 Cyprianus
1068 4113 1220 4168 hanc
1276 4113 1584 4184 epistolam
1649 4114 1946 4168 scriberet.

297 4185 587 4257 Quodest
633 4185 1075 4257 certissimum._
1103 4184 1322 4239 Verum
1373 4201 1481 4238 vox
1530 4185 1815 4257 quondam
1837 4199 1950 4257 non

296 4255 638 4326 accipienda
669 4264 753 4312 est
800 4257 856 4310 in
906 4255 1015 4310 hoc
1062 4254 1187 4309 loco
1237 4254 1820 4327 tanquam'intelligi
1854 4256 1951 4309 de-

296 4327 463 4381 beret
517 4328 588 4382 de
644 4327 877 4382 homine
935 4327 1378 4398 defuncto,ised
1430 4329 1501 4383 de
1549 4344 1617 4382 eo
1668 4328 1768 4398 qui
1817 4343 1949 4380 cum

300 4398 697 4469 paenitentiam
733 4398 1054 4468 accepisset
1085 4402 1214 4470 post
1249 4397 1503 4470 lapsum,
1537 4397 1798 4470 dejeCtus
1831 4401 1954 4452 erat

301 4471 405 4564 9?-
439 4470 578 4564 3.53.9
589 4469 1950 4564 ³.,μέἷῗὲδζᾶῗῗῗῖμ,ἓξῗὶλῌίηῖῗεέηιῖῗέίδξᾳμὶλέἷῗε
1984 4501 2028 4564 D

295 4557 423 4610 pag.
459 4542 579 4607 110,
615 4539 830 4613 legitur
874 4541 1330 4596 Fortunatianum
1379 4539 1654 4613 quondam
1682 4539 1829 4611 apud
1859 4556 1949 4594 vos

296 4612 990 4694 episcopum,_Lectionem
1042 4629 1212 4682 porro
1246 4612 1421 4694 quam
1472 4630 1592 4694 nos.
1610 4628 1950 4694 revocamus

297 4682 574 4738 exhibent
597 4683 728 4737 libri
749 4689 970 4739 veteres
992 4692 1045 4737 et
1070 4682 1472 4739 vetustissima
1491 4683 1671 4752 hujus
1693 4683 1948 4753 epistola!

297 4754 487 4826 versio
506 4754 752 4826 Syriaca
782 4772 954 4826 quam
986 4759 1179 4809 servat
1201 4755 1552 4810 biblio‘beca
1583 4753 1944 4826 serenissimi

294 4825 470 4898 Ducis
500 4824 821 4898 Florentiae,
853 4827 935 4881 uti
965 4843 1069 4898 ego
1102 4827 1297 4898 accepi
1317 4844 1350 4880 a
1378 4827 1500 4898 viro
1532 4826 1702 4898 istius
1734 4824 1946 4896 linguae

293 4902 356 4951 et
385 4896 670 4968 bonarum
704 4896 1023 4968 litterarum
1051 4897 1406 4968 peritissimo
1438 4897 1686 4952 Eusebio
1718 4900 1944 4968 Rennu-

293 4967 479 5040 dotio.
509 4968 600 5023 Sic
633 4969 690 5023 in
723 4967 970 5040 epistola
996 4967 1203 5023 Felicis
1228 4969 1389 5040 Papae
1414 4969 1510 5033 ΙΙΙ,
1544 4969 1615 5024 ad
1650 4967 1945 5031 Acacium,

293 5039 572 5110 quondam
598 5039 889 5110 episcopos,
922 5056 1074 5094 nunc
1100 5056 1224 5095 vero
1250 5039 1451 5095 honore
1480 5048 1530 5096 et
1563 5041 1948 5096 communione

288 5112 554 5236 grivatos.
590 5109 843 5165 Possunt
873 5111 1110 5181 reperiri
1136 5112 1391 5182 plurima
1410 5109 1676 5182 exempla
1706 5110 1943 5164 similia.

343 5199 493 5236 ALUZ.
527 5215 592 5222 —-
623 5183 860 5236 Clericis
899 5182 1055 5236 haud
1106 5183 1343 5236 licuisse
1393 5183 1492 5236 cui
1545 5180 1943 5236 ncenitentiam

343 5199 493 5254 5va.
527 5215 592 5222 —-
623 5183 860 5238 Clericis
899 5180 1055 5237 haud
1106 5180 1343 5238 licuisse
1384 5183 1492 5254 qui
1545 5180 1944 5254 paenitentiam

288 5253 571 5323 egissent,
607 5255 861 5324 recipere
906 5254 1099 5309 locum
1156 5271 1326 5309 suum
1378 5252 1435 5307 in
1481 5253 1756 5316 Ecclesia,
1801 5252 1945 5324 satis

288 5325 552 5378 oslendit
581 5323 850 5380 Basilidis
899 5326 1229 5395 exemplum
1281 5325 1339 5379 in
1390 5324 1600 5379 litteris
1641 5323 1944 5395 Synodicis

339 5397 554 5450 roxime
607 5402 740 5467 post
797 5398 903 5451 bas
958 5395 1339 5466 sequentibus
1396 5401 1941 5467 commemoratum.

324 5468 574 5537 demque
605 5465 774 5522 nobis
804 5465 1100 5522 inculcant
1129 5484 1261 5521 cum
1291 5467 1579 5538 Rigaltius
1606 5468 1782 5522 etiam
1806 5465 1945 5520 alibi

289 5539 350 5610 in
389 5539 539 5594 Notis
566 5539 637 5593 ad
669 5540 1028 5609 Cyprianum,
1055 5543 1180 5592 tum
1209 5539 1612 5610 Albaspinsaus
1643 5538 1941 5610 Observatt.

288 5609 360 5663 de
393 5611 673 5664 Veteribus
716 5611 928 5664 Eccles.
986 5612 1088 5665 Rit.
1141 5610 1241 5664 lib.
1295 5626 1356 5676 ιι,
1398 5609 1533 5682 cap.
1568 5611 1657 5664 34.
1704 5610 1774 5663 Et
1805 5609 1946 5682 Bin-

287 5682 550 5754 ghamus
581 5683 852 5752 Antiquil.
902 5683 1100 5739 Eccles.
1154 5682 1354 5737 Christ.
1404 5680 1507 5737 lib'.
1553 5699 1617 5748 ιι,
1650 5697 1700 5736 c.
1731 5682 1787 5751 2,
1821 5680 1884 5754 §§
1911 5681 1947 5734 2

287 5757 352 5807 et
380 5753 432 5807 4.
467 5751 688 5807 Rou'm.

287 5757 352 5810 et
380 5757 432 5807 4.
468 5757 688 5809 Rou'rn.

2133 3188 2207 3258 (9)
2236 3188 2363 3242 Sine
2401 3189 2579 3259 petitu
2625 3195 2673 3242 et
2722 3187 3053 3242 conscientia
3097 3184 3290 3256 plebis.
3341 3185 3458 3259 Hoc
3503 3183 3704 3259 saepis-

2059 3256 2207 3314 sime
2237 3256 2835 3323 dicit,‘communicato
2885 3261 3054 3314 etiam
3102 3273 3228 3311 cum
3275 3257 3428 3381 plﬁbe
3455 3256 3704 3311 consilio.

3380 3344 3558 3381 IGALT.

3380 3344 3558 3381 IGALT.

2131 3401 2243 3471 (10)
2290 3401 2455 3455 Nulla
2504 3401 2826 3469 inﬁrmitate
2875 3409 3211 3471 argenteae
3254 3402 3574 3471 necessitate
3619 3413 3705 3451 co-

2059 3469 2240 3539 gente.
2271 3472 2593 3543 Signiﬁcari
2646 3471 2753 3543 hoc
2798 3469 3246 3542 loto'Anglicus
3297 3469 3705 3543 monetinter-

2062 3559 2194 3613 pres
2225 3541 2356 3599 duo'
2397 3541 2746 3614 pcenitentie
2804 3541 3152 3607 laxamenta,
3203 3559 3330 3612 qua:
3378 3541 3435 3594 in
3481 3541 3709 3614 duabus

2063 3612 2299 3684 synodis
2330 3612 2606 3669 concessa
2635 3615 2886 3678 fuerant,
2918 3631 3167 3685 quorum
3199 3614 3446 3668 alterum
3476 3612 3711 3685 permit-

2061 3683 2217 3739 tebat
2249 3685 2677 3741 absolutionem
2728 3703 2901 3756 quam
2939 3683 3223 3741 clinicam
3255 3691 3443 3748 vocat,
3478 3683 3710 3756 devita

2062 3757 2549 3830 periclitantibus,
2584 3756 2831 3830 alterum
2876 3758 3216 3830 ignoscebat
3271 3755 3707 3830 paenitentibus,

2062 3827 2370 3900 ingruente
2393 3827 2792 3899 persecutione
2813 3835 2870 3885 et
2892 3827 3304 3883 minitantibus
3327 3828 3547 3898 iniquis
3570 3831 3712 3882 tem-

2062 3900 2324 3970 poribus.
2361 3901 2580 3954 Rou'rn.

2134 3971 2245 4041 (il)
2279 3972 2554 4044 Quantum
2582 3987 2708 4044 vero
2737 3971 2807 4044 ad
2833 3988 3059 4044 causam
3112 3971 3421 4044 infantium
3449 3969 3707 4037 pertinet,

2064 4042 2250 4096 Locus
2308 4042 2559 4114 insignis
2606 4043 2677 4097 de
2735 4043 3034 4114 Baptismo
3087 4042 3458 4114 parvulorum
3505 4044 3710 4114 contra

2061 4111 2498 4184 Anabaptistas,
2532 4115 2702 4183 cujus
2755 4111 3021 4169 meminit
3075 4111 3252 4169 etiam
3303 4119 3444 4184 tom.
3502 4113 3572 4184 ll,
3603 4111 3707 4165 lib.

2060 4183 2125 4238 de
2155 4182 2358 4255 Lapsis.
2408 4182 2692 4239 Eunidem
2743 4190 3074 4256 agnoscunt
3115 4190 3178 4239 D.
3228 4182 3708 4256 CyrillusHiero-

2063 4254 2450 4326 solymitanus
2481 4256 2750 4311 Catechesi
2771 4254 3009 4329 mystag.
3046 4254 3430 4329 IiGregINaz.
3466 4254 3612 4329 Orat.
3647 4271 3708 4320 ιι,

2061 4328 2123 4400 in
2150 4325 2401 4382 sanctum
2445 4330 2785 4383 Lavacrum:
2817 4325 3017 4400 Chrys.
3070 4325 3239 4382 hom:
3259 4328 3331 4382 ad
3375 4325 3711 4400 Neophytos,

2062 4397 2218 4453 hom.
2257 4417 2332 4464 1x,
2386 4401 2447 4453 in
2499 4403 2637 4455 Gen.
2691 4405 2746 4453 et
2784 4401 2844 4453 in
2892 4397 3035 4455 Psal.
3089 4415 3204 4459 xw.
3236 4415 3300 4453 ac
3348 4398 3613 4452 Ambros.
3651 4399 3709 4450 in.

2061 4471 2284 4524 Lucam.
2337 4471 2624 4524 Eumdem
2684 4475 2746 4524 Ι).
2810 4473 2957 4541 Aug.
3023 4472 3093 4524 ab
3140 4471 3410 4525 universa
3456 4468 3709 4541 Ecclesia

2061 4543 2432 4596 observatum
2466 4541 2647 4596 fuisse
2691 4540 2940 4596 testatur
2988 4543 3333 4610 frequenter,
3387 4540 3701 4612 praesertim

2061 4617 2254 4666 autem
2313 4613 2416 4682 Ep.
2465 4614 2554 4678 28,
2612 4613 2728 4680 jam
2779 4613 2936 4668 dicta
2992 4618 3048 4668 et
3104 4612 3204 4667 lib.
3259 4631 3343 4681 ιιι,
3387 4613 3453 4667 de
3503 4615 3704 4678 peccat.

2060 4683 2232 4737 Merit.
2282 4692 2335 4737 et
2391 4685 2630 4746 remiss.,
2685 4700 2735 4738 ο.
2784 4685 2838 4750 6,
2886 4687 2944 4748 7,
2991 4685 3045 4752 8,
3088 4683 3143 4752 9,
3202 4685 3301 4739 ubi
3354 4688 3537 4738 totam
3591 4683 3706 4738 fere

2056 4753 2207 4826 hanc
2237 4753 2378 4808 citat
2408 4753 2737 4824 epistolam,
2761 4757 3055 4826 quomodo
3085 4755 3261 4810 etiam
3284 4755 3385 4810 lib.
3411 4773 3486 4823 ιν,
3519 4759 3707 4812 contra

2056 4825 2192 4880 duas
2220 4826 2476 4894 epistolas
2506 4827 2716 4894 Pelag.,
2749 4825 2798 4880 οξ
2831 4828 2883 4880 8.
2920 4832 2975 4882 et
3004 4827 3106 4880 lib.
3139 4844 3200 4896 ιι,
3251 4831 3444 4882 contra
3472 4828 3705 4892 Julian.,

2057 4913 2104 4969 c.
2137 4897 2191 4950 3.
2214 4897 2544 4969 Confirmat
2576 4901 2847 4969 eumdem
2881 4898 3245 4969 Baptismum
3279 4898 3386 4952 hac
3421 4897 3710 4969 sententia

2055 4967 2323 5040 Cypriani
2382 4974 2440 5040 et
2497 4968 2864 5038 Collegarum
2928 4967 2992 5024 Π.
3055 4969 3315 5032 Hieron.,
3364 4968 3706 5040 sub_tine_m

2057 5037 2157 5094 lib.
2220 5056 2302 5103 ιιι,
2357 5039 2560 5110 dialog.
2623 5037 2816 5096 centra
2875 5041 3225 5108 Pelagianos.
3308 5045 3428 5094 Iino
3487 5037 3706 5093 Concil.

2058 5109 2298 5164 Milevit.
2355 5109 2595 5173 can.’2,
2655 5113 3024 5167 anathemate
3099 5128 3232 5166 eum
3285 5111 3546 5178 damnat,
3607 5109 3705 5180 qui

2056 5188 2229 5251 negat
2287 5183 2664 5253 baptizandos
2723 5185 2992 5254 parvulos
3065 5185 3327 5237 recentes
3394 5182 3466 5236 ab
3525 5181 3705 5236 uteris

2056 5257 2518 5326 matrum._Ante
2547 5271 2678 5308 vero
2721 5255 2784 5308 D.
2838 5255 3187 5326 Cyprianum
3243 5254 3506 5326 ejusdem
3541 5269 3704 5306 men-

2057 5325 2270 5378 tionem
2301 5324 2536 5380 disertis
2568 5327 2758 5381 verbis
2793 5324 3045 5395 repe’rire
3073 5334 3180 5392 est,
3215 5326 3367 5394 apud
3401 5324 3702 5395 Origencm

2055 5397 2116 5450 in
2146 5397 2312 5451 Leuit.
2365 5396 2522 5451 hom.
2573 5398 2625 5460 8,
2681 5399 2738 5450 in
2792 5399 2919 5451 Luc.
2968 5402 3023 5450 et
3072 5398 3132 5450 in
3184 5397 3350 5466 Epist.
3400 5397 3481 5450 ad
3527 5397 3702 5451 Rom.

2057 5483 2183 5535 cap.
2241 5467 2312 5532 6;
2374 5467 2795 5523 Tertullianum
2853 5467 2953 5522 lib.
3021 5467 3087 5521 de
3142 5469 3362 5528 Anima.
3421 5467 3704 5522 Irenazum

2054 5547 2246 5594 contra
2305 5537 2444 5593 Haer.
2507 5539 2585 5592 lib
2675 5557 2738 5606 ιι,
2799 5556 2923 5609 cap.
2985 5539 3092 5603 39;
3167 5538 3467 5594 Justinum
3527 5544 3700 5594 mart.

2056 5612 2260 5678 quaest.
2292 5609 2403 5674 56;
2438 5610 2789 5664 Clementem
2813 5613 3139 5664 Romanum
3176 5609 3274 5663 lib.
3306 5627 3382 5675 v1,
3416 5610 3700 5666 Constitut.

2052 5681 2260 5751 Apost.,
2294 5694 2418 5753 cap.
2456 5683 2540 5753 11,
2575 5686 2631 5736 et
2661 5681 2898 5752 Dionys.
2949 5683 3154 5753 Areop.
3190 5680 3293 5737 ult.
3343 5697 3469 5752 cap.
3501 5683 3700 5753 Eccles.

2055 5749 2410 5807 Hierarchiae.
2436 5752 2540 5816 Qui
2565 5757 2706 5810 Dion
2719 5797 2731 5808 .
2756 5749 2831 5807 ad
2849 5749 3265 5809 traditionnem
3285 5749 3698 5824 Apostolorum
