4098 6178
189 320 348 383 1053

1206 315 1402 378 PARS
1448 315 1497 376 Ι.
1536 347 1606 361 -
1639 313 2144 381 MONUMENTA
2187 315 2597 380 VETERUM.

3445 329 3602 390 1054

181 455 436 528 gratiam
466 452 718 508 dandam
748 450 1165 523 impedimento
1196 465 1324 506 esse
1363 452 1647 521 oportere.
1679 449 1832 504 Scri-
1863 448 1918 517 Α
1946 449 2078 514 Quae
2110 449 2302 521 imago
2337 452 2584 506 cessavit
2613 454 3061 525 superveniente
3095 458 3471 528 postmodum
3505 477 3597 516 ve-

182 550 351 618 ptum
387 547 475 599 est
521 541 673 597 enim
707 542 834 609 (Tit.
894 557 934 605 1,
993 539 1136 610 l5):
1197 540 1399 595 Omnia
1450 538 1657 592 munda
1712 547 1840 594 sunt

182 632 430 688 mundis.
456 632 570 686 Nec
593 630 811 702 aliquis
842 635 1109 684 nostrum
1147 628 1201 682 id
1235 627 1656 683 debethorrere
1682 627 1836 698 quod

182 727 338 778 Deus
368 723 644 794 dignatus
675 724 763 775 est
807 719 1018 773 facere.
1055 717 1196 773 Nam
1238 717 1346 772 etsi
1403 716 1595 771 adhuc
1645 715 1841 770 infans

182 815 352 882 partu
386 824 570 864 novus
600 813 710 870 est,
744 823 860 862 non
911 807 993 861 ita
1045 812 1135 862 est
1191 809 1388 860 tamen
1447 807 1512 858 ut
1565 804 1838 876 quisdam

180 899 353 953 illum
387 900 444 953 in
475 897 662 968 gratia
694 897 888 951 danda
906 899 1082 966 atque
1137 894 1192 949 in
1228 909 1370 966 pace
1417 893 1683 949 facienda
1705 891 1839 947 hor-

176 1002 310 1042 rere
355 986 560 1040 debeat
591 983 863 1050 osculari,
922 984 1157 1056 quando
1216 984 1275 1038 in
1337 982 1538 1038 osculo
1597 980 1840 1036 infantis

178 1074 592 1146 unusquisque
615 1078 882 1128 nostrum
907 1089 1010 1143 pro
1033 1089 1140 1126 sua
1162 1071 1442 1142 religione
1471 1071 1631 1141 ipsas
1651 1067 1842 1124 adhuc

179 1169 443 1219 recentes
477 1162 572 1216 Dei
606 1178 816 1216 manus
847 1162 1055 1215 debeat
1103 1160 1378 1232 cogitare,
1422 1176 1570 1231 quas
1619 1160 1677 1213 in
1736 1158 1840 1212 ho-

181 1253 342 1308 mine
374 1251 544 1306 modo
576 1252 823 1305 formato
854 1251 873 1283 ⁷
904 1254 960 1304 et
982 1265 1182 1304 recens
1217 1250 1477 1319 quodam
1510 1249 1682 1304 modo
1713 1263 1842 1301 exo-

179 1339 489 1396 sculamur
518 1338 752 1409 quando
785 1337 842 1392 id
873 1336 1026 1409 quod
1056 1335 1208 1392 Deus
1239 1336 1370 1392 fecit
1407 1335 1834 1408 amplectimur.

181 1430 335 1486 Nam
384 1428 535 1499 quod
569 1427 589 1460 ⁸
619 1426 934 1496 injudaica
957 1425 1402 1482 circumcisione
1432 1425 1650 1482 carnali
1683 1433 1842 1483 octa-

179 1535 292 1572 vus
325 1519 345 1551 ⁹
372 1517 496 1571 dies
527 1516 966 1581 observabatur,
1025 1519 1462 1570 sacramentum
1510 1521 1598 1571 est
1616 1516 1730 1588 (22)
1781 1516 1841 1572 in

183 1607 402 1661 umbra
430 1610 606 1675 atque
636 1603 694 1658 in
727 1601 984 1675 imagine
1009 1607 1141 1658 ante
1183 1603 1574 1674 praemissum,
1613 1605 1712 1660 sed
1746 1623 1840 1660 ve-

187 1695 390 1750 niente
417 1692 647 1749 Christo
681 1692 919 1748 veritate
944 1691 1300 1763 cempletum
1351 1693 1484 1763 (23).
1536 1693 1682 1748 Nam
1741 1694 1841 1766 qui

183 1791 428 1840 octavus
478 1781 624 1847 dies,
659 1781 713 1835 id
746 1786 856 1848 est,
910 1785 1040 1850 post
1086 1781 1404 1835 Sabbatum
1438 1781 1664 1852 primus
1694 1783 1839 1854 dies,

179 1875 421 1926 futurus
457 1874 582 1925 erat
633 1871 678 1904 1°
726 1886 838 1940 quo
884 1869 1170 1924 Dominus
1228 1877 1576 1941 resurgeret,
1636 1876 1693 1926 et
1731 1889 1842 1927 nos

175 1961 500 2015 viviﬁcarct
529 1966 584 2014 et
616 1957 1124 2014 circumcisionem
1162 1958 1330 2012 nobis
1364 1959 1687 2030 spiritalem
1737 1961 1838 2016 da-

178 2055 303 2116 ret;
338 2049 430 2103 hic
461 2049 670 2103 1018
690 2048 812 2102 dies
837 2051 1095 2113 octavus,
1127 2046 1183 2100 id
1216 2051 1327 2116 est,
1354 2051 1483 2118 post
1512 2048 1834 2105 Sabbatum

180 2138 416 2210 primus
445 2142 502 2193 et
529 2136 862 2192 dominicus
895 2135 1027 2206 (24),
1085 2135 1381 2206 praecessit
1437 2136 1493 2190 in
1553 2137 1830 2209 imagine.

1948 539 2119 593 ritate
2140 542 2196 592 et
2223 539 2358 593 data
2399 541 2567 596 nobis
2599 541 2840 612 spiritali
2872 543 3340 602 circumcisione.

2017 627 2083 681 V.
2113 633 2355 698 Propter
2384 629 2537 699 quod
2570 631 2681 702 (25)
2715 632 3008 688 neminem
3038 639 3314 704 putamus
3346 654 3378 692 a
3411 639 3599 709 gratia

1949 717 2358 787 consequenda
2389 718 2500 788 (26)
2531 718 2969 789 impediendum
3003 738 3130 777 esse
3181 739 3247 778 ea
3299 724 3423 796 lege
3481 744 3608 796 quae

1941 805 2066 876 jam
2111 807 2335 860 statuta
2391 810 2498 875 est,
2551 821 2655 861 nec
2714 807 3035 879 spiritalem
3104 809 3609 870 circumcisionem

1948 891 2220 964 impediri
2241 892 2458 948 carnali
2490 895 2930 951 circumcisione
2963 898 3192 967 debere,
3228 901 3327 956 sed
3367 919 3604 961 omnem

1949 981 2188 1037 omnino
2235 981 2531 1038 hominem
2579 983 3009 1040 admittendum
3064 1003 3192 1042 esse
3231 989 3302 1043 ad
3349 991 3612 1062 gratiam

1950 1069 2183 1136 Christi,
2205 1071 2437 1141 quando
2450 1075 2506 1126 et
2520 1071 2726 1126 Petrus
2744 1072 2799 1126 in
2825 1072 2979 1128 Actis
2999 1075 3396 1145 apostolorum
3415 1077 3614 1151 loqua-

1950 1163 2046 1213 tur
2096 1164 2152 1214 et
2173 1159 2330 1213 dicat
2359 1160 2496 1229 (Act.
2531 1177 2584 1224 x,
2617 1163 2707 1229 28)
2736 1177 2747 1214 :
2782 1162 3045 1216 Dominus
3075 1165 3220 1218 mihi
3245 1166 3389 1221 dixit
3418 1172 3601 1224 nemi-

1949 1263 2075 1300 nem
2104 1247 2381 1302 hominem
2399 1263 2739 1303 communem
2764 1252 2803 1284 ¹¹
2831 1251 3125 1305 dicendum
3158 1255 3207 1306 et
3228 1255 3597 1313 immundum.

1951 1334 2235 1390 Caeterum
2259 1334 2304 1390 si
2342 1335 2607 1391 homines
2637 1337 2921 1409 impedire
2953 1337 3171 1410 aliquid
3205 1343 3273 1396 ad
3326 1361 3611 1400 consecu-

1951 1425 2169 1479 tionem
2192 1424 2389 1496 gratie
2422 1430 2638 1496 posset,
2674 1426 2857 1497 magis
2886 1427 3117 1482 adultos
3149 1435 3207 1484 et
3237 1438 3535 1502 provectos
3553 1439 3611 1490 et

1953 1516 2202 1583 majores
2234 1518 2370 1568 natu
2414 1520 2652 1584 possent
2681 1514 2964 1586 impedire
3023 1524 3257 1587 peccata
3313 1523 3605 1592 graviora.

1952 1605 2126 1659 Porro
2177 1608 2371 1658 autem
2404 1603 2518 1673 (27)
2548 1604 2596 1658 si
2629 1605 2804 1658 etiam
2836 1603 3204 1676 gravissimis
3243 1611 3288 1642 ¹²
3323 1609 3609 1666 delictori-

1953 1693 2063 1748 bus
2094 1692 2229 1764 (28).
2261 1697 2315 1747 et
2339 1693 2394 1746 in
2421 1696 2601 1748 Deum
2626 1692 2881 1749 multum
2897 1697 3032 1749 ante
3049 1698 3616 1766 peccantibus,cum-

1953 1786 2154 1853 postea
2183 1781 2554 1849 crediderint,
2588 1781 2834 1837 remissa
2877 1788 3244 1854 peccatorum
3269 1787 3464 1854 datur,
3497 1795 3553 1844 et
3575 1807 3609 1845 a

1952 1869 2244 1942 baptismo
2270 1873 2446 1939 atque
2475 1887 2509 1924 a
2539 1871 2729 1941 gratia
2759 1887 2929 1926 nemo
2965 1872 3326 1945 prohibetur,
3387 1883 3606 1948 quanto

1952 1957 2139 2030 magis
2172 1957 2464 2030 prohiberi
2495 1975 2607 2012 non
2641 1959 2811 2014 debet
2833 1960 3046 2027 infans,
3073 1963 3170 2032 qui
3203 1980 3403 2020 recens
3426 1971 3600 2022 natus

1948 2046 2093 2102 nihil
2127 2046 2401 2118 peccavit,
2435 2046 2550 2101 nisi
2580 2049 2734 2118 quod
2750 2050 3076 2104 secundum
3110 2051 3297 2107 Adam
3329 2055 3442 2125 (29)
3475 2071 3602 2110 car-

1944 2136 2154 2192 naliter
2215 2141 2389 2190 natus
2436 2136 2770 2207 contagium
2828 2139 3035 2194 mortis
3095 2137 3299 2196 I019
3345 2143 3604 2214 antiquae

1601 2245 1804 2305 Varia:
1863 2243 2186 2305 lectiones.

247 2343 268 2377 τ
292 2340 572 2397 Recenter
589 2343 722 2395 nato
757 2343 988 2410 August.
1023 2339 1244 2396 Recens
1276 2346 1422 2412 nato
1455 2342 1892 2412 quodammpdo
1953 2340 2125 2396 Oxon.

1697 2417 1741 2449 1°
1769 2414 2000 2468 Primus
2041 2413 2274 2467 futurus
2304 2413 2458 2466 Lam.
2489 2411 2632 2467 Bod.
2669 2414 2717 2467 1.
2796 2415 2837 2450 ¹¹
2874 2411 3178 2471 Neminem
3223 2434 3600 2475 communem

233 2413 689 2468 Circumcisione
717 2416 955 2466 octavus
985 2412 1138 2466 Lam.
1173 2411 1307 2467 Bod.
1331 2415 1390 2468 2.
1424 2411 1530 2468 ΝΕ.
1564 2413 1615 2468 l.

174 2486 322 2540 Bod.
347 2485 402 2539 2.
439 2485 483 2520 ι²
514 2483 868 2540 Delictorum
901 2483 1029 2538 Thu.
1063 2482 1224 2538 Corb.

2230 2340 2250 2373 ⁸
2307 2339 2550 2402 Quando
2606 2341 2760 2412 Lam.
2821 2343 2926 2398 NG.
3000 2342 3050 2412 1,
3111 2345 3246 2401 Bod.
3305 2348 3359 2410 2,
3436 2349 3595 2402 Ebor.

1617 2558 1949 2618 Variorum
1979 2563 2169 2615 notae.

173 2663 283 2717 bat
313 2660 563 2734 osculari
597 2676 797 2734 recens
820 2665 989 2734 natos
1019 2660 1294 2734 infantes,
1329 2661 1622 2734 cumsuis
1653 2662 1843 2734 impe-

181 2733 466 2788 dimentis
496 2733 766 2804 profusos
818 2733 1021 2804 utique
1079 2739 1136 2787 et
1182 2731 1418 2798 oblitos,
1467 2731 1842 2804 indeque—in

185 2811 457 2885 9_ctavnm
491 2803 904 2885 a_partuhdhiem
927 2803 1147 2885 differri
1194 2804 1558 2885 Raptismum
1592 2803 1841 2885 volebat.

183 2876 497 2931 Horrorem
514 2874 754 2929 discutit
773 2877 1097 2946 Cyprianus
1113 2874 1322 2946 iisdem
1343 2882 1644 2946 argument
1659 2877 1705 2930 is
1723 2877 1849 2946 qui-

188 2949 304 3002 bus
362 2946 756 3001 Tertullianus
803 2945 1116 3001 Marcionis
1148 2945 1391 3000 heresin
1416 2945 1844 3002 iconfutavi’ex-

186 3019 486 3073 horrentis
531 3017 660 3072 fidei
693 3017 1021 3072 Christianae
1046 3017 1355 3073 articulum
1386 3035 1500 3088 quo
1547 3019 1841 3074 Christum

188 3089 408 3144 Filium
438 3088 562 3153 Dei,
585 3090 655 3144 de
688 3089 880 3143 Maris:
908 3088 1165 3160 Virginis
1199 3093 1361 3143 utero
1390 3105 1522 3144 vere
1544 3090 1840 3145 hominem

182 3165 394 3215 natum
444 3160 789 3215 asserimus.
832 3159 1080 3215 Christus
1135 3159 1332 3214 dilexit
1364 3160 1639 3217 hominem
1680 3162 1843 3216 illum

177 3231 562 3286 immunditiis
601 3235 658 3284 in
704 3240 855 3286 utero
885 3233 1253 3302 coagulatum,
1287 3233 1446 3286 illum
1463 3249 1567 3298 per
1591 3233 1845 3303 pudenda

170 3303 478 3374 prolatum,
512 3303 675 3357 illum
709 3319 807 3373 per
837 3303 1078 3357 ludibria
1104 3304 1420 3374 nutritum.
1451 3304 1686 3373 Propter
1716 3321 1842 3359 eum

1955 2661 2046 2716 die
2061 2659 2291 2715 Domini
2300 2675 2386 2727 ca,
2405 2658 2672 2714 Christus
2687 2664 3114 2719 resurrexisset.
3131 2667 3436 2723 Tractatus
3454 2669 3608 2727 Petri

1955 2734 2025 2787 de
2046 2733 2198 2808 _Rivo
2223 2731 2418 2808 editus
2450 2731 2741 2808 fuitnanno
2778 2733 3028 2808 1492.,in
3060 2737 3204 2792 urbe
3235 2739 3602 2808 Lovaniensi,

1954 2810 2010 2860 et
2043 2803 2202 2859 Pauli
2236 2802 2515 2857 adversus
2556 2801 2789 2857 Petrum
2851 2805 2909 2859 in
2943 2806 3090 2862 libro
3121 2815 3280 2864 sexto
3312 2811 3383 2866 de
3427 2801 3604 2868 Recta

1954 2876 2190 2930 Paschae
2222 2872 2629 2929 celebratione.
2660 2876 2731 2927 At
2762 2877 3046 2933 tractatus
3066 2878 3300 2934 Thomas
3340 2884 3602 2941 nondum

1952 2946 2148 3002 editus
2179 2945 2427 2999 habetur
2458 2945 2516 2998 in
2567 2944 2922 3003 bibliotheca
2945 2949 3122 3007 regia.
3160 2952 3361 3007 Bawz.

2024 3018 2136 3086 (25)
2160 3016 2566 3087 Propterquod,
2599 3020 2706 3070 etc.
2771 3017 2963 3074 Refert
3010 3016 3165 3076 hunc
3220 3021 3410 3079 locum
3468 3041 3604 3080 san-

1952 3092 2092 3163 ctus
2111 3085 2478 3163 Augustinus
2509 3091 2930 3163 sermone_29-’i,
2965 3105 3093 3163 pag.
3129 3092 3266 3148 1193
3296 3111 3454 3151 novae
3486 3097 3603 3151 edi-

1951 3160 2150 3234 tionis.
2180 3159 2493 3234 _Ricnzius.
2526 3189 2594 3198 ——
2619 3159 2725 3234 _Ibi
2775 3160 2858 3234 S._
2888 3159 3275 3234 Augustinus,
3325 3165 3411 3221 vel
3447 3167 3598 3222 alius

1996 3229 2370 3306 uis,_adduxit
2388 3230 2602 3294 locum,
2619 3229 2740 3306 haec
2763 3229 3293 3306 quidempraefatus
3321 3255 3334 3293 :
3365 3238 3598 3294 Sanctus

1952 3248 2107 3357 guns,
2128 3248 2370 3284 auauxu
2389 3248 2602 3294 locum,
2622 3248 2740 3284 haec
2763 3248 2998 3303 qumem
3019 3248 3293 3306 praefatus
3321 3255 3334 3293 :
3365 3248 3598 3294 Sanctus

1993 3304 2263 3385 yprianus
2302 3309 2398 3385 est,
2432 3317 2618 3385 'quem
2668 3301 2750 3385 in.
2783 3310 3313 3385 manushsumpsi,‘
3339 3311 3599 3380 antiquus

170 3361 744 3450 propter
798 3373 1301 3450 eum__pr_edicgvit.
1349 3375 1434 3450 _Tu
1483 3361 1600 3450 haec
1650 3377 1840 3450 erube-
1871 3361 1914 3427 C
1953 3361 2232 3450 episcOpus
2256 3361 2397 3450 sedis
2426 3361 2590 3450 hujus
2620 3369 2750 3443 quid
2795 3376 3024 3450 senserit
3052 3378 3116 3433 de
3160 3361 3592 3450 basianum;

175 3445 383 3500 scenda
415 3443 510 3498 illi
522 3443 676 3514 facis
707 3460 830 3516 qum
859 3443 1124 3500 redimit?
1155 3447 1226 3500 Tu
1265 3445 1613 3500 exhorrescis
1661 3449 1719 3501 in
1753 3449 1840 3502 in-

171 3517 347 3592 fante
376 3524 614 3592 recentes
670 3517 855 3592 adhuc
878 3518 984 3592 _D_ei
1011 3533 1207 3592 m_a_nus_
1235 3520 1260 3568 .9
1288 3522 1503 3592 ﬂatura
1526 3516 1842 3592 _veneranda

174 3587 293 3651 est.
323 3603 433 3643 non
463 3587 842 3660 erubescenda.
878 3587 1007 3643 Haec
1047 3587 1258 3660 Rigalt,
1301 3588 1481 3660 Totus
1525 3588 1621 3643 hic
1665 3605 1840 3660 appa-

177 3664 354 3715 ratus
387 3674 460 3731 βξ(
492 3657 735 3731 Ethnica
791 3657 1206 3731 superstitione
1251 3659 1534 3731 originem
1585 3657 1843 3730 sumpsit

174 3729 539 3799 Macrobius,
565 3728 666 3802 lib.
704 3747 741 3800 ι,
777 3728 902 3802 cap.
940 3732 1004 3785 16
1041 3748 1054 3786 :
1109 3734 1226 3795 lt'st,
1276 3730 1488 3801 inquit,
1521 3728 1842 3786 Nundinum

167 3806 542 3883 Romanorum
569 3801 697 3883 Dea,
724 3819 764 3883 ς,
807 3801 954 3883 neno
993 3802 1112 3883 dies
1138 3805 1488 3883 nascentium
1520 3811 1842 3883 nuncupata

171 3875 278 3958 qui
304 3871 566 3928 histricus
621 3872 844 3927 dicitur.
905 3875 1004 3927 Est
1060 3878 1241 3955 autem
1264 3873 1394 3956 dies
1453 3875 1684 3956 (utricus
1708 3871 1719 3874 ’
1739 3890 1842 3957 quo

171 3945 432 4014 infantes
462 3944 769 3998 lustrantur
797 3946 847 3998 et
878 3960 1071 3999 nomen
1101 3948 1413 4016 accipiunt;
1441 3944 1534 4000 sed
1570 3961 1649 4016 eis,
1670 3961 1844 4000 mart-

172 4017 278 4070 bus
351 4030 555 4082 nonus,
589 4021 818 4070 octavus
899 4024 979 4070 est
1057 4017 1299 4083 feminis.
1367 4015 1511 4070 Dato
1564 4015 1837 4083 infantes,

173 4103 301 4142 non
336 4086 406 4141 ad
462 4085 730 4141 osculum
763 4086 1155 4141 admittendos
1188 4091 1323 4141 ante
1353 4087 1507 4142 diem
1567 4092 1836 4142 octavum

170 4158 539 4230 sequebatur
572 4157 774 4230 utique
805 4158 1332 4230 nonibaptizandos
1353 4183 1379 4230 ςΔ
1402 4156 1650 4230 quilibet
1679 4159 1836 4214 enim

167 4227 570 4297 Christianus,
597 4227 1124 4300 fraternitatisjure
1155 4229 1225 4284 ad
1258 4227 1715 4300 pacis'osculum
1739 4231 1837 4286 ad-

177 4301 429 4366 missus,
462 4300 703 4355 Fanws.

252 4372 368 4445 (22)
382 4370 806 4445 Sacramentum
825 4369 1177 4445 est._Pariter
1205 4370 1392 4445 hujus
1413 4370 1533 4445 typi
1555 4387 1620 4445 _m
1630 4371 1838 4427 eminit

165 4440 646 4514 D.'Augustinus
677 4446 880 4498 contra
921 4442 1199 4497 Faustum
1241 4440 1518 4508 Manichi,
1554 4440 1655 4497 lib.
1718 4460 1834 4509 XVI,

170 4531 228 4570 c.
259 4513 568 4570 29:7Tertio
598 4513 689 4568 die
725 4529 1033 4582 resurgens,
1085 4529 1242 4584 quem
1289 4515 1631 4569 Dominicum
1691 4514 1833 4570 dici-

164 4601 321 4649 mus,
354 4587 451 4656 qui
503 4592 624 4652 post
677 4585 966 4641 sabbatum
996 4589 1324 4640 numeratur
1370 4587 1618 4656 octavus,
1667 4587 1833 4640 etiam

166 4655 652 4728 circumcisionem
678 4657 857 4728 octavi
898 4656 1014 4728 diei
1049 4657 1120 4710 ad
1148 4672 1206 4711 se
1225 4655 1666 4726 prophetandum
1710 4672 1835 4728 per-

171 4730 363 4784 tinere
390 4727 672 4783 declarat.
701 4726 958 4799 Etpaulo
991 4731 1121 4798 post
1153 4743 1164 4782 :

170 4813 309 4870 qua?
335 4799 539 4853 credita
567 4806 647 4853 est
673 4797 801 4853 non“
821 4800 1113 4924 justiﬁcat,
1147 4798 1250 4852 illa
1293 4805 1499 4854 octavae
1553 4797 1665 4853 diei
1718 4800 1832 4853 cir-

177 4871 521 4924 cumcisione
549 4869 788 4924 ﬁourata
817 4879 913 4924 est.
992 4885 1180 4924 ELLUS.

177 4869 521 4926 eumcisione
546 4869 788 4938 ﬁgurata
817 4879 913 4924 est.
949 4869 1180 4924 FELLus.

396 4940 1009 5024 ξςνίίαέςείζηιρίειῳη..
1045 4940 1292 5024 Quidam
1324 4938 1458 5024 libri
1496 4943 1732 5024 veteres.
1772 4944 1830 5024 et

167 5009 354 5067 editio
410 5009 652 5066 Morellii
709 5009 926 5066 habent
978 5013 1034 5066 in
1093 5015 1334 5068 veritate.
1419 5011 1579 5076 Quod
1642 5013 1832 5082 potest

163 5099 309 5210 asse
339 5082 570 5138 melius.
601 5111 669 5123 —
705 5085 902 5139 mwz.
943 5082 1104 5138 Adde
1150 5083 1448 5140 editionem
1489 5084 1826 5154 principem.

221 5170 400 5208 ourn.

221 5170 400 5208 OUTH.

239 5226 356 5295 (23)
375 5225 506 5279 Post
521 5221 819 5279 Sabbatum
855 5225 1080 5296 primus
1098 5227 1149 5279 et
1180 5224 1514 5280 Dominicus.
1549 5224 1825 5296 Magnum

158 5301 308 5352 ante
326 5295 431 5350 hos
453 5296 739 5350 ducentos
765 5312 950 5350 annos
975 5295 1191 5350 bellum
1216 5312 1347 5350 cum
1364 5296 1619 5351 maxima
1639 5295 1825 5350 ntrin-

159 5385 283 5438 que
317 5366 631 5423 acerbitate
661 5372 889 5490 gestum
923 5370 979 5421 et
1014 5372 1346 5449 pugnatum
1380 5373 1468 5448 est
1507 5368 1659 5422 inter
1683 5366 1826 5422 Pau-

159 5441 318 5490 Inm~
348 5441 416 5490 de
465 5438 657 5490 Midde
687 5439 870 5490 burao
929 5455 1025 5490 aui
1081 5442 1282 5490 postea
1340 5439 1447 5490 fuit
1513 5438 1822 5490 enisconus

157 5437 416 5520 [umwle
465 5437 879 5520 Middelburgo
926 5437 1035 5520 qui
1081 5437 1282 5520 postea
1340 5437 1447 5492 fuit
1513 5438 1822 5520 episcopus

165 5509 819 5580 Fornsemproniensis,
843 5509 1177 5564 Petrum'de
1208 5509 1344 5563 Rivo
1377 5509 1561 5564 sacrae,
1601 5509 1821 5580 paginae

163 5579 561 5654 professorem
595 5579 648 5634 in
683 5581 1016 5654 accademia
1039 5581 1409 5654 Lovaniensi,
1437 5587 1494 5635 et
1533 5579 1816 5654 Thomam

161 5651 372 5717 Bazin,
412 5654 753 5734 episcopum
787 5653 1195 5734 Lexoviensem
1235 5659 1292 5706 et
1323 5652 1458 5734 dein
1497 5651 1818 5734 archiepisf

1951 3443 2231 3509 vulorum,
2294 3446 2406 3515 imo
2458 3443 2590 3515 quid
2619 3459 2832 3515 semper
2853 3447 3148 3504 Ecclesium
3166 3443 3398 3507 sensisse
3444 3443 3599 3508 mon-

1953 3517 2234 3580 straverit,
2267 3514 2560 3586 paululum
2579 3514 2827 3586 accipite.
2864 3519 3077 3575 Rourn.

2026 3587 2139 3658 (26)
2196 3588 2235 3640 A
2299 3588 2478 3654 gratia
2536 3588 2927 3658 consequenda.
2988 3591 3128 3647 Tres
3190 3591 3321 3647 libri
3379 3597 3599 3652 veteres

1953 3660 2268 3732 praeferunt
2297 3659 2370 3712 ad
2397 3660 2638 3725 gratiam
2681 3661 3128 3732 consequendam.
3153 3663 3354 3719 BALUZ.

2021 3731 2337 3816 (27).?orro
2375 3733 2722 3816 autenketc.
2773 3731 2984 3816 Totum
3036 3733 3192 3816 hunc
3250 3735 3449 3816 locum
3500 3737 3598 3816 de:

1951 3800 2188 3872 scripsit
2245 3805 2482 3884 sanctus
2541 3800 2929 3875 Hieronymus
2959 3802 3018 3886 in
3079 3807 3190 3860 line
3251 3805 3383 3862 libri
3437 3808 3592 3862 tertii

1949 3871 2208 3950 adversus
2250 3873 2590 3950 Pelegzanos.
2624 3873 2734 3950 Sed
2766 3876 2918 3944 apud
2944 3875 3358 3950 Hieronymum
3381 3879 3595 3950 legitur

1949 3945 2198 3998 remissio
2224 3958 2332 4021 pro
2363 3945 2628 4021 remissa;
2658 3948 2715 4021 et
2744 3962 2847 4021 pro
2885 3962 2952 4000 eo
2983 3949 3138 4018 quod
3161 3945 3324 4019 apud
3355 3945 3587 4021 Cypria-

1949 4031 2092 4068 num
2123 4013 2587 4087 rectescriptum
2636 4013 2847 4072 est—de
2900 4013 3017 4087 ope'
3051 4013 3235 4074 nostra
3286 4035 3350 4075 ac
3398 4013 3589 4076 divina

1948 4084 2352 4159 misericordia,
2383 4084 2442 4159 in
2475 4085 2823 4159 Hieronymo
2857 4084 3030 4144 habet
3057 4091 3124 4146 de
3158 4104 3259 4159 ope
3287 4096 3475 4147 nostra
3524 4093 3594 4148 ad

1947 4155 2196 4212 divin-am
2216 4157 2676 4213 misericordiam.
2693 4155 2912 4214 'BALUz.

2017 4228 2129 4304 (28)
2163 4227 2513 4304 Gravissimi:
2542 4229 3374 4304 delictoribus.ANegatoribus,
3415 4234 3599 4288 sacri-

1947 4298 2158 4376 geatis,
2219 4298 2514 4376 libellatis.
2565 4298 3079 4376 Delictoresdicit
3126 4319 3224 4359 eos
3269 4304 3369 4376 qui
3420 4304 3594 4361 ﬁdem

1945 4371 2172 4446 Christo
2203 4371 2402 4425 datam
2452 4371 2860 4446 deseruerunt,
2891 4371 3352 4446 dereliquerunt.
3384 4378 3593 4432 Obser-

1945 4442 2209 4497 vavimus
2239 4457 2416 4516 supra
2442 4441 2516 4516 ad
2546 4443 2724 4516 _Epist.
2761 4459 2828 4516 LV
2856 4443 2953 4512 (al.
2990 4441 3111 4516 LII):
3154 4447 3379 4501 RIGALT.
3413 4477 3483 4488 —
3522 4451 3596 4503 At

1947 4529 2081 4568 vero
2104 4513 2292 4585 magis
2314 4513 2522 4585 suadet
2542 4512 2708 4585 illud,
2733 4515 2782 4569 si
2801 4521 3006 4584 posteat
3027 4512 3374 4585 crediderint,
3390 4517 3590 4575 isthzec

1942 4585 2118 4662 verba
2147 4583 2231 4662 de:
2251 4583 2603 4662 hominibus
2639 4583 3017 4642 christianam
3071 4589 3243 4662 fidem
3305 4583 3588 4662 amplexis

1943 4661 2117 4727 atque
2176 4654 2390 4734 idcirco
2443 4655 2808 4734 Baptismum
2858 4660 3224 4734 petentibus,
3260 4654 3587 4734 exponere,

1203 4725 1342 4806 _Quia
1372 4728 1475 4806 ista
1511 4725 1835 4806 resurrectio
1864 4741 1910 4806 D
1942 4725 2043 4806 per
2065 4741 2239 4806 quem
2253 4725 2488 4796 quidem
2509 4725 2792 4806 _Baptisrpi
2827 4725 3096 4806 ri'tum_in
3117 4725 3585 4806 nomine‘Divino

1942 4797 2291 4853 celebratum
2328 4803 2561 4868 peccata
2590 4798 2788 4855 omnia
2818 4801 3035 4856 remitti
3094 4820 3158 4858 ac
3188 4804 3364 4860 deleri
3392 4807 3592 4861 crede-

1943 4870 2043 4924 bat
2072 4869 2410 4939 antiquitas.
2459 4869 2668 4924 Reum.

2011 4940 2124 5010 (29)
2154 4941 2275 5018 Nisi
2304 4941 2442 5018 qugd
2471 4942 2780 5018 secundum
2812 4941 3004 5018 Adam.
3038 4943 3145 4998 Vix
3192 4944 3335 5018 alibi
3366 4946 3586 5018 reperi-

1939 5014 2056 5084 tur,
2089 5011 2242 5084 apud
2276 5011 2550 5083 antiquos
2580 5013 2914 5084 scriptores,
2951 5015 3110 5069 locus
3137 5017 3206 5070 ad
3240 5011 3588 5072 confirman-

1939 5081 2080 5159 dum
2114 5081 2326 5154 dogma
2353 5081 2435 5159 de
2458 5081 2727 5156 originali
2761 5090 3012 5159 peccato,
3049 5087 3242 5159 magis
3262 5089 3586 5159 appositus,

1938 5157 2348 5229 et_expressus.
2383 5154 2881 5229 De_veterumhac
2912 5154 2968 5211 in
2994 5154 3175 5213 causa
3193 5154 3419 5229 placitis
3451 5154 3588 5214 coni

1936 5224 2164 5313 sulatur
2213 5231 2414 5313 auctor
2469 5227 3090 5313 His‘torim‘IPaMgianm,
3117 5224 3249 5313 ‘lib.
3285 5248 3353 5313 ιιζ
3379 5231 3476 5313 qui
3501 5237 3586 5286 ta-

1938 5312 2067 5350 men
2091 5296 2395 5373 _im_merito
2419 5295 2658 5373 sugillat
2691 5295 3040 5373 Clementem
3080 5295 3583 5373 Alexandrinum,

1935 5367 2101 5442 quasi
2153 5367 2606 5442 doctrinam'de
2665 5368 2929 5442 originali
2979 5377 3214 5442 peccato
3275 5389 3387 5427 non
3440 5367 3585 5429 satis

1934 5438 2223 5511 intellvxis
2260 5445 2334 5505 et,
2393 5437 2684 5509 siquidem
2747 5437 2872 5511 quae
2905 5437 3186 5508 Stromat.,
3239 5443 3341 5499 lib.
3377 5462 3457 5511 III,
3510 5447 3581 5501 ab

1932 5509 2054 5572 ipso
2089 5511 2383 5581 disputata
2435 5515 2593 5577 sunt,
2647 5509 2928 5567 adversus
2959 5514 3284 5571 Eucratitas
3324 5509 3583 5573 intenta-

1932 5581 2166 5646 bantur,
2217 5583 2314 5652 qui
2362 5582 2621 5654 l‘erebant
2664 5581 2763 5648 τήν
2811 5581 3014 5654 γένεσιν
3081 5582 3268 5647 ἁπλῶς
3320 5585 3581 5643 imitami-

1931 5669 2088 5724 ρατον
2131 5657 2195 5706 ut
2236 5649 2618 5724 'aiteEpiph.
2657 5649 2834 5708 Porro
2891 5659 3228 5712 asserebant
3284 5660 3576 5716 Ariamum

159 5741 384 5796 copam
417 5722 852 5792 Cissei-iensem,
886 5740 958 5777 an
987 5723 1056 5777 de
1086 5727 1286 5778 octava
1336 5723 1587 5792 sabbati,
1621 5722 1679 5777 id
1732 5727 1821 5779 est
1928 5722 2292 5780 damnatum.
2352 5722 2524 5791 Iren.,
2583 5723 2685 5780 lib.
2722 5741 2762 5791 1,
2797 5741 2845 5779 c.
2879 5727 2946 5779 30
2980 5732 3131 5782 Fur.
3197 5761 3257 5768 »-
3307 5731 3579 5803 Hiemny.
