4098 6178
209 330 366 392 1861

1215 328 1419 391 PARS
1463 328 1513 390 Ι.
1544 360 1624 376 —-
1662 329 2166 392 MONUMENTA
2211 330 2622 394 VETERUM.

3473 335 3627 396 1062

203 463 423 520 Abiron
457 464 657 518 contra
679 464 868 518 Aaron
897 461 1257 518 sacerdotem
1317 462 1688 520 sacriﬁcandi
1747 463 1858 519 sibi
1888 473 1945 540 Α
2044 463 2140 520 IV.
2173 464 2336 527 Quod
2355 469 2412 519 et
2439 464 2638 535 ipsum
2667 463 2936 519 videmus
2966 464 3038 519 de
3056 463 3252 520 divina
3280 467 3624 522 auctoritate

201 552 503 611 licentiam
533 551 648 623 (46)
677 550 1123 607 vindicaverunt
1171 551 1304 622 (47).
1338 550 1459 608 Illic
1491 568 1726 624 quoque
1757 567 1860 624 per

203 643 469 714 Moysem
493 640 760 712 precepit
787 640 1074 696 Dominus
1107 644 1176 695 ut-
1199 641 1272 695 ab
1295 641 1379 697 eis
1409 641 1664 714 populus
1686 658 1857 713 sepa-

203 737 389 797 retur,
424 747 496 786 ne
526 729 869 785 facinorosis
897 729 1249 800 conjunctus
1284 731 1490 785 eodem
1523 731 1776 786 facinore
1805 736 1861 787 et

201 819 334 892 ipse
358 820 803 891 perstringetur.
842 819 1218 890 Separamini,
1275 818 1488 890 inquit,
1541 820 1854 875 atabernao

203 908 355 965 culis
381 909 579 964 horum
609 909 895 963 hominum
938 907 1364 963 durissimarum
1393 908 1530 978 (48),
1591 918 1644 964 ει
1685 910 1860 965 nolite

204 1002 436 1068 tangere
468 998 668 1054 ΠΙπῦ
711 1013 776 1052 ea
825 1013 950 1068 quae
1015 997 1094 1053 ad
1139 1012 1226 1053 eos
1277 999 1553 1068 pertinent
1583 999 1630 1032 ²⁴
1649 999 1762 1070 (49)
1790 1014 1861 1054 ne

199 1087 375 1142 simul
429 1087 669 1157 pereatis
715 1085 776 1140 in
825 1089 1040 1156 peccato
1089 1101 1283 1141 eorum
1327 1086 1512 1157 (Num.
1570 1103 1684 1154 xv1,
1743 1087 1856 1158 26).

200 1176 448 1247 Propter
477 1175 632 1246 quod
663 1174 827 1246 plebs
859 1175 1189 1246 obsequens
1209 1175 1321 1246 (50)
1343 1175 1648 1247 praeceptis
1675 1177 1859 1231 domi-

203 1265 357 1321 nicis
390 1269 445 1319 et
465 1263 647 1319 Deum
679 1267 950 1318 metuens
984 1280 1019 1318 a
1049 1267 1351 1334 peccatore
1404 1264 1714 1335 praposito
1745 1266 1856 1338 (51)

202 1369 479 1426 separare
509 1368 572 1408 se
602 1351 796 1418 debet,
829 1368 934 1408 nec
990 1368 1052 1408 se
1081 1353 1154 1407 ad
1205 1351 1476 1425 sacrilegi
1532 1355 1854 1410 sacerdotis

203 1441 496 1500 sacriﬁcia
524 1440 787 1512 miscere,
824 1443 1057 1511 quando
1078 1441 1208 1512 ipsa
1239 1441 1493 1498 maxime
1521 1441 1734 1498 habeat
1755 1460 1856 1515 po-

201 1535 478 1589 testatem
505 1531 618 1602 (52)
643 1529 730 1585 vel
761 1528 1013 1602 eligendi
1039 1530 1251 1602 dignos
1283 1531 1620 1587 sacerdotes
1646 1531 1735 1588 vel
1767 1533 1858 1587 in-

207 1621 422 1694 dignos
450 1617 782 1674 recusandi.

1971 552 2339 619 descendere,
2376 557 2441 607 ut
2471 553 2744 608 sacerdos
2774 552 2942 624 plebe
2975 558 3260 624 praesente
3288 555 3332 589 ³⁵
3355 555 3464 609 sub
3499 572 3623 610 om-

1970 641 2136 696 nium
2159 642 2343 697 oculis
2374 641 2665 713 deligatur
2683 647 2739 697 et
2769 643 2984 714 dignus
3015 647 3189 713 atque
3224 643 3472 698 idoneus
3506 662 3620 715 pu-

1969 730 2122 786 blico
2144 731 2368 801 judicio
2400 749 2466 786 ac
2494 731 2826 787 testimonio
2866 733 3296 804 comprobetur,
3353 733 3505 788 sicut
3561 734 3621 788 in

1970 820 2241 877 Numeris
2275 820 2558 874 Dominus
2607 820 2789 892 Moysi
2825 821 3098 891 praecepit
3145 822 3384 877 dicens:
3420 823 3621 893 Appre-

1970 910 2142 966 hende
2195 909 2378 964 Aaron
2433 912 2667 978 fratrem
2737 913 2895 963 tuum
2950 912 3000 964 el
3049 911 3386 965 Eleazarum
3440 911 3624 980 ﬁlium

1969 1001 2086 1072 ejus
2107 1001 2157 1055 et
2197 1000 2442 1070 impones
2489 1013 2576 1053 eos
2605 999 2666 1052 in
2694 1001 2936 1052 montem
2990 1014 3182 1054 coram
3230 1001 3388 1054 omni
3444 999 3622 1071 Syna-

1969 1104 2128 1158 goga,
2160 1091 2213 1144 et
2253 1103 2394 1143 exue
2435 1088 2618 1142 Aaron
2663 1086 2860 1141 stolam
2893 1087 3030 1157 ejus,
3085 1091 3140 1141 et
3197 1088 3366 1143 indue
3392 1089 3621 1143 Eleaza-

1968 1193 2097 1232 rum
2124 1178 2306 1246 ﬁlium
2357 1192 2496 1247 ejus,
2545 1182 2596 1230 et
2651 1175 2834 1229 Aaron
2889 1178 3172 1246 appositus
3203 1177 3312 1247 (53)
3354 1179 3628 1232 moriatur

1970 1266 2090 1321 illic
2116 1265 2302 1338 (Num.
2335 1281 2428 1329 xx,
2461 1265 2550 1334 25,
2581 1263 2695 1333 26).
2728 1255 2940 1318 1026
2973 1265 3178 1319 Coram
3231 1264 3390 1318 omni
3439 1265 3626 1336 Syna-

1971 1370 2120 1428 goga
2140 1354 2312 1424 jubet
2342 1354 2496 1409 Deus
2526 1352 2801 1408 constitui
2852 1353 3238 1419 sacerdotem,
3272 1354 3328 1407 id
3361 1358 3469 1423 est,
3501 1354 3621 1409 ins-

1969 1444 2115 1499 truit
2142 1449 2198 1499 et
2225 1443 2482 1500 ostendit
2504 1441 2904 1497 ordinationes
2928 1443 3319 1498 sacerdotales
3357 1459 3472 1498 non
3506 1442 3621 1514 (54)

1967 1533 2080 1588 nisi
2112 1533 2221 1588 sub
2254 1530 2455 1604 populi
2480 1529 2810 1585 assistentis
2843 1531 3198 1586 conscientia
3229 1531 3353 1586 ﬁeri
3384 1537 3618 1603 oporte-

1970 1638 2051 1692 re,
2076 1626 2141 1677 ut
2169 1621 2339 1693 plebe
2369 1623 2653 1692 praesente
2681 1619 2769 1675 vel
2814 1620 3160 1691 detegantur
3190 1620 3484 1676 malorum
3512 1620 3623 1675 cri-

282 1817 330 1853 ²⁴
357 1815 492 1879 Quae
525 1818 664 1871 sunt
692 1813 776 1870 eis
810 1817 961 1871 Lam.
985 1813 1144 1870 Ebor.
1177 1813 1306 1870 Bod.
1331 1813 1384 1883 l,
1415 1817 1471 1870 2.
1505 1721 1851 1871 Lin.‘I’V%I:l:

1989 1738 2195 1873 fcisti:
2245 1815 2401 1872 Corb.
2443 1815 2611 1874 Mich.
2668 1817 2797 1871 Vict.
2830 1815 2875 1849 ³⁸
2904 1815 3226 1887 Episcopus
3277 1815 3441 1888 plebe
3472 1833 3622 1888 prae-

211 1893 377 1946 sente
399 1889 593 1943 Benev.

1638 1960 1970 2022 Variorum
2013 1967 2201 2022 notae.

284 2055 396 2126 (46)
420 2054 748 2126 Licentiam.
783 2053 845 2108 Id
875 2056 967 2126 est
992 2055 1114 2123 jus,
1147 2053 1575 2126 auctoritatem,
1607 2060 1860 2126 potesta-

1989 2073 2096 2111 um
2127 2072 2191 2110 se
2221 2052 2564 2122 habent,Kai
2599 2054 2676 2126 μὴ
2710 2052 2940 2108 ἅπτεσθε
2959 2051 3066 2106 ἀπὸ
3098 2054 3311 2107 πάντων
3346 2052 3445 2108 ὅσα
3473 2054 3612 2109 ἐστιν

210 2124 354 2184 tem.
380 2124 554 2182 'Unde
583 2127 642 2180 in
671 2141 786 2197 uno
816 2124 1013 2180 codice
1044 2125 1198 2196 regio
1222 2125 1506 2197 scriptum
1535 2124 1654 2182 est:
1686 2129 1856 2182 sacri-

207 2197 426 2272 ﬁcandi
453 2197 566 2252 sibi
593 2197 679 2266 ius
711 2196 909 2272 illicite
936 2196 1376 2272 vindicaverunt.
1409 2197 1545 2253 Istic
1579 2199 1774 2272 itaque
1796 2197 1862 2252 li-

211 2269 404 2327 eentia
433 2272 754 2340 usurpatur
783 2269 999 2337 optime
1017 2284 1119 2340 pro
1134 2269 1398 2340 audacia,
1434 2273 1500 2324 ut
1522 2271 1676 2340 apud
1707 2270 1864 2325 Cice-

212 2357 418 2398 ronem
449 2341 509 2412 in
541 2339 812 2412 Oratione
846 2356 949 2412 pro
978 2342 1058 2412 ρ.
1098 2339 1326 2411 Ligario
1365 2357 1377 2394 :
1413 2339 1575 2412 Vide:
1606 2341 1738 2412 quid
1794 2343 1865 2396 li-

211 2415 418 2469 centiae
447 2411 624 2466 Cmsar
642 2411 798 2465 nobis
830 2410 938 2480 det,
970 2410 1060 2466 vel
1085 2410 1264 2481 potius
1291 2411 1422 2481 quid
1450 2410 1721 2469 audaciae.
1754 2413 1864 2468 Na-

211 2489 409 2540 zarius
437 2483 496 2537 in
531 2482 876 2554 panegyrico
907 2498 1082 2553 quem
1115 2482 1260 2536 dixit
1315 2483 1702 2538 Constantino
1749 2486 1865 2538 Au-

214 2561 389 2629 gusto
423 2572 435 2608 2
470 2555 614 2629 qugd
642 2555 738 2625 qui
765 2555 910 2610 tueri
929 2558 1224 2626 nequeunt,
1255 2556 1468 2625 faciunt
1490 2555 1773 2610 licentiam
1805 2555 1870 2611 de

219 2625 510 2701 potestate:
528 2625 732 2701 (Batus.

295 2699 409 2770 (47)
475 2699 915 2770 Vindicaverunt.
977 2697 1038 2750 In
1099 2696 1296 2751 codice
1357 2697 1603 2770 Fuxensi
1657 2696 1873 2768 legitur

222 2768 631 2838 usurpaverant
649 2769 730 2823 vel
755 2768 1190 2822 vindicaverunt.
1223 2768 1385 2822 Haud
1419 2769 1592 2823 dubie
1627 2774 1872 2839 utraque

221 2841 397 2897 lectio
428 2840 662 2912 extabat
683 2840 737 2893 in
764 2839 912 2912 libro
940 2840 1261 2894 vetustiore
1291 2856 1359 2912 ex
1388 2856 1502 2910 quo
1542 2841 1871 2912 descriptus

225 2920 317 2969 est
350 2911 651 2976 Fuxensis,
688 2927 806 2964 una
834 2910 1217 2982 incontextu,
1280 2910 1394 2965 alia
1425 2928 1602 2982 supra
1634 2910 1871 2976 lineam,

227 2992 292 3039 ut
324 2983 463 3038 olim
495 2997 648 3053 sape
676 2983 797 3036 fieri
829 2981 1272 3036 80l8bat.BALUZ.

298 3054 413 3125 (48)
452 3052 655 3108 Horum
685 3054 970 3108 hominum
1026 3052 1474 3108 durissimorum.
1510 3058 1724 3125 Horum
1779 3054 1874 3108 ho-

216 3124 436 3180 minum
492 3126 824 3196 injustorum
871 3125 1460 3196 durissimarumnlta
1532 3124 1720 3196 coegit
1783 3140 1874 3178 me

214 3195 815 3268 auctoritas’sedecim
845 3202 1103 3250 veterum
1135 3195 1555 3268 exemplarium
1603 3195 1659 3250 et
1688 3200 1876 3250 vetus-

215 3268 588 3324 tissimarum
627 3267 953 3323 editionum
987 3272 1051 3320 ut
1082 3271 1370 3322 mutarem
1405 3267 1720 3322 editionem
1746 3268 1874 3338 jam

213 3341 351 3395 inde
403 3341 477 3394 ab
527 3341 768 3394 Erasmo
827 3343 1142 3409 receptam.
1205 3338 1416 3394 Omnia
1473 3338 1630 3394 enim
1677 3344 1877 3393 vetera

210 3410 572 3492 exemplaria
640 3411 856 3492 habent
911 3412 1112 3492 horum
1170 3411 1863 3492 homin‘umhinjustorum,
1899 3425 1942 3492 α

211 3481 858 3562 durissimarumﬁane
926 3481 982 3535 in
1036 3481 1282 3562 Fuxensi
1357 3481 1572 3562 legitur
1635 3485 1865 3562 tantum

217 3555 509 3634 hominum
557 3553 1014 3634 durissimarum,
1059 3568 1161 3634 per
1240 3553 1528 3634 incuriam
1605 3553 1873 3634 videlicet

215 3625 466 3693 librarii,
518 3627 621 3695 qui
675 3623 900 3694 aliquid
962 3623 1178 3679 omisit.
1243 3629 1307 3678 1n
1366 3625 1555 3694 capite
1610 3640 1703 3678 xvi
1761 3625 1874 3678 Nu-

217 3712 540 3752 mororum.
571 3712 641 3751 ex
669 3711 786 3766 quo
836 3695 999 3750 locus
1056 3695 1168 3750 iste
1225 3696 1561 3766 descriptus
1617 3701 1728 3760 est,
1792 3695 1870 3750 le-

215 3770 378 3838 gitur
411 3787 424 3823 :
461 3767 761 3822 Receditea
811 3768 1179 3822 tabernaculis
1230 3768 1516 3822 hominum
1553 3769 1869 3838 impiorum.

220 3837 280 3893 tn
311 3839 565 3910 Epistola
587 3845 783 3893 tamen
813 3839 884 3891 76
913 3838 1014 3909 (al.
1045 3839 1136 3909 77)
1168 3854 1300 3910 pag.
1338 3841 1458 3906 155,
1486 3838 1583 3892 ubi
1611 3839 1763 3892 idem
1784 3837 1873 3891 lo-

216 3928 324 3965 cus
338 3909 604 3976 refertur,
621 3910 835 3976 legitur
855 3909 1140 3964 hominum
1169 3909 1403 3964 istarum
1427 3911 1870 3964 durissimarum.

218 3984 528 4038 Bawsws.
565 4012 630 4022 —
657 3980 943 4035 Exhibent
965 3981 1024 4035 in
1057 3980 1166 4052 hoc
1197 3997 1427 4052 quoque
1484 3980 1609 4035 loco
1658 3981 1730 4035 de
1758 3997 1874 4051 quo

217 4053 476 4125 agimus,
500 4052 768 4108 eamdem
802 4068 1044 4125 prorsus
1073 4051 1406 4118 lectionem,
1431 4052 1720 4125 hominum
1742 4055 1874 4107 isto-

215 4123 348 4180 rum
375 4123 1112 4195 durissimarum’editiones
1134 4140 1311 4195 penes
1343 4141 1436 4180 me
1459 4123 1798 4178 Manutiana
1818 4129 1875 4178 et

223 4195 488 4259 Pamelii,
519 4201 578 4250 et
599 4194 870 4267 Regaltii,
916 4194 1286 4266 Fellinaque:
1320 4197 1413 4250 ed.
1445 4210 1579 4250 vero
1613 4195 1878 4250 Romana

215 4268 358 4324 anni
390 4267 524 4322 1471
560 4266 830 4321 voculam
863 4268 1096 4321 istorum
1127 4267 1284 4322 haud
1342 4267 1626 4338 agnoscit.
1673 4267 1786 4321 Sed
1821 4272 1878 4321 et

215 4339 759 4411 Hieronymusradv.
793 4338 1192 4411 Luciferianos,
1217 4355 1348 4410 pag.
1385 4340 1487 4392 128
1518 4338 1875 4393 ed.Froben.

212 4411 388 4466 aﬂ’ert
415 4409 483 4465 ex
511 4415 570 4464 S.
603 4409 931 4480 Scriptura,
959 4411 1192 4465 istorum
1220 4409 1507 4465 hominum
1548 4411 1880 4465 durissimo—

212 4499 364 4537 rum.
400 4483 598 4552 Itaque
627 4480 934 4536 lectionem
966 4482 1564 4553 conimilem,horum
1592 4481 1878 4553 hominum

216 4554 676 4619 durissimarum,
702 4569 877 4623 quam
907 4553 1321 4608 Harduiunsin
1346 4552 1726 4608 'Conciliorum
1756 4552 1877 4606 edi-

217 4626 381 4680 tione
415 4624 634 4696 aliique
657 4625 1194 4695 praestant,reposui
1227 4641 1396 4692 gnam
1422 4625 1882 4696 vocem_z'niusto-

221 4712 355 4751 rum
379 4712 445 4762 ep
480 4694 883 4767 negligentiam
906 4698 1283 4767 putavi,quod
1314 4695 1484 4767 lectio
1501 4694 1718 4766 duplex
1749 4700 1878 4767 tan;

223 4774 357 4823 tum
430 4763 718 4832 sit,'cu'm
796 4763 1053 4839 σκλὴρῶν
1113 4763 1626 4839 vocabulumjcaiv
1689 4764 1879 4839 O'.alii

217 4839 338 4894 alio
369 4839 540 4894 modo
573 4843 828 4910 vertunt.
865 4837 1058 4894 Multae
1114 4855 1287 4910 porro
1347 4837 1501 4910 apud
1537 4838 1880 4910 Cyprianum

215 4910 566 4980 hujusmodi
593 4915 734 4966 sunt
764 4909 1062 4966 lectiones.
1084 4909 1247 4976 Quod
1262 4915 1455 4966 autem
1491 4909 1880 4965 censentcum

214 4983 277 5037 in
313 4981 622 5054 notisrsuis
653 4981 942 5053 Rigaltius
971 4986 1100 5038 tum
1132 4982 1411 5054 Anglicus
1443 4981 1750 5054 interpres,
1776 4997 1877 5054 per

218 5069 425 5109 vocem
448 5052 1286 5126 durissimarumsigniﬂcari'a
1301 5053 1586 5126 Cypriane
1606 5052 1877 5126 Nov‘atia-

225 5141 358 5192 nos,
392 5124 492 5196 qui
527 5124 710 5197 lapsis
740 5123 1143 5197 paenitentiam
1165 5123 1480 5197 negabant,
1501 5125 1556 5178 id
1591 5124 1736 5179 mihi
1766 5123 1872 5178 mi-

219 5212 339 5252 nus
369 5195 602 5250 certum
626 5195 802 5266 atque
835 5195 1071 5252 evidens
1099 5195 1350 5252 videt—ur.
1394 5197 1616 5250 Rou'm.

446 5269 688 5348 Tangere
733 5283 800 5348 ea
829 5268 1106 5348 _quar__ad
1153 5285 1239 5348 eos
1290 5269 1588 5348 pertinent.
1636 5268 1879 5348 ‘Vet'eres

220 5336 512 5395 editiOnes
541 5336 600 5394 et
631 5336 906 5394 undecim
964 5339 1098 5394 libri
1156 5336 1378 5396 veteres
1436 5339 1675 5403 habent,
1707 5336 1883 5391 Nolite

220 5414 451 5483 tangere
495 5411 565 5466 ab
593 5412 857 5483 omnibus
877 5425 1006 5483 quae
1031 5416 1163 5483 sunt
1210 5414 1310 5468 eis.
1371 5410 1533 5474 Quod
1583 5412 1880 5483 mutatum

220 5479 462 5555 videtur
489 5499 525 5538 a
557 5479 981 5555 posterioribus
1003 5482 1284 5555 librariis
1315 5483 1510 5555 studio
1549 5479 1882 5555 revocandis

225 5553 502 5609 lectionis
523 5550 652 5625 quae
668 5553 932 5625 exstatin
949 5553 1207 5610 editione
1237 5553 1473 5625 vulgata
1494 5569 1671 5609 sacrae
1693 5550 1885 5625 Scrip-

224 5631 397 5681 tura.
428 5621 620 5681 sum.
653 5655 722 5666 --
747 5629 793 5678 Α
824 5624 977 5682 Fello
1016 5627 1256 5682 adducti
1317 5621 1556 5681 fuerunt
1609 5621 1885 5678 undecim

224 5696 316 5752 illi
347 5696 482 5768 libri
513 5701 736 5753 veteres
785 5711 936 5768 quos
994 5701 1284 5754 memorat
1338 5696 1648 5768 Baluzius;
1680 5693 1722 5748 ii
1752 5709 1886 5768 vero

223 5786 358 5829 τους
387 5767 452 5824 0’
478 5769 555 5825 ad
583 5764 838 5826 litteram
867 5768 1229 5841 exprimunt,
1259 5769 1343 5826 ita
1370 5767 1528 5826 enim
1561 5767 1755 5823 Graios
1783 5764 1887 5822 ho-

1910 4802 1958 4866 D

1973 2127 2157 2187 αὐτοῖς
2201 2126 2391 2181 ROUTH
2402 2167 2414 2180 .

2045 2198 2156 2270 (50)
2191 2195 2685 2270 Plebsobsequens.
2719 2197 2920 2270 Sermo
2943 2197 3042 2270 _de
3092 2196 3390 2270 vexatione
3431 2197 3623 2270 Dona-

1973 2267 2248 2325 tistarum
2280 2267 2562 2340 editusﬁgin
2593 2268 2912 2340 appendice
2929 2267 3122 2339 Optati
3146 2286 3178 2322 a
3207 2268 3329 2324 viro
3363 2268 3628 2323 dectissi-

1978 2359 2072 2396 mo
2107 2340 2392 2396 Ludovico
2413 2339 2587 2394 Ellies
2617 2339 2693 2394 du
2730 2340 2831 2394 Pin
2865 2355 2996 2411 pag.
3021 2341 3196 2406 299,§
3226 2340 3260 2393 3
3292 2357 3304 2395 :
3342 2341 3482 2395 Ante
3510 2341 3626 2411 ple-

1980 2414 2100 2469 bem
2127 2414 2296 2467 nimis
2330 2412 2439 2466 sibi
2466 2428 2681 2481 semper
2709 2412 3040 2467 obsecutam.
3075 2416 3270 2466 BALUZ.

2049 2485 2163 2552 (5t)
2193 2485 2233 2538 A
2274 2487 2556 2554 peccatore
2583 2485 2897 2553 praeposito.
2922 2483 3131 2554 Magna
3151 2484 3282 2537 istic
3313 2482 3632 2554 auctoritas

1980 2556 2154 2610 datur
2181 2553 2358 2626 plebi,
2392 2559 2458 2608 ut
2478 2555 2549 2626 de
2578 2555 2782 2626 vitaret
2813 2553 3074 2610 moribus
3109 2554 3367 2626 episcopi
3427 2553 3518 2609 sui
3546 2553 3639 2623 ju-

1980 2627 2148 2694 dicet,
2182 2625 2309 2682 etsi
2335 2625 2848 2680 constiteritillum
2879 2641 3074 2681 errare
3117 2627 3175 2680 in
3207 2625 3339 2691 ﬁde,
3393 2626 3464 2681 ab
3498 2625 3628 2694 ejus

1987 2697 2392 2755 communione
2424 2696 2732 2752 abstineat.
2771 2699 2911 2753 Nam
2940 2712 3068 2751 cum
3089 2697 3212 2752 ideo
3241 2698 3540 2766 episcopus,
3567 2703 3634 2750 ut

1982 2771 2064 2824 ait
2093 2774 2332 2825 sanctus
2363 2768 2746 2839 Hieronymus
2782 2769 2840 2820 in
2879 2767 3108 2837 Dialogo
3141 2769 3420 2822 adversus
3453 2767 3631 2822 Luci-

1983 2841 2261 2907 ferianos,
2303 2842 2364 2894 in
2397 2840 2635 2895 Ecclesia
2665 2841 3030 2893 constituatur
3075 2843 3134 2892 ut
3190 2840 3450 2908 papulum
3479 2854 3630 2892 coer-

1984 2916 2096 2966 ceat
2128 2913 2193 2966 ab
2215 2927 2420 2980 errore,
2455 2920 2691 2981 quantus
2712 2926 2867 2964 error
2895 2912 2998 2964 erit
3014 2913 3072 2964 in
3100 2911 3298 2980 papula
3327 2926 3452 2963 cum
3481 2912 3632 2963 errat

1988 2983 2088 3037 ille
2107 2985 2207 3053 qui
2229 2983 2402 3037 docet.
2431 2982 2569 3036 Item
2591 2981 2648 3035 in
2671 2981 2919 3052 epistola
2940 2983 3006 3034 ad
3031 2981 3472 3036 Pammachium
3497 2996 3634 3034 con-

1985 3060 2076 3109 tra
2122 3055 2406 3109 Joannem
2458 3053 3068 3124 Hierosolymitanum.
3131 3053 3435 3107 Sanctiores
3483 3053 3637 3106 enim

1983 3130 2113 3181 sunt
2141 3141 2299 3180 aures
2315 3126 2506 3194 populi
2534 3141 2697 3195 quam
2723 3123 3020 3179 sacerdotis
3063 3126 3304 3178 animus.
3338 3123 3481 3176 Vide
3507 3139 3633 3195 ino-

1985 3201 2075 3278 tas
2102 3203 2333 3278 nostras
2365 3197 2432 3249 ad
2459 3194 2835 3278 Agebardum
2871 3212 3001 3276 pag.
3135 3201 3192 3250 et
3229 3194 3336 3278 viri
3365 3194 3636 3278 doctissi-

1986 3270 2065 3323 mi
2099 3269 2385 3339 nobisque
2416 3266 2766 3339 amicissimi,
2794 3266 2989 3321 domui
3042 3266 3316 3321 Bernardi
3374 3267 3444 3339 de
3474 3267 3635 3339 Mon-

1983 3339 2266 3396 tefaleone
2287 3337 2684 3410 praefationem
2703 3338 2774 3392 ad
2794 3339 3080 3408 opuscula
3101 3339 3287 3392 sancti
3313 3337 3634 3410 Athanasii,

1982 3411 2012 3484 §
2039 3413 2092 3466 6.
2126 3408 2478 3484 Vide—etiam
2511 3410 2876 3484 itinerarium
2909 3409 3143 3463 Adriani
3178 3414 3343 3480 Papae
3376 3409 3471 3475 VI,
3513 3408 3635 3462 edi-

1981 3481 2107 3538 tum
2138 3482 2198 3537 in
2220 3482 2370 3538 libro
2399 3482 2568 3536 tertio
2589 3481 3089 3536 Miscellaneorum
3123 3487 3478 3549 nostrorum,
3499 3496 3632 3551 pag.

1982 3555 2106 3608 451.
2143 3553 2482 3624 Exemplum
2518 3552 2700 3624 plebis
2740 3553 3006 3607 recedere
3030 3552 3276 3607 volentis
3306 3551 3377 3605 ab
3407 3552 3633 3624 episcof

2025 3643 2057 3681 o
2089 3643 2195 3680 suo
2244 3622 2418 3680 refert
2473 3622 2714 3679 sanctus
2754 3623 3124 3695 Augustinus
3175 3625 3231 3678 in
3282 3622 3532 3695 epistola
3563 3623 3634 3695 ad

2036 3697 2408 3761 ancilionem,
2442 3697 2708 3767 quamvis
2742 3689 3160 3767 nonﬁageretur
3208 3697 3279 3750 de
3320 3689 3469 3760 iid'e,
3535 3694 3633 3748 sed

1983 3770 2053 3823 de
2086 3785 2232 3824 nova
2276 3766 2660 3822 translatione
2683 3766 3203 3822 uniusvocabuliin
3224 3767 3409 3837 capite
3433 3769 3637 3834 quarto

1984 3840 2117 3894 libri
2147 3841 2327 3894 Jonas.
2359 3839 2474 3893 Nos
2499 3839 2767 3894 homines
2792 3838 3512 3893 Romanmcommunionis
3528 3854 3632 3906 pu-

1983 3917 2180 3966 tamus
2210 3911 2601 3965 recedendum
2633 3926 2761 3964 esse
2790 3926 2822 3964 a
2862 3915 3016 3980 Papa
3074 3911 3122 3963 si
3176 3910 3254 3963 sit
3302 3908 3636 3980 haereticus.

1985 3984 2191 4038 BALUZ.
2229 4013 2292 4022 —-
2315 3985 2386 4036 At
2409 3981 2586 4035 velim
2613 3985 2880 4035 attendas
2915 3978 3131 4036 nemini
3197 3995 3436 4049 prorsus
3462 3978 3638 4032 licere

1984 4071 2092 4110 sua
2121 4055 2310 4124 ipsius
2339 4055 2682 4107 auctoritate
2734 4052 2954 4123 privata
3003 4069 3038 4124 a
3094 4051 3373 4124 legitimo
3410 4055 3640 4124 pastore

1985 4120 2276 4197 episcopo,
2301 4130 2519 4197 quanto
2545 4120 2997 4197 magis'summo
3023 4120 3298 4197 Pontifice
3322 4120 3639 4197 discedere,

1985 4191 2271 4267 quamdiu
2294 4191 2456 4250 nulla
2483 4196 2542 4250 in
2576 4191 2708 4250 eum
2742 4193 2859 4250 lata
2899 4196 2975 4250 sit
3021 4195 3299 4248 canonica
3329 4191 3640 4248 sententia.

1987 4274 2126 4323 Enn.

2058 4340 2178 4411 (52)
2217 4340 2336 4408 Ipsa
2387 4339 2631 4411 maxime
2688 4336 3275 4411 habeat‘potestatem,
3328 4338 3455 4411 Aetc.
3514 4333 3640 4386 Non

1989 4406 2821 4484 proprio—motuimpulsaLsed
2859 4407 3162 4484 admonita
3194 4406 3540 4484 perjustani
3577 4420 3644 4458 ac

1990 4477 2380 4537 neccssariam
2408 4477 2861 4533 sollicitudinem
2897 4478 3140 4532 aliorum
3177 4477 3646 4549 praepositorum,

1991 4569 2095 4624 per
2115 4553 2358 4608 aliarum
2377 4550 2756 4605 ecclesiarum
2778 4549 3102 4675 episcopqos,
3130 4547 3379 4618 quorum
3403 4547 3648 4603 consilia

1992 4624 2208 4675 divinis
2245 4622 2548 4675 praeceptis
2579 4623 2952 4675 respondent.
3041 4637 3217 4675 IGALT.

1992 4622 2208 4680 divinis
2243 4622 2548 4693 praeceptis
2579 4623 2952 4691 respondent.
2991 4622 3217 4675 RIGALT.

2064 4688 2274 4765 (53))E't
2305 4688 2484 4765 Aaron
2509 4688 2804 4764 appositus.
2856 4710 2962 4746 Lxx
3017 4689 3328 4762 προστιθεὶς
3381 4688 3644 4765 ductavi-

1990 4763 2078 4819 τῶ
2103 4763 2231 4819 lxii.
2265 4764 2531 4836 Vulgata,
2587 4765 2887 4832 Colligelur
2928 4773 2985 4818 et
3040 4767 3308 4819 morietur
3347 4763 3446 4836 ibi.
3488 4763 3559 4836 h,
3589 4778 3639 4816 e.

1992 4839 2285 4908 colligetur
2315 4835 2616 4906 ad’patres
2648 4852 2804 4890 suos.
2835 4838 2918 4890 ita
2950 4837 3128 4891 codex
3159 4835 3443 4908 Fuxensis
3469 4851 3501 4887 a
3532 4835 3644 4887 Βα-

1993 4906 2146 4965 luzio
2180 4913 2536 4964 memoratus
2568 4907 2742 4962 habet
2778 4911 2828 4962 et
2862 4909 3040 4963 Aaron
3070 4909 3348 4978 appositus
3377 4906 3445 4960 ad
3466 4908 3647 4975 patres

1987 4997 2110 5036 suos
2140 4983 2425 5036 moriatur.
2456 4979 2700 5051 Anglica
2739 4978 3056 5034 Bibliorum
3091 4979 3297 5047 versio,
3343 4979 3420 5032 ad
3474 4991 3645 5047 papu-

1990 5055 2106 5108 lum
2136 5069 2318 5107 suum.
2344 5053 2563 5106 Bov'ra.

2061 5125 2174 5194 (54)
2200 5123 2608 5198 Ordinationes
2640 5120 2998 5198 sacerdotales
3019 5138 3155 5198 mon
3219 5120 3351 5182 nisi,
3383 5121 3492 5198 etc.
3529 5113 3650 5194 Hoc

1990 5189 2254 5266 exemplo
2277 5195 2742 5266 Christianorum
2777 5193 3103 5266 Alexander
3121 5197 3366 5266 Severus
3400 5189 3648 5266 disposi-

1991 5257 2181 5323 tiones
2213 5283 2350 5322 suas
2373 5265 2731 5337 publicabat,
2763 5264 2860 5337 ubi
2894 5264 3123 5334 aliquos
3143 5261 3373 5337 volebat
3403 5257 3489 5337 vel
3523 5272 3646 5312 rec-

1991 5344 2148 5394 tores
2170 5329 2484 5411 provinciis
2515 5339 2674 5411 dare,
2708 5329 2811 5411 vel
2831 5329 3168 5411 praepositos
3194 5329 3493 5411 facere,v_el
3516 5344 3647 5401 pro-

1994 5403 2310 5476 curatores,
2347 5410 2401 5464 id
2429 5413 2518 5463 est
2569 5403 2901 5475 rationales,
2939 5403 3249 5461 ordinare:
3285 5403 3524 5459 nomina
3553 5417 3648 5476 co;

1994 5499 2125 5537 rum
2162 5473 2541 5554 proponebat,
2591 5473 2938 5554 dicebatque
2988 5493 3158 5554 grave
3219 5492 3347 5554 esse
3398 5490 3535 5554 cum

1995 5544 2307 5609 Christiani
2337 5557 2394 5606 et
2421 5550 2608 5606 Judaei
2624 5544 2950 5604 faceren-tin
2970 5544 3312 5604 ordinandis
3341 5544 3652 5602 sacerdoti-

1998 5625 2127 5696 bus,
2153 5641 2269 5680 non
2300 5623 2430 5696 ﬁeri
2445 5623 2505 5696 in
2537 5621 2974 5696 provinciarum
3003 5621 3348 5686 rectoribus,
3379 5622 3490 5688 etc,
3524 5632 3652 5689 quae

2000 5693 2161 5768 apud
2197 5693 2605 5768 Lampridium
2635 5693 2871 5750 RIGALT.
