4098 6178
249 338 406 401 1065

1265 337 1465 399 PARS
1512 338 1561 399 Ι.
1593 371 1671 383 -
1702 335 2202 399 MONUMENTA
2245 336 2648 402 VETERUM.

3511 346 3535 400 ί
3547 345 3668 402 066

248 473 374 529 sint
403 487 583 544 quam
616 469 918 526 cumulata
948 469 1180 540 delicta,
1205 477 1270 525 ut
1290 473 1361 525 ad
1385 471 1688 542 superiora
1710 485 1907 540 pecca-
1937 482 1989 544 Α
2023 473 2205 525 nostri
2238 481 2594 536 asseverant,
2639 476 2821 544 utque
2865 473 3016 526 alius
3067 473 3220 527 Felix
3272 474 3343 528 de
3373 476 3668 528 Caesarauo

253 567 318 617 ta
347 563 475 633 ejus
496 559 673 615 etiam
701 558 941 614 fallacia:
959 562 1016 614 et
1034 557 1556 614 circumventionis
1571 557 1790 613 crimen
1814 573 1907 612 ac-

259 649 518 708 cesserit.
552 649 751 721 Neque
770 648 926 704 enim
957 652 1078 704 tam
1100 647 1427 718 culpandus
1456 651 1546 702 est
1564 645 1661 702 ille
1690 646 1783 702 cui
1805 662 1906 702 ne-

258 741 546 814 gligenter
574 739 882 810 abreptum
914 741 1005 793 est
1049 753 1226 809 quam
1259 735 1354 792 hic
1383 736 1774 792 exsecrandus
1807 734 1908 806 qui

254 827 658 884 fraudulenter
675 825 954 899 obrepsit.
971 826 1260 898 Obrepere
1281 829 1476 881 autem
1500 826 1550 882 si
1566 824 1908 880 hominibus

255 917 535 974 Basilides
565 915 773 989 potuit,
801 921 911 972 Deo
933 931 1048 971 non
1078 918 1288 987 potest,
1311 931 1446 970 cum
1479 915 1763 986 scriptum
1789 916 1904 968 sit:

257 1009 398 1064 Deus
425 1023 535 1064 non
578 1005 862 1062 deridetur
907 1005 1048 1076 (Gal.
1096 1021 1171 1076 v1,
1225 1005 1302 1072 7).
1355 1003 1467 1059 Sed
1519 1019 1623 1060 nec
1657 1001 1908 1058 Martiali

252 1101 446 1169 potest
479 1096 766 1168 profuisse
797 1093 1024 1150 fallacia
1043 1110 1159 1164 quo
1180 1093 1379 1149 minus
1407 1093 1534 1165 ipse
1556 1108 1791 1165 quoque
1811 1092 1906 1147 de-

252 1186 414 1242 lictis
427 1186 704 1258 gravibus
721 1183 1018 1240 involutus
1034 1183 1148 1255 (63)
1168 1181 1568 1254 episcopatum
1587 1186 1777 1237 tenere
1792 1197 1908 1236 non

252 1275 484 1340 debeat,
515 1274 750 1346 quando
783 1276 840 1327 et
867 1270 1179 1344 Apostolus
1211 1273 1444 1327 moneat
1479 1275 1536 1326 et
1564 1270 1752 1324 dicat:
1787 1269 1909 1340 Epi-

246 1379 475 1436 scopum
502 1370 711 1434 oportet
739 1377 853 1418 esse
881 1362 998 1418 sine
1025 1361 1284 1428 crimine,
1318 1360 1475 1431 quasi
1503 1360 1599 1414 Dei
1627 1358 1908 1430 dispensa-

249 1458 430 1508 torem
458 1454 583 1524 (Tit.
619 1469 660 1518 ι,
689 1451 766 1522 7).

323 1541 416 1596 VI.
475 1542 840 1612 Quapmpter
895 1555 1052 1608 cum,
1107 1537 1262 1594 sicut
1307 1536 1650 1609 scripsistis,
1699 1538 1908 1594 fratres

251 1629 642 1696 dilectissimi,
694 1632 751 1684 et
795 1631 863 1684 ut
910 1627 1068 1684 Felix
1115 1627 1229 1699 (64)
1278 1630 1334 1683 et
1380 1627 1634 1682 Sabinus
1674 1625 1905 1699 collegae

2019 564 2193 629 gusta
2220 559 2265 594 ³³
2290 559 2403 630 (65)
2429 560 2560 614 ﬁdei
2585 559 2773 616 cultor
2803 560 3007 616 1029
3033 577 3098 616 ac
3121 561 3392 616 defensor
3411 561 3673 617 veritatis

2017 646 2232 703 litteris
2251 648 2376 703 suis
2399 648 2694 722 signiﬁcat
2712 650 2779 716 ³³,
2802 649 3085 706 Basilides
3097 654 3156 706 et
3173 648 3456 706 Martialis
3477 650 3674 707 nefan-

2019 735 2091 790 do
2114 736 2456 793 idololatria!
2483 737 2678 794 libello
2699 739 3084 794 contaminati
3111 739 3248 810 sint,
3275 739 3552 797 Basilides
3574 741 3674 796 ad-

2018 824 2133 880 huc
2164 825 2429 898 insuper,
2464 831 2672 897 praeter
2699 826 2883 884 libelli
2922 827 3231 894 naculam,
3259 845 3395 884 cum
3417 827 3477 884 in
3503 829 3673 885 infir-

2019 915 2220 970 mitate
2260 915 2656 984 decumberet,
2691 915 2748 970 in
2781 916 2965 972 Deum
2999 915 3492 988 blasphemaverit
3512 921 3570 974 et
3609 934 3675 974 se

2016 1000 2460 1074 blasphemasse
2511 1005 2817 1061 confessus
2865 1004 2960 1072 sit,
3008 1017 3064 1061 et
3113 1006 3514 1079 episcopatum
3567 1022 3672 1079 pro

2017 1091 2388 1148 conscientia
2421 1109 2540 1148 suae
2571 1093 2811 1150 vulnere
2834 1097 3044 1166 sponte
3066 1095 3367 1167 deponens
3400 1097 3471 1151 ad
3496 1111 3673 1169 agen-

2017 1180 2152 1236 dam
2185 1181 2588 1252 poenitentiam
2631 1199 2946 1238 conversus
2980 1185 3079 1252 sit,
3114 1184 3324 1239 1080
3363 1189 3542 1240 Deum
3578 1185 3676 1241 de-

2016 1285 2282 1341 precans,
2301 1273 2356 1325 et
2375 1271 2518 1326 satis
2540 1271 2846 1344 gratulans
2869 1271 2918 1328 si
2939 1271 3050 1328 sibi
3071 1273 3162 1328 vel
3186 1272 3331 1329 laico
3349 1272 3677 1330 communi-

2017 1374 2145 1414 care
2167 1360 2549 1432 contingeret.
2575 1360 2855 1417 Martialis
2878 1377 3112 1434 quoque
3137 1367 3342 1434 printer
3362 1361 3670 1434 gentilium

2016 1449 2212 1519 turpia
2242 1453 2298 1504 et
2328 1447 2615 1505 lutulenta
2655 1451 2919 1506 convivia
2946 1451 2993 1485 3‘
3023 1452 3138 1520 (66)
3193 1453 3250 1507 in
3282 1451 3523 1524 collegio
3555 1452 3672 1522 (67)

2017 1536 2118 1592 diu
2149 1537 2517 1608 frequentata
2549 1544 2606 1595 et
2636 1538 2789 1596 filios
2817 1539 2877 1595 in
2927 1541 3132 1596 eodem
3165 1539 3407 1613 collegio
3437 1545 3667 1598 extera-

2017 1642 2149 1682 rum
2180 1627 2441 1698 gentium
2473 1643 2633 1685 more
2667 1629 2820 1700 apud
2852 1629 3097 1701 profana
3126 1629 3395 1701 sepulcra
3422 1628 3535 1702 (68)
3566 1629 3666 1686 de-

1672 1743 1875 1805 Variae
1905 1741 2227 1805 lectiones.

325 1855 370 1888 3’
401 1853 661 1908 Caesarea
718 1851 979 1922 Augusta
1035 1851 1188 1905 Lam.
1251 1850 1412 1922 Lin,
1450 1849 1495 1883 ³³
1554 1848 1900 1922 Significant
1963 1850 2096 1922 Bod.
2151 1849 2206 1904 2.
2263 1848 2621 1922 Signiﬁcavit
2695 1851 2849 1907 Lam.
2910 1851 3076 1908 Ebor.
3135 1851 3266 1908 Bod.
3328 1851 3380 1909 4.
3441 1851 3556 1909 NG.
3613 1852 3670 1910 1.

251 1926 302 1960 ³⁸
331 1925 676 1981 Temulenta
704 1919 965 1978 convivia
994 1922 1146 1977 Lam.
1185 1923 1316 1978 Ben.
1349 1919 1508 1976 Ebor.
1544 1919 1675 1978 Boil.
1707 1921 1762 1977 2.
1796 1922 1920 1976 Lin.
1952 1919 2059 1976 NG.
2098 1922 2147 1976 1.

1700 2036 2030 2099 Variorum
2074 2041 2262 2098 notae.

252 2165 400 2206 sane
427 2146 598 2220 lectio
630 2145 851 2220 optima
880 2148 988 2220 est.
1016 2145 1420 2220 _Verum_cum
1461 2146 1592 2217 jure
1629 2144 1914 2220 scriptum
1946 2148 1992 2212 Β
2024 2143 3668 2220 concilium_Toletanum,tra_nsisseperCaesaraugustam,

253 2224 338 2276 sit
356 2221 418 2275 in
440 2219 637 2274 codice
656 2217 994 2284 Veronensi,
1013 2217 1067 2271 in
1093 2217 1424 2288 quindecim
1450 2217 1696 2272 vetustis
1718 2232 1906 2288 exem-

303 2293 526 2347 laribus
556 2290 792 2356 nostris,
826 2294 882 2343 et
903 2289 961 2342 in
994 2287 1214 2360 septem
1236 2287 1594 2358 Anglicanis,
1629 2293 1684 2342 et
1705 2287 1908 2343 Morel-

281 2365 375 2420 ius
407 2365 487 2418 ita
518 2377 748 2433 quoque
800 2361 1079 2430 posuerit,
1129 2375 1242 2414 non
1295 2361 1512 2433 credidi
1546 2360 1782 2430 rejicere
1813 2375 1906 2433 me

257 2436 473 2490 debere
501 2431 806 2488 lectionem
829 2448 953 2502 quae
986 2435 1072 2486 tot
1093 2432 1540 2487 auctoritatibus
1564 2433 1788 2486 nititur.
1812 2431 1907 2485 Vi-

259 2509 434 2584 detur
463 2511 657 2584 autem
689 2503 1185 2584 differenti‘aintﬁr
1215 2503 1334 2584 haec
1357 2503 1470 2584 duo
1502 2503 1909 2584 vgcabula_po-

261 2579 454 2634 suisse
486 2581 687 2632 auctor
716 2575 1046 2646 panegyrici
1100 2573 1489 2630 Flaviensium
1529 2573 1910 2630 Constantino

239 2649 427 2705 'dicti.
462 2649 558 2702 Ait
586 2645 740 2702 enim
767 2662 779 2700 :
824 2645 1019 2701 Fecisti
1049 2654 1109 2700 ut
1138 2645 1279 2717 quod
1321 2650 1642 2716 poteramus
1664 2647 1792 2716 jure
1819 2661 1910 2717 pe-

267 2732 379 2777 tere
403 2721 552 2792 juste
568 2717 1215 2792 (obtinuissevideamur.
1245 2722 1448 2792 Barine.

341 2786 454 2863 (63)
485 2791 706 2863 Delictis
729 2789 990 2863 gravibus
1013 2790 1306 2863 involutus.
1333 2786 1622 2863 Principio
1644 2787 1913 2863 Epistolas

275 2861 459 2918 dixit:
516 2861 900 2933 Nefan_dorum
949 2861 1263 2930 facinorum
1309 2861 1663 2933 conscientia_
1691 2861 1912 2933 vinctos.

273 2940 404 2990 Mox
461 2929 633 3000 dicet,
683 2929 955 2986 Gravibus'
997 2933 1206 2986 delictis
1249 2932 1579 3001 implicatos.
1629 2930 1696 2984 Et
1751 2929 1912 2996 alibi,

277 3006 674 3060 Conacientiam
697 3003 888 3058 multis
924 3002 1244 3059 delictorum
1289 3002 1500 3072 laqueis
1530 3003 1783 3056 vinctam.
1819 3001 1916 3054 R1-

273 3095 436 3132 GAL’I‘.
471 3093 504 3131 a
526 3075 677 3131 Fello
699 3074 932 3130 allatus.
954 3105 1024 3114 —-
1045 3076 1132 3129 Ita
1152 3073 1593 3144 quatuordecim
1617 3072 1750 3126 libri
1773 3077 1919 3126 vete-

274 3165 371 3204 res
397 3153 454 3203 et
482 3146 765 3202 editiones
795 3145 1018 3200 Erasmi
1065 3150 1122 3200 et
1163 3143 1406 3200 Morelli.
1456 3148 1529 3198 At
1559 3143 1918 3215 antiquiores

274 3219 563 3275 editiones
594 3221 650 3273 et
678 3234 776 3273 sex
804 3217 938 3272 libri
967 3221 1186 3274 veteres
1223 3216 1442 3272 habent
1471 3217 1734 3286 gravique
1761 3216 1919 3271 invo-

274 3294 426 3347 lutus
453 3292 702 3345 crimine.
741 3290 942 3344 BALUZ.

349 3363 462 3432 (64)
495 3364 559 3417 Et
585 3369 649 3415 ut
674 3361 865 3432 Felix.
886 3363 1010 3414 Non
1038 3375 1178 3414 sane
1208 3359 1593 3432 improbanda
1621 3361 1709 3432 est
1740 3357 1919 3432 inter-

273 3428 718 3513 pretis_Anglici
739 3431 1074 3500 conjectura
1098 3455 1111 3496 ;
1136 3428 1432 3513 existimat
1455 3430 1611 3513 enim
1629 3428 1741 3513 ‘ille
1761 3428 1818 3482 in
1842 3428 1922 3509 lo:

2027 2217 2185 2291 istud
2219 2217 2565 2291 confirmare
2595 2218 2860 2274 fortassis
2893 2217 3089 2291 posset
3118 2218 3229 2274 iter
3258 2217 3457 2275 Sabini
3489 2223 3545 2275 et
3574 2219 3672 2276 Fe-

2027 2287 2156 2343 licis
2206 2304 2307 2359 per
2355 2287 3043 2361 Caesaraugustam—Sed
3092 2291 3247 2346 istud
3295 2307 3406 2346 non
3435 2291 3672 2347 aliunde

2024 2363 2254 2415 constat
2298 2375 2476 2419 quam
2524 2377 2591 2416 ex
2641 2377 2909 2416 sermone
2956 2361 3140 2417 sancti
3189 2362 3500 2418 Vincentii.
3539 2363 3671 2419 Jam

2024 2431 2177 2504 quod
2211 2431 2282 2486 de
2313 2431 2538 2504 Vallata
2569 2431 2822 2488 Urbicua
2851 2433 2983 2488 istic
3035 2451 3103 2489 ex
3135 2433 3343 2489 Dextro
3375 2434 3550 2490 refert
3578 2434 3674 2488 Bi-

2021 2503 2242 2577 varius,
2278 2503 2335 2557 id
2360 2519 2491 2558 vero
2513 2521 2725 2577 vanum
2744 2510 2851 2574 est,
2881 2507 2962 2558 uti
2985 2505 3209 2577 etillud
3233 2507 3386 2577 quod
3419 2504 3672 2577 aitapud

2026 2574 2379 2649 Cyprianum
2432 2591 2541 2649 pro
2590 2575 3014 2647 Caesaraugusta
3052 2576 3164 2649 legi
3206 2574 3415 2649 debere
3464 2574 3676 2649 Vallata

2028 2645 2282 2719 Urbicua,
2318 2645 2680 2719 quamqlocat
2714 2664 2828 2702 non
2857 2645 3032 2719 longe
3063 2645 3137 2703 a5
3165 2648 3452 2704 Asturica.
3484 2647 3677 2703 Nimia

2026 2718 2264 2772 miseria
2295 2723 2382 2771 est
2411 2718 2690 2773 audacem
2723 2735 2852 2774 esse
2901 2718 3198 2776 hominem
3232 2720 3429 2775 nimis.
3465 2719 3674 2776 BALUZ.

2095 2788 2208 2858 (66)
2238 2789 2532 2863 ‘Lutulenta
2561 2791 2829 2863 conuiuia.
2866 2790 2969 2863 Ubi
3018 2792 3088 2846 de
3142 2790 3487 2863 ldolotbytis
3522 2791 3674 2846 vesci

2031 2859 2667 2940 oportebat,_nec_sine
2711 2861 2991 2940 libatione
3040 2863 3110 2916 ad
3155 2859 3396 2934 profana
3427 2863 3673 2940 numina

2025 2931 2222 3005 bibere
2249 2930 2434 3005 licuit.
2491 2932 2648 2986 FELL.
2700 2963 2767 2973 —
2801 2934 2880 2988 Ex
2933 2930 3172 3005 canone'
3202 2933 3491 3005 Ancyryani
3535 2949 3672 3005 conf

2024 3001 2140 3076 cilii
2173 3002 2422 3076 septimo
2454 3005 2849 3076 puniebantur
2880 3005 3054 3060 etiam
3085 3001 3402 3060 Christiani
3434 3003 3540 3073 illi,
3574 3003 3676 3076 qui

2027 3074 2618 3148 ejusmodiuconvivia
2646 3075 2878 3147 publica
2913 3075 3183 3146 obierint,
3215 3076 3488 3148 quamvis
3517 3074 3679 3132 cibos

2028 3161 2190 3271 sinos,
2235 3145 2451 3216 quibus
2508 3147 2622 3218 ipsi
2648 3145 3048 3204 'vescerentur
3090 3145 3270 3215 domi,
3321 3146 3676 3204 attulissent.

2086 3233 2256 3271 ours.

2086 3233 2256 3272 OUTH.

2100 3288 2214 3358 (67)
2247 3288 2308 3342 In
2337 3287 2586 3357 collegio.
2625 3289 2708 3343 Ita
2747 3305 2951 3345 omnes
2973 3288 3106 3345 libri
3138 3293 3358 3346 veteres
3389 3294 3446 3345 et
3475 3289 3681 3345 editio-

2032 3375 2136 3414 nes
2164 3357 2370 3432 omnes
2400 3357 2740 3432 Pam‘eliana
2792 3362 3174 3432 antiquiores.
3222 3361 3511 3417 Pamelius
3541 3377 3679 3432 ergo

2034 3431 2281 3506 mutavit
2322 3445 2396 3506 ex
2449 3430 2622 3506 unico
2670 3432 2868 3488 codice
2913 3430 3229 3506 Anglicauo
3277 3438 3335 3506 et
3381 3430 3681 3506 posuit—et

273 3499 413 3580 'cum
438 3499 726 3580 Martialis
744 3499 1151 3580 successorem
1164 3503 1352 3580 fuisse
1374 3503 1530 3556 hunc
1551 3500 1796 3580 Felicem
1820 3499 1918 3570 qui
1953 3515 1995 3580 ρ
2032 3503 2278 3580 collegia.
2300 3502 2716 3580 _Q_uod_.miror
2749 3499 3040 3559 retentum
3057 3505 3273 3580 fuisse
3302 3504 3361 3559 in
3381 3499 3681 3578 'posterio-

278 3577 502 3632 missus
530 3591 664 3630 cum
693 3574 909 3629 Sabino
941 3573 1210 3629 Basilidis
1240 3589 1577 3630 successore
1612 3572 1922 3644 episc0pus

277 3650 376 3704 hic
408 3647 641 3702 dicitur.
675 3649 894 3700 llOUTH.

355 3720 466 3790 (65)
498 3716 742 3790 Felixrde
775 3717 1213 3790 Caesaraugusta.
1247 3715 1391 3770 Hinc
1426 3713 1709 3768 Baronius
1751 3711 1928 3790 colle-

282 3785 372 3862 git
392 3785 560 3844 illum
587 3789 766 3862 fuisse
781 3785 1120 3862 episcopum
1133 3787 1724 3862 Cmsaraugustanum
1747 3828 1759 3852 ,
1781 3785 1932 3862 ejus-

286 3858 402 3933 que
433 3860 782 3916 sententiam
816 3858 1068 3933 amplexi
1099 3864 1238 3933 sunt
1266 3858 1799 3933 scriptoresrerum
1824 3858 1932 3910 Ar-

286 3927 543 4004 Eagonen
553 3935 703 3987 sium
715 3975 726 3986 .
740 3932 845 3986 Sed
871 3927 1042 4004 illam
1054 3931 1308 4004 graviter
1323 3927 1577 4004 exagitat
1589 3927 1934 4004 Franciscus

287 3997 556 4060 Bivarius
587 4004 643 4057 in
668 3997 1102 4058 commentariis
1127 4001 1251 4056 suis
1277 4002 1347 4056 ad
1371 3997 1692 4056 Chronicon
1719 3997 1930 4064 Dextri,

286 4081 348 4132 et
380 4075 682 4131 contendit
710 4074 866 4129 hunc
898 4073 1147 4128 Felicem
1193 4090 1304 4127 non
1339 4072 1519 4127 fuisse
1569 4071 1931 4142 episcopum,

287 4149 392 4204 sed
427 4147 827 4219 presbyterum
869 4144 1112 4219 Vallatze
1142 4143 1488 4219 Urbicuze‘in
1532 4143 1807 4212 Vaccaeis,
1841 4157 1934 4219 αντ

285 4215 573 4292 gumento
604 4215 837 4288 sumpto
868 4232 932 4292 ex
961 4232 1028 4292 eo
1055 4216 1362 4272 Chronico.
1387 4215 1555 4292 Sane
1582 4219 1803 4292 certum
1824 4215 1936 4292 -est

286 4285 539 4346 Felicem
575 4306 688 4344 non
718 4285 910 4344 vocari
942 4288 1280 4359 episcopum
1315 4305 1348 4342 a
1369 4285 1840 4359 _Cypriano.ASed
1868 4299 1938 4339 ex

294 4362 471 4417 modo
521 4360 812 4416 scribendi
865 4356 1204 4431 Cyprianico
1256 4356 1522 4413 facile'et
1573 4356 1938 4431 procliveest

288 4432 628 4488 existimare
650 4431 815 4486 illum
835 4428 1198 4502 eadignitate
1214 4431 1550 4502 decoratum
1565 4428 1768 4502 fuisse.
1791 4428 1936 4502 Nam

289 4505 702 4576 episcoporum
734 4503 831 4573 qui
863 4499 1175 4576 concilium
1209 4519 1340 4576 cum
1367 4501 1650 4573 Cypriano
1681 4499 1936 4555 celebra-

293 4573 438 4632 runt
469 4573 621 4644 apud
644 4574 1050 4646 Carthaginem
1079 4573 1394 4646 dignitates
1415 4589 1530 4627 non
1561 4576 1822 4646 recenset
1841 4587 1940 4625 no-

289 4648 482 4704 tarius
513 4648 611 4718 qui
643 4651 772 4701 acta
802 4644 1169 4718 conscripsit;
1201 4646 1298 4701 sed
1333 4648 1559 4718 tantum
1584 4644 1940 4718 nominaeo-

296 4736 429 4775 rum
452 4722 508 4774 et
531 4713 768 4773 urbium
804 4719 1015 4784 QUIbUS
1037 4713 1135 4771 'illi
1189 4717 1594 4788 praesidebant,
1629 4716 1736 4788 hoc
1768 4713 1939 4768 modo

295 4793 454 4862 (pag.
485 4789 614 4860 92):
673 4790 933 4862 caecilius
986 4805 1020 4843 a
1068 4787 1237 4855 Bitia,
1273 4790 1520 4862 Primus
1559 4803 1593 4840 τι
1641 4787 1938 4862 Μὶξθὶνρα,

2038 3573 2200 3648 ribus
2249 3572 2627 3648 editionibus.
2682 3574 2887 3630 BALUZ.
2937 3607 3006 3616 —
3056 3575 3265 3631 Praeter
3318 3572 3678 3648 pontificum,

2042 3644 2633 3726 Fratrumarvalium,
2661 3648 3066 3726 Pontjtjorum,
3090 3644 3684 3726 Augurum_collegia,

2039 3722 2095 3791 et
2128 3715 2242 3769 alia
2273 3715 2329 3768 id
2362 3731 2568 3791 genus,
2601 3733 2728 3791 quae
2759 3719 3081 3791 ‘Ethuicam
3116 3715 3505 3776 idololatriam
3555 3715 3684 3791 pro-

2038 3788 2194 3862 xime
2224 3789 2584 3862 spectabant,
2621 3788 2874 3862 plurima
2923 3791 3159 3862 fuerunt
3187 3809 3312 3862 quae
3352 3793 3424 3846 ad
3458 3788 3683 3862 reipub.

2042 3857 2637 3941 administrationem,
2677 3860 2761 3941 ad
2838 3857 3258 3941 negotiationes
3331 3867 3387 3941 e_t
3443 3857 3689 3941 arti-licia

2042 3931 2395 4010 pertinuere,
2430 3947 2558 4010 quae
2591 3931 2828 4010 quidem
2860 3931 3060 4010 omnia
3089 3933 3198 3988 sub
3229 3933 3411 4010 tutela
3437 3933 3687 4010 alicujus

2041 4001 2268 4073 profani
2319 4001 3110 4076 numinisjcollocabantur;
3160 4009 3216 4060 et
3268 4004 3527 4076 proinde,
3564 4002 3686 4076 fieri

2045 4090 2159 4148 non
2185 4073 2395 4148 potuit,
2423 4077 2487 4127 ut
2508 4073 2639 4148 quis
2664 4073 2780 4129 illis
2805 4074 3114 4131 interesset
3135 4073 3493 4148 quin'cultus
3515 4074 3687 4130 istius

2045 4145 2206 4216 ﬁeret
2238 4144 2549 4216 particeps.
2589 4145 2743 4199 FELL.

2297 4215 2474 4286 Apud
2534 4219 2769 4297 profana
2843 4219 3147 4297 sepulcra.-
3195 4217 3506 4297 Rigaltius_
3563 4215 3688 4297 ait:

2049 4309 2077 4336 «
2109 4289 2174 4360 ln
2196 4287 2278 4360 iis
2306 4303 2436 4342 vero
2469 4287 2754 4360 sepulcris
2785 4294 2951 4342 erant
3000 4288 3252 4360 plurima
3272 4287 3407 4359 qua:
3441 4289 3512 4344 ad
3545 4287 3693 4342 ritus

2047 4357 2312 4413 ethnicos
2345 4357 2733 4430 pertinebant,
2761 4361 2976 4429 quibus
3000 4357 3440 4416 communicare
3471 4365 3528 4416 et
3560 4374 3695 4415 con-

2047 4429 2321 4484 taminari
2350 4429 2730 4503 ’videbantur,
2765 4431 2862 4501 qui
2906 4436 3165 4486 mortuos
3197 4449 3334 4487 suos
3369 4430 3490 4486 illic
3519 4432 3695 4503 depo-

2048 4503 2301 4574 nabant:
2336 4506 2392 4555 et
2441 4501 2562 4574 hoc
2589 4501 2710 4555 solo
2754 4502 3072 4574 participes
3126 4503 3468 4558 idololatriae
3513 4501 3696 4557 fuisse

2049 4573 2417 4626 dicebantur.
2459 4572 2568 4626 Sed
2597 4578 2653 4626 et
2686 4572 2928 4629 minime
2960 4572 3334 4630 conveniebat
3363 4574 3693 4629 christiana;

2049 4643 2321 4698 charitati
2355 4643 2680 4714 unitatique
2728 4645 3154 4702 ecclesiasticae.
3189 4647 3435 4702 fratrum
3485 4647 3697 4702 defun-

2053 4720 2276 4795 ctorum
2310 4730 2550 4795 corpora
2573 4715 2899 4795 sepulchris
2926 4718 3137 4795 inferre
3160 4717 3698 4795 hostiumnominis

2054 4786 2364 4841 Christiani
2395 4803 2408 4850 ;
2443 4787 2609 4857 quasi
2643 4787 2754 4858 ipsi
2795 4789 3076 4856 defuncti,
3110 4795 3237 4845 tum
3284 4791 3534 4846 maxime
3565 4805 3698 4845 cum

300 4857 639 4949 foli/oramus
664 4861 734 4914 ad
786 4861 1105 4949 Αάνμτηειιξ3
1133 4863 1190 4949 et
1236 4860 1320 4949 sic
1351 4861 1432 4949 de
1467 4858 1707 4949 cretei-ist;
1742 4857 1943 4928 Itaque
1980 4886 2026 4949 Β
2059 4861 2441 4949 morerentur”,
2475 4857 3000 4949 e‘xtral’Eccle‘siam
3053 4861 3319 4949 fuissent.
3353 4863 3492 4949 iure
3523 4861 3704 4933 igitur

295 4928 437 4989 licet
458 4928 781 5005 Cyprianus
812 4932 1110 5003 scripserit
1131 4936 1358 4986 tantum
1573 4929 1638 4984 de
1669 4928 1950 5005 Caesarau-

298 5013 485 5078 gusta,
504 5001 974 5078 'silentiumuejus
1005 5004 1360 5078 nonuprobat
1393 5001 1646 5078 Felicem
1669 5017 1784 5078 non
1801 5001 1950 5078 fuis-

302 5071 368 5132 se
399 5075 758 5147 episcopum.
811 5075 937 5130 Una
977 5091 1068 5147 res
1097 5071 1501 5147 difficultatem
1551 5071 1693 5127 mihi
1724 5072 1955 5126 videtur

302 5145 544 5214 habere,
577 5148 869 5218 quomodo
903 5146 1212 5217 cpiscopus
1261 5145 1822 5218 Caesaraugustanus
1854 5158 1953 5218 po:

301 5218 484 5275 tuerit
514 5214 767 5274 scribere
795 5221 866 5273 ad
898 5214 1248 5290 Cyprianum
1280 5217 1350 5271 de
1377 5214 1556 5271 causa
1585 5214 1856 5290 Basilidis
1901 5217 1958 5268 et

300 5290 606 5354 Martialis,
631 5307 764 5345 cum
787 5285 1014 5344 vicinus
1037 5305 1237 5344 eorum
1265 5305 1378 5343 non
1399 5291 1574 5352 esset,
1599 5287 1814 5358 quippe
1835 5285 1958 5358 lon-

302 5379 377 5434 go
409 5362 714 5417 intervallo
730 5363 817 5434 ab
847 5362 932 5416 eis
962 5361 1289 5434 sejunctas,
1317 5375 1504 5430 neque
1553 5355 1851 5434 probabile
1882 5355 1960 5434 sit

301 5429 585 5488 Sabinum
621 5439 676 5488 et
707 5433 975 5498 Felicem,
1010 5429 1106 5502 qui
1137 5431 1294 5486 brevi
1313 5429 1667 5502 compendio
1693 5432 1960 5502 poterant

307 5505 574 5576 trajicere
603 5504 662 5559 in
700 5504 972 5576 Africam,
1001 5499 1288 5575 profectos
1312 5499 1542 5576 esse—ad
1568 5499 1804 5576 ultimos
1837 5500 1960 5576 His:

312 5572 621 5648 paniarnm
655 5577 822 5644 fines,
853 5579 919 5631 ut
957 5572 1064 5647 per
1095 5583 1324 5631 montes
1373 5574 1673 5648 Pyrenaeos
1705 5573 1857 5627 irent
1886 5572 1957 5648 ad

307 5645 686 5721 Cyprianum.
718 5648 775 5701 Si
811 5645 1028 5721 verum
1076 5651 1230 5703 esset
1279 5646 1433 5721 quod
1485 5646 1860 5721 inrsermoue
1891 5645 1962 5721 de

312 5715 520 5777 sancto
551 5719 862 5776 Laurentio
890 5719 1035 5775 dixit
1064 5715 1313 5776 sanctus
1335 5716 1678 5775 Vincentius
1719 5715 1963 5774 Ferrarii

317 5797 590 5854 sanctum
623 5791 869 5866 Xystum
891 5791 1104 5864 Papam
1129 5792 1435 5850 vadentem
1452 5791 1522 5849 ad
1545 5787 1965 5848 celebrandum

603 5921 869 5985 Panos.
915 5917 1025 6005 Ill,

2059 4929 2378 5005 christiana
2409 4929 2741 5005 fraternitas
2774 4932 3147 5005 Elhnicorum
3186 4934 3425 5005 collegia
3455 4929 3701 5005 des'pue-

2063 5002 2180 5066 bat,
2216 5006 2278 5054 ut
2309 5001 2604 5074 pestifera,
2637 5018 2957 5074 eorumque
2988 5003 3256 5074 sepulcra
3291 5001 3360 5060 ut
3381 5001 3707 5059 conditoria

2063 5075 2451 5144 mortuorum.
2512 5072 2736 5129 Etenim
2799 5072 3000 5130 ﬁdeles
3054 5072 3315 5131 habuere
3371 5092 3480 5130 sua
3505 5093 3704 5144 κοιμη-

2062 5145 2245 5226 τήριαρ
2307 5143 2703 5226 dor-mentium
2761 5146 3168 5226 videlicet,__in
3226 5163 3390 5218 spem
3449 5143 3707 5202 resurre-

2065 5216 2273 5289 ctionis
2306 5216 2719 5289 acbeatitat‘isg
2744 5221 2992 5273 aeternae.
3046 5216 3301 5289 Hujusce
3349 5222 3540 5272 autem
3573 5233 3706 5289 spes

2067 5287 2281 5372 pignus
2313 5285 2428 5340 illis
2453 5287 2562 5372 fuit
2593 5286 2879 5372 Christus,
2902 5285 3328 5372 qui‘depbsitus
3348 5290 3405 5344 in
3439 5285 3707 5372 sepulcro

2066 5359 2269 5430 revixit
2318 5359 2704 5430 surrexitque.
2757 5364 2835 5415 Ac
2894 5359 3240 5417 mulieribus
3289 5359 3602 5416 Dominum
3648 5361 3708 5415 in

2069 5428 2335 5505 sepulcro
2400 5428 2809 5505 quaerentibus
2893 5433 3123 5487 obviam
3207 5435 3392 5489 factus
3468 5431 3712 5505 angelus

2068 5497 2232 5564 dixit,
2265 5499 2373 5551 Οὐκ
2400 5497 2541 5553 ἒξττιν
2576 5497 2701 5570 ωδε,
2738 5502 2850 5557 Non
2901 5507 2978 5557 est
3020 5505 3125 5561 hic.
3177 5504 3283 5570 Qui
3335 5522 3475 5561 sane
3503 5497 3719 5560 titulus

2069 5572 2608 5652 taniomagniﬁcus
2633 5578 2689 5628 et
2719 5572 3030 5652 gloriosus.
3054 5576 3496 5652 quantohdispar
3525 5575 3722 5648 vulga-

2071 5646 2149 5718 tis
2182 5643 2300 5698 illis
2327 5643 2696 5718 tumulorum
2729 5643 3235 5718 inscriptionibus,
3271 5647 3367 5701 llic
3392 5643 3569 5704 'St'rus
3601 5643 3722 5718 as'r,

2073 5717 2386 5790 Hieugs'r.
2424 5738 2451 5765 n
2474 5715 2613 5790 (Haec
2646 5715 2960 5790 Rigaltius.
2989 5723 3189 5786 Porro,
3221 5717 3732 5790 quemadmodum

2076 5805 2110 5846 a
2139 5785 2408 5863 pluribus
2437 5785 2839 5858 observatum,
2885 5791 3047 5868 quod
3075 5785 3266 5850 omnis
3315 5789 3438 5847 fere
3476 5786 3748 5866 gentium

3387 5916 3483 6004 Μ
