4098 6178
261 339 401 398 1069

1239 327 1444 392 PARS
1491 327 1539 389 l.
1570 362 1650 374 —
1691 325 2194 390 MONUMENTA
2241 326 2649 392 VETERUM.

3493 330 3654 389 1070

320 470 432 523 VII.
467 467 581 522 Nec
599 481 702 521 vos
724 468 972 530 moveat,
999 462 1206 517 fratres
1229 461 1637 527 dillectissimi,
1661 461 1709 516 si
1734 460 1889 531 apud
1922 468 1977 532 Α
2007 461 2134 532 ipsa
2174 477 2282 516 sua
2319 459 2650 531 captivitate
2683 460 2909 515 vicisse.
2945 459 3165 515 Viderit
3193 459 3281 514 vel
3314 460 3650 532 praevarica-

255 557 516 630 quosdam
567 554 627 608 in
675 551 1012 608 novissimis
1080 549 1444 620 temporibus
1514 554 1614 604 aut
1662 548 1892 604 lubrica

259 646 388 701 ﬁdes
417 648 610 711 nutat,
646 646 748 698 aut
796 641 890 696 Dei
936 639 1114 695 timor
1167 637 1530 709 irreligiosus
1560 639 1603 672 ³⁷
1649 637 1762 708 (71)
1794 653 1890 690 va-

255 734 401 791 cillat
429 737 533 789 aut
562 731 830 805 paciﬁcat
862 727 1170 785 concordia
1200 743 1314 781 non
1357 731 1700 796 perseverat.
1737 730 1893 780 Prae-

255 823 506 880 nuntiata
533 825 672 877 sunt
701 820 822 875 haec
853 819 1050 873 futura
1078 817 1138 871 in
1172 815 1364 870 seaculi
1397 816 1533 882 ﬁne,
1577 820 1634 870 et
1667 813 1894 870 Domini

253 928 376 968 voce
406 917 580 982 atque
611 907 1025 980 Apostolorum
1069 903 1492 960 contestatione
1545 904 1894 975 praedictum

253 1006 334 1057 est
359 999 824 1068 defﬁcientejam
856 996 1063 1051 1082
1095 994 1336 1058 mundo,
1357 996 1548 1064 atque
1577 991 1893 1064 appropin-

254 1094 458 1162 quante
506 1085 870 1149 antichristo,
917 1084 1068 1139 bono
1119 1098 1365 1154 quisque
1415 1081 1688 1147 deﬁcere,
1740 1079 1897 1136 mala

252 1195 373 1236 vero
401 1183 458 1234 et
487 1177 731 1232 adversa
761 1173 1062 1247 proﬁcere.

319 1267 458 1322 VIII.
488 1266 613 1320 Non
645 1264 730 1320 sic
752 1267 968 1332 tamen,
1003 1261 1273 1332 quamvis
1303 1259 1644 1315 novissimis
1669 1263 1896 1331 tempo-

253 1357 427 1424 ribus,
450 1355 508 1409 in
545 1351 800 1408 Ecclesia
825 1351 922 1405 Dei
949 1355 1050 1405 aut
1079 1349 1450 1422 evangelicus
1471 1349 1635 1421 vigor
1665 1347 1894 1418 cecidit,

255 1449 347 1500 aut
370 1442 707 1500 Christiana:
729 1439 962 1495 virtutis
980 1439 1024 1474 ³⁸
1047 1443 1148 1494 aut
1178 1438 1312 1494 ﬁdei
1343 1438 1521 1494 robur
1549 1437 1810 1508 elanguit
1829 1436 1894 1506 ³³,

253 1539 311 1588 ut
346 1548 457 1588 non
515 1529 773 1602 supersit
803 1527 990 1600 portio
1041 1527 1419 1583 sacerdotum
1474 1543 1600 1598 quae
1652 1525 1896 1580 minime

254 1621 317 1676 ad
347 1621 450 1675 has
480 1635 674 1674 rerum
711 1617 914 1672 ruinas
939 1623 995 1671 et
1027 1616 1159 1671 ﬁdei
1193 1615 1500 1685 naufragia
1528 1614 1894 1681 succumbat,

254 1710 347 1766 sed
376 1708 540 1764 fortis
570 1712 628 1762 et
656 1705 885 1762 stabilis
919 1705 1200 1761 honorem
1232 1704 1439 1759 divina
1473 1703 1800 1774 majestatis
1841 1706 1899 1757 et

256 1796 660 1854 sacerdotalem
680 1794 1026 1867 dignitatem
1050 1792 1222 1865 plena
1241 1793 1470 1848 timoris
1491 1792 1896 1848 observatione

258 1893 500 1943 tueatur.
535 1884 911 1940 Meminimus
943 1887 1000 1938 et
1044 1888 1336 1948 tenemus,
1368 1881 1892 1938 succumbentibus

257 1978 381 2031 licet
408 1981 464 2030 et
491 1974 832 2030 cedentibus
863 1973 1087 2027 caeteris
1119 1970 1463 2026 Matathiam
1495 1973 1556 2042 ,(1
1583 1970 1791 2026 Μαεὴ..
1831 1986 1892 2040 ιι,

261 2066 340 2134 19,
396 2065 509 2135 20),
564 2062 751 2136 legem
814 2061 908 2116 Dei
972 2060 1299 2115 vindicasse
1371 2059 1614 2114 fortiter.
1672 2059 1894 2113 Heliam

258 2155 356 2227 (III
408 2155 532 2222 Reg.
583 2169 698 2222 xxx,
763 2150 873 2219 19),
904 2149 1123 2204 Judaeis
1179 2147 1584 2203 deﬁcientibus
1640 2151 1814 2218 atque
1863 2163 1898 2201 a

257 2242 526 2314 religione
572 2240 766 2294 divina
823 2239 1249 2308 recedentibus,
1301 2237 1533 2292 stetisse
1580 2238 1624 2270 ⁴⁰
1665 2241 1720 2292 et
1769 2253 1897 2291 cer-

256 2338 402 2387 tasse
441 2329 808 2394 sublimiter;
860 2326 1158 2382 Danielem
1206 2327 1377 2397 (Dan.
1412 2343 1485 2391 v1,
1535 2327 1621 2394 10,
1668 2326 1759 2392 2i,
1803 2324 1896 2395 22)

254 2436 353 2475 nec
380 2418 695 2474 solitudine
727 2419 769 2455 ⁸³
805 2416 1062 2488 regionis
1106 2415 1306 2470 alienas
1338 2430 1442 2470 nec
1479 2413 1900 2485 persecutionis

255 2507 502 2564 assiduas
532 2505 901 2561 infestatione
931 2503 1274 2558 deterritum
1325 2505 1656 2575 frequenter
1686 2518 1753 2558 ac
1784 2502 1897 2557 for-

252 2598 382 2652 titer
412 2595 664 2669 gloriosa
695 2595 740 2628 ⁴²
771 2594 1000 2649 dedisse
1041 2591 1287 2665 matyria
1319 2610 1330 2660 ;
1366 2597 1485 2648 tres
1515 2591 1657 2647 item
1688 2608 1899 2663 pueros

256 2702 357 2742 nec
385 2685 556 2741 annis
584 2685 695 2755 (72)
720 2699 824 2738 nec
847 2683 1022 2737 minis
1045 2682 1254 2736 fractos
1277 2689 1482 2736 contra
1521 2682 1717 2736 [033
1737 2682 1900 2752 ignes

258 2773 633 2846 Babylonicos
654 2771 902 2827 ﬁdeliter
915 2771 1210 2826 obstitisse
1230 2777 1286 2826 et
1299 2771 1825 2841 victorem‘5regem
1841 2768 1900 2823 in

1926 1843 1970 1908 Β

2000 554 2192 604 torum
2228 566 2509 604 numerus
2541 547 2629 604 vel
2661 549 3020 620 proditorum
3051 549 3150 620 qui
3183 565 3338 603 nunc
3369 549 3425 603 in
3459 547 3649 604 Eccle-

2002 639 2089 692 sia
2119 642 2319 693 contra
2357 637 2670 693 Ecclesiam
2716 653 2954 710 surgere
3002 643 3060 692 et
3110 638 3285 693 ﬁdem
3338 638 3557 710 pariter
3581 654 3648 692 ac

1999 727 2301 782 veritatem
2346 726 2692 781 labefactare
2759 731 3073 797 cmperunt.
3127 727 3434 782 Permanet
3494 727 3650 798 apud

2004 815 2290 886 plurimos
2323 815 2548 871 sincera
2579 832 2746 872 mens
2798 821 2855 871 et
2911 815 3113 888 religio
3167 818 3414 888 integra,
3446 819 3504 872 et
3533 831 3650 871 non

2005 903 2116 958 nisi
2151 904 2392 959 Domino
2421 909 2478 959 et
2526 905 2641 959 Deo
2685 921 2791 960 suo
2838 906 3036 960 anima
3084 905 3309 971 devota,
3344 922 3449 961 nec
3500 904 3654 960 chri-

2008 993 2259 1048 stianam
2293 993 2470 1048 ﬁdem
2502 992 2690 1048 aliena
2713 993 2954 1065 perﬁdia
2985 993 3260 1065 deprimit
3291 994 3360 1049 ad
3395 994 3652 1060 ruinam,

2006 1083 2107 1136 sed
2142 1081 2332 1153 magis
2361 1082 2572 1138 excitat
2600 1087 2655 1137 et
2685 1082 2900 1138 exaltat
2929 1083 2999 1138 ad
3031 1082 3298 1155 gloriam,
3324 1083 3654 1138 secundum

2005 1171 2158 1242 quod
2217 1171 2422 1227 beatus
2480 1171 2780 1242 apostolus
2842 1171 3057 1228 Paulus
3104 1171 3376 1228 hortatur
3429 1173 3486 1226 et
3514 1170 3659 1226 dicit

2005 1260 2181 1329 (Rom.
2245 1277 2330 1322 Ill,
2373 1260 2541 1331 3,4):
2601 1261 2742 1329 Quid
2779 1262 2929 1316 enim
2985 1263 3037 1316 si
3091 1260 3414 1316 exciderunt
3459 1277 3492 1315 α
3549 1259 3656 1330 ﬁde

2004 1349 2232 1420 quidam
2282 1364 2490 1414 eorum,
2537 1350 2789 1421 nunquid
2861 1351 3166 1420 inﬁdelitas
3229 1350 3451 1405 illoram
3493 1349 3657 1420 ﬁdem

2007 1438 2106 1493 Dei
2134 1440 2425 1493 evacuavit
2449 1442 2472 1491 .9
2497 1439 2645 1494 Absit
2676 1443 2694 1492 !
2724 1440 2814 1494 Est
2862 1441 3020 1495 enim
3066 1441 3208 1495 Deus
3245 1455 3440 1508 verax,
3474 1439 3652 1494 omnis

2003 1535 2195 1581 autem
2226 1527 2380 1581 homo
2411 1526 2668 1582 mendax.
2701 1527 2758 1582 Si
2807 1531 3002 1583 autem
3034 1527 3227 1583 omnis
3266 1527 3443 1583 homo
3492 1542 3655 1582 men-

2005 1615 2117 1670 dax
2148 1619 2239 1670 est
2269 1619 2326 1670 et
2356 1615 2519 1670 solus
2569 1617 2722 1672 Deus
2767 1633 2960 1685 verax,
2994 1616 3136 1688 quid
3187 1616 3343 1672 aliud
3395 1615 3569 1681 servi,
3600 1618 3659 1671 et

2006 1703 2261 1759 maxime
2320 1704 2651 1760 sacerdotes
2705 1704 2828 1774 Dei,
2851 1705 3041 1761 facere
3096 1704 3379 1760 debemus
3436 1703 3554 1760 nisi
3591 1706 3660 1759 ut

2006 1792 2298 1848 humanos
2353 1809 2578 1850 errores
2606 1795 2694 1863 {et
2741 1793 3046 1850 mendacia
3118 1792 3540 1866 relinquamus,
3599 1793 3659 1847 et

2004 1888 2293 1954 praecepta
2346 1883 2644 1939 dominica
2682 1883 3082 1940 custodientes
3144 1883 3205 1940 in
3262 1882 3364 1940 Dei
3419 1881 3659 1938 veritate

2005 1987 2351 2027 maneamus
2371 1971 2398 2026 ?

2077 2059 2166 2116 IX.
2235 2061 2423 2126 Quare
2488 2062 2534 2095 “
2591 2061 2700 2118 etsi
2763 2061 2944 2134 aliqui
3005 2063 3076 2118 de
3136 2061 3375 2134 collegis
3441 2059 3660 2117 nostris

2006 2148 2352 2220 exstiterint,
2387 2149 2596 2205 fratres
2630 2150 3018 2219 dilectissimi,
3053 2151 3154 2224 qui
3181 2152 3448 2207 deiﬁcam
3482 2149 3661 2206 disci-

2006 2236 2229 2308 plinam
2262 2237 2672 2311 negligendam
2697 2244 2906 2312 putant
2924 2246 2980 2296 et
3009 2257 3145 2296 cum
3171 2239 3418 2296 Basilide
3438 2243 3496 2294 et
3516 2239 3663 2294 Mar-

2006 2324 2141 2380 tiale
2189 2332 2407 2382 temere
2452 2329 2911 2396 communicant,
2955 2331 3304 2384 conturbare
3338 2328 3514 2383 ﬁdem
3565 2343 3664 2383 no-

2008 2419 2192 2469 stram
2225 2431 2315 2470 res
2346 2416 2462 2470 ista
2491 2432 2606 2471 non
2637 2417 2828 2485 debet,
2861 2433 2996 2473 cum
3029 2418 3277 2488 Spiritus
3308 2423 3552 2473 sanctus
3598 2416 3661 2472 in

2009 2502 2252 2575 psalmis
2311 2503 2528 2560 talibus
2588 2509 2977 2562 comminetur
3031 2507 3230 2563 dicens
3287 2505 3462 2578 (Psal.
3509 2523 3660 2578 xux,

2012 2591 2101 2663 17,
2163 2592 2287 2664 18):
2339 2594 2412 2648 Tu
2461 2598 2645 2650 autem
2686 2596 2850 2651 odisti
2885 2595 3273 2668 disciplinam,
3313 2600 3365 2651 et
3405 2596 3658 2668 abjecisti

2009 2697 2284 2736 sermones
2313 2698 2458 2738 meos
2479 2685 2687 2740 1084
2709 2689 2874 2740 retro.
2905 2685 2964 2740 Si
2991 2685 3208 2740 videbas
3240 2686 3284 2720 “
3312 2687 3511 2756 furem,
3534 2700 3662 2739 con-

2010 2771 2277 2826 currebas
2304 2772 2390 2837 ei,‘
2407 2776 2460 2826 et
2488 2788 2610 2827 cum
2655 2774 2928 2829 adulteris
2973 2776 3281 2845 portionem
3301 2775 3345 2809 ⁴⁶
3368 2774 3480 2845 (75)
3509 2779 3662 2828 tuam

1677 2894 1882 2957 Variae
1925 2893 2247 2955 lectiones.

327 3013 368 3046 ετ
394 3012 483 3084 δίε
510 3013 647 3084 ιηιρ.
674 3011 762 3084 Ae

257 3100 385 3138 mor
415 3083 567 3137 Corb.
594 3082 604 3084 ἡ
645 3082 689 3116 ⁸ο

768 3008 841 3063 ud
879 3005 1236 3076 irreligiosos
1275 3006 1416 3059 Foss.
1453 3002 1624 3076 θαξοη.
1702 2999 2321 3076 3f_Chri_stiana_virtus_
2363 3002 2511 3076 Line.
2543 3004 2649 3076 ΝΟ.
2677 3007 2733 3059 2.
2762 3075 2766 3076 ν
2810 3005 2855 3040 ³9
2885 3004 3092 3076 Virgor
3121 3004 3362 3076 languet
3396 3009 3524 3060 Ver.
3558 3005 3659 3060 Ti-

745 3049 1658 3135 ὄθῖιὸἷὲῖιὶῖῗίιῖῖἒιὲῦζέθ⁷ΐάἆὴ.
1707 3049 2511 3130 az"513577351315:
2533 3049 2558 3128 ἱ
2572 3049 2581 3128 ξ
2597 3049 3082 3131 “ἰῖ’8ο1ίιὶιᾶῧῖἑ
3122 3049 3362 3133 5.3221:
3393 3049 3486 3131 ﬁ."
3511 3049 3660 3131 ὠὴ.

252 3156 358 3210 N0.
393 3157 443 3210 1.
467 3155 591 3208 Lin.
618 3155 774 3208 Ebor.
809 3150 913 3206 ΝΟ.
990 3150 1033 3183 ⁴²
1061 3148 1319 3204 Gloriose
1372 3148 1550 3215 Lam.
1592 3145 1709 3197 Lin.
1746 3145 1901 3198 Ebor.
1957 3142 2068 3215 ινα
2100 3145 2150 3215 1,
2185 3146 2237 3198 2.
2272 3145 2414 3200 Foss.
2456 3147 2585 3202 Vict.
2648 3147 2816 3202 Corb.
2896 3149 2940 3182 ‘3
2997 3148 3258 3203 Victores
3317 3148 3434 3202 Lin.
3466 3149 3568 3204 NG.
3601 3149 3657 3205 2.

322 3227 368 3260 “
396 3226 519 3289 Qua
546 3226 604 3280 in
632 3240 692 3279 re
750 3227 899 3278 Lam.
936 3221 1095 3278 Ebor.
1156 3219 1261 3276 N6.
1298 3221 1347 3273 1.
1425 3218 1469 3252 ⁸⁵
1499 3214 1559 3271 Si
1611 3215 1825 3270 vineris
1886 3213 2014 3269 Bod.
2057 3214 2102 3268 I.
2138 3213 2143 3215 ν
2177 3216 2222 3249 ⁴⁶
2271 3215 2569 3274 Adulteris
2611 3224 2839 3290 partem
2899 3220 3047 3276 Lam.
3105 3220 3264 3277 Ebor.
3325 3219 3459 3277 Bod.
3519 3220 3572 3288 4,
3603 3220 3659 3275 2.

251 3299 375 3354 Lin.
407 3298 514 3353 NC.
548 3296 602 3365 4,
633 3298 686 3351 2.
722 3296 851 3350 Thu.

1681 3384 2010 3445 Variorum
2057 3390 2246 3447 notae.

323 3505 436 3576 (71)
465 3504 560 3558 Dei
577 3503 741 3576 timor
766 3498 1129 3576 irreligiosus.
1165 3496 1245 3576 _Ex
1276 3511 1391 3549 uno
1423 3492 1898 3576 tantumncodice
1930 3493 1972 3559 C
2011 3494 2155 3576 istas
2201 3492 2480 3576 lectiones
2528 3495 2654 3576 sine
2685 3494 2802 3551 ullo
2843 3496 3178 3576 prejudicio
3223 3496 3660 3576 examinaverit.

251 3564 472 3648 scripto
526 3573 720 3643 posuit
764 3564 975 3648 F_ell_us.
1012 3566 1486 3648 Deilimornpad
1533 3564 1894 3634 irreligiosos,

254 3637 398 3704 dum
430 3637 748 3718 impressas
796 3643 1010 3718 habere
1050 3641 1147 3707 ait,
1183 3638 1337 3718 quod
1385 3637 1547 3718 vides
1593 3651 1722 3718 esse
1752 3651 1902 3716 rece-

257 3730 443 3793 ptum.
478 3707 587 3793 Sed
621 3718 681 3770 in
711 3715 883 3793 veteri
914 3727 1148 3793 quoque
1179 3707 1418 3793 Romana
1457 3713 1633 3788 atque
1654 3707 1900 3793 .Era‘sm‘i

255 3777 618 3848 sditionibus
646 3786 798 3856 apud
819 3777 1153 3853 irreligiosos
1203 3786 1428 3856 exstare
1476 3777 1903 3856 invenio.l_Silet

255 3861 531 3918 Baluzius
547 3850 730 3914 altera
755 3850 1001 3912 lectione
1026 3858 1267 3909 retenta.
1291 3851 1435 3905 Cum
1457 3866 1590 3905 vero
1621 3851 1690 3904 ad
1725 3850 1901 3903 ﬁnem

255 3933 517 4006 epistolas
549 3928 1083 4006 habeas,_religioso
1129 3927 1342 4006 timore,
1394 3923 1519 4006 qui.
1555 3922 1738 4006 locus
1769 3919 1903 4006 huic

253 3993 370 4078 ipsi
404 4003 592 4078 lucem
625 3993 893 4078 effundit,
928 3993 1119 4052 nonne
1148 4011 1284 4068 ergo
1315 3995 1629 4066 legendum
1659 3997 1783 4048 est:
1810 3993 1909 4047 Dei

253 4070 434 4150 timor
459 4074 799 4150 religiosus?
830 4070 1051 4150 Regum.
1191 4138 1203 4150 .
1341 4141 1349 4150 ι
1583 4139 1591 4150 1
1736 4134 1770 4150 Ι,

329 4147 444 4218 (72)
495 4138 598 4201 Nec
644 4143 830 4218 annis.
897 4146 1016 4218 Duo
1072 4138 1488 4218 libri_veteres
1546 4139 1613 4218 et_
1655 4138 1906 4218 antiquae

251 4205 544 4275 editidnes
602 4215 925 4288 praeferunt
971 4212 1161 4288 armis.
1223 4208 1352 4288 sed.
1393 4207 1542 4261 banc
1604 4205 1906 4288 lectiquem

250 4290 460 4361 rejecit
493 4278 808 4355 Pamelius,
831 4283 968 4361 quia
997 4282 1107 4354 ipsi
1133 4280 1435 4361 constabat
1464 4293 1655 4349 regem
1719 4278 1907 4361 Nabu-

254 4352 723 4417 chodonosorem
771 4352 952 4410 nullis
1001 4352 1181 4408 armis
1245 4366 1548 4423 egressum
1611 4365 1738 4404 esse
1791 4355 1910 4403 tres

260 4449 499 4507 pueros,
533 4437 589 4507 et
620 4429 817 4502 posuit
855 4427 1018 4507 annis
1065 4440 1134 4507 ex
1184 4422 1300 4477 ﬁde
1344 4422 1605 4493 quinque
1653 4426 1909 4507 veterum

262 4495 713 4576 exemplarium,
749 4514 926 4576 quam
962 4495 1276 4576 lectionem
1323 4509 1434 4576 ego.
1465 4495 1912 4576 quoque‘reperi

263 4579 324 4631 in
356 4564 561 4647 viginti
591 4591 658 4630 ex
694 4564 926 4626 nostris.
960 4573 1127 4647 Unus
1155 4581 1322 4621 meus
1351 4570 1516 4647 vetus
1547 4564 1721 4647 habet
1749 4564 1917 4617 cami-

258 4651 384 4704 nis.
417 4636 628 4718 “Atque
672 4660 777 4716 ego
809 4657 953 4718 eam
999 4638 1306 4718 lectionem
1333 4636 1522 4718 facile
1569 4636 1740 4718 credo
1787 4649 1915 4718 esse

263 4705 594 4784 meliorem,
629 4705 762 4772 cum
793 4713 907 4767 dici
943 4729 1063 4787 non
1092 4711 1277 4782 possit
1315 4710 1386 4787 de
1426 4706 1620 4787 pueris
1653 4711 1750 4787 aut
1779 4705 1914 4787 ado-

263 4781 632 4848 lescentibus
663 4803 762 4842 eos
792 4801 920 4840 esse
943 4781 1108 4839 senio
1137 4787 1193 4836 et
1223 4781 1392 4835 annis
1427 4781 1658 4848 fractos,
1695 4781 1751 4832 et
1779 4781 1917 4847 quia

2014 3567 2098 3643 Ita
2121 3565 2278 3643 enim
2313 3583 2402 3643 me
2424 3567 2716 3643 sincerius
2756 3565 3228 3643 exploratiusque
3256 3569 3663 3643 velcorrigere

2011 3637 2222 3708 poterit
2250 3637 2333 3691 vel
2385 3641 2649 3713 probare.
2685 3639 2855 3694 Recte
2885 3637 3101 3713 autem
3132 3637 3297 3696 dixit
3339 3637 3660 3713 Cyprianus

2009 3723 2205 3783 pueros
2241 3724 2340 3763 nec
2384 3711 2642 3783 caminis;
2665 3726 2764 3783 nec
2810 3712 2980 3766 minis
3026 3715 3250 3783 fractos.
3291 3711 3437 3768 Nam
3468 3711 3660 3766 Cicero

2013 3783 2070 3855 i_n
2123 3780 2272 3855 libro
2321 3781 2510 3855 prion
2541 3780 2880 3855 Ofﬁciorum
2934 3780 3079 3838 dixit
3133 3784 3320 3855 frangi
3370 3790 3524 3839 metu
3561 3804 3574 3852 ς
3608 3789 3664 3837 et

2013 3851 2258 3927 Statius,
2306 3868 2381 3927 ix_
2418 3853 2768 3927 Thebaidos,
2802 3853 2979 3909 minis
3037 3851 3432 3927 frangifSunt
3484 3855 3660 3927 etiam

2015 3922 2130 3977 alia
2159 3922 2444 3995 exempla.
2490 3922 2790 3979 BALUZIUS.
2825 3956 2893 3965 —
2944 3931 3092 3980 Ante
3133 3922 3480 3995 Pamelium,
3515 3926 3660 3980 refe-

2015 3998 2176 4066 rente
2227 3993 2480 4049 Pamelio
2529 3995 2677 4066 ipso,
2728 3997 2992 4051 exstabat
3039 3997 3182 4052 illud
3229 4013 3328 4052 nec
3374 3993 3558 4066 annis,
3605 3996 3663 4050 in

2016 4065 2254 4142 editione
2301 4065 2595 4142 Manutii;
2651 4067 2768 4122 imo
2823 4068 2880 4122 in
2930 4068 3476 4142 editioneCypriani
3534 4065 3665 4142 vere

2018 4136 2298 4208 principe,
2335 4154 2434 4193 seu
2498 4139 2756 4193 Romana.
2791 4143 2968 4194 Porro
3019 4141 3078 4195 in
3125 4136 3461 4197 edit'onn.
3505 4138 3667 4196 nulla

2020 4213 2382 4264 memoratur
2409 4210 2675 4265 lectionis
2717 4211 2986 4266 varietas.
3019 4212 3250 4267 Baluzio
3282 4219 3478 4268 tamen
3509 4211 3666 4266 istud

2018 4297 2117 4335 nec
2155 4283 2390 4356 caminis
2437 4281 2676 4356 editioni
2727 4299 2845 4338 sum
2895 4285 3223 4354 reponenti,
3273 4302 3399 4356 quae
3429 4285 3666 4356 quidem

2019 4369 2126 4429 vox
2154 4354 2404 4429 caminus
2436 4353 2494 4408 in
2529 4356 2793 4429 Oratione
2827 4353 3123 4429 puerorum
3167 4357 3238 4411 ad
3286 4353 3479 4429 regem
3514 4354 3668 4429 apud

2021 4423 2322 4478 Danielem
2375 4424 2687 4491 invenitur,
2745 4423 2987 4480 forsitan
3051 4423 3503 4494 consensissem,
3551 4423 3672 4481 nisi

2023 4497 2322 4571 obstarent
2343 4511 2436 4550 res
2471 4497 2622 4571 duis,
2663 4497 2920 4571 primum
2954 4497 3093 4552 ordo
3135 4504 3524 4571 praeposterus
3546 4514 3669 4571 ver-

2028 4567 2257 4639 borum,
2287 4581 2388 4639 nec
2414 4569 2647 4639 caminis
2679 4584 2776 4622 nec
2814 4570 2982 4622 minis
3003 4567 3230 4639 fractos,
3257 4567 3466 4627 deinde
3497 4570 3673 4624 verba

2024 4637 2154 4709 ipsa
2181 4637 2472 4710 Cypriani,
2508 4655 2634 4709 quas
2684 4656 2717 4693 a
2759 4639 2880 4695 viro
2930 4637 3285 4698 cl.‘adducta
3331 4646 3505 4699 sunt:
3537 4642 3668 4697 lmi-

2026 4718 2208 4764 temur
2269 4724 2487 4779 pueros,
2545 4711 2847 4778 Ananiam,
2906 4712 3172 4768 Asarium
3231 4725 3282 4771 ει
3342 4714 3671 4778 Misahelem,

2027 4781 2258 4857 q_ui_nec
2281 4784 2691 4857 (ridiclei-nti,
2749 4800 2847 4857 nec
2890 4787 3204 4851 captivitate
3259 4789 3448 4857 fracti,
3483 4784 3676 4840 Iudaea

261 4881 382 4918 vox
411 4863 643 4916 caminis
675 4857 885 4930 melius
913 4855 1182 4930 congruit
1219 4869 1350 4906 cum
1395 4849 1658 4930 historia.
1694 4849 1918 4930 Quippe
1949 4864 1995 4928 Β
2030 4849 2797 4930 devicla‘et.Hierosolymis
2855 4849 3054 4925 capitis,
3086 4858 3143 4910 in
3204 4849 3320 4929 ipso
3375 4849 3542 4928 regno
3580 4869 3675 4930 suo

262 4938 498 4992 certum
542 4936 628 4986 est
673 4928 1330 5002 Nabuchodonosorem,
1377 4928 1446 5002 ut
1513 4937 1722 4993 pueros
1775 4927 1918 5002 istqs

262 5007 666 5062 commoveret
698 5008 755 5055 et
785 5004 1045 5064 terreret,
1083 4995 1424 5066 multiplicis
1464 5010 1644 5064 poenas
1678 4995 1919 5066 commi-

264 5077 532 5140 natione,
568 5073 764 5145 minas_
787 5063 1055 5145 iactasse,
1092 5063 1348 5145 pericula
1378 5063 1921 5145 intentasseudeni:

261 5167 390 5222 que
416 5135 600 5220 parari
618 5135 815 5222 jussis,
840 5162 866 5194 ι)
898 5135 1184 5222 fornacem
1208 5138 1434 5222 si‘ve,‘ut
1455 5135 1685 5217 Sulpitii
1733 5135 1922 5222 Severi

259 5208 451 5277 verbo
484 5208 640 5278 utar:
667 5216 966 5271 caminum
990 5212 1143 5282 ignis
1169 5210 1430 5264 ardentis
1464 5208 1727 5282 inquam
1751 5208 1927 5282 conji-

261 5275 566 5349 cerentur.
600 5275 962 5343 Conﬁrmant
989 5275 1142 5337 hvanc
1171 5298 1361 5336 meam
1391 5275 1720 5350 opinidnem
1753 5275 1929 5350 verba

259 5361 548 5438 Cypriani
575 5377 642 5438 ex
671 5355 921 5438 epistola
944 5354 1354 5438 .Lv1,_pag.‘91,l
1472 5367 1586 5438 qua
1614 5349 1927 5438 tirespueri

262 5425 396 5494 ῃὸἓι
429 5425 901 5489 dicuntur-annis
941 5425 1129 5493 tracti,
1161 5425 1260 5479 sed
1295 5429 1458 5479 aetate
1488 5425 1697 5488 territi,
1731 5426 1787 5494 et
1817 5425 1924 5474 mi-

266 5493 377 5564 nis
424 5505 577 5577 regis
627 5507 697 5577 et_
730 5498 985 5577 flammis
1049 5495 1316 5552 fortiores
1351 5494 1673 5577 exstitisse.
1703 5493 1930 5577 “Itaque

265 5563 650 5636 retinuiueam
685 5572 1014 5635 lectionem,
1048 5585 1222 5639 quam
1265 5572 1404 5639 puto
1443 5582 1577 5639 esse
1608 5563 1928 5620 meliorem.

264 5649 664 5710 Commodius
695 5648 884 5700 autem
918 5638 1282 5712 erectiusque
1337 5640 1419 5712 de
1438 5638 1546 5712 hac
1578 5653 1706 5712 mea
1733 5652 1933 5712 emen-

269 5708 525 5783 datione
561 5714 920 5776 existimabit
959 5708 1369 5787 judiciumque
1398 5710 1570 5767 faciet
1611 5708 1709 5781 qui
1741 5709 1934 5764 varias

2030 4939 2210 4999 regem
2241 4923 2380 4992 ﬁdei
2397 4927 2596 4979 virtute
2624 4923 2893 4999 vicerunt,
2914 4923 2963 4980 et
2991 4929 3165 4982 minis
3194 4923 3333 4999 regis
3363 4937 3412 4982 et
3438 4923 3679 4999 ﬂammis

2029 4998 2282 5070 feruores
2330 4999 2644 5070 exstitrunt.
2682 4998 2749 5051 Et
2779 4998 2916 5053 alibi
2948 5015 3200 5070 quoque,
3220 4997 3268 5054 si
3306 4997 3448 5054 bene
3479 4997 3680 5053 memi-

2032 5067 2113 5134 ni,
2134 5068 2286 5138 apud
2322 5066 2672 5139 Cyprianum
2700 5085 2766 5123 ex
2798 5066 2994 5125 tenera
3024 5066 3224 5126 bdrum
3251 5074 3681 5126 confesssorum

2033 5143 2198 5193 astate
2230 5139 2465 5214 ducitur
2490 5141 2560 5194 ad
2593 5141 2995 5214 fortitudinem
3047 5141 3476 5198 adhortativum
3507 5157 3677 5214 argu-

2035 5214 2326 5286 mentum.
2386 5213 2584 5282 Itaque
2638 5213 2944 5286 lectionem
2999 5213 3163 5286 prius
3232 5219 3526 5286 receptum
3582 5213 3683 5268 nec

2035 5283 2222 5356 annis,
2275 5282 2332 5356 h_.
2396 5298 2444 5356 e_.
2494 5283 2856 5356 juvenilibus
2912 5282 3109 5356 annis,
3171 5282 3448 5355 revocavi,
3504 5301 3680 5356 quam

2036 5353 2274 5423 quidem
2306 5353 2610 5409 lectionem
2644 5355 2818 5412 nixus
2848 5355 2960 5412 ﬁde
2991 5353 3166 5413 unius
3200 5353 3441 5414 tantum
3464 5353 3684 5414 codicis

2039 5440 2169 5551 cRum
2205 5423 2384 5479 altera
2412 5440 2512 5479 nec
2559 5429 2788 5481 caminis
2818 5428 2965 5484 idem
3003 5429 3276 5486 Baluzius
3335 5431 3684 5486 mutaverat.

2090 5512 2261 5550 cura.

2090 5512 2261 5550 OUTH.

2112 5569 2223 5639 (75)
2255 5567 2526 5622 Adulteris
2575 5567 2884 5638 portionem
2935 5574 3103 5625 tuam.
3138 5572 3324 5628 Codex
3385 5570 3689 5636 Fuxensis,

2039 5639 2282 5715 immitis.
2345 5640 2555 5715 Supra,
2615 5639 2786 5709 epist.
2847 5658 2998 5715 Lxm,
3055 5643 3187 5715 pah.
3224 5646 3364 5698 11οε
3427 5646 3489 5700 El
3550 5647 3697 5698 inter

2041 5711 2268 5766 mwehos
2294 5711 2631 5782 particulam
2656 5715 2811 5765 tuam
2841 5711 3095 5785 ponebas.
3129 5716 3432 5772 BALUZIUS.
3456 5746 3523 5755 ——
3558 5719 3703 5771 Par-
