4098 6178
295 247 452 309 1077

1297 251 1504 312 PARS
1550 250 1598 312 Ι.
1632 285 1710 296 —-
1750 249 2255 313 MONUMENTA
2297 250 2708 315 VETERUM.

3555 255 3714 316 i078

288 398 376 439 nae
403 383 448 431 δι
475 399 547 438 ne
577 381 796 439 biberis.
826 382 1066 456 Oportet
1111 397 1247 458 ergo
1288 385 1562 441 mundari
1595 389 1653 442 et
1680 385 1943 442 sanctifi-
1973 387 2029 454 Α
2131 387 2198 440 ΙΙ.
2233 386 2343 441 Sed
2373 389 2430 442 et
2455 385 2581 458 ipsa
2611 384 2990 458 interrogatio
3025 386 3132 458 (90)
3175 403 3301 459 quae
3334 385 3395 442 fit
3427 385 3485 443 in
3517 387 3708 461 bapti-

291 473 410 529 cari
445 490 655 546 aquam
688 473 801 545 (89)
856 475 1019 547 prius
1068 493 1102 530 a
1151 476 1474 544 sacerdote,
1508 479 1576 531 ut
1623 475 1808 548 possit
1838 476 1945 530 Ba-

289 563 508 636 ptismo
541 580 648 619 suo
669 568 905 635 peccata
924 564 1181 620 hominis
1209 565 1307 636 qui
1331 566 1660 637 baptizatur
1687 565 1944 634 abluere,

293 653 430 725 quia
476 668 581 724 per
644 652 1002 709 Ezechielem
1065 654 1409 728 prophetam
1469 655 1753 710 Dominus
1804 655 1946 710 dicit

289 741 503 811 (Ezech.
565 759 753 810 xxxvr,
811 743 904 813 25,
960 745 1052 816 26)
1102 762 1114 799 :
1171 746 1237 798 Et
1294 761 1586 816 aspergam
1637 761 1802 816 super
1855 761 1944 801 vos

290 847 493 904 aquam
551 831 836 899 mundam,
881 840 933 888 et
977 832 1392 888 mundabimini
1432 835 1499 889 ab
1537 835 1789 889 omnibus
1836 836 1942 889 im-

287 919 586 975 munditiis
625 922 837 991 vestris,
888 925 939 977 et
978 921 1043 977 ab
1095 924 1346 978 omnibus
1399 924 1716 978 simulacris
1743 925 1943 979 vestris

286 1009 596 1064 emundado
625 1025 736 1076 vos,
759 1017 812 1064 et
838 1010 974 1066 dabo
1003 1012 1154 1066 vobis
1183 1013 1226 1047 ⁵⁵
1254 1028 1347 1067 cor
1373 1028 1573 1067 novum
1602 1015 1942 1085 etspiritum

283 1115 485 1154 novum
530 1099 670 1153 dabo
701 1099 760 1152 in
805 1100 974 1154 vobis.
1008 1099 1308 1162 Quomodo
1340 1105 1533 1156 autem
1569 1103 1854 1157 mundare
1882 1107 1941 1157 et

284 1187 653 1244 sanctiﬁcare
683 1203 898 1260 aquam
933 1192 1121 1262 potest
1169 1189 1267 1261 qui
1315 1189 1442 1262 ipse
1476 1189 1819 1246 immundus
1850 1195 1940 1246 est

282 1281 341 1332 et
371 1278 523 1348 apud
558 1293 729 1349 quem
762 1277 1012 1350 Spiritus
1035 1283 1275 1334 sanctus
1297 1297 1411 1335 non
1443 1285 1550 1347 est,
1577 1297 1709 1335 cum
1741 1280 1936 1336 Domi-

282 1383 397 1421 nus
430 1366 587 1421 dicat
616 1365 675 1420 in
725 1366 997 1422 Numeris
1043 1368 1226 1438 (Num.
1278 1385 1392 1436 xxv,
1423 1367 1514 1438 22)
1573 1385 1585 1422 :
1640 1370 1702 1422 Et
1750 1371 1937 1424 omnia

281 1471 618 1526 quacunque
676 1456 922 1526 tetigerit
1005 1457 1324 1512 immundus
1399 1458 1686 1514 immunda
1752 1467 1930 1514 erant.

283 1545 492 1600 1040
522 1545 630 1599 Aut
661 1545 952 1616 quomodo
1001 1545 1305 1617 baptizans
1357 1547 1494 1602 dare
1533 1546 1697 1603 alteri
1728 1547 1933 1604 remis-

285 1649 411 1689 sam
442 1636 811 1704 peccatorum
845 1636 1036 1704 potest
1065 1634 1164 1704 qui
1196 1634 1321 1706 ipse
1352 1652 1460 1690 sua
1485 1639 1721 1708 peccata
1751 1636 1934 1708 depo-

285 1738 422 1778 nere
452 1725 614 1777 extra
638 1721 996 1780 Eccclesiam
1024 1739 1139 1778 non
1172 1725 1400 1796 potest?

2057 491 2184 530 smo
2214 475 2382 531 testis
2415 479 2504 530 est
2532 474 2810 531 veritatis.
2845 476 2990 530 Nam
3023 493 3158 531 cum
3190 475 3442 532 dicimus
3475 493 3488 531 :
3524 478 3708 534 Credis

2053 566 2115 619 in
2157 567 2325 620 vitam
2370 569 2640 621 aeternam
2689 572 2740 620 et
2791 566 3168 620 remissionem
3207 569 3551 638 peccatorum
3607 585 3709 639 per

2051 658 2298 709 sanctam
2327 656 2622 710 Ecclesium
2645 658 2669 706 .9
2701 653 3088 727 intelligimus
3131 655 3535 712 remissionem
3570 672 3701 728 pec-

2054 747 2314 798 catorum
2357 744 2469 815 (91)
2501 743 2734 798 nonnisi
2763 743 2822 797 in
2864 743 3121 800 Ecclesia
3149 743 3295 814 dari,
3329 745 3483 817 apud
3517 745 3702 802 hwre—

2056 832 2199 888 lices
2230 836 2448 902 autem,
2477 832 2575 887 ubi
2610 831 2865 887 Ecclesia
2896 849 3010 887 non
3051 833 3128 888 sit
3157 850 3272 888 non
3304 850 3474 905 posse
3505 851 3702 906 pecca-

2050 925 2110 977 ta
2149 921 2386 976 dimitti.
2442 921 2642 992 Itaque
2699 921 2800 992 qui
2857 921 3158 976 haereticos
3209 921 3503 994 baptizare
3533 939 3703 995 posse

2049 1011 2161 1081 (9'2)
2195 1012 2490 1077 asserunt,
2515 1013 2618 1064 aut
2650 1009 3168 1080 interrogationem
3203 1012 3702 1076 mutent,autvin-

2050 1089 2246 1154 dicent
2275 1098 2599 1164 veritatem,
2635 1097 2748 1152 nisi
2780 1097 2829 1152 si
2860 1097 2944 1152 eis
2971 1102 3027 1152 et
3065 1097 3382 1154 Ecclesiam
3430 1100 3701 1154 tribuunt

2049 1205 2196 1260 quos
2236 1187 2539 1259 Baptisma
2589 1187 2800 1242 habere
2846 1187 3227 1242 contendunt.
3273 1187 3421 1260 Ungi
3465 1205 3699 1260 quoque

2046 1293 2284 1334 necesse
2314 1280 2403 1333 est
2430 1293 2563 1332 eum
2597 1277 2696 1348 qui
2725 1276 3055 1348 baptizatus
3077 1277 3245 1344 sit,ut
3274 1281 3510 1348 accepto
3531 1276 3699 1332 Chri-

2045 1372 2254 1434 smate,
2308 1367 2364 1421 id
2411 1370 2519 1431 est,
2553 1365 2854 1432 Unctione,
2905 1382 3032 1420 esse
3080 1371 3292 1421 unctus
3345 1366 3440 1421 Dei
3484 1371 3541 1422 et
3588 1366 3696 1422 ha-

2045 1457 2180 1511 bere
2209 1455 2268 1509 in
2303 1471 2364 1510 se
2394 1455 2640 1526 gratiam
2674 1453 2889 1509 Christi
2911 1454 3022 1524 (93)
3055 1453 3261 1524 possit.
3294 1455 3469 1510 Porro
3500 1459 3696 1510 autem

2043 1541 2513 1599 Eucharistiaest
2526 1543 2679 1596 unde
2697 1541 2970 1613 baptizati
2992 1547 3294 1612 unguntur
3309 1541 3433 1597 oleo
3451 1542 3507 1596 in
3527 1543 3696 1598 altari

2042 1634 2244 1687 1041
2281 1631 2647 1686 sanctiﬁcato
2677 1631 2741 1685 °°.
2777 1631 2886 1699 (94)
2929 1630 3300 1685 Sanctiﬁcare
3347 1635 3542 1685 autem
3575 1649 3692 1686 non

2043 1721 2232 1795 potuit
2259 1720 2370 1776 olei
2398 1724 2724 1776 creaturam
2748 1720 2857 1791 (95)
2882 1719 2982 1790 qui
3014 1735 3120 1776 nec
3150 1719 3330 1776 altare
3360 1718 3567 1776 habuit
3587 1737 3691 1777 nec

1692 1823 1898 1884 Variae
1940 1821 2258 1882 lectiones.

354 1917 598 1972 “Fonte
636 1915 827 1971 alieno
857 1919 1008 1973 Lam.
1051 1917 1206 1974 Ebor.
1244 1918 1348 1974 ΝΟ.
1386 1920 1436 1973 1.
1469 1919 1514 1953 ⁸³
1547 1919 1699 1974 Dabo
1730 1919 1788 1974 in
1819 1920 1986 1975 vobis
2008 1918 2141 1973 Bod.
2170 1917 2222 1972 l.
2260 1917 2389 1972 Thu.
2424 1918 2573 1971 Foss.
2614 1917 2742 1972 Vict.
2763 1913 2925 1970 Mich.
2959 1913 3004 1948 ⁸³
3034 1913 3332 1970 Oleum....
3367 1913 3692 1970 sanctiﬁca-

285 1992 411 2044 tum
447 1987 576 2044 Bod.
615 1989 666 2042 1.
701 1992 852 2044 Lam.
886 1989 1048 2044 Ebor.
1081 1990 1188 2044 ΝΟ.
1218 1991 1270 2046 l.
1303 1991 1356 2043 2.
1383 1991 1504 2045 Lin.
1527 1991 1656 2046 Thu.
1689 1995 1832 2047 Foss.
1860 1993 1990 2046 Vict.
2021 1989 2350 2045 Mich.t.'orb.
2389 1989 2638 2058 Vet.Imp.
2672 1987 2818 2042 Rem.
2847 1986 3053 2041 Manut.
3080 1986 3280 2042 Morel.
3317 1985 3690 2043 0x0n.Routh.

286 2061 356 2116 Et
390 2061 546 2116 unde
584 2060 743 2116 Eras.
765 2062 922 2116 Pam.
955 2062 1236 2133 Rig.szs.
1269 2061 1678 2118 Sanctificatur
1706 2065 1864 2119 Eras.
1888 2068 2046 2118 Pam.
2079 2063 2203 2130 Rig.

1704 2161 2035 2222 Variorum
2063 2164 2252 2220 notae.

355 2255 469 2326 (89)
499 2254 750 2309 Mundari
778 2263 829 2310 et
874 2255 1214 2325 sanctiﬁcari
1242 2274 1464 2327 aquam.
1511 2257 1793 2314 Formulae
1822 2258 1933 2312 illae
1963 2261 2012 2326 Β

291 2326 578 2399 liturgicaa
617 2328 834 2396 quibus
861 2327 1144 2382 elementa
1166 2326 1676 2384 Sacramentorum
1700 2331 1768 2384 ad
1791 2347 1934 2385 usus

284 2399 618 2454 divinorum
640 2399 1049 2470 mysteriorum
1075 2407 1438 2470 separantur,
1464 2401 1598 2454 hinc
1619 2406 1676 2454 et
1703 2401 1936 2456 aliunde

2110 2257 2222 2326 (93)
2255 2255 2504 2310 Gratiam
2535 2253 2764 2308 Christi.
2816 2253 3372 2326 suavitatem,_quse
3420 2245 3696 2306 unctiOne

2043 2324 2429 2396 significatur.
2466 2327 2834 2391 Christianus,
2859 2325 3053 2394 inquit
3073 2324 3410 2395 Septimius,
3429 2327 3697 2396 quantum

2043 2395 2553 2470 interpretatioiest,
2603 2399 2671 2451 ab
2720 2399 2972 2451 unctione
3016 2396 3323 2470 deducitur.
3359 2395 3464 2450 Sed
3493 2403 3544 2448 et
3572 2409 3697 2470 cum

286 2465 723 2542 apparentnorf
754 2476 874 2524 tam
927 2465 1158 2541 nuperis
1208 2487 1354 2538 esse,
1405 2465 1582 2542 quam
1632 2479 1935 2527 novatores
2039 2465 2335 2542 perperam
2384 2469 2731 2524 Christianus
2769 2469 3187 2542 prgnuntiatur,
3219 2467 3580 2523 desuavitate
3609 2465 3695 2520 vel

289 2540 400 2598 sibi
432 2547 490 2595 et
517 2540 646 2613 aliis
678 2540 1027 2611 persuadere
1058 2547 1353 2613 satagunt.
1388 2540 1549 2598 FsLL.

363 2613 476 2682 (90)
505 2611 608 2667 Sed
637 2617 690 2667 et
720 2615 840 2684 ipsa
886 2611 1228 2682 interrogati.
1265 2616 1397 2668 Dum
1437 2616 1817 2684 mergitamur,
1846 2615 1934 2668 in-

289 2684 417 2756 quit
474 2684 890 2749 Tertullianus,
958 2687 1196 2754 amplius
1252 2687 1469 2755 aliquid
1524 2687 1932 2754 respondentes,

288 2756 548 2812 Dominus
593 2757 654 2808 in
701 2756 996 2823 Evangelia
1043 2756 1448 2826 determinavit,
1495 2759 1594 2811 sub
1643 2759 1938 2813 antististis

285 2844 461 2882 manu
480 2831 875 2882 contestamur.
923 2828 1153 2882 RIGALT.

359 2899 472 2971 (91)
505 2899 890 2971 Remissionem
929 2908 1274 2968 peccatorum
1316 2915 1417 2970 per
1451 2902 1696 2953 sanctam
1746 2899 1936 2971 Eccle-

284 2969 456 3024 sium.
497 2969 908 3042 Apostolorum
934 2971 1274 3042 Symbolum
1299 2987 1639 3041 quanquam
1672 2970 1728 3023 in
1755 2969 1939 3024 omni-

291 3043 402 3096 bus
431 3041 706 3096 Ecclesiis
736 3041 1009 3104 obtinuit,
1041 3043 1099 3096 in
1133 3042 1382 3112 singulis
1413 3042 1937 3112 fere,quemadmo-

289 3113 430 3185 dum
463 3112 759 3185 aiRuflino
788 3113 1724 3185 olimobservatum,aliquatenus
1753 3112 1938 3167 varia-

285 3184 420 3239 bat:
446 3184 779 3238 Africanam
810 3184 1128 3239 Ecclesiam
1163 3186 1270 3240 hoc
1303 3184 1474 3239 modo
1496 3185 1771 3240 articulos
1802 3185 1938 3239 hos-

291 3272 356 3312 ce
379 3255 739 3326 concepisse,
763 3273 831 3310 ex
860 3255 1128 3327 Cypriani
1160 3257 1352 3311 verbis
1383 3257 1526 3311 satis
1556 3257 1784 3310 videtur
1807 3273 1939 3311 con-

292 3333 467 3382 stare.
500 3328 620 3396 Ipsa
663 3327 872 3396 inquit,
913 3329 1274 3396 interrogatio
1320 3343 1446 3399 quae
1482 3330 1543 3396 ﬁt
1573 3330 1631 3382 in
1665 3329 1941 3399 Baptismo

293 3399 442 3453 testis
483 3403 564 3452 est
591 3401 854 3454 veritatis.
885 3399 1022 3452 Nam
1050 3415 1175 3453 cum
1203 3399 1437 3453 dicimus
1493 3417 1505 3452 ε
1555 3399 1737 3453 Credis
1767 3402 1827 3452 in.
1857 3405 1939 3453 vi-

293 3479 406 3524 tam
432 3479 715 3538 aeternam,
739 3474 788 3524 et
813 3472 1223 3525 remissionem?
1242 3476 1351 3524 etc.
1391 3471 1548 3525 Patet
1577 3471 1726 3525 hanc
1760 3472 1941 3525 tuisse

292 3541 809 3614 interrogationem
842 3558 967 3614 quae
991 3542 1133 3596 litin
1165 3543 1465 3614 Baptismo
1497 3546 1589 3596 :et
1619 3544 1792 3596 verba
1813 3543 1942 3613 ipsa

287 3612 507 3694 quibus
537 3614 808 3668 sacerdos
841 3612 1583 3694 interrogando'praeivjtmt
1621 3612 1939 3694 qumcate-
1971 3627 2014 3694 ρ

287 3687 616 3740 chumenus
664 3685 1024 3755 respondens
1073 3685 1392 3756 repetebat.
1427 3685 1682 3755 Epistola
1710 3686 1781 3739 ad
1813 3689 1935 3740 Ma-

289 3772 468 3826 gnum
503 3757 704 3810 eadem
738 3760 1053 3810 occurrunt
1083 3757 1275 3818 verba.
1319 3757 1523 3811 ordine
1569 3757 1936 3826 aliquantum

290 3831 540 3882 mutato.
594 3827 780 3882 Credis
826 3829 1204 3882 remissionem
1251 3837 1610 3898 peccatorum,
1655 3833 1706 3882 et
1761 3830 1937 3882 vitam

283 3907 558 3955 aeternam
586 3914 682 3965 per
707 3908 952 3953 sanctam
984 3901 1276 3954 Ecclesium
1298 3903 1322 3952 .9
1358 3899 1521 3954 Certe
1555 3899 1835 3954 articulus
1866 3900 1937 3953 de

286 3970 704 4025 communione
732 3976 1092 4031 sanctorum,
1125 3971 1182 4024 in
1206 3970 1815 4025 occidentaliEcclesia
1845 3987 1937 4025 se-

290 4040 418 4096 rius
457 4042 730 4096 obtinuit.
771 4042 966 4110 Neque
988 4042 1144 4096 enim
1172 4043 1229 4096 in
1254 4042 1595 4112 Aquileiana
1618 4044 1938 4112 reperieba-

285 4117 389 4185 tur
415 4117 677 4185 tempore
707 4113 946 4185 Bullini,
968 4131 1072 4168 nec
1105 4113 1368 4185 agnoscit
1391 4114 1455 4166 D.
1494 4115 1854 4181 Augustinus
1876 4113 1935 4166 in

290 4183 394 4238 lib.
429 4184 498 4238 de
525 4185 652 4238 Fide
681 4192 731 4239 et
777 4184 1069 4254 Symbolo;
1101 4183 1204 4240 nec
1236 4187 1294 4240 in
1327 4185 1458 4240 lidei
1495 4184 1744 4239 formula
1774 4201 1936 4238 com-

291 4260 645 4327 paretquam
659 4257 898 4310 tradidit
912 4256 1200 4311 Maximus
1215 4257 1936 4327 Tauriniensis,autquam

294 4326 975 4399 exposuitChrysologus
1001 4352 1014 4390 ;
1043 4345 1154 4382 non
1179 4330 1356 4382 etiam
1388 4328 1640 4384 occurrit
1668 4328 1728 4382 in
1750 4326 1940 4383 vetere

292 4399 494 4453 codice
537 4415 646 4453 ms.
697 4400 850 4469 regis
900 4399 1247 4454 fEthelstani
1304 4400 1363 4453 in
1415 4399 1686 4454 Biblioth.
1739 4401 1938 4455 Cotto-

292 4471 493 4542 niana.
538 4470 637 4524 ubi
682 4471 753 4525 ad
805 4471 1062 4524 Psalterii
1114 4471 1329 4526 calcem
1386 4470 1722 4542 Symbolum
1751 4473 1941 4524 Graece

290 4541 558 4596 habetur.
590 4542 704 4596 Nec
735 4542 794 4595 in
826 4543 1024 4597 codice
1054 4543 1360 4597 Bedleiano
1393 4541 1665 4597 Actorum
1698 4545 1941 4611 Aposto-

286 4611 556 4677 licorum,
594 4614 691 4668 ubi
740 4612 948 4668 litteris
995 4613 1293 4670 Saxonicis
1319 4613 1570 4669 habetur
1599 4613 1942 4684 Symbolum

291 4684 489 4756 Graece
535 4685 916 4756 descriptum,
949 4685 1101 4756 quod
1137 4689 1367 4740 constat
1398 4685 1558 4740 mille
1597 4684 1808 4738 abhinc
1842 4701 1943 4738 an-

293 4755 390 4812 nis
419 4756 601 4812 fuisse
629 4755 951 4811 exaratum.
976 4755 1108 4811 ’lmo
1139 4774 1254 4811 non
1279 4774 1313 4810 a
1343 4757 1554 4812 Graecis
1599 4759 1949 4822 agnosceba-

287 4832 390 4881 tur
420 4827 655 4882 Eusebii
687 4835 970 4898 tempore.
1005 4845 1108 4882 nec
1145 4828 1469 4898 Epiphanii.
1504 4829 1696 4899 Cyrilli
1752 4828 1948 4882 Hiero-

291 4899 972 4972 solymitani,autconcili
987 4899 1255 4971 Ephesini
1268 4942 1278 4953 .
1293 4900 1410 4955 [mo
1423 4899 1653 4972 quidem
1670 4899 1950 4955 articulus

299 4972 374 5025 de
403 4971 520 5026 vita
551 4972 1163 5066 aeterna‘desideratur
1183 4972 1240 5025 in
1273 4971 1712 5066 pxemplaariblus1
1726 4972 1953 5066 onost'ris
1989 5002 2033 5066 D

297 5058 481 5113 supra
513 5043 984 5114 memoratis,_sic
1003 5043 1181 5114 enim
1202 5042 1454 5114 extrema
1483 5042 1740 5114 Symboli
1773 5058 1833 5096 se
1861 5043 1958 5114 ha-

297 5110 488 5189 heht:
546 5112 701 5189 ἁγίαν
749 5111 1100 5189 Ἐκκλησίαν,
1153 5110 1335 5189 ἄφεσιν
1388 5110 1692 5187 ἁμαρτιων,
1757 5111 1951 5187 σαρκὸς

299 5182 613 5238 ἀνάστασινζ
643 5186 835 5255 Ἀμήν.
878 5187 1098 5240 FELIUS.

375 5257 484 5326 (92)
517 5258 816 5320 Baptizare
864 5273 1032 5327 posse.
1086 5256 1425 5326 Adjecimus
1477 5255 1598 5310 haec
1640 5257 1755 5310 duo
1785 5271 1951 5308 voca-

298 5327 442 5382 bula
474 5345 541 5383 ex
573 5329 685 5384 fide
717 5333 966 5399 quatuor
993 5334 1256 5383 veterum
1305 5327 1724 5399 exemplarium
1753 5345 1766 5390 ;
1806 5343 1956 5399 quo-

299 5416 434 5452 rum
470 5416 654 5454 unum
687 5398 776 5456 eet
802 5400 1168 5464 Curbeiense,
1202 5401 1258 5454 in
1293 5416 1404 5466 quo
1435 5398 1680 5467 epistola
1708 5399 1822 5452 ista
1865 5398 1956 5451 bis

299 5471 575 5526 habetur.
609 5472 912 5528 Bswzws.
939 5504 1005 5513 —
1035 5472 1157 5527 Non
1191 5472 1454 5542 agnoscit
1481 5471 1763 5542 vocabula
1789 5472 1958 5525 Inter-

302 5544 550 5614 pretatio
578 5543 834 5614 epistolis
886 5543 1074 5601 Grauia
1121 5544 1180 5598 in
1231 5541 1344 5614 Qua
1391 5541 1442 5596 οἱ
1496 5541 1779 5607 αἱρετικῶν
1832 5561 1957 5594 συν-

307 5615 512 5688 ήγορυι
546 5615 803 5688 positum
837 5623 943 5673 est.
978 5617 1196 5672 Rours.

2045 2540 2324 2614 begnitate
2352 2542 2670 2614 impositum
2700 2548 2796 2594 est.
2833 2540 3063 2614 Bia/im.

2115 2608 2227 2683 (94)
2272 2608 2624 2668 Eucharistia
2666 2617 2745 2664 est
2778 2612 2923 2683 unde
2961 2611 3226 2678 haptimti
3255 2617 3541 2683 unguntur
3579 2608 3694 2661 oleo

2043 2687 2102 2738 in
2126 2682 2304 2739 altari
2328 2685 2756 2750 sanctiﬁcato.—
2783 2682 2980 2736 Oleum
3009 2684 3065 2735 in
3097 2683 3277 2735 altari
3293 2682 3698 2749 sanctiﬁcatum

2045 2756 2390 2810 Oxoniensis
2421 2755 2609 2809 editor
2644 2753 2783 2823 legit
2813 2760 2869 2807 et
2892 2754 2972 2806 ait
3005 2770 3017 2806 :
3052 2752 3257 2823 Veram
3290 2768 3419 2806 esse
3449 2752 3695 2805 arbitra-

2047 2845 2180 2882 mur
2209 2827 2559 2898 scripturam
2589 2822 2982 2898 quamedidit
3017 2822 3310 2878 Manutius
3343 2839 3355 2875 :
3389 2824 3566 2898 Porro
3590 2837 3695 2874 au-

2045 2909 2152 2954 tem
2183 2893 2527 2952 Eucharistia
2558 2893 2639 2950 est
2671 2895 2815 2950 unde
2846 2897 3110 2965 baptizati
3152 2898 3455 2963 unguntur,
3514 2893 3697 2965 oleum

2046 2972 2108 3024 in
2137 2971 2304 3024 altari
2331 2969 2754 3037 sanctiﬁcatum.
2787 2968 2882 3022 Sic
2915 2963 3270 3038 persuadent
3318 2963 3691 3038 exemplaria.

2046 3042 2188 3095 Nam
2224 3043 2282 3094 in
2322 3039 2655 3094 Corbeiensi
2700 3036 2966 3108 legitur:
3003 3043 3173 3092 Porro
3203 3041 3385 3090 autem
3422 3036 3693 3091 Euchari-

2045 3114 2151 3167 stia
2171 3117 2250 3167 est
2278 3111 2422 3166 unde
2451 3112 2723 3174 baptizati
2768 3111 3057 3178 unguntur
3091 3110 3208 3163 oleo
3258 3110 3324 3163 in
3361 3108 3532 3162 altari
3560 3123 3696 3161 san-

2046 3185 2284 3252 ctiﬁcata
2316 3202 2334 3238 :
2393 3184 2451 3238 In
2504 3180 2822 3236 Veronensi
2853 3186 2910 3236 et
2960 3181 3259 3247 Thuaneo,
3293 3179 3444 3252 utin
3489 3178 3694 3252 Manu-

2048 3248 2210 3310 tiana
2239 3255 2510 3322 editione.
2548 3254 2852 3318 Perperam
2893 3252 3071 3306 Graeci
3104 3252 3254 3322 apud
3290 3251 3511 3322 Zon.et
3541 3248 3695 3322 Bals.

2049 3327 2353 3398 ἁγιάζεσθαι
2405 3321 2732 3398 ἔλαιονγεῖς-
2768 3320 3156 3396 εὐχαριστίαν.-
3184 3326 3260 3398 Αἰ,
3290 3320 3698 3398 praeclare_Cy-_

2049 3392 2293 3467 prianus
2325 3398 2549 3451 dixerat
2596 3392 3011 3467 Eucharistiam
3056 3409 3169 3467 esse
3210 3395 3390 3467 oleum
3440 3392 3700 3467 inaltari

2046 3462 2460 3536 sanctiﬁcatum.
2494 3467 2696 3522 Oleum
2729 3467 2953 3521 scilicet
2982 3462 3228 3533 ἔντευξιν,
3265 3465 3374 3518 hoc
3412 3469 3501 3536 est
3519 3463 3699 3517 inter-

2092 3541 2420 3596 ellationem
2456 3540 2576 3593 sive
2605 3539 3026 3592 invocationem
3059 3537 3238 3590 divini
3272 3535 3555 3601 numinis,
3598 3550 3700 3604 per

2092 3559 2420 3596 ouationem
2456 3559 2576 3593 Slve
2605 3559 3026 3592 mvocnuonem
3059 3559 3238 3590 alvml
3273 3559 3555 3601 nummis,
3600 3559 3694 3604 pur

2051 3559 2254 3667 Faudes
2283 3617 2340 3666 et
2367 3611 2586 3682 gratias
2617 3616 2729 3663 Deo
2761 3611 2923 3664 fusas
2972 3614 3028 3663 et
3059 3613 3425 3682 nuncupatas
3460 3605 3694 3682 b_ene_di-

2051 3691 2232 3739 stum.
2266 3678 2701 3738 SicV'Matthzeus
2732 3687 2789 3735 et
2819 3682 3045 3736 Marcus
3094 3687 3150 3734 et
3189 3678 3445 3735 Joannes
3479 3678 3698 3732 Eucha-

2050 3755 2277 3810 critiam
2319 3753 2591 3808 dixerunt
2636 3752 2954 3823 eulogiam,
3005 3767 3110 3807 nec
3151 3756 3384 3806 tantum
3432 3749 3490 3803 in
3525 3765 3696 3823 coena».

2044 3827 2358 3883 Dominicaa
2385 3818 2981 3890 institutioneﬁerutn
3013 3823 3188 3877 etiam
3221 3823 3279 3875 in
3308 3837 3524 3891 panum
3546 3818 3698 3874 mul-

2045 3897 2612 3970 tiplicatione._Quod
2647 3895 3156 3970 Evangelistarum
3204 3892 3396 3946 verbis
3427 3894 3697 3970 acc_urate

2047 3962 2271 4025 collatis
2319 3968 2481 4022 facile
2529 3967 3003 4038 deprehenditur.
3032 3966 3383 4038 Binum-Us.
3419 3992 3487 4002 —
3521 3962 3695 4015 Porro

2047 4043 2352 4098 observare
2383 4056 2571 4107 operas
2606 4035 2861 4108 pretium
2899 4035 3095 4100 fuerit,
3145 4035 3297 4108 quod
3334 4035 3612 4108 Erasmus
3642 4038 3699 4086 et

2047 4112 2340 4168 Pamelius
2370 4103 2807 4164 considerantes
2863 4110 2920 4163 in
2953 4107 3132 4172 hujus
3168 4103 3288 4161 loci
3323 4103 3696 4159 conclusione

2047 4184 2400 4255 Cyprianum
2435 4183 2705 4237 distincte
2737 4181 2894 4252 loqui
2926 4180 3016 4255 de_
3047 4178 3193 4255 Oleo_
3214 4183 3272 4232 et
3310 4175 3696 4255 Euchnristia,

2048 4247 2112 4309 ut
2126 4247 2184 4310 et
2198 4261 2232 4306 Α
2247 4255 2588 4325 ugustinum
2607 4247 2956 4323 argumenta
2969 4251 3096 4325 ejus
3114 4249 3430 4325 solventem
3456 4247 3519 4302 de
3541 4249 3700 4316 Bapt-

2046 4332 2187 4382 cont.
2223 4319 2420 4379 Dovnat.
2456 4325 2554 4380 lib.
2587 4341 2643 4387 v,
2677 4319 2802 4395 cap.
2853 4325 2943 4387 20,
3006 4321 3271 4395 nihilque
3317 4319 3529 4395 debere
3569 4332 3701 4395 esse

2048 4399 2105 4453 in
2139 4396 2512 4452 conclusione
2543 4397 2696 4466 quod
2741 4389 2856 4449 non
2896 4399 3020 4448 erat
3066 4393 3125 4446 in
3174 4389 3537 4466 praemissis,‘
3566 4393 3701 4466 post

2049 4477 2333 4540 unguntur
2380 4462 2766 4540 reposuerunt
2793 4474 2844 4540 et
2891 4481 3005 4540 pro;
3040 4473 3128 4540 est
3151 4462 3192 4522 ;’
3223 4467 3297 4540 e_t_
3325 4462 3703 4540 sanctiﬁcatur

2052 4533 2156 4609 pro
2187 4533 2603 4608 sanctiﬁcatum.
2638 4538 2760 4591 Non
2794 4533 3046 4609 absurde
3074 4535 3132 4589 id
3165 4535 3423 4609 quidem,
3458 4533 3507 4587 si
3529 4533 3703 4603 idjus

2052 4605 2334 4666 haberent
2364 4605 2615 4664 editores
2647 4615 2710 4662 ut
2734 4609 2884 4678 quod
2910 4607 3054 4678 ipsis
3073 4623 3184 4661 non
3208 4605 3702 4678 placebat.emen-

2055 4685 2192 4738 dare
2210 4682 2490 4739 licuisset;
2507 4687 2608 4734 aut
2621 4681 2666 4733 si
2681 4680 2737 4732 in
2755 4676 3081 4744 argumenti
3097 4676 3701 4742 conelusione,Oleum

2057 4757 2126 4809 Et
2159 4752 2519 4807 Eucharistia
2566 4753 2861 4821 disparate
2908 4751 3028 4804 sint
3056 4749 3458 4821 intelligenda.
3487 4748 3704 4821 Verum

2063 4825 2484 4892 Albaspinaeus.
2501 4825 2566 4878 de
2585 4818 2891 4879 Eucharist.
2917 4822 3017 4877 lib.
3042 4839 3080 4892 ι,
3097 4839 3146 4878 c.
3169 4818 3376 4889 lla—eos
3399 4818 3707 4892 insimulat

2061 4891 2338 4953 audacim.
2372 4913 2438 4949 ac
2493 4895 2794 4951 contendit
2821 4891 3072 4950 veterem
3114 4893 3420 4948 lectionem
3453 4891 3708 4945 retinen-

2064 4970 2196 5024 dam
2225 4969 2456 5043 esse,_in
2489 4984 2602 5038 qua
2624 4965 3281 5043 magnumnmysterium
3296 4962 3424 5043 sibi
3440 4962 3603 5043 visus
3619 4965 3712 5014 est

2067 5033 2539 5110 deprehendisse.
2588 5033 2877 5114 siqpidem
2911 5033 3114 5114 Oleum
3146 5052 3262 5106 quo
3296 5033 3574 5114 baptizati
3601 5048 3710 5085 un-

2067 5105 2374 5182 gebantur,
2432 5127 2624 5165 coram
2665 5105 3044 5182 'Eucharistia
3089 5105 3413 5182 consecrari
3448 5105 3708 5182 solitum.

2063 5177 2170 5239 Sed
2223 5182 2368 5237 nihil
2425 5198 2571 5252 opus
2603 5183 2733 5235 istis
2768 5181 3098 5252 mysteriis:
3139 5195 3273 5252 vera
3300 5178 3448 5252 ratio
3480 5177 3715 5252 propter

2066 5272 2240 5325 quam
2265 5244 2585 5326 Cypria-nus
2609 5244 3032 5326 Eucharistiam
3067 5250 3219 5326 apud
3250 5244 3553 5326 haereticos
3587 5244 3714 5326 fieri

2066 5317 2123 5383 et
2152 5317 2480 5381 unctionem
2511 5323 2836 5394 spiritalem
2859 5317 3397 5392 cont‘erri'negat,ea
3418 5323 3532 5385 est;
3559 5317 3716 5442 qutod

3357 5405 3620 5442 censueri

3357 5407 3457 5444 cen
3467 5405 3620 5445 81161⁵1

2139 5468 2243 5536 (95)
2293 5468 2419 5523 Olei
2472 5469 2808 5521 creaturam.
2869 5466 3142 5532 Irenzeus,
3193 5471 3508 5518 creaturam
3559 5460 3719 5536 panis

2071 5531 2428 5594 eucharistici
2456 5547 2506 5592 et
2535 5538 2742 5604 colicis,
2777 5538 2876 5593 lib.
2909 5555 2988 5604 1v,
3029 5531 3155 5609 cap.
3188 5537 3278 5590 32.
3336 5531 3566 5590 lterum
3613 5531 3720 5585 lib.

2068 5629 2124 5682 ν,
2147 5626 2271 5682 cap.
2303 5612 2356 5664 2.
2392 5609 2688 5666 ΜΑιιειίΑι.
