4098 6178
469 320 621 384 1083

1515 321 1616 382 DE
1661 321 2256 386 H/ERETICORUM
2301 321 2828 385 BAPTISMATE.

3721 319 3863 381 1084

466 453 730 526 ptizato,
762 451 811 508 si
844 452 912 508 ad
948 451 1263 510 Ecclesiam
1305 453 1494 511 redire
1544 459 1765 527 petant,
1799 473 1912 512 non
1944 455 2110 513 aliter
2140 473 2318 529 quam
2345 446 2447 530 per
2495 455 2680 512 solam
2714 471 2956 511 manum
3004 453 3440 528 impositionem
3477 454 3687 510 I046
3728 453 3869 508 reci-

467 543 648 615 piant.
682 543 810 598 Haec
831 560 899 598 ex
929 543 1199 616 Cypriani
1225 543 1492 615 epistola,
1526 562 1703 617 quam
1735 547 1804 601 ad
1842 546 2180 618 Pompeium
2213 547 2622 602 Sabratensem
2654 546 2713 600 in
2736 545 2928 600 Africa
2957 545 3298 617 episcopum
3330 543 3585 616 scripsit,
3621 543 3870 616 proban-

466 636 578 686 tur.
618 631 762 687 Vide
793 633 997 688 Baron.
1023 649 1173 688 anno
1205 634 1329 703 258,
1363 650 1396 688 a
1428 651 1588 688 num.
1617 636 1684 686 ‘27
1736 651 1922 706 usque
1954 636 2024 690 ad
2057 637 2124 690 38
2155 635 2457 691 inclusive.

465 783 770 840 Creainus
830 787 898 854 (2)
921 800 988 839 ar
1017 801 1225 838 aerem
1257 785 1540 840 Srsrnmo
1581 804 1776 841 sum
1836 803 2105 842 SALUTEM.
2139 768 2192 833 Α
2225 788 2511 859 gravitate
2542 788 2586 821 ’τι
2619 788 2690 852 (5)
2729 803 2795 841 ac
2817 785 3105 857 sapientia
3139 785 3559 840 conferendum
3588 783 3880 855 fuit,quod

465 892 758 962 Signiﬁcat
788 907 845 945 se
901 892 960 963 in
989 891 1224 945 concilio
1256 891 1573 954 decrevisse,
1618 902 1679 946 ut
1707 895 1804 963 qui
1833 893 1975 963 apud
2008 894 2120 947 lue-

538 966 731 1017 reticos
757 965 853 1016 aut
882 962 1258 1016 schismaticos
1287 965 1450 1018 tincti
1493 970 1643 1026 sunt,
1721 962 2000 1018 redeuntes
2051 965 2120 1018 ad

540 1036 843 1089 Ecclesium
892 1035 1306 1104 baptizarentur
1335 1051 1354 1094 ,'
1385 1044 1435 1089 et
1463 1038 1558 1104 qui
1589 1039 1644 1089 in
1717 1038 1963 1091 Ecclesia
1992 1053 2118 1103 pre-

538 1107 746 1175 sbyteri
802 1107 885 1160 vel
924 1105 1160 1178 diaconi
1205 1105 1466 1174 ordinati,
1525 1107 1582 1160 in
1630 1109 1868 1161 schisma
1915 1108 2122 1178 delapsi

538 1179 670 1242 sini,
705 1181 804 1232 aut
833 1177 932 1248 qui
953 1177 1016 1230 ab
1039 1177 1307 1231 haereticis
1335 1180 1571 1247 promoti
1601 1179 1730 1246 sint,
1791 1177 2122 1235 revertentes

539 1256 599 1302 ut
655 1249 792 1303 laici
863 1249 1370 1302 communicarent:
1415 1248 1572 1302 salvo
1605 1257 1784 1304 tamen
1819 1251 2122 1306 concordiae

540 1319 764 1374 vinculo
809 1336 934 1374 cum
973 1321 1246 1390 episcopis
1289 1322 1384 1389 qui
1411 1321 1574 1375 aliter
1592 1323 1877 1376 sentirent.

545 1413 586 1461 Ι.
619 1408 700 1462 Ad
737 1408 1003 1479 quaedam
1033 1407 1399 1478 disponenda
1432 1414 1489 1462 et
1519 1409 1747 1463 consilii
1777 1411 1823 1443 79
1855 1426 2122 1464 commu-

473 1496 566 1551 nis
596 1496 1025 1551 examinatione
1072 1495 1333 1550 limanda
1366 1513 1602 1551 necesse
1634 1497 1972 1564 habuimus,
2007 1499 2120 1552 fra-

470 1589 560 1640 ter
589 1583 957 1650 charissima,
989 1585 1470 1640 convenientibus
1500 1585 1557 1639 in
1619 1603 1801 1640 unum
1853 1587 2122 1658 pluribus

471 1673 897 1738 sacerdotibus,
929 1689 1134 1744 cogere
1163 1679 1219 1727 et
1250 1674 1542 1728 celebrare
1563 1675 1876 1730 concilium
1901 1677 1999 1744 (3).
2037 1677 2107 1730 ln-

471 1777 586 1833 quo
620 1761 806 1816 multa
837 1763 1072 1833 quidem
1118 1763 1337 1833 prolata
1377 1768 1552 1834 atque
1604 1768 1899 1819 transacta
1927 1765 1973 1797 ’⁷-³
2024 1766 2117 1835 (li).

477 1850 742 1905 sunt:sed
761 1850 830 1904 de
843 1851 1006 1905 eovel
1022 1851 1384 1906 maximelibi
1403 1852 1667 1907 scribend
1680 1857 2005 1920 um,etcum
2021 1858 2125 1908 tua

2231 877 2418 946 magis
2439 875 2727 947 pertineat
2743 881 2799 929 et
2826 875 2894 930 ad
2912 873 3330 930 sacerdotalem
3365 873 3798 936 auctoritatem,
3823 877 3880 926 et

2231 967 2298 1019 ad
2336 964 2599 1019 Ecclesia
2631 963 2928 1018 catholicae
2965 963 3245 1018 unitatem
3289 963 3506 1033 pariter
3562 979 3628 1016 ac
3688 961 3883 1033 digni-

2231 1059 2408 1108 tatem
2441 1053 2512 1108 de
2537 1054 2745 1108 divinae
2777 1052 3182 1124 dispositionis
3224 1049 3590 1106 ordinatione
3643 1049 3885 1104 venien-

2230 1147 2372 1210 tem,
2401 1159 2498 1198 eos
2533 1141 2632 1212 qui
2673 1145 2812 1196 sunt
2845 1142 2984 1196 foris
3033 1144 3197 1195 extra
3232 1139 3546 1195 Ecclesiam
3579 1138 3769 1200 tincti,
3831 1143 3886 1192 et

2232 1231 2382 1300 apud
2417 1231 2721 1285 haereticos
2741 1234 2796 1284 et
2827 1229 3237 1284 schismaticos
3261 1229 3514 1300 profanae
3554 1244 3716 1298 aquae
3754 1225 3885 1280 labe

2233 1318 2528 1387 maculati,
2563 1319 2800 1390 quando
2832 1319 2902 1374 ad
2938 1335 3041 1373 nos
3075 1323 3250 1388 atque
3279 1318 3349 1372 ad
3375 1316 3712 1376 Ecclesiam.
3748 1332 3880 1385 qua:

2232 1425 2349 1462 una
2379 1412 2488 1474 est,
2521 1407 2804 1476 venerint,
2839 1407 3119 1479 baptizari
3151 1411 3415 1478 oportere
3443 1423 3456 1468 ;
3489 1420 3557 1459 eo
3586 1405 3742 1475 quod
3785 1420 3886 1474 pa-

2233 1513 2360 1551 rum
2385 1495 2462 1551 sit
2479 1496 2563 1551 eis
2585 1513 2828 1550 manum
2858 1497 3154 1566 imponere
3179 1495 3251 1549 ad
3275 1494 3679 1565 accipiendum
3698 1493 3890 1564 Spiri-

2231 1590 2356 1640 tum
2381 1589 2672 1652 sanctum,
2701 1584 2808 1639 nisi
2833 1584 3125 1655 accipiant
3140 1589 3199 1637 et
3212 1583 3480 1638 Ecclesiae
3494 1582 3802 1652 Baptismu
3815 1598 3866 1634 m
3878 1623 3890 1634 .

2231 1676 2393 1729 Tunc
2423 1674 2578 1727 enim
2613 1673 2850 1727 demum
2883 1671 3050 1744 plene
3082 1671 3433 1726 sanctiﬁcari
3455 1671 3500 1705 ⁷⁵
3532 1671 3606 1740 (6)
3638 1675 3696 1724 et
3759 1686 3893 1725 esse

2233 1763 2335 1817 ﬁlii
2359 1763 2456 1817 Dei
2488 1767 2754 1832 possunt,
2781 1761 2827 1816 si
2851 1762 3223 1816 Sacramento
3255 1765 3500 1830 utroque
3521 1762 3595 1829 (7)
3630 1776 3892 1814 nascan-

2233 1857 2348 1918 tur,
2410 1853 2608 1906 1047
2648 1866 2780 1905 cum
2843 1850 3136 1922 Scriptum
3187 1849 3301 1905 sit:
3367 1850 3485 1904 Nisi
3530 1851 3654 1920 quis
3707 1864 3894 1902 rena-

1911 1952 2113 2011 Varize
2159 1950 2480 2011 lectiones.

541 2046 587 2080 ἠ
620 2046 679 2100 Et
715 2062 782 2100 ex
815 2046 1041 2101 concilii
1088 2047 1216 2102 Bod.
1248 2049 1296 2102 1.
1332 2049 1412 2103 Ad
1449 2049 1677 2102 concilii
1713 2049 1842 2104 Bod.
1879 2050 2027 2103 Lam.
2073 2049 2177 2104 ΝΟ.
2209 2050 2255 2103 1.
2291 2049 2449 2103 Ebor.

470 2118 630 2173 Ebor.
672 2117 784 2172 ΝΟ.
841 2119 890 2172 1.
995 2119 1040 2153 ⁷⁸
1069 2120 1192 2173 Tua
1224 2121 1542 2174 reverentia
1574 2121 1703 2175 Lam
1740 2122 1906 2175 Ebor.

2560 2048 2602 2080 ⁷³
2667 2045 2895 2101 Prolata
2925 2049 3100 2117 atque
3148 2047 3397 2100 tractata
3454 2045 3602 2098 Lam.
3631 2044 3772 2099 Bod.
3838 2045 3894 2098 2.

2010 2122 2054 2155 ⁷⁵
2084 2120 2260 2176 Plane
2292 2118 2642 2174 sanctificari
2675 2119 2799 2172 Lin.

1928 2227 2256 2288 Variorum
2285 2231 2451 2286 notae

546 2329 628 2405 (‘2)
661 2330 996 2405 Cyprianus.
1032 2335 1174 2386 Cum
1221 2337 1456 2405 propter
1496 2332 1660 2388 illam
1714 2335 1802 2388 cui
1841 2350 1997 2388 nunc
2038 2333 2123 2388 in-
2157 2336 2202 2400 Β
2237 2329 2585 2405 ﬁrmationis
2610 2333 3050 2405 sacramentum
3082 2345 3201 2384 una
3220 2344 3352 2405 cum
3373 2326 3669 2405 Baptismo
3702 2328 3898 2382 susci-

475 2402 726 2482 cumb'oh
745 2403 1006 2482 emendat
1021 2402 1237 2482 ianem:
1265 2402 1346 2459 et_
1370 2404 1819 2482 illustrationem
1881 2421 2123 2482 operum

474 2473 660 2548 sancti
688 2473 956 2548 Cypriani
1023 2475 1325 2548 legendam
1385 2478 1777 2547 suscepissem
1839 2473 2121 2548 prolixam

478 2544 656 2599 nimis
686 2544 991 2614 epistolam
1035 2544 1280 2601 JOannis
1316 2544 1946 2604 Launoii'adJacob‘um
1973 2557 2124 2602 lievi-

478 2615 715 2692 laquam
741 2616 810 2670 de
840 2617 1133 2672 discordia
1170 2635 1325 2692 pupae
1350 2619 1625 2690 Stephani
1650 2637 1783 2674 cum
1816 2620 2126 2692 Cypriane-

481 2687 739 2761 miratus
771 2704 900 2742 sum
950 2694 1067 2743 tam
1104 2687 1284 2744 multa
1316 2693 1386 2744 ab
1444 2687 1509 2746 eo
1566 2692 1679 2745 dici
1749 2687 2010 2761 potuisse.
2065 2697 2127 2744 ut

487 2758 964 2832 nihildiceretur.
1014 2763 1379 2831 Quaecunque
1402 2763 1555 2817 enim
1597 2758 1763 2816 affert
1782 2772 2127 2832 argumenta

485 2834 539 2885 et
573 2830 909 2904 testimonia
930 2832 1207 2886 adversus
1222 2830 1582 2904 Stephanum
1609 2833 1826 2888 nullius
1848 2830 2124 2888 momenti

481 2903 696 2974 suntin
722 2902 829 2956 hac
851 2919 1028 2957 causa
1045 2908 1099 2958 et
1121 2902 1437 2974 quamdam
1463 2905 1678 2961 habent
1709 2905 2122 2960 insulsitatem.

483 2973 630 3039 Quid
663 2975 817 3028 enim
847 2975 915 3049 ad
952 2973 1187 3049 causam
1230 2977 1510 3046 Baptismi
1548 2979 1684 3032 facit
1715 2977 1984 3049 Cypriani
2046 2979 2127 3030 ta-

485 3061 641 3119 mam
671 3061 798 3100 esse
832 3045 1202 3102 celebriorem
1237 3045 1412 3116 quam
1449 3050 1660 3103 famam
1694 3045 1994 3119 Stephani,
2027 3049 2127 3119 Cy-

484 3116 757 3187 prianum
791 3134 903 3171 non
947 3119 1152 3192 cedere
1209 3120 1519 3192 Stephano,
1581 3116 1931 3192 Cyprianum
1990 3116 2125 3173 con-

485 3203 758 3259 gregasse
798 3189 1386 3262 conciliumincausa
1435 3189 1739 3262 Baptismi,
1765 3192 2125 3262 Stephanum

483 3275 601 3314 non
641 3276 1046 3332 congregasse,
1075 3261 1362 3318 Ecclesiae
1393 3262 1642 3318 Orientis
1690 3270 1744 3318 et
1801 3261 2129 3318 occidentis

486 3347 600 3385 non
619 3332 1446 3405 suscepissepropugnandam
1462 3336 1808 3389 sententiam
1824 3335 2126 3405 Stephani,

485 3406 543 3477 et
576 3401 764 3458 multa
796 3401 916 3458 alia
947 3401 1286 3477 hujusmodi
1319 3423 1447 3476 quae
1478 3407 1544 3460 ad
1581 3423 1816 3460 causam
1851 3401 1964 3461 non
2001 3423 2128 3477 per-

485 3474 695 3540 tinent,
732 3476 1195 3548 quorumetiam
1228 3474 1479 3548 plurima
1513 3477 1657 3531 falsa
1716 3479 1889 3532 sunt?
1947 3474 2126 3532 Nemo

489 3552 705 3618 autem,
742 3554 804 3600 ut
835 3547 906 3600 ait
943 3547 1328 3618 Hieronymus
1352 3549 1408 3603 in
1450 3549 1695 3617 epistola
1728 3550 1796 3603 ad
1864 3555 2125 3603 Pamma-

485 3617 679 3671 chium
727 3624 928 3691 contra
979 3617 1268 3691 Joannem
1320 3620 1929 3691 Hierosolymitanum,
1981 3619 2127 3675 falso

2233 2403 2416 2474 piant,
2449 2401 2865 2474 postulare,_ex
2908 2402 3168 2472 subjecla
3217 2400 3626 2456 dissertatione
3659 2405 3893 2466 nostra,

2235 2471 2408 2530 num.
2435 2471 2500 2528 1ί7
2532 2480 2588 2528 et
2618 2473 2707 2539 'l8,
2738 2471 2976 2544 planum
3013 2471 3130 2527 tiet.
3378 2475 3700 2526 COUSTANT.

2307 2556 2377 2623 (7)
2408 2555 2762 2608 Sacramenta
2790 2561 3034 2622 utroque.
3070 2550 3470 2623 Baptisimoet
3512 2550 3707 2604 sancti
3765 2549 3896 2619 Spi-

2235 2621 2384 2680 ritus
2417 2626 2730 2688 int'usione,
2768 2624 2823 2677 id
2867 2621 2972 2690 est,
3008 2628 3071 2676 ut
3101 2623 3252 2676 dicet
3279 2621 3448 2692 paulo
3519 2629 3671 2692 post,
3733 2637 3894 2690 aqua

2234 2701 2290 2750 et
2320 2696 2747 2766 Spiritu.Quod
2801 2712 2954 2765 sape
3003 2695 3211 2766 repetit
3267 2693 3425 2766 alibi.
3481 2692 3891 2766 Tertullianus

2235 2769 2292 2822 in
2369 2765 2518 2822 libro
2572 2767 2642 2820 de
2707 2767 3044 2829 Virginibus
3089 2765 3377 2820 velandis:
3432 2766 3546 2821 Una
3600 2765 3763 2818 nobis
3822 2765 3889 2816 il-

2236 2841 2304 2893 lis
2347 2839 2498 2908 ﬁdes,
2565 2855 2703 2891 unus
2751 2839 2906 2903 Deus,
2957 2837 3104 2892 idem
3155 2836 3421 2900 Christus,
3481 2835 3704 2908 eadem,
3739 2851 3887 2901 spes.

2235 2907 2428 2965 eadem
2485 2911 2694 2964 lavacri
2714 2910 3085 2964 Sacramenta.
3114 2909 3357 2962 Siricius
3408 2909 3464 2961 in
3499 2907 3751 2976 epistola
3813 2909 3882 2959 ad

2236 2979 2598 3036 liimerium:
2636 2981 2837 3048 Quibus
2863 2981 2992 3035 solis
3038 2996 3138 3050 per
3167 2996 3377 3033 annum
3432 2977 3644 3040 diebus,
3683 2979 3740 3031 id
3797 2989 3885 3031 est

2237 3053 2534 3107 Pascliatis
2566 3058 2620 3105 et
2647 3053 3033 3116 Pentecostes,
3069 3050 3138 3105 ad
3167 3051 3326 3119 ﬁdem
3356 3050 3761 3117 con/tuentibus
3785 3065 3880 3118 ge-

2235 3125 2449 3178 neralia
2477 3125 2825 3193 Baptismalis
2845 3123 2998 3177 tradi
3025 3124 3274 3177 convenit
3312 3126 3675 3193 sacramenta.
3741 3121 3884 3193 Vide

2238 3192 2613 3251 Sirmondu’m
2637 3195 2824 3264 capite
2854 3196 3058 3264 quinto
3090 3192 3330 3248 secundi
3361 3194 3751 3256 Jutirrhetici,
3787 3192 3882 3245 ubi

2237 3268 2487 3338 explicat
2517 3267 2672 3321 hunc
2703 3267 2974 3336 Cypriani
3007 3265 3220 3319 locum.
3258 3264 3402 3317 Vide
3448 3264 3622 3318 etiam
3657 3269 3811 3338 tom.
3845 3264 3880 3315 ll

2236 3335 2678 3409 Ca'pitularium,
2707 3335 2836 3409 pag.
2864 3338 3018 3409 1236.
3042 3340 3322 3391 Caeterum
3341 3351 3442 3406 pro
3459 3337 3692 3404 utroque
3712 3335 3883 3405 quiu-

2238 3407 2349 3481 que
2373 3415 2562 3464 vetera
2594 3407 2944 3480 exemplaria
2978 3408 3193 3481 habent
3238 3410 3532 3481 utrumque
3582 3411 3881 3481 BALUZlL‘S.

2236 3478 2304 3521 '—
2340 3487 2413 3534 De
2465 3478 3143 3551 baptismoﬁmanumque
3178 3478 3553 3551 Impositioue
3588 3485 3720 3548 post
3783 3478 3882 3551 ba-

2239 3548 2552 3623 ptismum,
2575 3552 2929 3623 Cyprianum
2966 3548 3464 3623 interpretandum
3515 3565 3668 3623 esse,
3737 3548 3879 3601 satis

2238 3621 2491 3678 ostendit
2516 3621 2858 3693 sutiragium
2895 3622 3168 3692 quintum
3217 3622 3460 3693 Concilii
3500 3621 3882 3693 proximegse-

484 3704 684 3766 yeruiu
720 3690 940 3766 probat.
977 3689 1315 3766 Itaque_ista
1345 3691 1508 3766 facile
1569 3689 1807 3766 possent
1858 3692 2118 3766 refutari,
2153 3699 2194 3765 ρ
2236 3696 2490 3766 quentia,
2525 3711 2657 3748 cum
2701 3689 2928 3749 canone
2975 3695 3037 3766 t7
3080 3693 3282 3766 conctl.
3339 3689 3573 3766 Arelat._
3606 3709 3646 3766 ιι
3708 3691 3883 3766 colla-

482 3760 590 3834 Sed
610 3759 768 3834 _tanti
818 3778 931 3834 non
965 3759 1123 3834 sunt.
1176 3759 1583 3817 Verissimum'
1613 3763 1792 3833 igitur
1821 3767 1910 3818 est
1967 3763 2121 3834 quod

484 3831 566 3885 ait
597 3831 842 3898 Optatus
873 3832 925 3885 in
962 3833 1109 3888 libro
1159 3835 1383 3902 quinto,
1417 3831 1714 3889 veritatem
1747 3835 1957 3889 studiis
1986 3831 2121 3887 'im-

485 3901 690 3974 pediri.
729 3903 869 3957 Vide
905 3901 1245 3959 Facundum
1273 3906 1327 3960 in
1384 3905 1530 3961 libro
1559 3915 1758 3962 contra
1795 3907 2118 3974 Mucianum,

485 3990 615 4045 pag.
647 3975 753 4029 577
785 3975 982 4044 prima:
1013 3976 1304 4032 editionis.
1338 3977 1632 4032 BALUZIUS.

558 4046 634 4115 (3)
669 4045 954 4101 Cclebrare
985 4049 1299 4103 concilium.
1366 4049 1728 4104 Celebratum
1783 4049 1962 4103 fuisse
2021 4065 2122 4102 an-

488 4117 616 4190 ?55,
652 4123 922 4190 recte,iut
952 4119 1178 4188 opinor,
1214 4121 1420 4190 probat
1467 4121 1814 4175 Pearsonius
1848 4121 1902 4174 in
1931 4126 2122 4173 Anna-

488 4186 646 4243 libus
678 4186 1054 4260 Cyprianicis.
1108 4186 1388 4246 Baianas.
1427 4224 1487 4230 —
1521 4195 1664 4246 Ante
1708 4191 1926 4246 Pascha
1985 4191 2121 4243 anni

491 4261 790 4329 sequentis
821 4262 925 4314 256
973 4261 1327 4318 celebratum
1387 4263 1494 4318 hoc
1550 4263 1860 4317 concilium
1920 4262 2122 4327 fuisse,

489 4332 660 4405 docet
680 4332 1025 4388 Pearsouius
1057 4334 1116 4388 in
1148 4353 1318 4405 opere
1351 4341 1670 4389 memorato
1700 4335 1768 4388 ad
1805 4352 1896 4388 an.
1934 4335 2121 4397 illum,

491 4405 518 4470 §
549 4405 594 4477 t.
633 4403 710 4477 De
741 4405 943 4459 eodem
979 4405 1083 4459 hoc
1114 4403 1354 4461 concilio
1387 4406 1466 4460 ita
1515 4406 1838 4477 Cyprianus
1860 4406 1917 4459 in
1952 4406 2120 4475 Epist.

493 4476 566 4548 ad
593 4475 954 4538 Jubaianum,
983 4494 1110 4546 qua:
1153 4483 1238 4532 est
1297 4479 1403 4532 '73:
1454 4480 1518 4532 Et
1548 4475 1695 4532 nunc
1749 4493 1958 4548 quoque
2001 4494 2126 4531 cum

490 4547 549 4620 in
580 4563 754 4620 unum
780 4551 1235 4612 convenissemus,
1266 4554 1380 4603 tam
1405 4551 1706 4620 provinciae
1737 4551 1931 4618 A/ri'cze
1961 4566 2126 4620 quam

493 4617 771 4674 Numidiae
801 4622 1040 4690 episcopi
1060 4637 1287 4676 numero
1307 4617 1715 4748 sepluaginaﬂet
1748 4637 1907 4675 unus.

1672 4710 1837 4747 ours.

1672 4710 1837 4747 OUTH.

567 4766 641 4835 (4)
676 4768 986 4823 Transacto.
1021 4770 1103 4825 Ita
1150 4771 1456 4826 duodecim
1516 4771 1646 4826 libri
1706 4777 1948 4827 veteres.
2009 4769 2124 4823 Alii

495 4846 746 4910 quatuor
777 4839 1258 4897 habenttractuta.
1293 4847 1522 4898 Veteres
1567 4844 1850 4899 editiones
1892 4849 1948 4897 et
2006 4846 2123 4896 tres

493 4909 626 4964 libri
660 4917 896 4976 veteres,
929 4914 1208 4967 translata
1249 4918 1442 4970 BALUZ.

565 4984 640 5053 (5)
675 4983 807 5038 Cum
838 4994 937 5038 tua
973 4986 1257 5051 gravitate.
1294 4991 1455 5040 Hunc
1509 4985 1701 5055 ipsum
1761 4984 2120 5053 Stephanum

2235 3762 2382 3821 tum.
2419 3767 2497 3819 En
2532 3766 2707 3819 verba
2758 3764 3025 3836 Suti‘ragii
3055 3781 3066 3818 :
3099 3763 3264 3836 rMale
3294 3779 3447 3836 ergo
3480 3762 3611 3836 Asibi
3662 3763 3882 3831 quitiam

2235 3840 2679 3908 interpretantur,
2700 3833 3256 3908 (easdem—designat
3286 3833 3524 3908 Joannis
3557 3849 3736 3908 voc-es
3764 3850 3876 3902 epi-

2232 3907 2484 3980 scopus),
2545 3917 2602 3962 ut
2649 3907 2856 3972 dicant,
2911 3907 3050 3978 quod
3105 3923 3203 3977 per
3244 3922 3444 3980 manus
3489 3907 3880 3980 imposilonem

2233 3977 2502 4051 Spiritum
2526 3989 2780 4035 sanctum
2807 3977 3081 4051 accipiant
3109 3981 3158 4032 et
3205 3977 3282 4031 sic
3323 3978 3673 4051 recipiantur
3703 3993 3722 4035 ;
3765 3993 3882 4030 cum

2232 4047 2596 4122 manifestum
2625 4052 2696 4104 sit
2725 4047 2970 4120 utroque
3000 4050 3374 4122 Sacramenta
3403 4047 3600 4122 debere
3657 4063 3751 4122 eos
3804 4062 3881 4100 re-

2234 4118 2397 4178 ηνιδοί
2429 4123 2488 4176 in
2520 4122 2762 4176 Ecclesia
2777 4118 3062 4176 catholica.
3087 4121 3279 4175 Canon
3331 4125 3523 4174 autem
3567 4118 3871 4172 Arelaten-

2235 4196 2317 4250 sis
2349 4193 2583 4248 concilii
2625 4193 2704 4247 ita
2734 4210 2794 4248 se
2827 4193 3034 4247 habet:
3098 4192 3418 4246 Bonosiacos
3450 4193 3634 4243 autem
3693 4207 3764 4244 ea:
3805 4206 3885 4243 eo-

2233 4267 2354 4322 dem
2401 4280 2586 4320 errore
2620 4267 2915 4329 venientes,
2963 4279 3094 4334 quos
3137 4266 3279 4334 sicut
3335 4264 3567 4316 Arianas
3617 4261 3886 4334 baptizari

2235 4340 2293 4392 in
2333 4339 2595 4390 Trinitate
2622 4332 2983 4405 mani/estuni
3011 4342 3108 4400 est,
3163 4333 3296 4405 dum
3357 4335 3698 4400 interrogati
3730 4332 3892 4402 ﬁdem

2233 4413 2479 4464 nostram
2509 4424 2576 4462 ea:
2607 4411 2711 4462 toto
2741 4403 2904 4462 corde
2931 4406 3167 4475 confessi
3191 4403 3425 4476 fuerint,
3456 4419 3792 4476 certissima
3835 4420 3895 4457 ετ

2235 4497 2427 4536 manus
2469 4495 2826 4533 Iuposmous
2860 4480 2917 4532 in
2950 4473 3200 4532 Ecclesia
3237 4478 3406 4546 recipi
3453 4473 3670 4541 sufﬁcit
3729 4477 3894 4530 Hinc.

2235 4553 2292 4606 ni
2326 4551 2512 4613 fallor,
2539 4556 2790 4612 constat,
2824 4551 2975 4604 sicut
3025 4565 3093 4604 ex
3115 4547 3381 4618 Cypriani
3423 4547 3616 4601 verbis
3650 4564 3688 4600 a
3745 4547 3889 4618 Cou-

2236 4623 2450 4678 stantio
2484 4638 2661 4691 supra
2705 4620 2922 4685 allatis,
2957 4617 3330 4691 quigin’terea
3378 4633 3664 4673 canonem
3695 4617 3892 4691 gilium

2235 4692 2462 4749 concilii
2496 4689 2735 4747 secundi
2771 4689 3147 4756 Arelatensis,
3183 4705 3499 4761 nusquam,
3549 4689 3710 4758 quod
3775 4706 3893 4742 me-

2236 4765 2529 4825 minerim.
2605 4763 2871 4826 adduxit,
2931 4763 3373 4831 intelligendam
3460 4777 3590 4814 esse
3675 4761 3893 4822 verbis,

2233 4841 2459 4906 utroque
2505 4838 2880 4902 Sacramenta,
2913 4851 3025 4889 non
3058 4849 3271 4906 aquam
3308 4832 3584 4902 Baptismi
3621 4837 3678 4885 et
3703 4831 3894 4906 _Spir_i-

2231 4913 2325 4962 tus
2357 4902 2550 4964 sancti
2584 4907 2834 4978 gratiam
2866 4908 2924 4960 in
2984 4922 3050 4960 eo
3085 4903 3391 4978 collatam,
3452 4919 3647 4978 neque
3703 4902 3890 4978 Bapti-

2234 4997 2428 5034 smum
2498 4975 2828 5049 manusque
2884 4976 3440 5049 impositionem_in_
3473 4975 3892 5049 prrnitentiam,

492 5045 647 5108 idem
668 5045 995 5139 Cypria.qu
1035 5055 1352 5139 appellabit
1379 5045 1688 5139 superpum,
1723 5045 2020 5139 ίηρε-ὲίτμῃι
2047 5063 2127 5139 at:
2164 5072 2207 5135 ι)
2241 5051 2427 5139 multo
2453 5045 3076 5139 m.inus‘B'aptism‘I_im_
3101 5053 3275 5118 atque
3307 5045 3763 5139 Eucharistiam.
3790 5046 3892 5139 sed

531 5141 598 5180 ue
656 5127 1050 5199 improvidum,
1105 5131 1366 5196 ineptum,
1421 5131 1771 5184 obstinatum.
1836 5127 2015 5199 Epist.
2059 5128 2130 5180 ad

541 5197 862 5267 ompeium.
901 5198 1222 5254 [ὶιωιτιυε.

559 5270 641 5348 (6)
681 5269 847 5348 lflene
888 5272 1245 5348 sanctiﬁca‘ri.
1304 5270 1464 5348 Colb.
1523 5288 1631 5348 ms.
1701 5269 1947 5348 plane
1979 5269 2133 5348 quod

496 5339 672 5418 etiam
705 5339 763 5395 in
799 5359 912 5418 uno
943 5339 1127 5418 esu—is
1149 5342 1498 5418 Oxoniensis
1522 5339 2136 5418 erlitoroil'enditﬁo-n-

497 5410 721 5467 cinnior
751 5417 838 5468 est
868 5413 1035 5469 lectio
1066 5422 1401 5468 cieterorum
1445 5414 1747 5468 librorum.
1810 5413 1926 5466 lloc
1984 5411 2136 5466 enim

496 5481 626 5554 istic
658 5484 814 5546 plene
842 5487 1186 5554 sunctiﬁcari
1236 5493 1424 5546 sonat,
1461 5485 1610 5552 quod
1672 5486 2045 5539 consummari
2081 5484 2134 5535 in

497 5553 590 5608 his
621 5557 884 5622 ejusdem
917 5553 1186 5628 Cypriani
1223 5559 1390 5628 epist.
1431 5573 1623 5617 LXXIII,
1674 5561 1731 5610 ut
1761 5573 1857 5623 per
1894 5559 2140 5609 nostram

496 5630 806 5682 orationem
837 5645 899 5683 ac
928 5647 1125 5683 manus
1155 5631 1558 5698 impositione-m
1589 5629 1857 5698 Spiritum
1887 5636 2140 5680 sanctum

497 5706 922 5768 consequantur.
957 5705 1006 5754 et
1035 5701 1328 5766 signacula
1381 5701 1609 5754 Domino
1659 5715 2137 5754 cousuumamua.

498 5767 674 5824 Porro
705 5771 1056 5842 Cyprianum
1085 5772 1175 5825 his
1196 5771 1416 5842 verbis,
1441 5773 1492 5826 si
1522 5773 1748 5842 utroque
1789 5771 2142 5842 Sacramenta

503 5840 826 5914 nascantur,
860 5846 924 5898 ut
955 5841 1208 5901 heretici
1238 5844 1309 5901 ad
1335 5840 1969 5902 Ecclesiam’venientes
1999 5844 2144 5899 Con-

2246 5124 2525 5193 Buptismi
2557 5129 2614 5176 et
2643 5114 3113 5193 Contirmationis
3144 5114 3530 5193 sacramenta.
3557 5117 3762 5186 Neque
3783 5114 3892 5193 ali-

2245 5187 2344 5248 ter'
2365 5197 2746 5263 exponentem
2779 5192 2935 5246 hunc
2987 5196 3044 5246 et
3106 5187 3442 5263 consimiles
3501 5188 3663 5263 locos
3720 5189 3892 5263 etiam

2249 5258 2555 5320 Maranum
2588 5263 2752 5318 video
2783 5263 2841 5317 in
2874 5263 3264 5334 Prw/alienae
3282 5259 3352 5314 ad
3373 5260 3753 5334 S._Cypriaui.
3796 5258 3891 5325 0p.

2249 5355 2306 5419 p.‘
2338 5354 2450 5390 xvn
2485 5341 2541 5390 et
2569 5340 2816 5416 XVIIa-et
2843 5334 2890 5390 si
2931 5331 3224 5419 {sistimet
3254 5332 3302 5386 is
3351 5331 3618 5419 quidem:
3651 5337 3891 5419 patrem

2249 5401 2414 5461 illum
2452 5425 2567 5461 non
2603 5401 2912 5461 neseivisse
2943 5401 3518 5474 Stephanum,etqui
3553 5401 3749 5474 abillo
3780 5405 3894 5474 sta-

2246 5481 2406 5544 bant,
2433 5481 2502 5532 de
2538 5495 2815 5532 manuum
2846 5472 3294 5544 impositionein
3325 5473 3755 5544 pcenitentiam,
3781 5472 3892 5525 he-

2249 5551 2444 5606 reticis
2477 5550 2717 5604 omnino
2766 5547 3096 5603 necessaria
3149 5547 3220 5601 ad
3281 5546 3566 5616 Spiritum
3624 5549 3894 5616 sanctum

2249 5622 2681 5692 accipiendum,
2716 5637 2828 5692 non
2871 5621 2942 5674 de
2974 5613 3343 5675 sacramento
3393 5613 3896 5692 Confirmationis,

2249 5687 2502 5758 locutos;
2535 5692 2692 5748 haud
2719 5691 2874 5748 enim
2909 5705 3256 5764 repugnare,
3289 5692 3354 5744 ut
3384 5687 3715 5764 Cyprianus
3754 5700 3901 5764 ansa

2251 5767 2324 5823 ab
2346 5757 2693 5822 adversariis
2723 5757 3447 5836 accepta-sacramentum
3467 5757 3900 5836 'Contirmatiq-

2251 5838 2345 5898 nis
2375 5836 2706 5896 iterandum
2754 5826 2884 5898 esse
2925 5837 3230 5909 statueret,
3289 5833 3562 5908 quamvis
3621 5831 3769 5891 illud
3825 5826 3898 5888 ab
