4098 6178
197 308 354 371 1085

1195 306 1399 367 PARS
1445 307 1493 366 Ι.
1526 335 1606 349 -
1645 301 2155 366 MONUMENTA
2196 297 2602 362 VETERUM.

3450 293 3604 354 1086

194 450 280 497 tus
303 440 383 511 (8)
413 439 580 511 fuerit
609 438 653 472 ⁷⁸
673 453 746 494 ea:
775 453 921 510 aqua
950 443 1002 493 et
1027 437 1243 510 Spiritu
1301 437 1398 509 (9),
1429 452 1541 492 non
1568 437 1736 508 potest
1766 437 1846 490 in-
1874 435 1926 500 Α
1958 449 2089 506 gem
2114 433 2158 467 ⁷⁷
2189 429 2506 504 aposlolica
2534 425 2870 502 magisteria
2893 429 3208 484 servarent.
3235 423 3600 497 Baptismum

197 531 369 586 troire
396 530 456 584 in
488 543 718 599 regnum
747 528 843 582 Dei
873 526 1050 597 (Joan.
1085 544 1170 593 Ill,
1210 527 1287 595 5).
1322 526 1653 582 Invenimus
1685 525 1840 580 enim

197 619 376 675 etiam
430 618 488 672 in
541 615 729 686 Actis,
761 615 1127 686 apotolorum
1178 616 1313 686 (Act.
1347 633 1402 686 x,
1445 615 1553 685 48),
1584 615 1693 670 hoc
1723 629 1851 669 esse

199 709 273 763 ab
305 705 590 778 apostolis
619 679 1010 773 augtoditum,
1040 709 1095 760 et
1125 679 1400 760 salutaris
1431 679 1564 758 ﬁdei
1608 703 1850 758 veritate

199 801 520 864 servatum,
571 798 636 848 ut
684 811 818 849 cum
868 793 928 848 in
976 794 1147 849 domo
1197 793 1445 849 Cornelii
1492 792 1849 847 centurionis

198 902 376 958 super
416 881 682 939 ethnicos
728 882 826 955 qui
875 883 993 937 illic
1050 883 1291 938 aderant
1337 881 1470 937 ﬁdei
1517 881 1705 937 calore
1735 881 1845 936 fer-

196 979 423 1038 ventes,
456 972 602 1028 etin
635 971 950 1026 Dominum
1011 975 1131 1026 toto
1179 974 1347 1026 corde
1404 971 1704 1026 credentes
1749 970 1845 1024 de—

197 1063 526 1119 scendisset
564 1059 816 1131 Spiritus
864 1063 1127 1127 sanctus,
1177 1076 1291 1130 quo
1341 1059 1640 1131 adimpleti
1671 1058 1847 1114 variis

194 1150 419 1223 linguis
465 1149 649 1205 Deum
700 1149 1148 1217 benedicerent;
1218 1148 1603 1204 nihilominus
1649 1153 1845 1203 tamen

193 1240 436 1296 beatum
468 1236 800 1311 apostolum
850 1238 1107 1306 Petrum,
1156 1237 1332 1292 divini
1373 1237 1643 1309 praecepti
1675 1241 1846 1308 atque

191 1326 493 1400 Evangelii
524 1343 863 1395 memorem,
907 1327 1249 1399 praecepisse
1298 1330 1362 1381 ut
1414 1326 1847 1398 baptizarentur

192 1418 377 1473 iidem
410 1415 518 1487 illi,
563 1415 812 1488 quijam
844 1416 1078 1472 fuerant
1127 1419 1328 1472 sancto
1377 1416 1596 1488 Spiritu
1647 1414 1840 1487 pleni:

197 1511 264 1562 ut
284 1505 431 1561 nihil
453 1505 918 1578 praetermissum
940 1506 1576 1577 videretur,quominus
1599 1521 1700 1576 per
1721 1521 1846 1560 om-

197 1595 299 1650 nia
355 1593 534 1649 divini
595 1594 868 1666 praecepti
923 1597 1098 1666 atque
1156 1595 1360 1650 1048
1421 1593 1712 1666 Evangelii
1761 1593 1842 1649 le-

1952 527 2146 579 autem
2180 538 2295 577 non
2329 536 2456 576 esse
2505 537 2618 592 quo
2649 516 2902 574 haeretici
2937 521 3206 586 utuntur,
3243 531 3347 570 nec
3399 530 3604 586 quem-

1960 629 2135 684 quam
2170 611 2323 683 apud
2357 626 2476 677 eos,
2510 610 2610 681 qui
2642 608 2868 664 Christo
2901 606 3301 670 adversantur,
3337 620 3440 675 per
3473 621 3606 676 gra-

1955 701 2099 757 tiam
2156 700 2371 757 Christi
2429 715 2601 770 posse
2681 697 2978 769 prolicere,
3055 695 3364 766 diligenter
3419 708 3607 764 nuper

1957 806 2298 862 expressum
2330 792 2419 844 est
2439 789 2494 842 in
2523 786 2787 859 epistola,
2815 802 2939 856 qua:
2962 785 3030 840 ad
3054 783 3331 848 Quintum
3357 781 3467 853 (10)
3486 780 3602 836 col-

1955 879 2147 951 legam
2180 885 2446 934 nostrum
2472 877 2529 931 in
2548 873 2898 931 Mauritania
2919 873 3303 928 constitutum
3337 886 3516 943 super
3536 887 3601 925 ea

1956 985 2016 1023 re
2046 967 2260 1038 scripta
2290 970 2397 1034 est,
2427 966 2563 1021 item
2597 965 2656 1019 in
2689 962 2898 1018 litteris
2948 979 3093 1033 quas
3138 959 3369 1032 collegae
3416 959 3600 1014 nostri

1955 1057 2026 1112 ad
2059 1055 2364 1128 episcopos
2397 1055 2455 1109 in
2501 1052 2778 1109 Numidia
2806 1053 2848 1085 ⁷⁸
2891 1051 3008 1122 (11)
3056 1050 3435 1122 praesidentes
3467 1052 3602 1104 ante

1954 1146 2254 1202 fecerunt:
2306 1145 2476 1215 cujus
2523 1142 2829 1210 utriusque
2877 1139 3139 1212 epistolas
3167 1137 3429 1210 exempla
3459 1138 3599 1193 sub-

1953 1234 2096 1291 didi.

2026 1324 2094 1380 II.
2128 1322 2415 1378 Addimus
2448 1320 2617 1394 plane
2648 1324 2704 1376 et
2734 1319 3135 1392 adjungimus,
3169 1317 3342 1374 frater
3373 1315 3596 1372 charis-

1955 1413 2120 1481 sime,
2149 1429 2440 1468 consensu
2471 1414 2527 1466 et
2560 1410 2904 1465 auctoritate
2964 1407 3285 1475 communi,
3327 1410 3393 1462 ut
3421 1405 3597 1462 etiam

1954 1503 2004 1559 si
2035 1502 2134 1574 qui
2166 1501 2278 1574 (12)
2310 1500 2634 1573 presbyteri
2666 1502 2766 1554 aut
2796 1498 3046 1564 diaconi,
3081 1497 3179 1569 qui
3210 1496 3297 1552 vel
3327 1496 3385 1550 in
3413 1495 3603 1551 Eccle-

1956 1592 2043 1648 sia
2074 1590 2358 1646 catholica
2389 1589 2553 1662 prius
2583 1587 2837 1644 ordinati
2869 1587 3104 1657 fuerint,
3136 1590 3192 1642 et
3221 1585 3597 1658 postmodum

271 1790 317 1863 7⁸
346 1789 532 1863 Natus
565 1788 923 1863 fuerit_l.am.
958 1791 1120 1863 Ebor.
1154 1789 1264 1846 NG.
1301 1790 1351 1845 1.
1385 1791 1428 1824 ⁷⁷
1461 1696 1847 1863 Ενιοέἓζξεῗθ(

1961 1712 1967 1753 '.
2113 1709 2164 1750 s.

1961 1709 2108 1846 21:2?
2125 1787 2288 1844 Ebor.
2320 1787 2434 1843 N6.
2459 1784 2509 1841 l.
2546 1784 2588 1819 ⁷⁸
2619 1782 3003 1855 Coepiscopos
3033 1781 3092 1836 in
3140 1779 3416 1836 Numidia
3445 1780 3598 1835 Lam.

194 1861 371 1917 Ebor.
403 1860 533 1916 Bod.
569 1861 620 1928 1,
650 1861 702 1916 2.
734 1859 842 1916 ΝΟ.
879 1862 930 1927 1,
962 1862 1016 1915 2.
1050 1862 1171 1917 Lin.

1612 1942 1945 2003 Variorum
1975 1947 2164 2000 notae.

193 2037 412 2093 iisdem
445 2036 643 2092 iterari
675 2036 917 2091 minime
948 2039 1364 2108 suspicaretur,
1399 2039 1496 2093 sed
1532 2054 1628 2094 eos
1679 2039 1852 2094 sciret
1880 2044 1926 2108 Β

194 2126 416 2164 manus
443 2108 882 2180 impositionem
907 2111 964 2162 in
990 2111 1390 2178 paenitentiam
1415 2115 1644 2164 tantum
1676 2110 1850 2165 intel-

193 2180 432 2250 lexisse,
467 2179 644 2250 quam
677 2181 748 2234 ad
792 2179 1073 2250 Spiritum
1121 2182 1538 2236 conferendum
1583 2198 1847 2236 necessa-

192 2253 350 2324 riam
382 2252 736 2324 putaverint.
761 2252 987 2324 Vidcsis
1011 2259 1205 2324 tamen
1234 2271 1359 2324 quaa
1392 2253 1544 2308 infra
1575 2256 1643 2307 ad
1679 2257 1849 2308 modo

194 2323 425 2378 dictum
461 2323 793 2395 Nemesiani
829 2323 1174 2394 suffragium
1207 2323 1266 2378 in
1298 2323 1503 2379 concil.
1538 2341 1638 2390 vn,
1668 2341 1724 2395 p.
1757 2326 1846 2393 93,

196 2395 518 2468 anuoﬁtabo.
548 2394 615 2448 Et
640 2395 903 2468 conferas
944 2412 1068 2468 quae
1099 2396 1171 2450 ad
1205 2396 1549 2468 suffragium
1582 2394 1847 2451 octavum

194 2467 471 2537 ejusdem
505 2465 731 2520 concilii
776 2482 918 2537 mox
967 2467 1263 2522 dicuntur.
1297 2465 1563 2523 Hic'vero
1597 2468 1850 2522 maxime

195 2536 744 2611 idcircamonenda
772 2536 893 2592 hac
948 2538 1106 2606 duxi,
1153 2539 1305 2608 quod
1350 2540 1420 2594 de
1465 2540 1762 2611 Baptismo
1795 2543 1853 2593 et

197 2609 579 2682 Eucharistia
599 2608 792 2664 locum
817 2611 1012 2664 minus
1035 2614 1186 2666 recte
1207 2608 1852 2682 exposuerat'Anglicus

197 2681 513 2752 interpres.
551 2680 776 2735 Rou'ru.

278 2752 356 2822 (8)
419 2752 674 2806 Renatus.
737 2752 998 2815 Quatuor
1057 2752 1282 2822 antiqui
1352 2753 1581 2808 codices
1638 2752 1853 2806 habent

196 2823 390 2879 denuo
420 2826 600 2876 natus.
655 2824 802 2895 Quae
847 2823 1017 2878 lectio
1075 2840 1190 2895 non
1247 2823 1535 2895 displicet,
1581 2841 1714 2878 cum
1746 2841 1855 2879 vox

193 2897 382 2950 denuo
417 2899 601 2948 exstet
649 2893 708 2947 in
753 2898 941 2965 capite
990 2894 1156 2949 tertio
1204 2893 1492 2966 Evangelii
1528 2896 1850 2950 secundum

191 2968 515 3028 Joannem,
555 2981 620 3019 ex
651 2981 766 3038 quo
795 2966 971 3038 locus
1023 2966 1134 3021 iste
1180 2967 1397 3037 petitus
1427 2972 1533 3022 est.
1574 2967 1679 3020 Sed
1716 2971 1854 3038 puto

195 3038 584 3109 Cyprianum,
621 3037 719 3107 qui
756 3037 868 3091 alia
896 3038 1162 3093 versione
1209 3039 1484 3092 utebatur
1523 3055 1698 3108 quam
1722 3037 1854 3092 vul-

196 3117 347 3188 gata
375 3114 592 3188 nostra,
634 3109 940 3188 scripsisse
997 3119 1242 3188 renatus.
1303 3109 1609 3188 BALuzms.
1641 3141 1710 3150 —
1744 3113 1854 3188 {Ya-

200 3179 443 3236 lustres
472 3179 674 3252 scripti
730 3180 787 3232 in
845 3180 927 3234 ed.
990 3179 1165 3237 Oxon.
1228 3182 1556 3252 memorati,
1588 3185 1644 3236 et
1690 3182 1855 3237 editio

203 3250 808 3323 Cyprianiprinceps,
843 3252 1102 3306 Romana.
1137 3256 1357 3307 Rou'm.

273 3321 350 3394 (9)
383 3323 442 3375 Et
474 3321 735 3394 Spiritu.’
767 3324 828 3376 ln
874 3339 985 3376 ms.
1046 3323 1198 3378 Colb.
1237 3323 1332 3378 hic
1363 3324 1601 3378 additur
1627 3332 1852 3379 sancto:

194 3393 358 3478 quod
388 3394 594 3478 abesse
623 3393 842 3478 debere
864 3393 1154 3478 Ramelius
1187 3400 1339 3450 recte
1378 3396 1600 3478 probat.
1639 3394 1714 3450 Eo
1748 3412 1848 3448 au-
1881 3413 1923 3478 ρ

195 3471 320 3520 tem
359 3469 623 3537 Actuum
684 3465 1137 3537 apostolicorum
1194 3465 1477 3537 exemplo,
1521 3483 1633 3537 quo
1694 3484 1850 3521 nunc

192 3535 903 3608 Cyprianusisententiarn
964 3554 1132 3592 suam
1186 3535 1388 3593 fulcire
1439 3535 1664 3603 nititur,
1697 3540 1848 3592 Ano-

195 3606 416 3689 nyinus
449 3623 481 3660 a
513 3606 780 3689 Rigaltia
803 3609 872 3689 ad
926 3608 1142 3689 calcem
1196 3625 1436 3689 operum
1499 3609 1849 3689 Tertulliani

191 3679 397 3735 editus
428 3679 693 3750 apposite
725 3683 910 3733 utitur
943 3680 1013 3734 ad
1058 3697 1184 3735 eam
1233 3679 1670 3735 confutandam.
1712 3682 1848 3735 inde

190 3749 644 3823 enimiostendit
673 3749 951 3821 Spiritum
1001 3755 1274 3806 sanctum
1329 3752 1546 3823 percipi
1591 3752 1848 3822 potuisse

189 3824 327 3878 sine
359 3821 671 3892 Baptismo,
702 3823 854 3894 sicut
887 3823 1248 3894 Baptismum
1281 3824 1408 3879 sine
1438 3821 1848 3879 Cbnfirmatio-

189 3894 289 3948 nis
319 3898 686 3948 sacramento
746 3893 1022 3948 collatum
1083 3895 1264 3950 fuisse
1321 3894 1452 3950 aliis
1507 3897 1844 3951 earumdem

184 3969 445 4023 Actuum
478 3963 760 4034 exemplis
792 3965 1175 4021 demonstrat.
1207 3968 1524 4022 COUSTANT.

266 4039 283 4178 ἓ
297 4037 383 4102 10)
413 4035 489 4089 Ad
519 4036 808 4105 Quintum.
852 4037 1032 4107 Epist.
1065 4055 1213 4093 Lxx1.
1249 4043 1449 4093 BALUZ.

291 4107 399 4178 11)
430 4106 506 4160 Ad
559 4107 832 4177 episcopos
891 4111 953 4162 in
1007 4109 1288 4164 Numidia.
1334 4110 1434 4163 Est

291 4107 380 4177 H)
430 4106 506 4160 Ad
559 4107 832 4177 episcopos
891 4106 953 4162 in
1007 4109 1288 4164 Numidia.
1334 4110 1434 4163 Est
1487 4125 1554 4163 ea
1601 4107 1846 4175 epistola

187 4177 498 4252 synodica,
555 4195 688 4252 Aquae
736 4180 932 4234 statim
965 4185 1099 4252 ante
1133 4181 1320 4252 posita
1351 4186 1459 4234 est.
1494 4182 1707 4235 Bov'm.

239 4251 447 4330 “Porro
476 4250 721 4330 epistola
747 4251 1102 4330 nxxuscripta
1133 4250 1239 4312 'est
1285 4252 1520 4330 nomine
1547 4250 1842 4330 Cypriani,

191 4319 788 4395 Liberalis_,Caldon_ii
820 4319 1186 4395 aliorumque
1219 4324 1318 4395 qui
1341 4323 1397 4377 in
1434 4319 1679 4378 concilio
1707 4319 1845 4395 con?-

187 4392 697 4474 gregatiditteras
725 4392 1008 4474 'legerant
1025 4392 1130 4474 Aab
1175 4392 1506 4474 octodecim
1559 4394 1846 4474 Numidiae

188 4465 488 4538 episcopis
521 4465 756 4538 missas,
783 4465 997 4535 quibus
1018 4465 1343 4538 Cyprianus
1368 4483 1430 4521 ac
1464 4465 1604 4521 socii
1635 4482 1844 4521 consu-

187 4536 468 4590 labantur
514 4535 696 4608 deiiis
739 4539 835 4606 qui
880 4537 1028 4608 apud
1066 4535 1361 4594 'Iizereticas
1391 4547 1443 4593 et
1471 4538 1847 4593 schismaticos

189 4609 476 4678 baptizati
515 4607 792 4673 videnlur,
823 4625 893 4662 an
916 4607 993 4662 ad
1023 4611 1313 4664 Ecclesium
1346 4609 1697 4677 catholicam,
1722 4623 1847 4679 qum

188 4695 309 4752 una
337 4687 436 4746 est,
466 4681 743 4752 venientes
774 4681 1049 4752 baptizari
1080 4681 1329 4736 debeant.
1360 4681 1678 4752 Rescripsit
1709 4697 1844 4734 con-

188 4750 423 4824 cilium2
477 4751 569 4824 cui
618 4750 938 4824 Cyprianus
987 4757 1252 4823 praeerat,
1314 4769 1413 4808 eos
1463 4750 1845 4824 baptizandos

185 4821 542 4895 essesHaud
577 4821 763 4895 multo
799 4827 931 4892 post
971 4821 1245 4880 eumdem»
1276 4821 1624 4895 Cyprianum
1660 4822 1840 4886 Ouin-

187 4901 313 4958 tus,
352 4893 710 4948 Mauritaniae
740 4895 1071 4964 episcopus,
1107 4893 1413 4950 eadem—de
1445 4913 1504 4949 re
1529 4895 1848 4960 consuluit,

188 4965 536 5036 notavitque
566 4981 685 5035 eos,
719 4965 818 5036 qui
853 4966 1160 5022 redeuntes
1192 4969 1492 5022 haereticos
1526 4985 1637 5023 non
1665 4968 1848 5036 bapti-

183 5037 429 5110 zabant,
463 5053 710 5110 morem_
738 5053 911 5091 suum
961 5037 1068 5092 hac
1115 5038 1334 5110 duplici
1366 5039 1587 5093 ratione
1621 5038 1844 5106 fulcire,

184 5107 336 5181 quod
366 5109 647 5162 nimirum
679 5108 878 5181 dicunt
898 5126 1070 5164 unum
1091 5107 1371 5181 Bap'tisma
1400 5126 1532 5173 esse,
1565 5115 1616 5164 et
1651 5127 1767 5163 sese
1788 5112 1848 5163 in

185 5179 299 5253 hoc
317 5183 560 5253 veterem
587 5180 1038 5253 consuetudinem
1089 5179 1262 5252 sequi.
1322 5183 1468 5235 Tum
1527 5183 1846 5253 Cyprianus

185 5251 264 5324 ad
300 5250 578 5314 Quintum
615 5252 1107 5324 misitepistolam
1144 5250 1211 5307 ad
1249 5253 1532 5308 Numidas
1565 5250 1841 5324 seriplam

184 5322 366 5396 eique
391 5339 596 5377 novam
618 5322 849 5396 ajdecit.
866 5323 1201 5396 Utramque
1221 5341 1355 5380 vero
1385 5322 1837 5396 Stephano'mit-

186 5395 433 5448 tendam
484 5408 612 5449 esse
672 5394 915 5448 concilio
962 5394 1152 5451 visum
1212 5402 1320 5462 est,
1373 5394 1524 5465 quod
1578 5397 1842 5451 habitum

189 5466 488 5545 fuit-cum_
505 5465 824 5545 Cyprianus
846 5482 1032 5545 nuper
1056 5469 1147 5545 ad
1181 5469 1457 5545 Quintum
1491 5468 1844 5545 scripsisset,

195 5537 620 5592 Hesiderabant
647 5542 798 5591 certe
830 5537 970 5594 Af'ri.
1006 5543 1070 5592 ut
1094 5539 1424 5607 Stephanus
1452 5537 1672 5594 celebre
1699 5539 1842 5593 illud

189 5611 500 5663 decretum
533 5610 793 5663 firmaret
818 5611 971 5734 quod
1006 5613 1260 5682 epistolae
1283 5613 1353 5665 ad
1388 5611 1670 5668 Numidas
1699 5612 1847 5666 inso-

192 5686 478 5734 ruerant:
541 5681 815 5734 Bavtizan
856 5697 919 5734 us
970 5686 1046 5734 est
1114 5691 1166 5734 et
1223 5684 1576 5734 innovandus
1629 5685 1724 5734 aui
1779 5683 1847 5734 ad

192 5686 478 5735 ruerent:
541 5681 919 5752 Baptizandus
970 5686 1046 5738 est
1114 5691 1166 5740 et
1223 5684 1576 5740 innovandus
1629 5685 1724 5754 qui
1779 5683 1848 5738 ad

1959 2037 2256 2092 Ecclesium
2285 2033 2442 2089 rudis
2471 2033 2639 2097 venit,
2688 2035 2750 2086 ut
2796 2033 2946 2086 intus
2990 2046 3091 2100 per
3115 2035 3327 2085 sanctos
3355 2030 3603 2100 sanctiﬁ-

1956 2114 2127 2164 cetur.
2161 2110 2229 2162 At
2260 2106 2510 2177 probare,
2535 2123 2648 2159 non
2680 2104 2869 2177 potuit
2901 2105 2948 2158 is
2980 2102 3256 2177 pontifex,
3284 2101 3442 2177 quod
3464 2117 3603 2177 apo-

1958 2179 2175 2235 stolicae
2220 2173 2517 2233 traditioni
2567 2173 2924 2230 contrarium
2959 2179 3113 2228 certo
3162 2173 3405 2228 sciebat.
3455 2173 3604 2236 Qua-

1959 2257 2194 2323 propter
2222 2248 2467 2323 concilio
2501 2249 2939 2323 congregatoct
2975 2243 3199 2323 litteras
3241 2243 3354 2299 sibi
3389 2244 3603 2323 missas

1960 2315 2300 2388 confutavit,
2334 2325 2391 2376 et
2420 2315 2651 2375 decreto
2699 2315 2815 2373 illis
2865 2317 3083 2372 inserto
3133 2315 3606 2388 hanc_opposuit

1960 2386 2394 2450 deﬁnitionem:
2425 2391 2486 2445 Si
2515 2392 2634 2462 quis
2669 2407 2716 2445 ei
2731 2406 2795 2459 go
2852 2407 2887 2445 α
2944 2405 3261 2462 quacunque
3290 2386 3489 2462 haeresi
3514 2403 3606 2442 ve-

1959 2468 2104 2521 nerit
2137 2465 2206 2520 ad
2233 2480 2354 2530 nos,
2382 2458 2537 2518 nihil
2557 2458 2852 2517 innovetur
2890 2458 3004 2516 nisi
3041 2458 3182 2531 quod
3211 2458 3478 2531 traditum
3504 2467 3600 2531 est,

1960 2542 2022 2592 ut
2045 2553 2244 2591 manus
2266 2537 2357 2590 illi
2375 2536 2701 2604 imponatur
2719 2536 2777 2587 in
2796 2530 3195 2604 paenitentiam.
3222 2532 3306 2604 En
3319 2530 3424 2584 hac
3446 2530 3604 2604 brevi

1961 2610 2318 2680 expositione
2334 2602 2682 2680 intelligitur
2701 2602 2838 2680 q_u_id
2863 2604 2981 2680 sibi
3000 2603 3136 2680 velit
3155 2602 3488 2680 Stephanus
3511 2602 3604 2680 his

1961 2673 2151 2735 verbis
2174 2695 2187 2733 :
2214 2677 2367 2733 nihil
2387 2673 2694 2732 innovatur.
2717 2673 2993 2730 Dixerunt
3009 2674 3226 2745 quippe
3245 2673 3387 2728 Afri:
3413 2675 3607 2745 Bapti-

1962 2751 2170 2806 mndus
2200 2759 2277 2805 est
2305 2758 2356 2804 et
2385 2748 2746 2804 innovandus.
2782 2751 2925 2801 Cum
2952 2744 3130 2817 igitur
3158 2745 3490 2817 Stephanus
3511 2744 3604 2799 his

1963 2822 2314 2878 contrariam
2347 2821 2582 2875 edicens
2612 2818 2964 2874 sententiam
2997 2817 3101 2887 ait,
3122 2817 3269 2870 nihil
3289 2818 3603 2877 innovetur.

1964 2893 2436 2950 subaudiendum
2460 2896 2570 2956 est,
2588 2893 2731 2946 circa
2758 2888 3223 2960 Baptismmn,sed
3248 2891 3518 2960 teneatur
3538 2903 3604 2941 ac

1964 2972 2224 3021 servetur
2253 2963 2392 3034 quod
2421 2964 2688 3018 traditum
2712 2957 2843 3034 est.
2867 2961 3006 3034 Inde
3037 2957 3210 3034 etiam
3265 2958 3604 3034 percipitur,

1965 3029 2421 3108 disputationem
2455 3035 2526 3108 de
2558 3033 2856 3108 Baptismo
2889 3030 3293 3108 haereticorum
3316 3030 3376 3085 in
3411 3029 3611 3108 Numi-

1965 3102 2388 3163 dia‘excitatam
2410 3102 2661 3175 primum
2683 3104 2950 3176 Cypriani
2969 3119 3034 3157 ac
3052 3102 3344 3176 sociorum
3368 3106 3609 3168 statuto,

1965 3185 2142 3252 atque
2172 3179 2282 3234 hoc
2313 3174 2602 3252 statutum
2621 3174 2844 3252 deinde
2873 3174 3298 3252 controversiis,
3331 3190 3458 3244 quae
3489 3178 3611 3252 tan-

1965 3245 2164 3322 topere
2195 3249 2559 3322 Stephanum
2619 3247 2769 3322 inter
2826 3262 2891 3302 ac
2932 3246 3308 3322 ‘Cyprianum
3367 3245 3607 3312 exarsit,

1966 3318 2204 3378 causam
2236 3318 2604 3393 etoriginem
2639 3318 3240 3393 ᾶεᾶὶεεθίρφψβτᾼιῖτ.

2036 3396 2154 3465 (12)
2185 3397 2292 3448 Aut
2321 3385 2497 3465 etiam
2524 3394 2579 3448 si
2606 3392 2722 3462 qui,
2742 3395 2852 3445 etc.
2874 3389 3126 3465 Nitidior
3155 3389 3316 3465 ﬁeret
3344 3385 3608 3465 oratio.si

1961 3459 2054 3520 hic
2099 3459 2382 3537 particula
2430 3473 2490 3537 ut
2539 3459 3191 3537 expun_ata,_legeretur
3226 3460 3399 3513 etiam
3427 3459 3478 3512 si
3514 3459 3611 3529 qui

1955 3533 2262 3609 presliyteri
2291 3541 2388 3609 aut
2416 3535 2636 3590 diaconi
2657 3535 2741 3589 vel
2773 3535 2832 3588 in
2859 3533 3121 3609 Ecclesia,
3157 3545 3473 3609 suppresso
3507 3546 3610 3609 po-

1960 3601 2176 3664 stremo
2207 3609 2319 3678 qui.
2357 3608 2418 3661 In
2472 3623 2585 3661 uno
2631 3623 2757 3678 ms.
2795 3603 3113 3678 recentiore
3157 3601 3315 3678 Colb2
3360 3601 3608 3678 habetur

1958 3685 2060 3734 aut
2106 3673 2330 3735 diaconi
2374 3679 2457 3732 vel
2506 3677 2693 3732 clerici
2739 3677 2796 3730 in
2849 3676 3124 3730 Ecclesia:
3160 3675 3259 3729 sed
3301 3673 3480 3739 hujus
3507 3689 3607 3727 co-

1959 3750 2106 3806 dicis
2141 3750 2308 3822 plura
2338 3749 2484 3822 locai,
2530 3748 2668 3803 alibi
2713 3751 2910 3822 aperte
2951 3747 3171 3822 vitiata,
3205 3746 3255 3800 ei
3289 3745 3609 3822 detrahunt

1959 3818 2388 3878 auctoritatem.
2441 3821 2578 3889 Ejus
2618 3823 2810 3874 tamen
2865 3818 3098 3873 lectioni
3145 3819 3297 3872 favet
3319 3818 3607 3889 innocen-

1959 3895 2076 3949 tius
2110 3895 2154 3959 Ι,
2204 3894 2386 3964 epist.
2426 3886 2520 3964 xvi
2567 3891 2658 3964 ad,
2692 3891 3061 3964 Macedonas,
3095 3906 3155 3943 n.
3188 3887 3375 3964 8,_qbi
3399 3886 3605 3964 _de_iis,

1957 3966 2057 4036 qui
2093 3957 2162 4020 ab
2194 3957 2777 4036 hiereticisbaptizati
2802 3960 3263 4036 ordinatiquead
3287 3957 3605 4013 Ecclesium

1957 4033 2284 4101 transeunt,
2319 4035 2419 4099 ait,
2453 4034 2670 4090 Nostrae
2700 4034 2790 4088 lea:
2837 4041 2916 4087 est
2973 4033 3232 4088 Ecclesia:
3269 4046 3372 4100 per
3406 4046 3606 4083 manus

1957 4110 2360 4180 impositionem
2423 4106 2624 4180 laicam
2692 4108 2903 4180 tantum
2941 4106 3216 4180 _tr‘ibuere
3240 4102 3607 4180 _communio-_

1953 4172 2101 4244 nem,
2131 4195 2228 4234 nec
2258 4194 2326 4233 ex
2372 4179 2459 4231 his
2506 4178 2753 4246 aliquem
2796 4178 2857 4228 in
2903 4175 3192 4230 clericatus
3233 4175 3497 4246 honorem
3523 4172 3606 4246 vel

1954 4242 2217 4323 exiguum
2244 4250 2566 4323 subrogare.
2601 4242 2712 4303 Eos
2757 4246 3103 4323 autem_qui
3135 4262 3169 4299 a
3219 4244 3498 4323 Catholica
3533 4242 3605 4297 ad

1955 4316 2213 4379 haeresim
2242 4316 2605 4388 transierunt,
2641 4323 2915 4389 praeterea
2946 4316 3113 4371 docet
3131 4331 3240 4371 non
3262 4316 3425 4389 aliter
3453 4329 3609 4384 opor-

1955 4400 2067 4452 tere
2087 4395 2201 4450 nisi
2217 4409 2319 4465 per
2332 4387 2725 4465 paenitentiam
2744 4389 3124 4458 suscipi.Tum
3149 4404 3311 4465 num.
3326 4387 3360 4439 9
3382 4390 3605 4465 utrum-

1956 4483 2068 4538 que
2117 4457 2485 4538 pan'itmi'nter
2524 4462 2750 4538 regulas
2785 4470 3010 4538 veteres,
3061 4475 3195 4538 quq:
3225 4459 3291 4512 ab
3345 4457 3606 4538 apoxtolis

1953 4532 2038 4593 vel
2070 4532 2398 4593 apostolicis
2427 4535 2565 4589 viris
2594 4533 2834 4587 traditas
2865 4532 3104 4586 Ecclesia
3137 4532 3385 4586 Romana.
3426 4537 3604 4584 custo-

1956 4610 2055 4665 dit.
2091 4599 2315 4665 Quibus
2346 4623 2479 4660 cum
2513 4608 2970 4660 consentaneum
3004 4603 3080 4657 sit
3101 4602 3429 4658 subnexum
3459 4599 3609 4654 Afri-

1957 4679 2088 4737 cani
2120 4677 2350 4734 concilii
2383 4678 2704 4742 decretum,
2738 4677 2954 4731 mirum
2987 4691 3102 4730 non
3133 4678 3222 4730 est
3247 4673 3391 4728 illud
3429 4689 3462 4726 a
3488 4672 3605 4727 Ste-

1876 4780 1923 4844 D
1955 4753 2147 4878 phano
2171 4749 2412 4831 minime
2435 4748 2616 4830 fuisse
2640 4748 3085 4830 contradictumt
3109 4746 3235 4801 Non
3253 4745 3382 4801 ideo
3403 4747 3603 4826 tamen

1998 4841 2062 4878 oc
2085 4841 2141 4875 in
2168 4821 2417 4877 Ecclesxa
2445 4821 2869 4878 obtinuit.qu1a
2890 4819 3292 4873 haereticorum
3314 4817 3602 4871 ordinatio

1998 4841 2062 4879 oc
2085 4823 2141 4875 in
2168 4820 2417 4877 Ecclesia
2445 4820 2713 4885 obtinuit,
2735 4819 2869 4883 quia
2890 4819 3292 4873 haereticorum
3314 4816 3602 4871 ordinatio

1958 4894 2121 4951 nulla
2142 4896 2512 4958 censeretur;
2533 4893 2628 4946 sed
2651 4891 2790 4962 quia
2813 4890 2902 4946 Dei
2924 4890 3226 4962 ministros
3245 4906 3276 4942 a
3298 4886 3605 4962 reprehen-

1958 4968 2120 5023 sione
2150 4965 2370 5019 alienos
2401 4980 2528 5019 esse
2549 4959 2720 5033 atque
2743 4961 3421 5033 immaculatosdeceret.
3451 4959 3602 5033 Quo:

1957 5040 2110 5095 circa
2123 5039 2168 5093 si
2187 5037 2378 5108 quand
2393 5052 2422 5091 ο
2441 5053 2472 5088 a
2489 5052 2612 5108 cpm
2625 5028 2786 5089 muni
2812 5034 2932 5104 lege
2947 5032 3165 5108 excepti
3188 5035 3326 5086 sunt
3339 5028 3604 5108 nonnulli

1957 5114 2096 5182 puta
2142 5099 2439 5182 Novatiapi
2489 5105 2720 5182 Nicteno
2769 5101 2988 5159 canone
3031 5099 3102 5164 8(
3124 5107 3186 5157 ut
3231 5099 3604 5182 Innocentius

1957 5171 2016 5236 in
2044 5181 2278 5236 laudata
2307 5177 2572 5250 epistola,
2608 5195 2662 5230 n.
2701 5183 2789 5236 10,
2836 5180 3069 5250 fatetur.
3103 5192 3166 5228 ac
3211 5172 3458 5250 subinde
3488 5171 3604 5250 _Do-

1957 5254 2183 5309 natistaa
2215 5257 2314 5306 aut
2347 5245 2503 5305 'alii:
2562 5255 2626 5302 ut
2675 5255 2805 5317 post
2864 5248 3116 5302 reditum
3169 5245 3600 5317 ordinarentur,

1957 5340 2250 5396 nusquam
2281 5329 2372 5396 est
2400 5313 2775 5391 praeceptum.
2803 5321 2924 5373 lino
2948 5318 3082 5372 Cod.
3108 5333 3237 5396 can.
3261 5313 3398 5396 sccl.
3425 5314 3599 5394 Aifric.

1957 5415 2005 5452 c.
2033 5387 2119 5451 18'.
2143 5387 2715 5449 reordinationes'non
2741 5407 2912 5444 secus
2940 5394 3111 5458 atque
3143 5387 3602 5458 rebaptizationes

1957 5469 2363 5540 prohibentur.
2397 5467 2704 5540 Cous'rAN'r.
2737 5464 2921 5540 —-_Et_
2948 5461 2991 5514 si
3024 5457 3240 5540 vitiosa
3276 5465 3364 5512 est
3394 5457 3598 5540 oratio,

1957 5529 2083 5595 ut...
2119 5555 2208 5593 ens
2240 5552 2467 5608 quoque,
2503 5535 2690 5604 ipsam
2738 5532 3167 5608 sollicitandam
3207 5537 3401 5608 tamen
3446 5529 3603 5583 haud

1957 5617 2116 5684 puto.
2153 5603 2392 5664 Ponitur
2417 5603 2636 5661 interea
2665 5607 2815 5676 siqui
2845 5622 2948 5677 pro
2980 5619 3201 5676 quique.
3235 5603 3453 5658 Eoum.
