4098 6178
476 343 630 408 1087

1511 346 1614 410 DE
1658 347 2252 413 HIERETIGORUM
2300 346 2819 412 BAPTISMATE.

3720 342 3888 408 1088

478 476 685 551 perfidi
718 494 784 534 ac
813 475 1055 536 rebelles
1105 476 1307 536 1049
1340 482 1541 536 contra
1587 479 1904 538 Ecclesiam
1955 485 2126 539 stete—
2154 486 2203 551 Α
2238 500 2340 540 sus
2366 482 2663 539 Christum
2695 482 2948 552 stetisse,
2970 498 3148 555 quam
3177 478 3495 537 Ecclesium
3526 478 3679 550 ejus,
3696 494 3881 550 quam

479 568 619 635 rint,
648 567 738 624 vel
773 568 925 641 apud
961 568 1266 625 haereticos
1310 586 1344 624 a
1388 570 1907 644 pseudoepiscopis
1936 576 1993 627 et
2019 589 2119 627 an-

477 656 766 714 tichristis
787 661 989 714 contra
1019 657 1233 715 Christi
1265 658 1707 731 dispositionem
1761 661 2006 732 profana
2037 678 2125 716 or-

479 746 774 803 dinatione
796 747 1045 819 promoti
1071 748 1208 817 sint,
1232 751 1288 802 et
1309 751 1509 803 contra
1530 747 1710 804 altare
1733 765 1914 803 unum
1945 754 2124 821 atque

479 836 741 891 divinum
772 835 885 909 (13)
916 835 1201 891 sacriﬁcia
1234 836 1372 891 foris
1418 834 1563 891 falsa
1610 854 1677 892 ac
1723 837 2006 909 sacrilega
2037 837 2121 891 of-

479 925 627 981 ferre
658 925 851 981 conati
876 925 1017 993 sint,
1041 942 1141 982 eos
1171 941 1403 997 quoque
1430 923 1540 981 hac
1571 926 1899 982 conditione
1928 927 1972 961 ⁷⁹
1997 941 2124 982 sus-

481 1012 595 1086 cipi
649 1030 781 1069 cum
841 1018 1232 1081 revertuntur,
1292 1017 1359 1069 ut
1414 1016 1850 1071 communicent
1880 999 2033 1082 laici,
2066 1020 2125 1071 et

480 1102 624 1159 satis
670 1102 945 1173 habeant,
992 1103 1146 1175 quod
1196 1102 1589 1159 admittuntur
1636 1104 1705 1159 ad
1758 1120 1977 1177 pacem,
2022 1104 2123 1177 qui

477 1191 674 1249 hostes
708 1191 865 1264 pacis
895 1191 1256 1259 exstiterint;
1307 1208 1414 1248 nec
1461 1192 1671 1249 debere
1703 1209 1800 1249 eos
1830 1199 2122 1249 reverten-

475 1284 565 1337 tes
581 1297 649 1336 ea
669 1281 820 1353 apud
848 1298 954 1337 nos
976 1279 1365 1336 ordinationis
1385 1285 1441 1337 et
1460 1280 1701 1337 honoris
1722 1300 1882 1338 arma
1905 1283 2019 1353 (14)
2041 1298 2125 1338 re-

474 1368 680 1436 tinere,
737 1369 952 1441 quibus
1003 1372 1205 1425 contra
1262 1386 1369 1425 nos
1426 1369 1851 1427 rebellaverint.
1885 1371 2126 1443 Oportet

475 1458 633 1514 enim
665 1459 992 1515 sacerdotes
1045 1463 1102 1514 et
1150 1458 1471 1529 ministros,
1503 1459 1601 1531 qui
1636 1459 1801 1516 altari
1855 1465 1912 1517 et
1941 1460 2122 1517 sacri-

475 1546 626 1603 ﬁciis
657 1546 1013 1620 deserviunt,
1038 1548 1296 1621 integros
1320 1551 1493 1620 atque
1514 1548 1927 1605 immaculatos
1956 1566 2084 1606 esse
2108 1567 2122 1605 :

477 1652 613 1692 cum
644 1636 930 1705 Dominus
960 1636 1117 1693 Deus
1147 1637 1205 1692 in
1239 1636 1494 1693 Levitico
1537 1636 1814 1709 loquatur
1844 1641 1901 1693 et
1931 1638 2121 1694 dicat:

476 1724 648 1781 Homo
678 1726 740 1780 in
771 1741 875 1798 quo
921 1727 1109 1797 ﬁuerit
1150 1727 1375 1782 macula
1419 1731 1470 1782 et
1509 1729 1729 1796 vitium,
1760 1743 1871 1784 non
1920 1727 2130 1783 accedet

475 1815 677 1888 oﬂerre
705 1813 848 1869 dona
898 1814 1002 1871 Deo
1058 1815 1369 1887 (Leuit.xx1.
1429 1815 1560 1887 2i);
1613 1816 1754 1871 item
1816 1817 1873 1871 in
1933 1816 2126 1873 Exodo

473 1904 677 1961 eadem
708 1902 1006 1976 pracipiat
1035 1907 1091 1959 et
1128 1904 1315 1960 dicat:
1371 1906 1435 1960 Et
1481 1905 1781 1961 sacerdotes
1827 1907 1927 1978 qui
1971 1922 2123 1961 acce-

472 1993 608 2051 dunt
637 1991 707 2048 ad
730 1993 1020 2049 Dominum
1053 1993 1242 2062 Deum,
1273 1993 1710 2064 sanctiﬁcentur,
1742 2011 1814 2050 ne
1841 1995 1984 2068 forte
2027 1994 2122 2051 de-

472 2082 755 2155 relinquat
782 2081 905 2138 iltos
956 2083 1225 2138 Dominus
1281 2084 1421 2138 Deus
1470 2083 1662 2154 (Exod.
1716 2100 1830 2150 xxx,
1881 2082 2017 2155 22);
2069 2086 2126 2139 et

474 2170 685 2228 iterum
714 2186 727 2226 :
756 2170 819 2225 Et
851 2186 973 2226 cum
1002 2170 1267 2227 accedunt
1298 2171 1620 2227 ministrare
1659 2171 1731 2227 ad
1777 2172 1954 2228 aLare
1981 2171 2127 2228 San-

474 2260 573 2327 cti,
629 2275 740 2316 non
787 2259 1054 2315 adducent
1108 2262 1169 2314 in
1220 2276 1278 2316 se
1333 2260 1618 2327 delictum,
1668 2276 1737 2316 ne
1817 2261 2128 2317 moriantur

477 2347 669 2421 (Exod.
700 2365 895 2414 xxvm,
928 2348 1037 2420 l13).
1072 2348 1233 2414 Quod
1296 2355 1490 2404 autem
1547 2349 1740 2419 majus
1779 2353 1971 2421 potest
1997 2365 2126 2406 esse

480 2435 783 2507 delictum,
808 2440 910 2493 aut
941 2452 1072 2508 quae
1102 2435 1335 2494 macula
1366 2436 1700 2508 deformior,
1722 2455 1896 2516 quam
1923 2440 2123 2497 adver-

2235 572 2331 628 ille
2362 572 2648 644 sanguine
2699 588 2805 627 suo
2836 571 3062 644 paravit
3107 574 3163 626 et
3199 568 3479 637 condidit,
3528 567 3877 640 dissipasse,

2234 677 2410 733 quam
2442 660 2782 732 evangelica:
2816 660 2975 732 pacis
3003 675 3068 715 ac
3098 657 3430 715 dilectionis
3457 656 3889 721 oblitum,con-

2232 754 2323 805 tra
2354 749 2693 805 unanimem
2725 754 2783 805 et
2812 749 3156 805 concordem
3205 748 3414 804 1050
3456 745 3557 801 Dei
3591 746 3882 818 populum

2235 837 2467 894 hostilis
2500 837 2803 894 discordiae
2843 838 3035 893 furore
3074 834 3418 908 pugnasse?
3466 834 3576 900 Qui
3624 834 3733 889 etsi
3764 833 3891 904 ipsi

2237 927 2611 999 postmodum
2652 928 2723 983 ad
2769 925 3083 982 Ecclesiam
3142 925 3408 991 redeunt,
3460 924 3768 979 restituere
3798 928 3894 976 ta-

2235 1033 2367 1072 men
2399 1032 2497 1072 eos
2527 1020 2584 1071 et
2632 1031 2831 1072 secum
2877 1030 3145 1072 revocare
3192 1031 3309 1070 non
3360 1016 3623 1086 possunt,
3656 1011 3761 1084 qui
3814 1011 3896 1065 ab

2235 1105 2318 1161 eis
2350 1105 2573 1161 seducti
2605 1109 2660 1161 et
2691 1104 2831 1160 foris
2863 1108 3047 1160 morte
3067 1102 3342 1177 praeventi
3372 1106 3532 1157 extra
3561 1099 3898 1157 Ecelesiam

2236 1194 2362 1250 sine
2393 1193 2925 1250 communicatione
2972 1196 3030 1249 et
3077 1208 3217 1264 pace
3265 1190 3594 1263 perierunt:
3627 1205 3896 1261 quorum

2239 1283 2450 1339 anima;
2498 1283 2557 1337 in
2603 1283 2696 1338 dei
2730 1281 2940 1353 judicii
2973 1282 3042 1338 de
3074 1281 3338 1353 ipsorum
3384 1279 3657 1336 manibus
3701 1293 3902 1350 expe-

2236 1376 2455 1438 tentur,
2508 1372 2609 1445 qui
2660 1371 3005 1443 perditionis
3062 1375 3326 1427 auctores
3353 1375 3413 1425 et
3439 1369 3616 1424 duces
3642 1367 3902 1424 exstite-

2237 1465 2392 1516 runt.
2420 1462 2491 1517 Et
2522 1460 2739 1516 idcirco
2769 1460 2915 1515 satis
2945 1463 3036 1515 est
3074 1458 3293 1514 talibus
3338 1457 3769 1514 revertentibus
3801 1471 3905 1510 ve-

2237 1549 2395 1606 niam
2427 1550 2551 1605 dari
2576 1566 2590 1605 :
2626 1566 2741 1606 non
2771 1553 2967 1604 tamen
2991 1548 3161 1605 debet
3180 1548 3239 1603 in
3266 1548 3439 1603 domo
3460 1545 3592 1601 fidei
3614 1545 3725 1610 (15)
3756 1561 3907 1616 per-

2239 1638 2377 1694 ﬁdia
2410 1638 2761 1711 promoveri.
2795 1640 2942 1692 Nam
2974 1638 3115 1709 quid
3148 1636 3318 1693 bonis
3364 1640 3422 1691 et
3466 1632 3905 1689 innocentibus

2239 1731 2408 1799 atque
2437 1727 2510 1782 ab
2540 1725 2796 1783 Ecclesia
2826 1742 2941 1782 non
2971 1725 3381 1782 recedentibus
3414 1738 3816 1787 reservamus,
3846 1721 3899 1776 si

2236 1831 2337 1872 eos
2368 1815 2468 1888 qui
2497 1832 2532 1871 a
2558 1815 2727 1872 nobis
2784 1814 3149 1882 recesserint,
3207 1817 3267 1870 et
3319 1816 3523 1868 contra
3551 1810 3892 1868 Ecclesium

2233 1905 2505 1961 steterint
2535 1905 2669 1976 (16),
2703 1901 3108 1960 honoramus?

2304 1993 2399 2048 IIl.
2433 1992 2562 2048 Haec
2593 1993 2665 2049 ad
2696 1992 3114 2048 conscientiam
3148 1995 3313 2046 tuam
3351 1990 3487 2061 (17),
3526 1989 3702 2045 frater
3733 1988 3894 2044 cha-

2232 2082 2487 2150 rissime,
2518 2086 2576 2137 et
2604 2098 2707 2154 pro
2763 2081 2985 2137 honore
3027 2079 3329 2137 communi
3375 2083 3433 2136 et
3471 2094 3573 2151 pro
3617 2077 3896 2150 simplici

2233 2171 2544 2228 dilectione
2599 2170 2971 2244 pertulimus,
3027 2170 3331 2226 credentes
3382 2168 3557 2224 etiam
3614 2166 3723 2221 tibi
3787 2182 3901 2239 pro

2233 2260 2533 2333 religionis
2565 2264 2678 2315 tuis
2707 2261 2751 2295 ⁸ο
2783 2264 2842 2316 et
2900 2259 3036 2316 ﬁdei
3091 2258 3332 2315 veritate
3380 2257 3631 2330 placere,
3666 2272 3808 2329 qua:
3840 2260 3900 2311 et

2235 2348 2506 2421 religiosa
2550 2349 2768 2421 pariter
2820 2352 2880 2404 et
2923 2364 3061 2404 vera
3113 2351 3271 2403 sunt.
3331 2350 3617 2403 Caeterum
3658 2344 3899 2400 scimus

2235 2438 2521 2513 quosdam
2554 2437 2708 2512 quod
2740 2437 2918 2494 semel
2949 2436 3292 2493 imbiberint
3320 2436 3437 2510 (18)
3493 2433 3652 2491 nolle
3702 2435 3897 2506 depo-

477 2641 524 2677 ⁷⁹
582 2640 956 2701 Confessione
1013 2645 1071 2699 et
1129 2643 1461 2701 conditione
1515 2646 1666 2700 Lam.
1725 2551 2095 2706 Εὑρηνῖςὲῗ

2244 2554 2519 2703 ιιῧὲῗ8.1.
2570 2644 2615 2682 θ’
2670 2644 2970 2718 Religione
3034 2647 3137 2700 tua
3183 2646 3335 2700 Lam.
3397 2641 3559 2697 Ebor.
3626 2638 3766 2696 Bod.
3833 2642 3889 2693 2.

1896 2755 2227 2816 Variorum
2268 2760 2458 2816 notas.

551 2849 667 2923 (13)
698 2851 975 2923 Divinum.
1010 2851 1154 2906 Tres
1212 2849 1343 2906 libri
1402 2855 1621 2907 veteres
1672 2850 1888 2907 habent
1917 2851 2121 2907 indivi-

483 2921 676 2978 duum.
709 2922 1017 2978 Bauuzws.

2230 2849 2507 2922 Anglicus
2552 2848 2860 2921 interpres,
2905 2848 3206 2922 censuisse
3246 2863 3451 2922 omnes
3491 2850 3702 2922 praeter
3754 2845 3889 2900 Ste-

2233 2918 2492 2993 phanum
2521 2918 2827 2993 episcopos
2846 2918 3126 2977 ﬁdelibus
3156 2919 3333 2993 licere
3350 2921 3422 2993 de
3443 2918 3504 2993 re
3525 2918 3629 2973 illa
3648 2922 3887 2993 contro-

554 2994 668 3063 (14)
720 2994 1098 3051 Ordinationis
1159 3000 1211 3048 et
1262 2994 1486 3049 honoris
1540 3009 1721 3049 arma.
1782 2993 1946 3049 Arma
1995 3002 2126 3049 sunt
2232 2987 2403 3049 versa
2431 2987 2583 3047 inter
2612 3009 2674 3048 se
2693 2987 3173 3063 d'issentire,quaa
3192 2991 3655 3063 addiseiplinam
3689 2987 3885 3060 magis

483 3062 849 3121 instrumenta
896 3066 1051 3135 cuius
1107 3065 1240 3120 libet
1289 3066 1388 3129 rei,
1440 3065 1629 3136 inquit
1682 3065 1919 3120 Servius
1967 3066 2038 3120 ad
2084 3082 2122 3119 ιι
2232 3081 2407 3136 quam
2442 3065 2511 3119 ad
2544 3066 2719 3119 ﬁdem
2743 3062 3033 3136 pertinere
3052 3062 3363 3136 videretur.
3386 3062 3660 3136 Fortasse
3679 3067 3881 3136 autem

484 3137 709 3192 Eneid.
769 3137 874 3192 Hic
930 3130 1064 3191 vero
1116 3138 1255 3190 sunt
1312 3130 1567 3207 insignia
1610 3137 1735 3207 sive
1760 3141 2122 3207 ornamenta.

487 3208 990 3273 Quemadmodum
1022 3212 1081 3279 et
1109 3211 1393 3279 Homerus
1433 3203 1602 3273 dixit,
1650 3206 1906 3270 ’ὀπλισθεν
1949 3203 2005 3260 δὲ
2036 3226 2128 3279 γυ-

2235 3132 2307 3192 de
2334 3136 2488 3191 Afris
2519 3132 2895 3207 quibusdam,
2928 3153 3042 3190 non
3073 3138 3145 3193 de
3172 3134 3548 3207 alienigenis,
3572 3132 3701 3187 haec
3728 3132 3885 3207 dixe-

2237 3213 2375 3264 runt
2405 3201 2697 3279 praesules,
2755 3207 3069 3263 nonnullos
3119 3207 3277 3262 enim
3318 3201 3486 3261 A't'ros
3517 3205 3590 3259 de
3621 3220 3692 3279 re
3715 3201 3885 3258 aliter

485 3282 687 3357 ναῖκες,
721 3284 777 3335 et
805 3281 863 3335 in
918 3278 1120 3357 clipeis
1177 3278 1501 3357 illustrium
1544 3296 1819 3357 macrum
1853 3276 2128 3357 descripti
2232 3276 2528 3357 judicasse
2559 3295 2734 3357 quam
2772 3279 3139 3357 Cyprianum
3176 3294 3484 3357 _s_uosque,_
3524 3276 3883 3357 Cyprianum

484 3350 685 3426 vultus
713 3347 1269 3426 expresso:thorace.
1304 3350 1481 3426 Arma
1539 3351 1695 3426 lucis,
1727 3347 1882 3426 bula
1925 3347 2126 3426 φῳτός,

489 3421 561 3497 ad
592 3422 758 3497 Rom.
787 3419 920 3497 Ξιιιῐἱ
958 3423 1044 3477 12.
1105 3421 1265 3497 Βᾳίά.
1325 3419 1497 3497 δπλα-
1527 3421 1724 3497 φωτὸς,
1785 3421 1813 3473 ὁ
1847 3419 2130 3497 ﬁnem;

487 3489 584 3554 λος
619 3511 630 3524 ·
666 3493 721 3546 αἱ
756 3498 863 3568 τῶν
896 3492 1100 3568 ἀρε-τῷν
1133 3490 1413 3568 Δἐργαιςξίθιι.
1466 3489 1698 3549 ΗιὸΑιτ.
1731 3524 1799 3534 -
1826 3496 1900 3568 At
1927 3498 2127 3568 conte:

486 3582 584 3621 ras
615 3581 741 3636 qua:
772 3563 953 3621 habes
1001 3566 1073 3620 ad
1132 3563 1235 3619 lin;
1293 3566 1347 3618 Ο.
1411 3582 1541 3636 pag.
1606 3565 1922 3636 sequentis.
1980 3565 2130 3634 Quod

489 3644 672 3763 autem
701 3638 879 3708 majus
905 3645 1078 3709 potest
1098 3652 1210 3691 esse
1231 3637 1766 3692 delictum...t'urore
1790 3653 2083 3709 pugnasse
2102 3638 2130 3691 ‘I

541 3724 711 3763 ours.

541 3724 689 3763 OUTH
701 3749 711 3760 .

564 3779 674 3851 (15)
706 3778 768 3832 In
799 3777 1118 3860 domo'ﬁdei
1172 3782 1231 3860 In
1266 3776 1524 3860 Ecclesia
1553 3777 1955 3860 pei,.quas‘est
1987 3778 2130 3860 ﬁde-

492 3849 663 3940 lium'
696 3854 921 3940 mater;
959 3849 1121 3940 pnde
1176 3855 1235 3905 et
1258 3851 1570 3940 .domestici
1598 3849 1774 3940 fidei,
1812 3849 2003 3940 οξκξῐςξι
2033 3855 2133 3940 ἰῆς

492 3921 745 3990 πίστεως,
782 3922 851 3975 ad
882 3921 1006 3976 Gal.
1060 3938 1136 3988 VI,
1171 3921 1269 3992 qui
1326 3928 1462 3976 sunt
1493 3921 1564 3976 de
1597 3921 1816 3975 t‘amilia
1844 3922 2001 3977 fidei.
2037 3922 2133 3976 R1-

493 4010 654 4049 GAL’I‘.
685 4024 757 4033 —
787 3993 959 4066 Porro
992 3997 1154 4048 notat
1181 3992 1469 4066 interpres
1499 3992 1794 4066 Anglicus,
1832 3994 2135 4066 perﬁdiam

493 4065 553 4121 id
581 4066 732 4120 circo
756 4063 1047 4136 appellare
1077 4065 1428 4136 Cyprianum
1453 4063 1858 4119 haereticorum
1890 4070 1947 4120 et
1977 4064 2137 4120 schi-

494 4136 876 4193 smaticorum
925 4134 1135 4190 scelus'
1162 4134 1370 4195 solere.
1414 4135 1569 4206 quod
1618 4136 1792 4191 iidem
1844 4136 2135 4202 homines,

495 4207 745 4265 maxime
775 4207 1125 4276 sacerdotes,
1159 4206 1536 4262 commissam
1570 4223 1690 4262 rem
1722 4206 1835 4263 sibi
1859 4208 1930 4262 ab
1954 4207 2139 4262 Eccle-

496 4282 584 4336 sia
614 4278 1030 4351 prodidissent.

565 4348 679 4425 (fG)
711 4354 778 4425 Et
804 4353 1018 4425 contra_
1049 4348 1346 4425 Ecclesium
1398 4350 1672 4425 steterint.
1698 4349 1845 4425 _lsta
1876 4348 2140 4425 imitatus

498 4418 915 4480 estAnselmus
930 4421 1241 4492 episcopus
1264 4418 1743 4492 Havelbergensis
1759 4421 1819 4476 in
1833 4427 1992 4478 tomo
2014 4421 2139 4477 XIII

496 4493 794 4569 Spicilegii
827 4492 1193 4569 Dacheriani,
1228 4508 1358 4569 pag.
1393 4494 1520 4569 202.
1557 4492 1760 4569 BAng.

418 4591 427 4595 ·
505 4562 683 4638 κ’(17)
715 4562 841 4621 Haec
868 4566 937 4621 ad
995 4562 1387 4638 conscientiam
1442 4566 1611 4638 tuam.
1663 4563 1741 4618 Ex
1791 4562 1914 4638 _his_
1946 4563 2142 4618 verbis

501 4635 897 4710 Hieronymus
946 4636 1015 4691 ad
1074 4637 1451 4705 Luciferianos
1507 4635 1850 4710 observavit,
1903 4636 2141 4710 beatum

499 4707 1006 4781 Cyprianumhaac
1037 4724 1152 4762 non
1184 4724 1317 4781 eum
1369 4707 1739 4781 anathemate
1782 4723 2006 4781 eorum,
2041 4707 2139 4779 qui

501 4778 755 4851 sesequi
786 4778 1116 4851 noluerant,
1149 4778 1438 4834 edidisse:
1474 4779 1763 4850 siquidem
1788 4780 1845 4833 in
1877 4778 2141 4851 commu-

502 4849 695 4917 nione,
728 4850 940 4922 inquit,
971 4864 1173 4922 eorum
1196 4849 1661 4922 permansit,rqui
1690 4849 1990 4906 sententiae
2022 4866 2143 4906 sua:

501 4921 917 4985 contraierant,
949 4921 1048 4993 sed
1099 4921 1394 4993 hortatum
1445 4921 1641 4991 potius
1682 4922 1882 4988 fuisse,
1913 4925 2150 4993 propter

498 4995 806 5061 Novatum,
839 4997 897 5048 et
928 4991 1072 5047 alias
1100 4995 1241 5048 tunc
1266 4992 1516 5048 hzrreses
1541 4993 1759 5049 multas
1783 4991 2145 5057 enascentes,

500 5083 575 5125 ne
606 5068 933 5140 quisquam
952 5063 1023 5119 ab
1065 5078 1151 5130 eo,
1202 5065 1329 5120 sine
1383 5065 1758 5121 damnatione
1787 5064 1999 5121 erroris
2030 5064 2145 5129 sui,

500 5135 873 5207 reciperetur.
899 5135 1221 5191 RIGAL'rms.

575 5206 685 5282 (1⁷8)
718 5206 874 5278 Quod
900 5207 1062 5263 semel
1092 5207 1428 5263 imbiberint.
1462 5208 1645 5279 Epist.
1675 5208 1744 5262 ad
1777 5207 2015 5282 Q_uint._;
2048 5208 2146 5261 De-

502 5278 627 5338 bere
655 5278 1113 5352 unumquemque,
1143 5295 1255 5335 non
1277 5295 1378 5350 pro
1406 5294 1471 5352 eo
1500 5282 1644 5350 quod
1654 5278 1835 5352 semel
1856 5279 2148 5352 imbiberat

499 5363 551 5410 et
579 5353 815 5420 tenebat,
838 5350 1214 5424 pertinaciter
1239 5350 1497 5419 congredi
1516 5368 1536 5412 ;
1574 5350 1664 5405 sed
1692 5352 1743 5424 si
1783 5350 1919 5421 quid
1950 5350 2148 5404 melius

498 5433 549 5481 et
592 5425 788 5481 utilius
815 5422 1106 5489 exstiterit,
1143 5422 1373 5478 libenter
1408 5424 1681 5487 amplecti.
1718 5423 2047 5476 ΡιιοΑυι-ιυε.
2078 5451 2102 5461 -
2133 5457 2148 5463 τ

502 5497 798 5553 Pertinent
830 5496 952 5551 haec
982 5496 1053 5551 ad
1083 5493 1430 5549 sententiam
1483 5494 1645 5548 illam
1678 5493 1979 5549 contrariae
2010 5509 2145 5562 par-

499 5568 576 5626 tis
631 5569 703 5625 de
760 5568 1161 5625 hiereticorum
1222 5566 1564 5636 Baptismu;
1638 5567 1904 5621 conferas
1972 5564 2146 5619 etiam

502 5642 748 5715 quashiu
808 5636 1220 5715 actis__s_ynodi
1277 5637 1538 5715 proxime
1581 5637 1880 5710 sequentis
1919 5652 2147 5715 ponun-

498 5708 617 5781 tur.
653 5713 828 5769 Porro
857 5708 1081 5784 colligit
1107 5726 1179 5768 ex
1223 5708 1438 5782 verbis,
1471 5725 1599 5783 quis
1631 5708 1764 5766 mox
1796 5712 2145 5780 sequuntur,

2242 3350 2545 3406 certiorem
2578 3349 2791 3405 fecerat
2820 3349 3069 3415 Quintus
3092 3350 3152 3405 in
3176 3349 3527 3405 Mauritania
3546 3349 3881 3418 episcopus.

2161 3391 2203 3459 (ἶ
2242 3391 3883 3494 ἷιῖἐιῖἐῦἷξιὸῑεῗίῥἐίι’ῗεῗὸἶξιξὲἒίῖἰῖἑυέιςιὲφ’ὸυίρῖυω

2238 3491 2488 3549 constat.
2525 3491 2742 3548 Roura'.
2776 3524 2843 3533 —
2876 3491 3034 3560 Quod
3069 3491 3242 3549 semel
3295 3492 3633 3547 imbiberint.
3694 3491 3886 3560 Cicero

2239 3564 2340 3619 lib.
2374 3582 2449 3634 1v,
2510 3557 2987 3619 Academicarum
3043 3563 3463 3629 Quaastionum,
3524 3578 3658 3633 cap.
3692 3562 3759 3616 3:
3795 3557 3889 3614 Sed

2238 3637 2418 3692 nescio
2446 3635 2710 3706 quomodo
2741 3637 2990 3706 plerique
3017 3651 3207 3691 errare
3246 3635 3462 3690 malunt
3507 3648 3744 3706 eamque
3771 3647 3887 3706 sen-

2240 3703 2473 3764 tentiam
2501 3722 2666 3778 quam
2696 3703 3091 3763 adamaverunt
3130 3707 3534 3778 pugnacissime
3575 3703 3885 3778 defendere.

2241 3795 2414 3860 quam.
2461 3775 2610 3861 sine_
2634 3780 2943 3861 pertinacia
2982 3775 3139 3861 quid
3188 3775 3652 3861 constantissime,

2242 3846 2552 3920 exquirere.
2589 3846 2944 3913 Lactantius,
2977 3846 3083 3904 lib.
3138 3866 3224 3913 ιιι,
3257 3866 3385 3920 cap.
3446 3849 3554 3902 24:
3618 3847 3769 3914 Quid
3804 3846 3887 3899 di-

2243 3938 2361 3977 cam
2391 3921 2456 3976 de
2482 3922 2558 3976 iis
2606 3923 2791 3976 nescio
2820 3923 2917 3992 qui
2943 3937 3070 3976 cum
3096 3921 3267 3976 semel
3315 3920 3745 3992 aberraverint,_
3771 3933 3889 3992 eca-

2244 3997 2455 4048 stanter
2480 3993 2543 4047 in
2570 3993 2809 4048 stultitia
2829 3989 3203 4063 perseverant
3252 3996 3305 4047 et
3341 3993 3498 4048 vanis
3526 4007 3677 4045 vana
3711 3989 3889 4057 defa-

2245 4064 2401 4133 dunt,
2461 4064 2571 4118 nisi
2619 4064 2761 4134 quod
2809 4080 2913 4135 eos,
2954 4063 3236 4120 interdum
3286 4067 3419 4135 pulo
3465 4070 3564 4135 aut
3584 4063 3710 4132 jaei
3737 4075 3890 4135 causa

2242 4131 2746 4207 philosophari'aut
2772 4134 3070 4207 prudentes
3098 4144 3151 4191 et
3176 4131 3319 4191 scias
3374 4133 3689 4207 mendacia
3713 4131 3891 4207 deten-

2247 4205 2432 4263 denda
2458 4205 2752 4276 siueipere,
2773 4205 2946 4278 quasi
2971 4211 3035 4263 ut
3064 4207 3426 4278 ingeniagsua
3454 4207 3514 4278 in
3543 4206 3718 4278 malis
3748 4205 3891 4278 rebus

2249 4281 2539 4349 exerceant
2562 4273 2647 4333 vel
2673 4273 2959 4334 ostentent.
2981 4273 3190 4335 Caelius
3222 4276 3641 4349 Calcagninus,
3665 4276 3728 4330 in
3757 4273 3893 4349 libro

2249 4350 2320 4404 de
2351 4348 2531 4423 libero
2564 4349 2841 4423 Arbitrio,
2875 4366 3008 4423 pag.
3039 4350 3181 4405 396:
3217 4349 3340 4423 Nisi
3366 4346 3768 4423 tantumresset
3782 4346 3890 4419 qui-

2251 4421 2478 4477 busdam
2509 4421 2652 4476 male
2676 4420 2980 4492 auspicans
3025 4422 3266 4491 ingeniis
3307 4420 3680 4491 impudentiae
3711 4422 3773 4473 ut
3800 4432 3891 4473 non

2252 4493 2576 4548 erubescant
2630 4491 2885 4565 explosus
2936 4509 3003 4549 ac
3053 4493 3345 4549 damnatas
3399 4494 3567 4565 etiam
3606 4491 3892 4565 opiniones

2250 4580 2503 4620 revocare
2531 4562 2982 4636 atque'asserere,
3004 4582 3113 4621 non
3144 4580 3336 4636 amore
3362 4563 3593 4636 quidem
3622 4562 3873 4618 veritati:

2250 4636 2342 4691 sed
2370 4634 2680 4691 ostentandi
2708 4636 2920 4708 ingenii
2974 4644 3037 4709 et,
3080 4634 3383 4709 captanda
3419 4649 3581 4709 aur;
3618 4635 3888 4705 pepulere

2252 4709 2461 4779 gratia.
2493 4705 2893 4779 Congruenter
2921 4709 2992 4763 ad
3025 4705 3153 4764 haec
3174 4707 3474 4779 Origenes,
3503 4705 3609 4779 lib.
3642 4723 3663 4760 1
3706 4712 3886 4779 contra

2252 4776 2507 4845 Celsum,
2542 4776 2958 4834 ait'molestam
2992 4795 3113 4834 rem
3162 4776 3303 4835 esse
3331 4776 3774 4834 contentionem
3805 4776 3886 4829 obs

2252 4851 2652 4921 stinatamqne
2664 4849 3024 4906 voluntatem
3036 4849 3343 4907 resistendi
3358 4848 3533 4921 etiam
3546 4846 3887 4921 manifestis.

2255 4922 2478 4992 pudore
2509 4920 2845 4977 discedendi
2873 4938 2905 4976 a
2933 4922 3227 4977 consuetis
3276 4920 3660 4992 opinionibus
3692 4920 3891 4992 quibus

2260 4988 2374 5059 iam
2404 4993 2630 5047 imbuta
2656 4998 2746 5048 est
2773 4992 2992 5059 anima,
3043 5009 3148 5049 nec
3188 4993 3262 5048 ab
3293 4988 3432 5048 ullis
3459 4988 3886 5047 consuetudini-

2299 5081 2368 5139 us
2418 5063 2717 5139 hominem
2773 5063 3298 5139 dii‘ﬁcilius__avel_li
3357 5080 3531 5139 quam
3574 5063 3648 5118 ab
3679 5062 3756 5117 iis
3782 5076 3887 5139 quia

2257 5136 2327 5191 ad
2360 5135 2666 5206 opiniones
2699 5136 3015 5207 pertinent.
3054 5135 3433 5202 Claudianus,
3469 5135 3811 5195 Mamertus,
3840 5135 3886 5207 in

2257 5204 2537 5279 proaimio
2587 5204 2870 5262 librorum
2929 5208 3001 5263 de
3056 5212 3218 5263 statu
3276 5208 3522 5263 animus:
3560 5207 3811 5275 Magnum
3836 5204 3883 5256 is

2254 5294 2447 5350 genere
2486 5279 2729 5334 humano
2782 5279 3085 5334 multorum
3111 5281 3309 5334 vitium
3336 5286 3414 5335 est
3439 5294 3710 5345 arrogans
3740 5279 3885 5350 unpe-

2256 5344 2393 5405 ritia
2421 5354 2474 5404 et
2500 5351 2760 5420 pervicax
2794 5353 2855 5405 in
2900 5350 3253 5423 defendendis
3278 5365 3505 5423 pernm
3553 5344 3886 5423 ῥνωβίίέ

2256 5415 2609 5490 opinionibus
2638 5415 2974 5492 pertinacia:
3021 5415 3287 5493 Angelus
3318 5415 3663 5485 Politianus,
3714 5434 3832 5488 cap.
3858 5415 3885 5467 9

2258 5492 2783 5557 Misccllaneorum,
2817 5493 2997 5548 tradit
3028 5494 3340 5549 Dominum
3394 5492 3765 5550 Calderinum
3798 5502 3883 5557 pro

2258 5565 2549 5620 sententia
2577 5566 2667 5619 cui
2701 5564 2881 5620 semel
2914 5564 3241 5622 adhaeserat
3269 5566 3448 5620 etiam
3481 5570 3684 5620 contra
3703 5574 3879 5617 verum

2258 5642 2664 5694 contumacem
2696 5641 2755 5692 et
2786 5636 3190 5694 refractarium
3221 5636 3425 5693 fuisse.
3459 5636 3667 5693 BALus.
