4098 6178
230 334 380 398 1089
1222 323 1424 394 PARS
1469 322 1516 393 Ι.
1548 363 1628 377 -
1667 324 1907 393 MONU:

1992 329 2169 393 lN'l‘A
2218 322 2624 394 VETERUM.
2851 322 2855 326 ’
3474 329 3632 396 1090

226 485 378 536 nere,
431 483 535 524 nec
591 465 960 539 propositum
1021 481 1194 523 suum
1255 465 1421 522 facile
1469 469 1716 535 mutare,
1768 465 1868 520 sed
1902 465 1958 532 Α
1987 463 2492 521 administratione
2523 463 2839 520 voluntatis
2885 481 3004 520 suae
3035 464 3343 520 arbitrium
3373 464 3627 523 liberum

226 558 381 614 salvo
430 557 582 613 inter
629 556 884 629 collegas
933 556 1090 628 pacis
1141 560 1200 612 et
1246 555 1565 612 concordiae
1617 553 1869 621 vinculo,
1985 554 2392 626 unusquisque
2449 555 2494 590 ⁸³
2543 553 2908 627 przepositus,
2969 553 3254 611 rationem
3313 560 3477 612 actus
3537 557 3631 613 sui

226 648 487 720 quadam
518 647 754 720 propria
784 663 909 719 quae
941 645 1096 718 apud
1127 662 1190 702 se
1221 645 1401 701 semel
1439 645 1560 700 sint
1589 648 1874 716 usurpata
1984 643 2230 698 Domino
2262 643 2622 699 redditurus.

227 738 491 794 retinere.
523 737 648 800 Qua
678 737 736 790 in
770 752 828 790 re
873 751 980 790 nec
1029 751 1135 791 nos
1176 733 1296 790 vim
1326 735 1366 768 ⁸⁸
1420 733 1695 804 cuiquam
1729 731 1872 788 faci-
2055 731 2339 804 Optamus
2369 733 2414 766 3‘
2459 737 2534 798 te,
2587 733 2762 789 frater
2808 732 3171 802 charissime,
3228 751 3458 808 semper
3486 737 3634 792 bene

228 842 356 884 mus
387 830 490 881 aut
518 823 704 896 legem
751 824 984 894 damus,
1017 840 1152 880 cum
1200 822 1412 878 habeat
1439 823 1484 857 ⁸³
1517 823 1576 878 in
1611 820 1875 877 Ecclesiae
1983 820 2194 876 valere.

1111 1066 1264 1106 ANNO
1304 1065 1530 1104 CHRISTI
1569 1064 1750 1118 CCLVI,
1792 1063 2196 1104 PONTIFICATUS
2234 1063 2283 1102 S.
2326 1063 2600 1103 STEPHANI
2645 1065 2731 1103 ῙῘῙ.

969 1175 1530 1234 CARTHAGINENSE
1571 1174 1940 1232 CONCILIUM
1971 1175 2102 1234 SUB
2145 1175 2478 1232 CYPRIANO
2521 1173 2884 1232 SEPTIMUM.

912 1319 982 1357 EX
1016 1318 1229 1358 TRIBUS
1267 1318 1486 1358 AFRICIE
1525 1316 1870 1373 PROVINCIIS,
1911 1317 2054 1364 QUOD
2096 1317 2166 1356 DE
2204 1316 2484 1358 BAPTISMO
2521 1317 2778 1356 TERTIUM
2819 1317 2938 1358 EST.

593 1428 805 1491 (Oxon.,
839 1429 944 1478 158.
987 1426 1184 1489 Belum,
1231 1441 1284 1491 p.
1316 1429 1424 1480 329.
1455 1427 1668 1487 Routh.,
1700 1425 1832 1476 Rell.
1861 1425 1907 1476 SI

2005 1439 2056 1489 p.
2093 1428 2200 1486 101,
2235 1429 2344 1487 io7,
2377 1428 2480 1486 148,
2515 1429 2566 1476 et
2599 1428 2705 1476 m.
2728 1425 2821 1474 Ed.
2855 1425 3015 1489 Lips.,
3051 1439 3100 1489 p.
3134 1427 3262 1489 265.)

1705 1671 2138 1728 PROOEMIUM.

295 1787 436 1844 Cum
467 1787 801 1860 Stephanus
832 1805 984 1861 papa
1012 1804 1080 1844 ea
1105 1805 1231 1860 quae
1263 1789 1620 1860 przecedento
1668 1788 1936 1845 Africano
1977 1787 2220 1844 concilio
2252 1788 2322 1843 de
2372 1786 2723 1860 Baptismate
2771 1787 3174 1846 haereticorum
3223 1793 3441 1847 statuta
3471 1796 3637 1850 erant

225 1895 326 1951 per
354 1877 574 1933 litteras
605 1878 883 1946 redditas,
918 1883 983 1933 ut
1012 1895 1192 1950 supra
1223 1877 1498 1947 diximus,
1534 1878 1923 1950 reprobasset,
1962 1895 2072 1932 non
2105 1882 2414 1932 cunctatus
2456 1881 2545 1932 est
2573 1877 2915 1950 Cyprianus,
2969 1879 3186 1950 majore
3237 1897 3479 1937 numero
3511 1881 3634 1954 epi-

225 1983 534 2039 scOporum
564 1965 910 2039 Carthagine
943 1963 1100 2021 aliud
1132 1964 1444 2026 concilium
1478 1965 1788 2021 celebrare.
1823 1964 2159 2022 Convocatis
2181 1965 2360 2037 igitur
2389 1981 2457 2020 ex
2487 1964 2698 2031 Africa,
2730 1965 3001 2021 Numidia
3033 1972 3090 2022 et
3113 1967 3482 2036 Mauritania,
3513 1971 3633 2043 epi-

223 2057 417 2126 scOpis
448 2071 692 2122 uxxvn,
724 2054 1054 2126 iisdemque
1083 2053 1419 2126 Carthagini
1454 2054 1800 2110 coeuntibus
1839 2053 2116 2109 Kalendis
2161 2053 2544 2125 Septembris,
2578 2070 2730 2110 anno
2759 2054 2886 2120 258,
2920 2053 3026 2110 hoc
3073 2055 3306 2112 tertium
3340 2056 3397 2112 in
3428 2059 3632 2116 eadem

222 2144 504 2216 Baptismi
527 2160 706 2200 causa
730 2143 1043 2200 concilium
1066 2143 1336 2200 celebrat.
1371 2144 1551 2215 Cujus
1573 2143 1762 2211 initio,
1797 2143 2054 2199 recitatis
2077 2142 2213 2198 hinc
2235 2141 2370 2199 inde
2390 2142 2598 2198 litteris
2630 2143 2887 2215 scriptis,
2910 2143 3274 2216 Stephanum
3305 2147 3477 2205 tacito
3504 2149 3632 2219 ejus

221 2233 458 2290 nomine
485 2232 759 2306 suggilat.
792 2237 938 2289 Acta
979 2232 1159 2305 hujus
1193 2231 1423 2288 concilii
1457 2231 1626 2306 plura
1672 2249 1790 2288 non
1821 2235 2050 2288 exstant
2098 2247 2276 2302 quam
2307 2247 2374 2286 ea
2423 2248 2549 2302 quae
2597 2247 2666 2286 ex
2693 2231 2976 2303 Cypriano
3024 2236 3078 2287 et
3109 2233 3167 2288 S.
3207 2235 3538 2306 Augustino
3566 2235 3636 2292 de

217 2325 497 2395 Baptismo
526 2333 718 2380 contra
747 2324 1084 2391 Donatistas,
1108 2322 1209 2379 lib.
1243 2339 1326 2390 in,
1358 2339 1526 2394 capp.
1554 2323 1606 2391 4,
1631 2323 1686 2388 5,
1716 2323 1772 2386 6,
1799 2325 1856 2377 et
1874 2321 1977 2377 lib.
2010 2336 2108 2387 vn,
2133 2337 2260 2393 cap.
2298 2321 2350 2387 1,
2374 2320 2486 2374 huc
2517 2319 2801 2376 translata
2819 2321 3023 2378 1052
3056 2325 3472 2395 sunt,quibus,
3496 2341 3642 2397 prie-

217 2417 308 2468 ter
335 2429 557 2467 Lxxxvu
601 2411 1009 2484 episcoporum
1041 2413 1112 2468 de
1142 2411 1414 2468 nullitate
1443 2410 1822 2483 Baptismatis
1852 2411 1925 2466 ab
1971 2409 2237 2466 heretico
2269 2408 2464 2465 collati
2515 2410 2858 2476 sententias,
2890 2409 3046 2465 aliud
3083 2411 3230 2466 nihil
3278 2413 3633 2484 continetur,

219 2500 433 2554 Earum
463 2500 970 2572 impugnationem
1000 2499 1269 2572 quisquis
1305 2499 1466 2571 petit,
1501 2499 1859 2571 Augustinus
1912 2496 2187 2570 praedicto
2235 2495 2362 2552 loco
2393 2497 2684 2553 consulat.
2735 2500 3027 2554 Canonem
3061 2515 3155 2553 xxx
3200 2499 3414 2557 Niceni
3446 2507 3504 2558 et
3532 2518 3638 2560 vm

219 2588 548 2657 Laodiceni,
583 2588 676 2643 his
702 2587 1107 2660 episcoporum
1139 2587 1544 2644 Africanorum
1578 2587 1884 2643 sententiis
1921 2586 2066 2641 nihil
2120 2585 2472 2658 patrocinari
2506 2586 2654 2641 infra
2698 2587 2936 2657 patebit.
2985 2589 3406 2646 Annotationes
3437 2595 3634 2648 autem

221 2678 292 2732 de
323 2677 690 2749 singulorum
717 2677 1123 2749 episeOporum
1155 2677 1249 2733 hic
1299 2677 1767 2748 subscriptorum
1820 2676 1952 2743 vita,
1988 2675 2177 2746 patria
2225 2679 2282 2730 et
2312 2674 2596 2741 moribus,
2649 2674 2942 2730 Pamelius
2995 2678 3428 2749 suppeditabit;
3466 2680 3637 2752 plura

218 2767 398 2824 etiam
428 2767 712 2824 Baronius
743 2783 895 2823 anno
923 2769 1050 2834 268,
1083 2783 1246 2822 num.
1278 2767 1348 2821 42
1377 2772 1434 2822 et
1464 2765 1866 2837 sequentibus.
1898 2767 2106 2821 Seven.
2141 2765 2370 2820 BINIUS.

293 2909 620 2949 sumemus
683 2908 1081 2948 EPISCOPORUM
1133 2907 1376 2958 Lxxxvu,
1445 2908 1515 2946 ne
1567 2907 1876 2946 HERETICIS
1906 2894 1953 2957 Β
1983 2889 2172 2945 lendis
2214 2888 2572 2960 Septembris
2621 2888 2873 2960 episcopi
2927 2889 3160 2962 plurimi
3212 2909 3280 2947 ex
3335 2893 3634 2963 provincia

858 2980 1243 3018 BAPTIZANDIB.
1984 2978 2177 3034 Africa
2207 2977 2340 3049 (20),
2373 2976 2667 3044 Numidia,
2707 2977 3078 3044 Mauritania,
3113 2995 3244 3034 cum
3281 2981 3634 3055 presbyteris

299 3071 444 3127 Cum
477 3071 536 3126 in
566 3087 750 3126 unum
783 3071 894 3143 (19)
941 3068 1272 3140 Carthagini
1323 3069 1733 3125 convenissent
1763 3073 1874 3124 Ka-
1986 3073 2044 3124 et
2073 3067 2434 3134 diaconibus,
2463 3072 2744 3138 praesente
2765 3066 2939 3123 etiam
2967 3065 3149 3138 plebis
3176 3069 3428 3127 maxima
3445 3077 3632 3144 parte,

1659 3196 1863 3258 Variae
1889 3195 2208 3256 lectiones.

292 3304 336 3339 ⁸⁸
370 3305 555 3370 Quare
576 3304 634 3359 in
659 3319 721 3360 re
741 3320 857 3359 non
887 3303 1005 3359 vim
1027 3305 1247 3360 Hieron.
1324 3301 1371 3336 ⁸⁸
1403 3301 1550 3368 Quia
1569 3300 1780 3358 habeat
1800 3303 2018 3358 Hieron.
2093 3301 2138 3335 ³³
2161 3299 2580 3372 Unusquisque
2602 3299 2704 3354 tibi
2731 3300 2952 3357 Hieron.
3029 3301 3076 3336 “
3101 3304 3246 3374 Opto
3266 3303 3483 3377 Aliquot
3505 3323 3641 3365 mss.

1651 3427 1983 3490 Variorum
2027 3432 2219 3488 notae.

294 3535 410 3606 (19)
444 3536 576 3590 Cum
606 3535 666 3590 in
696 3552 888 3590 unum.
939 3535 1115 3590 Gesta
1159 3533 1339 3606 hujus
1387 3533 1615 3606 concilii
1651 3534 1879 3605 primus
1996 3539 2041 3598 l,
2076 3549 2201 3603 cap.
2243 3549 2345 3606 iv,
2386 3533 2416 3604 §
2458 3533 2512 3606 8,
2568 3549 2621 3604 p.
2677 3531 2822 3606 113.Δ
2849 3531 3234 3606 Verisimilius
3288 3535 3551 3606 dixisset,
3607 3555 3642 3594 a

224 3603 491 3661 omnium
524 3607 707 3683 edidit
736 3607 1016 3683 Erasmus
1047 3623 1181 3661 cum
1214 3603 1396 3661 titulis
1428 3603 1734 3676 gloriaﬁid
1768 3611 1878 3671 est,
1989 3604 2256 3683 Cypriani
2289 3603 2584 3683 librariis“;
2634 3620 2768 3658 nam
2810 3603 2867 3657 in
2918 3605 3472 3683 edit.__Erasmiana,
3506 3603 3633 3683 quas

222 3695 360 3759 eum
398 3679 696 3759 vocabulis
719 3679 1120 3759 cionfessorum
1143 3683 1199 3759 e_t
1221 3683 1568 3759 martyrum,
1592 3694 1717 3748 qua:
1741 3694 1882 3759 prae-

224 3751 508 3821 ﬁxaisunt
538 3749 878 3805 nominibus
899 3749 1290 3821 quorumdam
1309 3748 1738 3821 episcoporum.
1759 3748 1880 3821 Hos

223 3820 429 3876 titulos
459 3824 655 3876 Graeca
681 3822 867 3876 versio
915 3819 1034 3876 non
1067 3820 1261 3891 habet,
1312 3819 1526 3892 neque
1551 3820 1727 3875 editio
1756 3819 1875 3892 Mo-

224 3893 511 3948 relliana:
547 3910 645 3948 eos
672 3909 804 3948 vero
837 3893 980 3948 satis
1012 3898 1237 3948 constat
1267 3909 1379 3947 non
1408 3891 1667 3964 ’scriptos
1697 3891 1879 3964 fuisse

224 3964 288 4019 in
316 3965 520 4036 gestis,
554 3966 654 4020 sed
696 3965 926 4036 additos
977 3969 1197 4036 postea,
1227 3981 1260 4018 a
1289 3963 1551 4036 quodam
1590 3963 1874 4036 studioso.

227 4033 420 4101 Quare
449 4036 615 4091 valde
647 4035 861 4090 mirum
894 4033 1144 4092 est—illos
1177 4033 1354 4090 fuisse
1384 4039 1641 4090 retentos
1673 4033 1732 4088 in
1765 4034 1882 4088 edi-

225 4109 388 4162 tione
437 4107 502 4164 R.
559 4107 618 4162 P.
672 4107 975 4163 Harduini.
1025 4107 1348 4178 Respondit
1399 4115 1594 4161 autem
1641 4111 1880 4160 sanctus

225 4179 603 4249 Augustinus
653 4179 711 4234 in
761 4179 908 4233 libro
957 4183 1116 4233 sexto
1172 4178 1236 4232 de
1284 4179 1563 4248 Baptismo
1612 4178 1877 4233 adversus
1909 4181 1951 4248 C

226 4251 557 4306 Donatistas
587 4251 656 4304 ad
682 4267 749 4305 ea
781 4267 905 4320 qua:
929 4249 1183 4320 episcopi
1207 4252 1263 4304 in
1288 4267 1352 4305 eo
1375 4249 1616 4304 concilio
1641 4265 1880 4320 congre-

270 4320 353 4376 ati
385 4321 705 4378 attulerunt
753 4336 853 4392 pro
901 4321 1302 4376 conﬁrmanda
1349 4321 1622 4389 opinione
1671 4338 1779 4375 sua
1811 4321 1879 4375 de

225 4339 531 4446 gantismo
590 4393 1015 4446 haereticorum.
1088 4392 1325 4446 Viderat
1398 4393 1504 4446 hoc
1564 4392 1878 4446 concilium

277 4394 531 4462 aptismo
590 4393 1015 4447 haereticorum.
1088 4392 1325 4447 Viderat
1398 4393 1504 4448 hoc
1564 4392 1878 4447 concilium

227 4463 591 4518 Humbertus
640 4465 951 4534 episcopus
1007 4463 1185 4534 Sylva:
1235 4465 1524 4535 Candidaa,
1581 4466 1682 4535 qui
1723 4464 1879 4518 lib.I

222 4536 513 4590 adversus
543 4535 924 4602 Simoniacos,
960 4551 1086 4604 cap.
1122 4552 1195 4601 Ix,
1230 4534 1346 4606 ait:
1399 4535 1502 4590 Sed
1531 4543 1582 4590 ει
1602 4534 1880 4606 gloriosus

223 4623 447 4677 martyr
476 4616 528 4661 et
553 4607 806 4677 pontifex
851 4607 1156 4677 Cyprianus
1203 4605 1334 4675 quid
1380 4605 1444 4660 de
1487 4607 1880 4663 llwrclicorum

219 4679 563 4746 Baptismate
617 4679 886 4738 sanxerit,
945 4695 1020 4730 ex
1073 4677 1302 4731 concilio
1369 4677 1546 4742 ipsius
1608 4678 1882 4732 evidenter

218 4751 478 4818 cognosci
504 4752 722 4820 poterit.
768 4748 966 4803 Eadem
1013 4749 1161 4803 enim
1189 4755 1380 4803 contra
1428 4748 1569 4802 illud
1614 4765 1736 4804 cum
1766 4751 1881 4802 suis

218 4822 560 4892 coepiscopis
587 4822 781 4876 sanxit
812 4820 951 4892 quod
979 4828 1029 4892 et
1056 4821 1278 4890 pne/uti
1295 4834 1544 4892 canones
1567 4820 1876 4888 Apostolici.

219 4889 498 4948 Canones
527 4893 684 4947 enim
726 4889 1065 4962 apestolici,
1100 4907 1247 4960 quos
1280 4891 1453 4945 rel'ert
1502 4891 1879 4957 Humbertus,

222 4965 517 5018 damnant
582 4961 982 5018 hareticorum
1044 4961 1360 5032 Baptisma.
1419 4962 1554 5018 Vide
1613 4963 1878 5017 notitiam

222 5034 694 5090 Ecclesiasticam
718 5033 1067 5098 Cabassutii,
1101 5050 1232 5104 pag.
1265 5034 1320 5097 7,
1345 5033 1442 5087 ubi
1467 5034 1585 5104 agit
1613 5036 1682 5088 de
1714 5051 1882 5088 cano-

225 5107 410 5162 nibus
438 5106 869 5178 Apostolorum.
913 5105 1220 5178 BALuzxus.
1251 5135 1321 5178 —~
1347 5104 1441 5158 Ait
1485 5105 1548 5178 in
1576 5106 1881 5160 Annalibus

220 5179 361 5234 suis
407 5176 754 5249 Cyprianicis
803 5176 1190 5232 Pearsonius:
1228 5197 1257 5249 ε(
1291 5176 1591 5249 Sententia
1629 5178 1686 5231 in
1720 5182 1880 5232 tanta

218 5247 465 5322 synodo
485 5247 622 5304 licet
649 5265 786 5304 vera
815 5249 1050 5322 nonsit,
1085 5253 1142 5302 et
1160 5265 1203 5322 _a
1220 5247 1279 5322 S‘.
1315 5248 1881 5322 Augustino‘postea

217 5317 465 5392 propter
496 5321 1125 5392 Donatistasrefutata,
1156 5317 1385 5389 insigne
1413 5317 1619 5376 tamen
1651 5317 1758 5375 h'oc
1790 5324 1880 5375 est

212 5393 572 5448 venerandae
623 5391 990 5460 antiquitatis
1039 5396 1508 5447 monumentum.
1572 5415 1600 5441 ››
1651 5393 1733 5447 Ad
1781 5408 1874 5446 an.

214 5465 350 5528 156,
382 5466 409 5531 §
439 5481 516 5529 ix,
555 5468 684 5519 Hac
717 5469 864 5533 acta,
915 5478 1048 5518 cum
1101 5461 1172 5515 ab
1219 5463 1545 5532 Augustino
1597 5464 1654 5518 in
1685 5462 1786 5517 lib.
1819 5479 1879 5518 v1

1990 3675 2224 3731 Basileae
2256 3692 2408 3730 anno
2442 3676 2580 3730 1520
2610 3691 2822 3729 excusa
2851 3680 2959 3733 est.
2988 3675 3322 3734 indicantur
3362 3675 3482 3736 haec
3513 3675 3643 3738 acta

1989 3763 2123 3802 cum
2155 3747 2345 3818 tribus
2377 3746 2649 3818 Cypriani
2682 3746 2948 3818 epistolis
2971 3763 3039 3802 ex
3069 3750 3316 3806 vetustis
3347 3753 3643 3812 codicibus

1990 3819 2190 3897 addita
2236 3817 2867 3897 fuisse’abJErasmo.
2921 3820 3041 3874 Imo
3083 3819 3493 3897 _in_pl_uribus
3538 3831 3642 3897 Cy-

1990 3889 2178 3962 priani
2211 3889 2628 3962 manusciriptis
2679 3891 2921 3962 inventa
2957 3895 3116 3947 sunt.
3168 3889 3382 3950 Eadem
3425 3889 3644 3953 habent

1990 3961 2226 4018 vetustae
2259 3961 2642 4018 conciliorum
2695 3961 3112 4030 Collectiones;
3147 3969 3204 4018 et
3249 3983 3322 4090 ei:-
3351 3965 3550 4022 Latina
3581 3968 3639 4023 in

3310 4054 3565 4090 ωρυειω.

3310 4054 3565 4110 inguam.

2062 4175 2172 4244 (29)
2205 4176 2497 4251 Prouincia
2531 4176 2762 4251 r.—l/‘ri_ca._
2804 4175 3006 4251 Plinio.
3062 4178 3364 4248 Zeugitana
3393 4182 3558 4251 regio,
3591 4185 3643 4236 et

1989 4262 2108 4318 quae
2134 4249 2363 4317 propria
2395 4250 2612 4301 vocetur
2642 4249 2847 4316 .-l/ricu,
2898 4247 2994 4301 lib.
3031 4264 3082 4312 ν,
3115 4247 3181 4303 ο.
3213 4251 3263 4304 4.
3299 4251 3431 4315 Quae
3453 4247 3640 4306 Vnimi-

1989 4335 2143 4380 rum,
2204 4323 2372 4387 capta
2429 4318 2800 4388 Carthagine,
2862 4318 2918 4372 in
2982 4320 3304 4376 Romanam
3360 4322 3640 4380 ditionem

1992 4389 2179 4467 primo
2214 4395 2570 4467 perveneraﬁt,
2605 4396 2660 4444 et
2689 4389 2748 4443 in
2784 4389 3089 4467 provinciae
3139 4391 3385 4467 formam
3417 4396 3640 4467 redige-

1990 4459 2476 4537 baturgiquazque
2509 4461 2698 4537 Romae
2730 4459 2796 4514 ad
2826 4462 3092 4537 Africum
3121 4463 3380 4533 proxime
3411 4459 3646 4537 adjace-

1989 4532 2111 4586 bat.
2137 4531 2395 4608 _FEI_.LUS.
2419 4563 2487 4608 -ξ
2508 4531 2732 4608 _M_irum
2765 4537 2853 4587 est
2874 4531 3182 4608 Tripolim,
3216 4552 3342 4608 quae
3375 4531 3503 4592 una'
3519 4543 3645 4596 erat

1993 4601 2427 4684 provinciarum.
2453 4604 2878 4684 Africanarum,
2913 4621 3028 4684 non
3065 4601 3250 4662 fuisse
3278 4611 3642 4666 nominatam

1991 4673 2050 4728 in
2083 4674 2191 4753 hoc
2225 4673 2502 4753 concilio,
2536 4692 2668 4753 cum
2721 4675 3063 4753 co‘nstetniu‘
3085 4693 3152 4753 eo
3185 4683 3464 4751 tanquam
3497 4699 3640 4753 prai-

1991 4750 2185 4820 sentes
2218 4745 2505 4800 nominari
2551 4746 2902 4820 Munnulum
2949 4745 3337 4820 Girhitanum,
3379 4745 3642 4810 Natalem

1991 4816 2296 4895 Oeensem,
2336 4817 2675 4895 Pompeium
2711 4819 3145 4895 Sabratensem,
3171 4826 3227 4876 et
3256 4816 3508 4895 Drogum
3544 4826 3646 4881 Le-

1991 4889 2802 4976 p‘timaguensem,’quilcerte
2833 4895 3000 4946 erant
3029 4889 3287 4976 episcopi
3337 4889 3642 4976 provinciae

1990 4959 2727 5036 Tripolitanze,_pr:esertiui
2746 4979 2878 5036 cum
2903 4959 3129 5036 constet
3157 4959 3434 5036 Tripolim
3463 4967 3644 5024 fuisse

1989 5037 2357 5105 numeratam
2390 5033 2540 5105 inter
2570 5033 2898 5105 provincias
2926 5035 3130 5089 Alricze
3164 5036 3221 5090 in
3255 5033 3499 5093 concilio
3531 5040 3644 5095 Ca-

1990 5103 2415 5177 barsussitano.
2476 5103 2778 5177 Bsiuzws.
2828 5135 2898 5146 —
2947 5105 3253 5162 Monuerat
3303 5109 3512 5177 Fellus,
3577 5114 3641 5166 ut

1989 5175 2328 5259 paulonpost
2356 5175 2598 5259 videbis,
2631 5182 2856 5259 septem
2895 5177 3137 5259 quidem
3166 5179 3346 5259 fuisse
3379 5175 3642 5259 partitio-

1990 5263 2094 5300 nes
2123 5246 2326 5301 Africze
2358 5252 2620 5317 respectu
2657 5246 2956 5319 regiminis
2987 5247 3210 5316 civilis;
3238 5251 3338 5305 sed
3374 5246 3489 5308 tres
3520 5258 3643 5310 tan-

1987 5324 2114 5391 tum
2149 5319 2331 5391 fuisse
2351 5319 2776 5374 ecclesiasticas
2801 5336 2868 5374 ex
2889 5319 3100 5391 Synodi
3128 5321 3306 5391 hujus
3329 5323 3496 5379 initio
3528 5325 3642 5381 col-

1988 5388 2289 5465 ligendum
2323 5391 2869 5465 esse._Septen_aria_
2898 5388 3157 5465 quidem,
3193 5388 3355 5463 prius
3387 5397 3640 5465 senaria,

1987 5461 2217 5538 exstitit
2239 5461 2948 5538 provinciarumdivisio;
2983 5463 3080 5538 se_d
3119 5461 3328 5519 iisdem
3362 5461 3642 5538 tempori;

208 5541 273 5590 et
305 5553 380 5590 νη
411 5536 485 5590 De
513 5536 791 5614 Baptisino
839 5532 1034 5614 contra
1082 5533 1395 5614 Dpnatistas
1425 5534 1592 5614 nobis
1639 5551 1877 5614 conser-
1906 5551 1954 5614 Β
1988 5533 2496 5614 δνυξ..8υδαΑί“Γί(Ξᾶι
2529 5532 2846 5614 provincia.
2875 5533 3167 5614 interdum
3220 5532 3641 5614 comprehensa

205 5612 352 5662 vata
397 5603 614 5670 essent,
663 5605 800 5662 inde
849 5605 1068 5660 inserta
1118 5603 1298 5677 fuisse
1347 5606 1621 5677 operibus
1671 5606 1729 5660 S.
1766 5607 1872 5677 Cy-

206 5677 409 5749 priani
440 5679 513 5735 ab
540 5679 880 5734 eorumdem
931 5675 1274 5749 editoribus,
1307 5675 1399 5749 ait
1431 5675 1680 5749 Mathias
1716 5675 1870 5734 Dan-

205 5747 504 5831 henmayr
532 5749 593 5809 in
641 5750 1092 5809 Institutionibus
1139 5747 1276 5808 Hist.
1327 5748 1469 5810 Eccl.
1518 5748 1590 5811 N.
1629 5747 1696 5808 T.
1740 5749 1869 5811 Par.

1985 5603 2138 5659 civili
2168 5602 2388 5658 ratione
2420 5602 2599 5659 fuisse
2630 5603 2884 5673 Tripolis
2924 5604 3174 5668 videtur,
3209 5602 3384 5662 simul
3417 5626 3642 5667 memo-

1982 5675 2127 5761 ratis
2161 5674 2434 5761 Numidia
2464 5680 2521 5732 et
2545 5675 2926 5747 Mauritania,
2950 5692 3079 5751 quae
3100 5676 3238 5736 olim
3262 5679 3370 5735 sub
3399 5684 3640 5761 regibus

1983 5747 2234 5805 inerant.
2268 5746 2492 5806 Roura.
