4098 6178
205 321 338 390 1093

1189 323 1393 385 PARS
1439 317 1488 383 Ι.
1519 353 1594 367 —-
1627 318 2130 386 MONUMENTA
2174 313 2583 387 VETERUM.

3438 320 3592 389 1094

260 459 510 516 Caecilius
541 475 574 514 a
603 456 754 513 Bilta
783 456 896 529 (25)
928 455 1100 512 dixit:
1135 457 1253 530 Ego
1286 473 1471 512 unum
1530 457 1830 529 Baptisma
1859 458 1912 523 Α
1941 457 2220 512 assistant
2251 458 2446 513 dicant
2473 457 2596 512 haec
2627 451 2824 511 omnia
2855 452 3002 512 falsa
3031 473 3158 513 esse
3191 458 3259 512 de
3283 457 3591 516 haereticis.

197 551 251 606 in
289 547 540 605 Ecclesia
590 547 780 604 solum
834 547 977 618 scio,
1029 550 1086 602 et
1133 550 1294 602 extra
1341 545 1660 602 Ecclesiam
1701 545 1832 602 nul-

196 639 327 695 lum.
360 638 464 693 Hic
496 639 606 693 erit
636 637 840 693 1055
891 653 1075 692 unum
1128 636 1227 690 ubi
1282 652 1416 707 spes
1464 653 1600 692 vera
1645 641 1734 692 est
1779 639 1836 690 et

199 729 328 785 ﬁdes
350 732 524 783 certa.
546 727 644 782 Sic
668 725 824 781 enim
857 725 1142 795 scriptum
1184 729 1308 782 est:
1361 726 1475 781 Una
1522 725 1674 795 ﬁdes,
1724 742 1835 780 una

197 833 320 888 spes,
351 833 525 870 unum
555 816 838 886 Baptisma
867 812 1079 884 (Ephes.
1130 831 1204 884 ιν,
1237 814 1312 885 5),
1349 831 1464 869 non
1515 815 1669 886 apud
1721 814 1833 868 hai-

199 905 416 972 reticos,
451 904 551 959 ubi
581 920 715 974 spes
746 901 910 958 nulla
937 906 1026 958 est
1048 907 1105 958 et
1135 902 1279 957 fides
1311 902 1476 972 falsa,
1499 903 1598 957 ubi
1639 903 1838 958 omnia

201 1011 295 1067 per
320 993 688 1050 mendacium
721 995 1026 1064 geruntur,
1078 992 1178 1047 ubi
1221 992 1508 1047 exorcizat
1554 992 1665 1063 ('26)
1722 992 1836 1046 daa-

203 1081 518 1152 moniacus,
552 1085 986 1137 sacramentum
1019 1079 1341 1153 interrogat
1367 1083 1503 1152 (‘27),
1553 1082 1724 1152 cujus
1771 1099 1836 1137 os

201 1177 252 1228 et
275 1172 443 1227 verba
470 1169 1004 1238 cancer-emittunt,
1041 1169 1214 1224 ﬁdem
1263 1170 1363 1224 dat
1416 1168 1689 1238 inﬁdelis,
1745 1187 1834 1226 ve-

200 1261 344 1316 niam
376 1258 723 1315 delictorum
761 1257 969 1314 tribuit
998 1257 1338 1327 sceleratus,
1393 1262 1451 1315 et
1497 1257 1558 1313 in
1603 1259 1837 1314 nomine

199 1349 402 1406 Christi
431 1349 606 1421 tingit
652 1347 1056 1417 antichristus,
1109 1348 1402 1404 benedicit
1430 1365 1464 1404 a
1488 1352 1602 1404 Deo
1657 1349 1836 1404 male-

205 1439 406 1507 dictus,
438 1438 616 1493 vitam
647 1436 953 1509 pollicetur
980 1447 1264 1505 mortuus,
1299 1454 1498 1509 pacem
1519 1439 1619 1493 dat
1646 1437 1837 1508 impa-

197 1529 405 1596 cificus,
458 1531 639 1582 Deum
698 1526 927 1582 invocat
982 1526 1386 1598 blasphemus,
1443 1527 1836 1582 sacerdotium

199 1616 559 1672 administrat
586 1615 888 1687 profanus,
923 1617 1087 1687 ponit
1126 1615 1306 1672 altare
1351 1615 1692 1689 sacrilegus.
1747 1616 1830 1670 Ad

200 1706 312 1760 hac
340 1705 537 1761 omnia
563 1704 787 1760 accedit
816 1709 873 1759 et
919 1704 1067 1760 illud
1127 1705 1371 1774 malum,
1427 1710 1491 1760 ut
1538 1705 1834 1762 antistites

199 1794 400 1852 diaboli
429 1795 684 1850 audeant
712 1793 1140 1851 Eucharistiam
1179 1795 1400 1864 facere;
1441 1800 1543 1850 aut
1590 1796 1690 1867 qui
1719 1795 1834 1850 illis

1945 547 2086 602 Ecce
2117 547 2187 602 ad
2222 546 2420 618 qualia
2451 546 2677 619 cogitur
2707 545 2963 602 Ecclesia
3001 547 3347 615 consentire,
3386 553 3440 604 et
3471 548 3596 605 sine

1944 635 2242 708 Baptismo
2273 653 2339 691 ac
2366 635 2530 691 venia
2562 635 2908 691 delictorum
2955 637 3392 692 communicare
3439 655 3596 694 com-

1945 724 2199 797 pellitur.
2234 725 2418 789 Quam
2452 742 2593 793 rem,
2630 725 2859 788 fratres,
2884 726 3086 796 fugere
3115 741 3180 780 ac
3200 726 3379 781 vitare
3419 727 3595 783 debe-

1944 831 2080 869 mus
2112 819 2167 869 et
2197 832 2230 869 a
2251 819 2408 869 tanto
2431 813 2644 869 scelere
2676 829 2782 868 nos
2807 829 3098 885 separare,
3149 818 3206 869 et
3253 831 3438 886 unum
3488 816 3596 871 Ba-

1944 902 2163 975 ptisma
2191 909 2407 972 tenere,
2432 905 2588 974 quod
2619 903 2727 958 soli
2751 900 3017 958 Ecclesiae
3041 919 3074 958 a
3097 902 3344 960 Domino
3367 921 3600 962 conces-

1946 1008 2080 1047 sum
2111 995 2220 1048 est.

2016 1081 2614 1153 PrimusaMisgirpa
2670 1081 2782 1153 (22)
2839 1080 3025 1136 dixit:
3085 1081 3303 1138 Censeo
3361 1099 3597 1140 omnem

1946 1169 2244 1227 hominem
2279 1172 2349 1227 ab
2384 1171 2584 1227 haeresi
2622 1171 2944 1226 venientem
2984 1170 3421 1241 baptizandum.
3456 1174 3600 1229 Fru-

1947 1263 2071 1316 stra
2099 1260 2257 1316 enim
2289 1259 2407 1314 illic
2438 1264 2606 1332 putat
2636 1277 2697 1314 se
2727 1276 2855 1315 esse
2886 1260 3266 1331 baptizatum,
3300 1279 3436 1317 cum
3481 1279 3600 1319 non

1946 1349 2024 1405 sit
2052 1349 2352 1420 Baptisma
2395 1349 2507 1404 nisi
2563 1349 2623 1402 in
2682 1349 2938 1403 Ecclesia
3001 1365 3184 1404 unum
3244 1355 3302 1406 et
3357 1366 3598 1408 verum:

1946 1437 2085 1508 quia
2113 1442 2170 1492 et
2199 1437 2353 1493 Deus
2390 1455 2563 1502 unus,
2597 1443 2654 1491 et
2687 1437 2830 1490 fides
2879 1454 3018 1504 una,
3071 1444 3127 1492 et
3167 1439 3425 1496 Ecclesia
3476 1458 3594 1498 una

1945 1531 2055 1598 est,
2089 1527 2147 1580 in
2171 1543 2286 1598 qua
2340 1530 2457 1581 stat
2497 1542 2679 1580 unum
2728 1525 3030 1597 Baptisma
3077 1531 3132 1581 et
3182 1529 3484 1597 sanctitas,
3538 1535 3596 1586 et

1946 1620 2170 1671 caetera.
2203 1616 2346 1669 Nam
2379 1632 2506 1686 quas
2539 1614 2680 1670 foris
2723 1618 3066 1670 exercentur
3111 1617 3318 1673 I056
3369 1617 3600 1677 nullum

1945 1706 2166 1760 habent
2195 1703 2406 1759 salutis
2437 1703 2732 1759 effectum.

1632 1897 1959 1959 Variorum
2009 1899 2198 1955 notae.

202 1995 382 2048 brata.
415 1993 628 2068 Notum
661 1997 750 2047 est
779 1991 1227 2068 constantinum
1355 1993 1560 2068 vocari
1587 2008 1850 2068 cominu-
1883 2003 1924 2065 Β
1957 1997 2020 2068 ut
2049 1991 2257 2068 cidjat,_
2291 1990 2442 2068 unde
2499 1989 2626 2068 alii,
2676 1990 2865 2056 cidiat,
2919 1990 3246 2068 RieiLTips.
3292 2024 3362 2034 -—
3406 1996 3491 2051 Ita
3544 1997 3603 2051 in

205 2082 326 2121 nem
360 2066 672 2136 episcopum
703 2064 857 2136 apud
890 2064 1236 2136 Eusebium.
1266 2064 1404 2119 Vide
1443 2064 1710 2119 Gotclerii
1744 2081 1846 2119 no-

196 2143 279 2192 tas
313 2134 719 2208 inepistolam
739 2134 1058 2208 Clementis
1091 2135 1159 2208 ad
1207 2135 1512 2208 Jacobum,
1570 2141 1626 2190 et
1678 2140 1848 2208 Fran-

196 2205 896 2264 ciscumiBernardinum
934 2205 1283 2272 Ferrarium,
1335 2207 1436 2262 lib.
1485 2224 1566 2274 III,
1605 2223 1653 2261 ο.
1688 2209 1737 2274 1,
1785 2207 1852 2261 de

196 2281 428 2348 Antiqua
459 2279 965 2333 Ecclesiasticarum
993 2279 1352 2347 epistolarum
1395 2294 1607 2347 genere.
1645 2279 1847 2332 BALUZ.

198 2382 265 2390 —
299 2349 516 2421 Fellns,
560 2366 734 2421 quem
794 2366 920 2421 ego,
957 2350 1051 2421 hic
1099 2357 1336 2404 secutus
1394 2368 1548 2418 sum,
1609 2354 1850 2404 verbum

201 2438 315 2478 esse
349 2419 639 2476 deleverat
669 2419 853 2490 quod,
876 2419 1133 2475 abfuisse
1162 2437 1196 2474 a
1227 2438 1338 2476 ms.
1390 2421 1684 2476 societatis
1733 2439 1851 2476 suae

198 2491 560 2548 Jesuitarum
593 2491 924 2546 Harduinus
957 2492 1329 2547 Coneiliorum
1359 2494 1545 2548 editor
1567 2497 1850 2562 testatur;

206 2580 394 2636 neque
453 2567 748 2634 comparet
803 2563 959 2617 istud
1007 2579 1151 2636 esse
1224 2565 1378 2635 apud
1458 2566 1850 2636 Augustinum

204 2635 311 2690 lib.
339 2651 380 2689 II
411 2639 602 2689 contra
629 2636 928 2699 Donatist.,
962 2635 1061 2707 ubi
1093 2637 1359 2707 Cypriani
1390 2635 1569 2690 verba
1596 2637 1850 2706 primum

207 2708 598 2779 adducuntur,
635 2722 768 2760 nam
802 2707 999 2761 omnia
1030 2706 1150 2761 haec
1188 2709 1465 2778 synodica
1492 2707 1584 2762 bis
1632 2709 1711 2762 ibi
1752 2726 1852 2779 po-

207 2782 450 2834 nuntur.
496 2776 714 2832 Roum.

277 2849 582 2904 Libertatis
611 2854 668 2920 et
701 2847 1004 2918 potestatis
1037 2864 1154 2902 sua;
1185 2846 1492 2903 arbitrium
1528 2849 1850 2920 proprium.

207 2921 324 2976 Hoc
353 2927 460 2986 est,
497 2928 561 2974 ut
590 2919 671 2974 ait
694 2920 1067 2980 Marshallus,
1091 2922 1189 2989 qui
1207 2928 1400 2974 tamen
1425 2919 1692 2991 pluribus
1715 2938 1852 2976 con-

209 3000 299 3047 tra
326 2991 585 3063 cujusvis
616 2992 870 3062 episcopi
903 2992 961 3045 in
1011 2991 1200 3046 aliena
1245 2991 1464 3063 ditione
1502 2996 1853 3063 potestatem

208 3061 919 3136 argumentatuseratpin
953 3063 1125 3136 rebus
1156 3061 1628 3136 adgdisciplinam
1668 3065 1854 3118 eccle-

207 3133 510 3191 siasticam
543 3133 994 3207 pertinentibus,
1027 3135 1097 3188 de
1127 3134 1342 3204 quibus
1373 3133 1516 3188 nihil
1551 3136 1714 3207 prius
1737 3136 1856 3189 fue-

209 3212 300 3262 rat
329 3207 388 3261 in
422 3205 644 3278 synddo
676 3205 874 3276 aliqua
921 3207 1261 3278 decretum:
1287 3205 1701 3262 Verumtamen
1751 3207 1854 3262 ali-

208 3295 387 3350 quam
419 3276 476 3332 in
537 3278 630 3350 his
690 3293 920 3348 quoque
977 3277 1151 3331 rebus
1206 3276 1529 3350 libertatem
1591 3279 1852 3333 relictum

210 3349 395 3430 fuisse
429 3349 696 3430 suspicor
726 3350 900 3404 etiam
934 3355 1064 3430 post
1092 3349 1380 3430 synodum
1417 3355 1733 3430 peractam.
1757 3352 1855 3430 ju-

213 3421 368 3476 dicio
399 3411 868 3491 uniuscujusque
899 3411 1176 3492 episcopi.
1212 3420 1294 3474 Ita
1318 3419 1376 3474 in
1407 3411 1564 3492 epist.
1600 3422 1669 3476 ad
1699 3411 1856 3475 Αῆιο·
1888 3411 1929 3436 ’³

209 3496 466 3554 nianum,
501 3509 556 3561 p.
588 3493 677 3553 72,
713 3492 832 3545 haec
879 3491 1073 3561 posuit
1130 3491 1486 3563 Cyprianus:
1530 3495 1594 3546 Et
1643 3493 1856 3563 quidem

209 3565 367 3633 apud
395 3574 756 3618 antecessores
784 3565 992 3617 nostros
1030 3562 1256 3632 quidam
1293 3563 1358 3617 de
1403 3562 1686 3634 episcopis,
1738 3566 1863 3618 istic

213 3641 274 3689 in
303 3637 602 3706 pro-vincia
630 3643 820 3689 nostra
849 3635 1088 3687 dandam
1112 3651 1299 3704 pacem
1325 3637 1549 3690 moechis
1594 3651 1706 3689 non
1751 3652 1860 3705 pu-

213 3705 492 3770 taverunt,
527 3715 577 3761 et
606 3709 665 3760 in
694 3709 864 3760 totum
891 3708 1224 3774 paenitentiae
1250 3707 1427 3760 locum
1463 3715 1656 3762 contra
1707 3705 1863 3760 adul-

212 3785 364 3833 teros
401 3779 740 3831 clauserunt.
799 3776 915 3830 Non
971 3778 1151 3830 tamen
1184 3794 1225 3831 α
1252 3779 1690 3848 coepisc0porum
1738 3792 1865 3832 suo-

212 3867 343 3903 rum
399 3849 628 3916 collegio
685 3857 1038 3909 recesserunt,
1095 3856 1189 3901 aut
1252 3850 1538 3903 catholicae
1613 3850 1865 3903 Ecclesia

211 3923 493 3976 unitatem
523 3921 605 3974 vel
632 3919 854 3974 duritiae
900 3919 985 3973 vel
1042 3933 1290 3974 censura
1349 3936 1460 3973 suae
1509 3920 1869 3975 obstinatione

213 3998 488 4061 ruperunt
509 4008 528 4051 ;
549 4001 610 4045 ut
639 3994 771 4061 quia
800 3991 946 4057 apud
977 3992 1115 4044 alios
1144 3991 1412 4044 adulteris
1453 4007 1568 4060 pax
1613 3991 1867 4056 dabatur,

211 4065 314 4134 qui
373 4077 480 4116 non
529 4061 693 4116 dabat
750 4063 814 4116 de
866 4063 1104 4116 Ecclesia
1167 4067 1538 4131 separaretur.
1615 4066 1871 4117 Manente

206 4134 527 4189 concordiae
558 4134 774 4188 vinculo
804 4140 854 4186 et
885 4139 1278 4198 perseverante
1304 4134 1588 4188 catholicae
1619 4135 1872 4188 Ecclesia":

207 4206 504 4260 individuo
533 4215 887 4272 sacramento,
921 4213 1102 4257 actum
1130 4219 1291 4257 suum
1346 4205 1586 4274 disponit
1631 4214 1682 4258 et
1731 4205 1870 4258 diri-

205 4279 294 4347 git
355 4278 725 4347 unusquisque
787 4277 1063 4347 episwpus
1120 4277 1394 4329 rationem
1447 4277 1711 4345 proliosili
1784 4277 1874 4329 sui

215 4349 452 4402 Domino
482 4346 814 4399 redditurus.
874 4346 1083 4400 Conl'er
1135 4362 1270 4400 vero
1328 4349 1592 4417 egregias
1651 4347 1873 4400 litteras

220 4418 379 4472 Petri
401 4416 688 4488 Cunning
716 4417 972 4487 episcopi
1001 4417 1250 4472 Eliensis
1281 4418 1348 4471 ad
1369 4416 1741 4472 ’Sheldonum
1778 4435 1874 4471 ar-

207 4487 1166 4558 chiepiscOpum’Cantuariensem
1199 4489 1270 4543 de
1300 4489 1430 4543 istis
1477 4490 1534 4543 in
1582 4488 1690 4542 hoc
1738 4505 1873 4542 con-

209 4560 359 4616 cilio
388 4560 656 4630 Cypriani
690 4561 895 4628 VPI‘blS,
930 4560 1178 4630 aliisque
1202 4560 1345 4613 locis
1376 4559 1693 4625 similibus,
1728 4577 1875 4630 quos

211 4634 295 4687 ad
332 4631 490 4685 solos
546 4632 850 4702 episcopos
911 4632 1109 4685 alienas
1167 4631 1408 4685 ditionis
1456 4630 1742 4700 pertinere
1793 4633 1878 4684 vir

209 4703 612 4759 doctissimus
637 4704 860 4756 statuit.
899 4703 1074 4756 Editus
1105 4710 1246 4756 sunt
1273 4703 1332 4756 in
1369 4702 1707 4756 Biblidlheca
1739 4704 1876 4756 litte-

206 4776 404 4842 raria,
430 4791 590 4828 num.
618 4791 695 4841 x1,
729 4791 852 4842 quis
881 4775 952 4826 cl.
987 4773 1128 4826 viris
1165 4774 1373 4828 .lebbio
1405 4779 1459 4827 et
1495 4775 1721 4827 Wassio
1770 4775 1873 4826 ad-

207 4847 579 4916 scriptaiest.
617 4845 682 4898 Et
711 4846 1059 4899 conveniens
1090 4846 1226 4898 hUIC
1271 4851 1360 4899 est
1411 4845 1722 4899 verborum
1771 4849 1875 4916 Cy-

212 4915 419 4988 priani
450 4915 874 4988 interpretatio,
929 4917 1098 4985 cujus
1150 4921 1352 4971 auctor
1397 4921 1485 4970 est
1515 4917 1568 4969 S.
1604 4915 1874 4985 Augusti-

214 4986 410 5042 nus...
449 5003 462 5039 :
501 4988 689 5058 Utique
747 4990 807 5042 in
856 4986 941 5040 his
989 4989 1406 5056 quaestionibus,
1466 5003 1584 5057 quae
1639 4988 1882 5040 nondum

207 5059 636 5130 ctiquatissima
663 5063 1054 5130 perspeclione,
1087 5059 1339 5112 discussa:
1391 5063 1534 5122 sunt,
1588 5058 1687 5112 lib.
1724 5074 1786 5111 ιιι
1814 5059 1882 5130 de

214 5133 411 5196 Bapt.,
446 5145 494 5184 c.
527 5132 579 5196 3,
611 5130 796 5199 donec,
826 5135 890 5183 ut
922 5129 1060 5183 alibi
1091 5132 1453 5200 Augustinus
1481 5130 1726 5197 dixerat,
1759 5129 1880 5199 ple-

203 5203 394 5256 ‘nario
415 5203 581 5256 totius
611 5201 764 5254 orbis
799 5201 1049 5264 consilio,
1079 5201 1223 5270 quod
1277 5202 1640 5255 saluberrime
1685 5203 1880 5256 sentie-

210 5275 392 5329 batur
410 5274 577 5328 eliam
598 5273 823 5327 remotis
842 5273 1184 5327 dubitatione
1216 5273 1557 5341 ﬁrmaretur.
1588 5277 1805 5328 ltou'rn.

296 5345 416 5413 (25)
447 5344 706 5400 Caecilius
735 5361 769 5397 a
799 5345 962 5398 Bilta.
997 5343 1162 5397 Hunc
1209 5345 1479 5398 eumdem
1530 5358 1657 5398 esse
1707 5349 1882 5413 atque

206 5415 529 5486 Otacilium
565 5415 751 5484 illum,
785 5417 854 5470 ad
888 5430 1063 5486 quem
1107 5413 1288 5468 mittit
1319 5416 1652 5469 Tractatum
1705 5431 1880 5469 suum

205 5490 291 5542 de
329 5484 492 5539 Coena
526 5488 749 5540 Domini
777 5484 1124 5556 Cyprianus,
1148 5487 1377 5556 judicat
1405 5486 1649 5551 Ceillier,
1684 5486 1744 5540 in
1771 5488 1885 5540 His—

203 5559 372 5613 toire
401 5558 655 5628 generale
682 5558 772 5612 des
799 5561 1030 5612 Auteurs
1057 5557 1242 5612 saere’s
1266 5562 1316 5613 et
1357 5559 1568 5624 eccle's.,
1619 5557 1730 5612 vol.
1784 5557 1882 5625 III,

213 5645 276 5684 ο.
311 5630 410 5688 31,
435 5630 463 5701 Ξ
490 5631 543 5701 7,
578 5645 631 5697 p.
659 5629 784 5683 570.
821 5629 1038 5683 Rou'rH.

328 5699 772 5771 26)'Exorciz.at.
807 5704 870 5754 In
904 5701 1074 5755 codd.
1107 5699 1423 5756 Veronensi
1456 5706 1513 5756 et
1559 5700 1690 5771 Fox.
1731 5715 1887 5756 exor-

212 5770 428 5848 cidiat,
487 5771 644 5852 quod
675 5787 744 5832 ex
771 5771 978 5832 vitiosa
1005 5772 1482 5856 pronuntiatione
1519 5770 1698 5850 venit,
1730 5773 1887 5831 σέλαι

1961 2061 2364 2135 Coinmodiani
2395 2065 2676 2135 histruel.,
2708 2078 2952 2135 numero
2983 2065 3051 2116 37
3101 2065 3170 2117 ad
3224 2081 3281 2135 p.
3333 2068 3456 2134 230,
3512 2070 3603 2124 ed.

1960 2133 2150 2211 Davis.
2190 2133 2410 2211 titulus
2435 2137 2541 2211 est,
2577 2134 2682 2211 Qui
2701 2133 3041 2211 jndaeidiunt
3093 2133 3330 2211 fanatici
3371 2133 3484 2211 pro
3510 2142 3608 2211 ju-

1959 2204 2320 2272 dazzant,ubi
2355 2203 2446 2258 hic
2479 2203 2747 2275 Cypriani
2796 2203 2957 2259 locus
3014 2203 3145 2260 cum
3189 2203 3606 2267 Commodiano

1961 2278 2270 2331 confertur.
2309 2275 2527 2329 Rourn.
2645 2347 2648 2348 ν
3534 2343 3538 2348 η

2032 2349 2144 2418 (26)
2176 2349 2590 2418 Sacramentum
2630 2347 2952 2416 interrogat.
3006 2349 3250 2403 Additur
3281 2366 3386 2404 vox
3427 2354 3609 2406 sacri-

1963 2417 2112 2486 legus
2134 2419 2191 2472 in
2216 2419 2356 2472 edit.
2391 2417 2628 2485 Baluzii,
2654 2422 2898 2472 fortasse
2924 2435 2993 2471 ex
3034 2437 3176 2475 mss.
3217 2422 3610 2480 nescientibus

1964 2496 2158 2545 tamen
2190 2489 2536 2544 vocabulum
2565 2490 2754 2553 editis,
2786 2489 2845 2543 ni
2878 2489 3065 2559 fallor,
3100 2493 3395 2560 omnibus,
3427 2495 3609 2549 Intern

1960 2562 2271 2636 pretatione
2304 2563 2657 2636 que__Grzec_a
2713 2564 2768 2636 et
2819 2562 3144 2636 Augustino.
3208 2563 3396 2636 Delevi
3456 2582 3607 2636 eam,

1962 2631 2095 2688 cum
2131 2631 2274 2686 mihi
2323 2631 2560 2703 quidem
2610 2631 2765 2684 haud
2817 2632 3068 2703 placeret
3108 2635 3351 2705 repetita
3399 2653 3504 2691 vox
3549 2631 3607 2692 in

1964 2706 2159 2778 statim
2200 2711 2330 2774 post
2389 2704 2795 2778 sequentibus,
2847 2707 3000 2778 ponit
3055 2704 3240 2778 altare
3290 2710 3607 2778 sacrilegus.

1964 2773 2324 2830 Servandum
2358 2781 2552 2829 autem
2597 2773 2653 2847 id
2687 2776 2909 2842 censui,
2969 2777 3120 2845 quod
3183 2778 3356 2847 paulo
3414 2773 3546 2834 ante
3576 2797 3611 2835 a

1965 2847 2193 2919 Baluzio
2226 2848 2282 2899 in
2312 2850 2467 2900 textu
2523 2845 2776 2916 positum
2819 2855 2908 2900 est
2958 2845 3228 2913 geruntur
3282 2865 3382 2919 pro
3429 2851 3606 2905 veteri

1962 2918 2206 2992 lectione
2236 2921 2496 2992 aguntur,
2515 2924 2577 2992 et
2609 2933 2737 2970 mox
2788 2919 2858 2970 ad
2893 2919 3067 2972 finem
3121 2918 3299 2989 hujus
3349 2922 3608 2992 suffragii

1960 2991 2187 3044 Domino
2221 3007 2320 3058 pro
2352 2990 2475 3043 Deo.
2513 2989 2733 3042 l'tou'rn.

2036 3062 2144 3131 (28)
2177 3062 2393 3134 Primus
2423 3077 2453 3114 α
2486 3060 2791 3134 .llisgirpu.”
2820 3058 3356 3134 Ui‘bsLZt-ugitanaz.
3414 3067 3613 3134 Augu-

1964 3130 2155 3186 stinus
2188 3132 2380 3205 habet,
2413 3133 2631 3205 primus
2677 3130 2833 3184 Felix
2861 3146 2900 3182 α
2931 3130 3219 3205 Misgirpa.
3281 3133 3460 3205 quue
3511 3130 3615 3191 no-

1964 3221 2098 3258 men
2131 3204 2367 3274 saepius,
2401 3209 2457 3257 et
2487 3203 2791 3274 designato
2825 3203 3056 3274 repetit.
3120 3209 3262 3258 Cum
3295 3203 3424 3260 vero
3475 3222 3613 3262 con-

1966 3279 2077 3331 stet
2127 3272 2324 3345 plures
2358 3273 2449 3328 hic
2499 3272 2777 3343 subSequi
2826 3272 3080 3340 Felices;
3130 3281 3185 3329 et
3234 3276 3494 3332 solemne
3542 3278 3620 3333 sit

1968 3346 2233 3419 ejusdem
2266 3345 2523 3419 nominis
2552 3346 2882 3419 episcopes,
2913 3345 3159 3419 adjecta
3178 3345 3375 3419 aliqua
3422 3353 3622 3404 notata

1971 3414 2210 3492 reliquis
2254 3414 2660 3492 distinguere:
2722 3414 2925 3492 subest
2973 3414 3091 3492 non
3145 3414 3294 3492 levis
3341 3421 3618 3492 suspicio,

1968 3488 2135 3543 illum
2169 3489 2264 3558 qui
2300 3489 2403 3543 hoc
2438 3487 2562 3543 loco
2593 3489 2952 3544 sententiam
2988 3488 3124 3542 tulit
3154 3489 3398 3546 Felicem
3442 3487 3622 3547 fuisse

1971 3561 2349 3634 appellatum,
2381 3565 2437 3634 et
2458 3563 2607 3634 quia
2638 3567 2771 3634 ante
2801 3561 3059 3634 reliquos
3087 3561 3330 3634 dixerat,
3363 3563 3619 3634 primum

1971 3633 2183 3701 vocari,
2217 3637 2282 3685 ut
2314 3649 2344 3704 a
2377 3631 2562 3686 Felice
2613 3649 2644 3685 a
2680 3632 2871 3702 Bagai,
2909 3633 3021 3685 alio
3058 3633 3235 3686 Felice
3271 3637 3340 3689 ab
3364 3631 3618 3704 'Uthina,

1975 3721 2007 3758 a
2038 3702 2349 3769 Marozani,
2379 3719 2411 3776 a
2443 3703 2802 3767 Buslacenis,
2837 3709 2906 3776 et
2937 3721 2969 3757 a
3025 3705 3371 3776 Gurgitibus
3415 3702 3625 3761 distin-

1975 3779 2252 3846 gueretur
2277 3791 2289 3840 ;
2313 3779 2368 3827 et
2391 3775 2489 3843 ita,
2519 3777 2680 3846 lapsu
2734 3775 2880 3829 satis
2917 3775 3178 3845 proclivi,
3207 3779 3379 3846 primi
3423 3795 3624 3833 vocem

1977 3845 2100 3916 quis
2121 3861 2431 3899 numerum
2457 3845 2826 3900 solummodo
2842 3845 3346 3916 designabat,vero
3371 3851 3625 3915 nomine,

1976 3923 2258 3986 tanquam
2302 3933 2747 3987 supervacaneo,
2798 3918 3014 3972 omisso
3063 3918 3121 3971 in
3171 3934 3384 3974 nomen
3433 3926 3624 3975 trans-

1978 3990 2135 4061 iisse.
2169 3988 2650 4061 Civitatisbujus
2699 3988 3352 4061 episc0piimentionem
3404 3993 3628 4046 faciunt

1980 4060 2131 4114 inter
2160 4059 2304 4113 alios
2337 4058 2544 4115 Collat.
2580 4058 2850 4130 Carthag.
2887 4058 2940 4114 et
2969 4059 3116 4114 Vict.
3150 4059 3263 4116 Vit.
3299 4062 3474 4116 Porro
3526 4079 3626 4117 no—

1980 4132 2245 4193 tandum,
2285 4131 2338 4183 in
2363 4131 2550 4186 Africa
2581 4133 2879 4199 Primates,
2917 4149 3026 4184 non
3061 4133 3132 4185 ab
3155 4133 3389 4187 urbium
3417 4133 3627 4205 opibus

1981 4209 2077 4256 aut
2112 4205 2484 4273 prmmgativa
2514 4206 2607 4257 sed
2637 4207 2934 4257 secundum
2984 4208 3193 4273 tempus
3241 4221 3352 4258 suae
3400 4207 3627 4259 ordina-

1982 4276 2165 4339 tionis,
2203 4282 2265 4327 ut
2309 4277 2510 4328 Leonis
2561 4274 2628 4328 1X
2682 4277 2872 4327 verbis
2921 4281 3070 4330 utar.
3113 4277 3333 4329 censeri
3386 4276 3628 4332 solitos:

1984 4351 2154 4414 atque
2185 4345 2312 4398 ideo
2340 4362 2496 4399 senes
2526 4346 2990 4416 appellabantur.
3050 4350 3293 4417 Insuper
3329 4347 3387 4401 in
3420 4347 3628 4402 suifraé-

1984 4419 2096 4490 giis
2127 4416 2378 4490 ferendis
2411 4418 2460 4469 is
2491 4418 2598 4469 l'uit
2630 4433 2757 4490 mos
2789 4425 3120 4490 perpetuus,
3155 4416 3219 4470 ut
3251 4419 3285 4470 ii
3322 4419 3420 4488 qui
3455 4419 3631 4490 primi

1985 4489 2053 4541 ad
2076 4487 2483 4558 episcopatum,
2503 4487 2771 4558 promoti,
2808 4494 2940 4542 ante
2971 4488 3116 4542 alios
3150 4487 3505 4545 sententiam
3546 4491 3631 4544 di-

1985 4557 2196 4633 cerent.
2233 4557 2426 4633 Quare
2451 4557 2581 4612 illos
2613 4557 2838 4633 quiAhic
2887 4559 3151 4633 ordinem
3205 4561 3448 4627 ducunt,
3501 4578 3631 4633 pro-

1984 4630 2308 4715 vincierum
2345 4630 2620 4712 primates
2653 4630 3150 4715 l'uissenexistimo.
3211 4633 3442 4706 Septem
3497 4630 3633 4715 qui-

1986 4701 2376 4777 dem‘fuerun‘t
2407 4702 2749 4771 partitiones
2779 4703 3001 4777 Africae,
3033 4701 3305 4774 respectu
3329 4701 3635 4777 regiminis

1987 4771 2206 4826 civilis:
2254 4773 2352 4826 sed
2400 4777 2518 4825 tres
2569 4778 2798 4826 tantum
2856 4775 3032 4827 fuisse
3079 4771 3524 4839 ecclesiastiEas,
3565 4792 3635 4830 ex

1987 4843 2191 4914 synodi
2225 4843 2400 4912 hujus
2430 4843 2595 4916 initio
2628 4846 2799 4898 datur
2828 4845 3094 4916 intelligi.
3129 4847 3367 4903 FELLUS.
3404 4880 3470 4887 ——
3503 4848 3630 4902 Vid.

1995 4931 2192 4984 supra,
2229 4916 2441 4984 p.151.
2488 4914 2796 4970 Notaverat
2845 4921 2979 4970 ante
3026 4914 3339 4978 Pamelius,
3390 4941 3416 4965 ‹‹
3450 4918 3635 4971 Omisi

1991 5001 2267 5058 cum_ms.
2328 4991 2384 5038 et
2424 4988 2695 5058 Manutio
2744 4989 2894 5058 quod
2977 4989 3433 5044 interserebatnr
3485 4989 3637 5042 Felix

1991 5063 2113 5130 tum
2146 5056 2202 5109 in
2238 5057 2467 5111 excusis
2499 5063 2621 5111 tum
2654 5056 2806 5130 apud
2843 5059 2908 5112 D.
2942 5061 3358 5130 Augustinum,
3393 5076 3456 5112 (ιο
3481 5060 3635 5130 quod

1991 5127 2214 5214 primus
2245 5129 2554 5210 epiSCOpns
2581 5127 2754 5213 supra
2787 5135 2950 5214 tonio
2979 5127 3167 5214 primo
3199 5127 3638 5214 cum'aliis'ep‘i:

1993 5200 2204 5254 stolam
2231 5217 2399 5254 vam
2430 5200 2749 5272 scripserit.
2789 5223 2815 5250 »
2852 5200 3109 5272 Epis’tola
3141 5203 3259 5257 haec
3291 5207 3377 5257 est
3410 5200 3638 5256 concilii

1993 5287 2265 5344 superius
2297 5273 2585 5326 numerati
2638 5273 3033 5328 1v.Scribitur
3091 5273 3229 5328 urbs
3288 5275 3527 5344 Migirpa
3577 5275 3636 5328 in

1991 5343 2122 5398 edd.
2177 5343 2412 5410 Erasmi,
2477 5347 2836 5414 Manutiique,
2899 5345 3200 5412 Augustino
3263 5352 3320 5398 et
3364 5343 3640 5399 iconciliis

1992 5414 2174 5479 editis,
2207 5421 2264 5469 et
2296 5413 2528 5486 rectius,
2563 5432 2695 5469 nam
2727 5413 2976 5486 Migirpa
3006 5431 3135 5469 cum
3172 5417 3226 5468 in
3261 5417 3467 5470 Noti/ia
3511 5421 3637 5471 tum

1995 5487 2054 5540 in
2091 5485 2290 5559 Collat.
2345 5485 3002 5559 Carthag.__r_nemorata,
3046 5487 3104 5559 in
3158 5488 3452 5557 provincia
3507 5505 3637 5559 pro-

1994 5557 2286 5629 consulari
2338 5557 2450 5629 sita
2481 5563 2586 5610 est.
2612 5557 2740 5610 Vid.
2779 5557 3003 5628 Dupinii
3049 5558 3372 5629 Geograph.
3410 5557 3638 5615 sacram

1992 5629 2192 5684 Africa:
2233 5627 2286 5682 S.
2322 5628 2509 5699 Optato
2539 5630 2830 5698 praeﬁxam
2869 5627 2922 5699 p.
2969 5629 3058 5683 32.
3121 5627 3236 5682 Β]ιεὶ
3279 5627 3448 5685 notat
3496 5635 3640 5689 Har-

1994 5701 2213 5757 duinus
2245 5699 2354 5770 legi
2388 5698 2446 5754 in
2480 5715 2591 5756 ms.
2623 5716 2733 5758 suo
2762 5698 3034 5779 Miscirpa.
3071 5700 3290 5758 Reum.
