4098 6178
561 329 716 397 1095

1607 322 1704 388 DE
1751 331 2342 394 HERETICORUM
2394 325 2921 393 BAPTISMATE.

3745 347 3860 408 1096

629 466 984 537 Polycarpus
1014 462 1087 516 ab
1117 456 1432 516 Adrumeto
1461 462 1574 529 (29)
1606 462 1782 517 dixit:
1816 463 1920 526 Qui
1971 464 2198 519 haereti-
2227 471 2282 535 Α
2312 465 2509 535 Neque
2529 465 2684 519 enim
2712 465 2966 536 Spiritus
2985 465 3111 518 sine
3156 483 3306 536 aqua
3346 471 3551 538 cperari
3581 482 3757 542 potest,
3784 494 3862 532 ne-

560 569 760 611 corum
795 550 1096 623 Baptisms
1126 549 1377 622 probant
1407 554 1673 605 nostrum
1705 557 2010 608 evacuant.

630 643 888 699 Novatus
945 656 978 694 a
1032 639 1410 711 Thamugade
1467 639 1640 694 dixit:
1705 641 1864 696 Licet
1947 641 2207 697 sciamus

559 749 764 789 omnes
787 729 1118 801 Scripturas
1141 727 1543 782 testimonium
1593 729 1830 784 reddere
1869 730 1979 799 (30)
2013 730 2082 784 de
2113 747 2207 784 sa-

557 821 731 878 lutari
764 819 1083 891 Baptismo,
1109 817 1391 872 debemus
1414 821 1608 872 tamen
1631 817 1803 873 iidem
1833 822 2092 874 nostram
2112 835 2207 874 ex-

561 915 833 985 primere,
876 906 1176 963 haereticos
1223 911 1281 961 et
1325 905 1733 962 schismaticos
1776 908 1846 962 ad
1890 907 2207 964 Ecclesium

560 1001 880 1064 venientes,
931 995 1028 1068 qui
1088 995 1587 1067 pseudobaptizati
1636 995 1928 1068 videntur,
1997 998 2208 1053 debere

566 1107 664 1147 eos
696 1090 751 1142 in
777 1088 934 1142 fonte
964 1084 1200 1158 perenni
1233 1083 1539 1155 baptizari,
1590 1089 1646 1140 et
1694 1086 1822 1142 ideo
1881 1087 2208 1142 secundum

560 1178 961 1236 testimonium
992 1174 1421 1246 Scripturarum
1463 1178 1520 1229 et
1552 1176 1876 1230 secundum
1910 1177 2208 1232 decretum

561 1267 914 1338 collegarum
943 1268 1276 1319 nostrorum
1310 1263 1696 1318 sanctissima;
1730 1264 2022 1320 memoriae
2055 1265 2210 1319 viro-

561 1373 715 1424 rum,
749 1369 952 1412 omnes
984 1353 1392 1407 schismaticos
1424 1355 1481 1407 et
1509 1351 1811 1410 haereticos
1843 1355 1940 1425 qui
1972 1355 2043 1410 ad
2104 1355 2211 1408 Ec-

562 1446 800 1503 clesiam
823 1440 1086 1498 conversi
1120 1444 1258 1496 sunt
1287 1440 1590 1512 baptizari,
1624 1443 1724 1496 sed
1756 1446 1812 1496 et
1840 1457 1940 1498 eos
1972 1443 2071 1513 qui
2114 1459 2211 1498 or-

561 1535 746 1592 dinati
777 1532 1143 1596 videbantur,
1178 1530 1328 1585 inter
1357 1529 1534 1585 laicos
1566 1529 1741 1603 recipi
1774 1531 1909 1602 (31).

632 1622 1018 1681 Nemesianus
1066 1637 1098 1675 a
1128 1619 1434 1675 Thubunis
1482 1619 1658 1675 dixit:
1711 1620 2008 1692 Baptisms
2055 1621 2210 1692 quod

562 1717 703 1771 dant
731 1709 985 1767 haeretici
1017 1713 1073 1764 et
1104 1708 1459 1764 schismatici
1494 1725 1608 1764 non
1650 1725 1778 1765 esse
1829 1725 2028 1765 verum
2082 1709 2212 1765 ubi-

563 1820 674 1877 que
702 1803 761 1858 in
792 1798 1112 1872 Scripturis
1138 1797 1358 1853 sanctis
1390 1797 1746 1853 declaratum
1779 1803 1904 1854 est:
1939 1799 2210 1870 quoniam

565 1893 676 1967 ipsi
711 1889 1000 1964 praepositi
1033 1903 1236 1943 eorum
1270 1885 1398 1942 falsi
1433 1887 1632 1942 christi
1667 1888 1780 1958 (32)
1813 1893 1952 1943 sunt
1981 1892 2038 1943 et
2081 1887 2212 1944 falsi

563 1980 880 2056 prophetae,
924 1976 1149 2032 dicente
1197 1975 1442 2030 Domino
1493 1991 1595 2046 per
1642 1975 2049 2032 Salomonem:
2100 1977 2216 2046 Qui

563 2072 737 2144 ﬁdens
766 2077 842 2125 est
872 2069 931 2122 in
960 2066 1120 2136 falsis
1151 2065 1284 2137 (33),
1317 2065 1405 2120 hic
1437 2064 1616 2136 pascit
1663 2071 1870 2135 ventos,
1920 2066 2062 2120 idem
2111 2082 2212 2121 au-

566 2167 671 2216 tem
698 2161 810 2230 ipse
856 2156 1104 2226 sequitur
1147 2169 1275 2208 aves
1320 2154 1582 2209 volantes.
1633 2155 1838 2209 Deserit
1894 2158 2042 2209 enim
2094 2157 2214 2210 vias

566 2253 746 2305 vinea?
769 2261 904 2303 suae.
939 2262 979 2300 a
1009 2243 1218 2298 semitis
1248 2258 1370 2297 vero
1400 2241 1573 2312 agelli
1601 2244 1692 2297 sui
1746 2246 1972 2299 erravit.
2021 2245 2213 2314 Ingre-

565 2339 719 2393 ditur
746 2339 929 2390 autem
957 2349 1054 2404 per
1090 2333 1218 2387 avia
1249 2331 1364 2385 loca
1396 2335 1557 2402 atque
1584 2331 1740 2386 arida
1789 2335 1838 2387 et
1866 2337 2071 2387 terram
2123 2333 2214 2389 de-

566 2428 831 2482 stinatam
862 2425 921 2477 in
949 2423 1127 2490 sitim,
1169 2419 1443 2476 contrahit
1489 2429 1674 2474 autem
1717 2422 1975 2475 manibus
2025 2421 2213 2494 infru-

575 2519 761 2571 ctuosa
793 2514 974 2584 (Prov.
1008 2527 1086 2580 1x,
1121 2511 1206 2575 12,
1244 2509 1328 2575 18,
1362 2525 1467 2563 sec.
1501 2508 1689 2576 LXX).
1725 2510 1793 2564 Et
1844 2510 2054 2564 iterum
2082 2527 2094 2564 :
2140 2511 2214 2565 At;

569 2621 710 2675 aqua
741 2603 926 2658 aliena
956 2600 1171 2654 abstine
1201 2602 1272 2664 te,
1305 2601 1355 2652 et
1385 2598 1450 2653 de
1501 2600 1653 2668 fonte
1697 2607 1960 2654 extraneo
1989 2599 2102 2670 (24)
2145 2615 2216 2655 ne

570 2694 794 2761 biberis,
828 2690 1027 2746 1057
1067 2697 1126 2742 ut
1158 2688 1380 2757 longum
1408 2688 1560 2741 vivas
1590 2691 1819 2758 tempus,
1869 2689 2215 2760 adjiciantur

567 2783 734 2838 etiam
766 2779 868 2834 tibi
897 2779 1036 2833 anni
1089 2779 1238 2832 vim.
1289 2775 1358 2829 Et
1403 2775 1461 2829 in
1510 2775 1821 2847 Evangelio
1867 2777 2062 2831 divina
2104 2793 2211 2832 sua

565 2887 700 2928 voce
748 2868 1030 2925 Dominus
1070 2868 1268 2920 noster
1311 2864 1487 2919 Jesus
1533 2864 1796 2919 Christus
1842 2863 2072 2921 locutus
2121 2869 2212 2922 est

566 2961 804 3016 dicens:
839 2958 964 3012 Nisi
994 2957 1116 3026 quis
1147 2957 1366 3010 renatus
1392 2955 1561 3024 fuerit
1587 2970 1656 3008 ex
1685 2969 1825 3024 aqua
1881 2963 1932 3010 et
1968 2955 2205 3026 Spiritu,

562 3067 673 3106 non
697 3053 870 3121 potest
924 3047 1159 3100 introire
1207 3045 1266 3098 in
1325 3060 1556 3112 reg-num
1609 3044 1708 3098 Dei
1752 3045 1930 3115 (Joan.
1984 3061 2066 3099 ιιι.
2127 3045 2203 3116 5).

564 3140 666 3195 llic
691 3143 779 3194 est
806 3135 1054 3208 Spiritus
1085 3133 1183 3205 qui
1217 3133 1289 3188 ab
1309 3132 1473 3188 initio
1491 3133 1787 3188 ferebatur
1806 3149 1982 3204 super
1998 3150 2202 3204 aquas.

2315 569 2426 624 que
2457 569 2611 624 aqua
2639 552 2766 608 sine
2797 551 3038 624 Spiritu.
3071 552 3218 608 Male
3245 569 3378 627 ergo
3406 556 3512 612 sibi
3556 559 3758 631 quidam
3799 565 3865 621 iu-

2312 646 2711 713 terpretantur
2742 647 2804 697 ut
2834 642 3033 698 dicant
3063 643 3215 714 quod
3246 661 3346 715 per
3375 661 3568 703 manus
3613 650 3868 721 impositio-

2315 747 2448 786 nem
2477 731 2760 802 Spiritum
2784 735 3052 786 sanctum
3079 731 3365 804 accipiant
3392 737 3446 789 et
3465 736 3541 791 sic
3564 739 3868 811 recipiantur.

2317 837 2449 876 cum
2473 819 2849 875 manifestum
2875 820 2954 875 sit
2975 826 3221 892 utroque
3243 823 3595 880 Sacramento
3615 827 3787 884 debere
3799 847 3870 887 eos

2318 908 2543 971 renasci
2576 909 2632 963 in
2666 909 2925 964 Ecclesia
2955 909 3258 967 catholica.
3311 911 3470 967 Tunc
3514 914 3708 988 quippe
3749 924 3872 990 poto.

2317 1003 2455 1054 runt
2483 997 2583 1053 filii
2617 997 2714 1053 Dei
2747 1013 2896 1065 esse,
2931 998 3160 1056 dicente
3188 1000 3489 1071 Apostolo:
3520 1003 3747 1062 Curantes
3787 1025 3870 1064 ser-

2317 1103 2449 1143 vare
2475 1089 2742 1144 unitatem
2765 1089 3010 1160 Spiritus
3039 1089 3100 1143 in
3129 1090 3499 1160 conjunctione
3546 1094 3696 1164 pacis,
3742 1112 3872 1152 unum

2317 1193 2533 1249 corpus,
2563 1180 2614 1232 et
2642 1193 2783 1231 unus
2820 1176 3080 1248 Spiritus,
3137 1179 3279 1233 sicut
3324 1180 3496 1236 vocati
3545 1185 3659 1237 estis
3701 1185 3750 1238 in
3792 1203 3872 1242 una

2317 1281 2411 1337 spe
2461 1266 2764 1321 vocationis
2817 1268 3031 1334 vestrae,
3082 1283 3227 1322 unus
3286 1269 3553 1340 Dominus,
3606 1287 3706 1326 una
3763 1275 3871 1343 ﬁda,

2318 1371 2494 1410 unum
2525 1356 2827 1426 Baptisma,
2871 1371 3015 1410 unus
3069 1357 3205 1411 Deus
3256 1357 3484 1428 (Ephes.,
3515 1375 3581 1426 IV,
3605 1361 3650 1414 3.
3680 1362 3742 1429 4).
3785 1361 3875 1418 Hec

2319 1443 2520 1498 omnia
2559 1442 2816 1498 Ecclesia
2871 1443 3157 1500 catholica
3201 1443 3475 1516 loquitur.
3523 1447 3588 1501 Et
3628 1447 3800 1504 iterum
3835 1451 3874 1505 in

2319 1531 2632 1605 Evangelio
2664 1532 2805 1587 dicit
2833 1532 3158 1588 Dominus:
3194 1534 3350 1602 Quod
3376 1543 3559 1591 natum
3586 1536 3724 1592 estde
3761 1554 3878 1595 eam

2318 1637 2446 1677 caro
2476 1625 2572 1692 est,
2603 1630 2660 1677 et
2689 1621 2833 1693 quod
2860 1628 3056 1678 natum
3100 1630 3176 1678 est
3203 1623 3269 1679 de
3311 1623 3522 1696 Spiritu
3563 1627 3762 1697 spiritus
3796 1639 3876 1683 est:

2320 1713 2449 1782 quia
2475 1712 2612 1766 Deus
2657 1711 2894 1782 Spiritus
2947 1714 3025 1766 est
3079 1712 3222 1783 (35),
3278 1716 3331 1767 et
3392 1712 3456 1769 de
3505 1714 3601 1770 Deo
3651 1724 3784 1770 natus
3822 1725 3878 1771 est

2325 1801 2526 1869 (10am,
2558 1817 2643 1868 III,
2669 1800 2744 1871 6).
2780 1800 2928 1871 Ergo
2961 1816 3166 1856 omnes
3204 1800 3457 1857 haeretici
3501 1807 3554 1857 et
3597 1803 3875 1860 schismatici

2321 1890 2520 1944 omnia
2549 1904 2911 1961 quaecunque
2944 1889 3164 1944 faciunt
3217 1889 3473 1946 carnalia
3527 1895 3670 1962 sunt,
3713 1893 3875 1948 dicente

2321 1977 2632 2050 Apostolo:
2663 1978 2954 2046 Manifesta
2999 1979 3152 2032 enim
3203 1983 3337 2034 sunt
3383 1995 3544 2052 opera
3586 1983 3760 2047 carnis,
3795 1996 3876 2050 qua

2321 2071 2448 2121 sunt
2476 2068 2887 2137 fornicationes,
2938 2067 3332 2137 tmmunditiaa,
3382 2071 3657 2139 incestum,
3705 2069 3876 2123 idolola-

2321 2157 2451 2212 triae
2494 2157 2628 2227 (36),
2685 2155 2968 2225 veneﬁcia,
3019 2155 3357 2226 inimicitiae,
3417 2160 3715 2224 certamina,
3760 2158 3876 2224 zelus,

2325 2247 2430 2310 ira,
2466 2245 2777 2311 divisiones,
2810 2244 3060 2316 haereses,
3110 2249 3160 2300 et
3219 2246 3304 2300 his
3359 2248 3596 2307 similia;
3641 2246 3698 2302 de
3742 2246 3878 2317 quibus

2320 2333 2566 2405 praedixi
2619 2333 2766 2388 vobis
2829 2335 2975 2388 sicut
3023 2333 3300 2405 praedico,
3357 2337 3599 2406 quoniam
3652 2335 3879 2406 quicunque

2320 2425 2538 2493 faciunt
2565 2439 2792 2492 regnum
2815 2424 2912 2478 Dei
2938 2438 3046 2478 non
3104 2423 3510 2479 haereditabunt
3553 2423 3676 2495 (Gal.
3717 2439 3762 2489 v,
3804 2421 3878 2484 19),

2321 2513 2410 2580 20,
2450 2511 2561 2582 21).
2594 2510 2957 2566 Condemnat
3004 2511 3200 2581 itaque
3251 2511 3556 2582 Apostolus
3593 2527 3707 2565 cum
3746 2508 3876 2565 omni-

2323 2601 2434 2655 bus
2464 2599 2635 2654 malis
2668 2603 2724 2654 et
2753 2616 2852 2654 eos
2909 2600 3011 2670 qui
3060 2599 3407 2655 divisionem
3461 2599 3649 2656 1058
3701 2599 3874 2662 faciunt,

2321 2688 2429 2744 hoc
2459 2693 2548 2744 est
2577 2687 2985 2745 schismaticos
3015 2693 3071 2744 et
3099 2687 3426 2744 haereticos.
3457 2689 3574 2744 Nisi
3610 2704 3725 2760 ergo
3763 2702 3874 2742 acce-

2319 2778 2510 2850 perint
2567 2777 2867 2850 Baptisma
2926 2779 3182 2832 salutare
3243 2778 3304 2832 in
3362 2778 3606 2834 Ecclesia
3647 2776 3873 2841 catholica,

2317 2882 2447 2938 quae
2477 2882 2594 2921 una
2625 2871 2732 2930 est,
2773 2864 2915 2921 salvi
2981 2881 3110 2922 esse
3167 2882 3286 2921 non
3345 2870 3599 2938 possunt,
3652 2864 3735 2920 sed
3776 2879 3867 2918 cum

2316 2955 2652 3011 carnalibus
2681 2953 2739 3008 in
2762 2954 2988 3026 judicio
3016 2954 3245 3009 Domini
3271 2955 3480 3010 Christi
3504 2953 3866 3009 damnabuntur.

2385 3044 2702 3100 Januarius
2758 3061 2789 3098 a
2851 3043 3131 3099 Lambese
3189 3043 3305 3116 (37)
3362 3044 3537 3098 dixit:
3616 3040 3868 3098 Secundum

2313 3133 2750 3206 Scripturarum
2784 3136 3118 3188 sanctarum
3151 3133 3552 3190 auctoritatem
3573 3132 3776 3188 decerno
3797 3127 3872 3181 he-

1983 3242 2315 3304 Variorum
2346 3249 2534 3303 notae.

633 3352 748 3427 (29)
780 3352 1120 3427 Polycarpus
1150 3348 1665 3427 ahAdrumetolls
1721 3351 1811 3427 est
1853 3347 1951 3402 ille
1989 3348 2213 3427 de__quo
2245 3351 2287 3417 ο
2323 3349 2448 3427 332,
2483 3363 2584 3420 pro
2605 3349 2834 3427 alienus
2857 3348 3036 3427 codex
3069 3348 3634 3427 Gratianopolitanus
3661 3344 3874 3427 habetur

565 3419 784 3482 mentio
816 3419 968 3479 facta
997 3423 1053 3476 in
1087 3422 1258 3491 epist.
1292 3437 1418 3475 XLVI
1450 3421 1518 3474 ad
1569 3419 1788 3474 Pamel.
1837 3435 1999 3473 num.
2052 3419 2131 3474 45
2159 3425 2216 3476 et

566 3503 813 3554 fortasse
843 3512 933 3566 ep.
968 3509 1164 3548 LXXXVI
1199 3493 1268 3546 ad
1302 3496 1681 3566 Dam.,_i_iu_m.
1840 3492 1998 3566 FELL.

639 3570 755 3640 (30)
794 3562 1181 3640 Testimonium
1221 3563 1462 3640 reddere.
1497 3562 1682 3640 Vulgo
1707 3563 1815 3640 ,ςιρί
1844 3564 2216 3640 testimonium

569 3635 810 3706 reddere,
839 3637 991 3708 quod
1017 3635 1235 3690 mutavi
1261 3635 1373 3708 fide
1397 3635 1566 3689 nixus
1584 3635 1720 3708 edit.
1736 3635 2086 3708 Erasmignae
2105 3635 2216 3688 Au-

565 3704 803 3783 gustini,
833 3704 1258 3783 interpretisque
1274 3705 1528 3783 Graeci-et
1547 3705 1924 3783 conciliorum.
1960 3704 2178 3783 Reum.

639 3782 752 3854 (32)
770 3774 936 3854 Inter
967 3774 1138 3854 luicgs
1167 3774 1359 3848 recipi.
1411 3777 1521 3854 Sic_
1556 3775 2093 3854 (Cyprian‘.)_epist.
2145 3774 2216 3830 ad

566 3847 1000 3910 Antonianum:
1063 3850 1157 3905 Sic
1215 3847 1394 3904 tamen
1453 3847 1722 3903 admissus
1766 3851 1841 3904 est
1881 3847 2215 3918 Trophimus,

568 3931 628 3980 ut
659 3926 836 3980 laicus
865 3923 1242 3978 communicet.
1279 3921 1503 3975 Iliam.
1539 3951 1604 3960 —
1636 3920 1797 3975 Adde
1839 3919 1991 3990 quod
2043 3935 2220 3990 supra

567 3999 789 4053 dictum
822 4003 906 4049 est
941 3995 996 4048 in
1027 3995 1185 4065 epist.
1237 3993 1459 4048 concilii
1508 3991 1762 4062 Carthag.
1813 3991 1867 4056 4,
1916 4008 1974 4062 p.
2026 3991 2114 4058 82,
2165 3994 2222 4046 et

572 4072 692 4126 not.
725 4070 782 4122 d.
819 4068 882 4121 17
916 4066 1135 4120 ROUTH.

640 4139 750 4208 (32)
783 4139 936 4194 Falsi
955 4137 1168 4208 christi.
1191 4133 1342 4190 Falsi
1369 4132 1701 4208 Christiani.
1737 4134 1820 4188 Ita
1854 4131 2221 4208 restituimus

571 4204 772 4267 ex'ﬁd'e
786 4216 1042 4265 veterum
1060 4207 1362 4262 librorum.
1378 4205 1738 4260 Conﬁrmant
1752 4208 1945 4260 autem
1962 4204 2112 4259 hanc
2133 4220 2219 4258 re-

573 4282 936 4339 stitutionem
960 4279 1132 4335 verba
1153 4276 1503 4332 Secundiani
1529 4278 1562 4330 a
1586 4277 1811 4347 Carpis,
1836 4293 1892 4347 ρ.
1912 4276 2016 4330 333
2067 4281 2221 4330 acto-

570 4373 700 4411 rum
725 4351 983 4409 concilii:
1009 4351 1072 4406 Si
1091 4351 1500 4405 christianinou
1521 4357 1666 4414 sunt,
1688 4347 1946 4418 quomodo
1967 4347 2224 4402 christia-

567 4443 667 4483 nos
686 4423 1083 4497 faciunthgn
1114 4421 1386 4492 displicet
1415 4425 1610 4497 tamen
1655 4419 1824 4475 lectio
1875 4435 2001 4490 quae
2050 4419 2224 4497 habet

567 4491 701 4573 falsi
729 4498 948 4554 christi.
979 4570 986 4573 _
1012 4491 1306 4573 BAvaf—
1339 4491 1631 4573 Damalias
1681 4506 1937 4573 quoque
1968 4495 2224 4573 quatuor

572 4563 997 4626 memoraverat
1041 4566 1292 4629 codices,
1345 4564 1402 4618 in
1457 4563 1670 4634 quibus
1719 4563 2021 4634 legebatur
2089 4563 2223 4632 falsi

571 4641 883 4698 christiani.
917 4638 1023 4692 Sed
1057 4637 1295 4692 alterum
1358 4633 1613 4690 revocavi
1659 4633 2037 4699 locutionem,
2093 4649 2222 4704 qua

575 4729 709 4768 cum
753 4711 947 4782 petita
959 4713 1126 4782 esset
1164 4724 1229 4762 ex
1267 4706 1454 4782 Matth,
1489 4722 1640 4782 ξων,
1661 4707 1761 4782 24,
1793 4710 1851 4761 et
1878 4705 2039 4782 Marc.
2089 4722 2210 4782 xui,

570 4786 662 4852 22,
689 4775 815 4838 tum
849 4799 882 4837 a
910 4779 1244 4852 Firmiliano
1275 4777 1577 4852 incelebri
1608 4777 1918 4852 adhibetur
1947 4775 2211 4852 cpistola.

572 4848 853 4914 b‘t’tamen
878 4868 989 4907 non
1007 4851 1168 4922 pudet
1207 4849 1560 4922 Stephanum,
1604 4849 1798 4922 inquit
1831 4848 1946 4914 ille,
1991 4849 2223 4922 Cypria-

574 4868 853 4914 bttamen
878 4868 989 4907 non
1006 4868 1168 4976 guaet
1207 4868 1560 4922 Stephanum,
1604 4868 1798 4920 mquu.
1831 4868 1946 4914 uie,
1991 4868 2223 4919 cypriu—

574 4945 709 4984 num
741 4925 1001 4999 pseudoc
1050 4921 1257 4999 ristum
1292 4927 1343 4978 et
1369 4921 1887 4993 pseudoapostolum
1906 4923 1957 4976 et
1987 4921 2235 4975 dotosum

574 4994 888 5074 operarium
918 4996 1114 5074 dicere.
1152 4994 1372 5074 Rou'rn.

648 5072 761 5144 (33)
795 5072 895 5138 Qui
926 5068 1101 5144 fidens
1159 5067 1355 5144 est‘in
1411 5064 1589 5144 falsis,
1650 5067 1759 5118 etc.
1819 5060 2029 5144 Omnia
2085 5060 2226 5144 haec,

577 5132 706 5216 qua?
736 5132 1206 5216 éx‘capitenono
1237 5132 1663 5216 Proverbioruin
1701 5133 2037 5216 secundum

575 5204 887 5285 desumpta
908 5204 1056 5285 sunt
1077 5212 1366 5280 respuunt
1396 5205 1754 5278 exemplaria
1782 5204 1956 5260 Hebr.
1991 5209 2047 5260 et
2087 5204 2229 5259 Vul-

577 5292 731 5361 gata
745 5281 959 5361 luterp.
993 5281 1214 5361 Rov'rn.

650 5358 760 5427 (24)
791 5346 1070 5427 Eii-(rauco
1119 5349 1397 5417 Quamvis
1451 5347 1568 5405 alia
1615 5346 1805 5427 lectio,
1855 5363 2013 5427 quae,
2057 5346 2234 5401 habet

575 5422 780 5497 alieno,
813 5431 965 5484 bona
995 5426 1092 5494 sit,
1125 5428 1360 5481 coactus
1389 5438 1532 5497 sum
1577 5425 1804 5497 mutare
1847 5422 2084 5497 propter
2129 5435 2231 5473 au-

579 5490 903 5559 ctoritatem
926 5490 1186 5555 veterum
1221 5493 1640 5565 exemplarium
1667 5490 1922 5565 ;_etenim
1974 5498 2234 5565 extraneo

579 5575 865 5649 scriptum
900 5570 1094 5649 inveni
1124 5569 1182 5649 in
1213 5561 1634 5649 septemdecim
1665 5561 1831 5649 libris
1854 5563 2073 5645 nostris
2096 5568 2151 5616 et
2175 5562 2231 5614 in

581 5633 815 5703 duobus
855 5640 1237 5717 Anglicanis_;
1281 5633 1404 5717 imo
1454 5634 1956 5717 monasteriensis,
2009 5633 2068 5689 in
2099 5650 2234 5717 ‘quo

578 5718 795 5792 legitur
827 5704 1073 5792 esterno,
1106 5704 1313 5792 probat
1343 5710 1494 5792 hanc
1524 5707 1907 5792 mutationem
1934 5723 2069 5792 psse
2097 5704 2236 5778 legi-

578 5777 828 5851 timam:
861 5789 1012 5847 intra
1057 5777 1123 5844 in'
1171 5783 1520 5845 allocutione
1565 5779 1814 5837 Sedatia
1843 5777 2235 5854 Tuburbo,’p.

2324 3416 2571 3475 traneus.
2605 3419 2737 3474 BAL.
2771 3450 2838 3460 —-—
2867 3420 3180 3490 Augustini
3209 3416 3440 3492 quoque
3460 3416 3765 3488 redargutio,
3791 3425 3873 3492 qua

2327 3508 2478 3563 saepe
2494 3493 2620 3561 jam
2653 3489 2982 3546 memorata
3012 3497 3122 3561 est,
3169 3489 3370 3548 vocem
3401 3501 3647 3563 extraneo
3671 3489 3871 3563 agnoscit.

2328 3559 2666 3634 quanquam
2702 3563 2760 3616 in
2786 3563 2912 3634 ipso
2943 3559 3226 3634 suffragio
3251 3565 3494 3619 alterum
3507 3559 3796 3634 vocabulum
3813 3567 3871 3624 po-

2327 3633 2706 3690 situm’habes
2736 3633 2889 3705 apud
2921 3633 3193 3690 eumdem
3229 3636 3478 3690 Patrem.
3510 3633 3629 3688 Mox
3648 3643 3788 3705 aqua:
3807 3639 3870 3696 ρτο

2328 3723 2552 3831 αφὲιὶιηὶἰ
2583 3722 2714 3776 quae
2744 3702 3085 3762 cieterorum
3117 3713 3209 3763 est
3242 3708 3546 3779 scriptura,
3575 3702 3869 3767 Baluziuspo-

2329 3794 2469 3831 sui.
2556 3793 2727 3831 ourn.

2329 3778 2469 3833 suit.
2507 3778 2727 3831 Rou'rn.

2401 3849 2512 3919 (35)
2547 3849 2686 3916 Οτιία
2716 3849 2856 3903 Deus
2885 3847 3150 3919 Spiritus,
3183 3853 3292 3905 etc.
3327 3848 3468 3904 Vide
3497 3847 3702 3919 librum,
3735 3833 3865 3919 donni

2329 3913 2800 3974 Petri'Coustant.
2834 3919 2888 3972 in
2921 3913 3039 3990 quo
3069 3920 3494 3976 con‘irmantur
3520 3913 3864 3990 vindiciupyfle‘

2329 4008 2456 4046 rum
2490 3992 2776 4060 codicum,
2806 4007 2862 4061 p.
2893 3980 2960 4044 5‘!
2994 3991 3084 4060 (52
3148 3993 3262 4059 33).
3314 3997 3445 4047 BAL.
3477 4021 3541 4030 -—
3569 3994 3608 4042 A
3651 3987 3688 4040 't
3724 3980 3867 4037 Milliut

2330 4078 2565 4116 quoque
2597 4062 2655 4116 in
2687 4062 2997 4116 Anoendice
3025 4035 3102 4116 ad,
3123 4062 3290 4116 Notas
3320 4067 3380 4116 in
3413 4065 3538 4116 Test.
3584 4003 3718 4116 Νἷιυη
3758 4071 3796 4116 D.
3827 4049 3865 4100 31

2330 4078 2565 4134 quoque
2597 4062 2655 4117 in
2687 4062 2997 4132 Appendice
3025 4062 3096 4143 ad
3123 4062 3290 4118 Notas
3320 4067 3380 4119 in
3413 4065 3538 4144 Test.
3584 4062 3718 4119 Non,
3758 4071 3796 4125 p.
3827 4062 3865 4128 ξι

2329 4136 2419 4189 ed.
2456 4135 2659 4200 Oxon.,
2709 4135 2780 4189 de
2813 4134 2918 4188 hoc
2975 4134 3310 4189 Latinorum
3369 4134 3746 4190 additamenta,
3773 4132 3869 4200 λιιι

2329 4207 2469 4262 Deus
2499 4193 2737 4274 Spiritus
2765 4211 2870 4268 est,
2902 4209 2954 4260 et
2981 4205 3048 4259 de
3080 4211 3188 4261 Deo
3215 4214 3379 4261 natus
3401 4208 3515 4268 est;
3558 4217 3670 4274 quas
3709 4193 3869 4274 quidet}!

2329 4260 2612 4343 clausula,
2648 4281 2696 4332 et
2727 4292 2796 4332 ex
2828 4260 2928 4332 Deo
2957 4260 3249 4346 natusest,
3281 4260 3340 4332 in
3391 4260 3756 4346 antiquissimo

2331 4330 2620 4417 essent
2653 4330 2884 4410 Latino,
2917 4330 3024 4418 qui
3051 4330 3339 4403 bibliothf
3360 4330 3653 4403 Bodleiano;
3694 4343 3780 4418 est,
3813 4330 3871 4386 ad-

2333 4421 2510 4475 ditur.
2542 4421 2823 4476 Cteterum
2861 4417 3049 4474 Fellus
3079 4420 3238 4474 istud
3272 4425 3321 4475 et
3342 4421 3408 4474 de
3425 4421 3524 4474 Deo
3551 4422 3693 4471 natus
3721 4417 3781 4465 est
3808 4419 3869 4458 ex.

2332 4492 2513 4563 ponit.
2544 4499 2593 4548 et
2615 4499 2778 4546 natus
2821 4491 2885 4546 de
2915 4490 3144 4562 Spiritu,
3167 4492 3232 4546 de
3261 4493 3365 4546 Deo
3396 4499 3547 4546 natus
3587 4495 3670 4563 est.
3709 4487 3766 4535 De
3800 4486 3870 4563 ίιίξῗ

2331 4557 2526 4618 tamen
2583 4557 3103 4632 interpretanicnto
3132 4557 3272 4618 haec
3321 4565 3552 4618 adnotat
3590 4557 3808 4612 Maranus
3837 4559 3870 4632 ξιξ

2334 4615 2671 4707 regam-pii
2683 4615 2772 4707 ’ᾳᾶ
2784 4615 2792 4616 ί
2804 4615 3266 4707 cygneum}:
3279 4615 3388 4689 36f
3403 4615 3431 4685 ᾇ
3446 4615 3638 4707 ’Μίηυε
3653 4615 3871 4707 σρωωρεξε

2339 4684 2536 4762 ἱεὰῖὥῖ
2551 4684 2909 4760 egessisse;
2919 4684 3618 4769 'iii‘s‘a',"at’nea'.;azaat,
3646 4698 3715 4752 sic
3749 4684 3869 4771 ᾳᾳριίῖ

2341 4783 2452 4842 cat,
2488 4782 2660 4832 natus
2693 4778 2764 4832 de
2795 4777 3013 4848 Spiritu
3047 4764 3117 4831 de
3151 4779 3262 4832 Deo
3292 4783 3462 4831 natus
3505 4764 3614 4828 est;
3646 4773 3707 4848 At
3743 4764 3869 4848 dicti}

2341 4850 2644 4922 debuisset
2671 4842 3077 4922 Nemiésianus,
3111 4848 3175 4922 de
3206 4850 3651 4922 Deo_natuni_es_t_._
3676 4842 3868 4922 Qui

2341 4920 2616 4975 diocriter
2635 4921 2912 4988 attendet,
2947 4914 3095 4975 hanc
3116 4920 3294 4989 hujus
3325 4919 3434 4974 loci
3463 4914 3766 4989 videbitesse
3780 4914 3869 4989 sel}:

2338 4993 2601 5053 tentiam.
2625 4992 2780 5062 quod
2807 5007 2874 5045 ex
2897 4982 3113 5062 Spiritu
3150 4982 3351 5046 natum
3385 4995 3488 5055 est,
3521 4984 3757 5062 Spiritum

2338 5047 2475 5135 quia
2498 5047 2752 5134 Spiritus
2776 5047 3037 5130 sancths,
3064 5079 3192 5117 cum
3220 5064 3373 5135 Deus
3390 5047 3534 5135 sit'et
3552 5047 3611 5112 ex
3635 5055 3727 5135 Deo
3751 5047 3867 5135 ualli!

2340 5123 2418 5191 sit
2448 5123 2566 5190 sive
2598 5135 2944 5205 processerit
2972 5123 3115 5202 (haec
3147 5136 3299 5190 enim
3333 5131 3606 5205 interdum
3649 5123 3867 5205 idem‘

2340 5206 2528 5274 nant),
2561 5183 2663 5276 pio
2694 5222 2927 5261 summa
2958 5183 3065 5261 sua
3095 5211 3371 5276 potestate
3397 5203 3621 5275 spiritus
3645 5209 3726 5251 eos
3767 5183 3868 5240 em“

2341 5295 2489 5350 quos
2522 5283 2843 5350 regenerat.
2877 5297 2903 5329 ι
2941 5277 3160 5350 Rou'rn.
3586 5342 3610 5350 η
3703 5324 3800 5350 tn,

2412 5328 2911 5419 (agitauisse;
2941 5328 3181 5404 xaaia'n
3226 5363 3420 5402 vocem
3465 5342 3667 5419 servitus
3694 5328 3869 5419 ξρῖξῇξῐέ

2343 5396 2730 5503 ex\codicibus
2752 5422 2876 5475 suis
2897 5419 3186 5510 Baiuz'iuls,
3209 5435 3384 5490 quam
3423 5409 3657 5497 agnoscit

2343 5493 2748 5563 interpretatio
2771 5497 2997 5547 vertens
3019 5476 3286 5547 idolorum
3302 5476 3541 5563 servitus,
3560 5495 3667 5563 qua
3696 5476 3852 5563 i951":

2342 5546 2593 5631 videtur,
2620 5546 2976 5634 Cyprianicas
2999 5546 3260 5619 lectionis
3281 5566 3368 5618 est
3387 5546 3553 5630 origo.
3576 5546 3714 5621 Ἐτεο
3731 5546 3868 5596 ww"

2346 5636 2537 5689 omisi.
2574 5634 2793 5689 Rou'rn.
3714 5685 3720 5689 _
3783 5675 3816 5689 ..

2386 5653 2537 5691 mISI.
2575 5652 2793 5690 ηουτιι.

2346 5653 2537 5692 omisi.
2575 5653 2793 5690 nou'rn.

2414 5709 2528 5780 (37)
2557 5707 2832 5780 Lambese.
2861 5704 3111 5780 Λαμαίσα
3141 5705 3258 5762 sive
3294 5693 3580 5780 _Aap.61l_ﬂ
3626 5675 3866 5780 Ptol-

2346 5757 2539 5840 ηιἰᾶἰὼ
2557 5757 3167 5856 instigatae;
3177 5757 3251 5838 ag
3272 5757 3480 5836 Anton.
3513 5775 3716 5840 Insuper
3745 5757 3863 5824 Cum
