4098 6178
220 391 365 452 1101

1217 390 1418 451 PARS
1465 390 1514 450 Ι.
1547 423 1626 433 —
1653 388 2152 452 MONUMENTA
2196 392 2602 455 VETERUM.

3462 399 3620 457 “02

220 521 853 595 baptizandiepiscopis
870 521 1051 590 dedit,
1076 538 1190 577 non
1205 521 1512 577 haereticis.
1533 524 1718 587 Quare
1757 521 1861 594 qui
1891 523 1944 589 Α
1975 521 2034 577 in
2068 523 2386 580 Ecclesium
2419 525 2620 596 recipi,
2653 525 2873 598 absque
2905 525 2997 581 his
3029 526 3128 596 qui
3161 527 3230 581 de
3259 527 3516 584 Ecclesia
3545 529 3618 583 ﬁ-

217 617 370 668 extra
399 610 719 667 Ecclesiam
752 616 912 677 sunt,
943 615 1000 666 et
1057 615 1260 666 contra
1307 610 1604 666 Christum
1638 614 1858 666 stantes

219 717 350 756 oves
378 702 504 771 ejus
523 705 580 756 et
598 701 804 756 1062
825 715 1061 772 gregem
1080 703 1387 772 spargunt,
1407 699 1696 771 baptizare
1721 698 1860 754 foris

217 807 331 844 non
367 794 633 862 possunt.

283 879 528 934 Sedatus
559 895 593 933 a
619 878 890 933 Tuburbo
909 877 1053 945 dixit
1077 878 1166 934 :ln
1191 881 1476 948 quantum
1493 893 1645 946 aqua
1677 891 1862 931 sacer-

215 967 365 1023 dotis
397 983 563 1038 prece
593 968 651 1022 in
684 965 938 1022 Ecclesia
994 965 1358 1021 sanctiﬁcata
1409 964 1597 1020 abluit
1627 964 1860 1031 delicta,

214 1057 270 1112 in
311 1063 544 1112 tantum
574 1057 842 1112 haeretico
883 1071 1149 1112 sermone
1179 1055 1336 1111 velut
1367 1071 1604 1110 cancere
1629 1054 1737 1126 (54)
1768 1055 1862 1110 in-

213 1147 361 1203 fecta
390 1145 655 1202 cumulat
671 1151 924 1219 peccata.
960 1148 1146 1211 Quare
1168 1145 1442 1200 omnibus
1468 1144 1726 1216 paciﬁcis
1739 1142 1862 1215 qui-

213 1237 346 1292 dem
376 1235 601 1292 viribus
631 1235 936 1291 nitendum
969 1239 1060 1290 est
1089 1251 1159 1289 ne
1199 1233 1332 1306 quis
1364 1234 1634 1289 haeretica
1671 1247 1864 1289 errore

212 1324 467 1380 infectus
497 1329 552 1380 et
581 1325 802 1378 tinctus
833 1322 1130 1395 singulare
1159 1327 1215 1377 et
1241 1339 1442 1378 verum
1476 1321 1741 1377 Ecclesia;
1765 1321 1864 1376 Ba-

213 1413 498 1484 ptismum
529 1413 808 1468 detrectet
831 1412 1128 1483 accipere;
1162 1427 1276 1483 quo
1307 1411 1577 1484 quisquis
1602 1427 1717 1466 non
1739 1410 1864 1465 fue-

214 1502 289 1556 rit
318 1501 653 1573 baptizatus
685 1517 863 1573 regno
893 1500 1172 1557 caelorum
1201 1500 1300 1556 ﬁet
1329 1499 1576 1556 alienus.

284 1591 650 1647 Privatianus
682 1607 717 1646 a
744 1590 1001 1646 Sufetela
1029 1590 1212 1645 dixit:
1245 1589 1353 1654 Qui
1401 1589 1700 1645 haereticos
1758 1605 1864 1661 po-

210 1684 484 1736 testatem
515 1679 850 1752 baptizandi
894 1679 1108 1736 habere
1155 1678 1319 1746 dicit,
1351 1679 1507 1735 dicat
1536 1679 1699 1750 prius
1731 1678 1865 1750 quis

211 1768 480 1825 haeresim
515 1769 863 1825 condiderit.
885 1769 943 1824 Si
969 1769 1127 1824 enim
1162 1768 1402 1824 haeresis
1433 1786 1467 1824 a
1489 1772 1603 1823 Deo
1635 1772 1743 1838 est,
1761 1767 1862 1822 ha-

1971 611 2128 668 deles
2158 612 2522 686 supplantati
2553 615 2624 670 ad
2670 614 2908 670 haeresis
2940 615 3210 670 tenebras
3242 618 3617 686 transierant,

1971 702 2072 756 sed
2102 719 2200 757 eos
2234 719 2335 774 per
2365 720 2577 758 manus
2605 703 3037 775 impositionem
3063 704 3474 762 restituendos.

2047 790 2203 847 Alius
2231 792 2556 847 Junuarius
2605 809 2638 847 a
2667 792 2806 848 Vico
2854 791 3094 848 Caesaris
3151 792 3333 850 dixit:
3393 795 3449 850 Si
3502 812 3618 851 non

1973 881 2337 952 obtemperat
2367 883 2574 937 1068
2606 898 2766 937 error
2804 881 3055 949 veritati,
3090 881 3276 938 multo
3308 884 3497 955 magis
3527 901 3622 940 ve-

1975 969 2115 1024 ritas
2144 987 2258 1024 non
2293 970 2584 1025 consentit
2632 971 2833 1026 errori.
2897 971 2963 1025 Et
3029 971 3157 1026 ideo
3218 989 3325 1027 nos
3356 973 3624 1030 Ecclesiae

1974 1059 2308 1114 assistimus
2334 1059 2469 1130 (57),
2505 1059 2563 1114 in
2595 1075 2712 1130 qua
2738 1059 3143 1130 praasidemus,
3168 1065 3232 1115 ut
3261 1061 3621 1133 baptismum

1973 1147 2099 1217 ejus
2131 1147 2238 1218 ipsi
2273 1147 2380 1203 soli
2410 1148 2791 1216 vindicantes,
2835 1164 2934 1204 eos
2986 1164 3135 1219 quos
3192 1148 3450 1205 Ecclesia
3507 1168 3621 1207 non

1971 1236 2287 1307 baptizavit
2314 1236 2695 1310 baptizemus.

2043 1323 2207 1380 Alius
2228 1325 2596 1380 Secundinus
2626 1342 2659 1380 a
2696 1325 2896 1396 Carpis
2927 1325 3104 1382 dixit:
3166 1326 3428 1382 Haeretici
3458 1328 3621 1385 Chri-

1976 1414 2150 1470 stiani
2183 1421 2339 1480 sunt,
2375 1432 2447 1470 an
2481 1431 2592 1470 non
2615 1415 2643 1469 ?
2670 1414 2731 1470 Si
2756 1415 3072 1470 Christiani
3105 1421 3264 1483 sunt,
3298 1433 3399 1473 cur
3429 1418 3486 1472 in
3521 1418 3623 1474 Ec-

1975 1502 2152 1559 clesia
2181 1503 2282 1558 Dei
2314 1520 2428 1559 non
2461 1503 2642 1559 sunt?
2671 1503 2725 1558 Si
2758 1503 3074 1559 Christiani
3116 1521 3230 1560 non
3288 1511 3447 1577 sunt,
3481 1524 3624 1578 quo-

1977 1593 2146 1648 modo
2177 1592 2540 1648 Christianos
2569 1593 2795 1648 faciunt
2828 1594 2938 1664 (58)
2966 1593 2992 1647 ?
3023 1598 3140 1649 Aut
3171 1611 3286 1666 quo
3314 1596 3627 1667 pertinebit

1976 1698 2167 1739 sermo
2199 1682 2426 1737 Domini
2459 1682 2726 1738 dicentis.
2752 1683 2964 1754 (Matth.
2999 1701 3097 1738 xu.
3132 1685 3220 1754 30)
3244 1701 3256 1738 :
3278 1685 3381 1753 Qui
3411 1702 3519 1741 non
3552 1695 3628 1743 est

1976 1787 2208 1839 mecum,
2241 1772 2504 1827 adversus
2548 1789 2638 1828 me
2665 1780 2764 1841 est,
2795 1781 2847 1828 et
2893 1775 2990 1844 qui
3022 1791 3138 1828 non
3169 1790 3382 1830 mecum
3410 1776 3624 1847 colligit

210 1858 350 1914 bere
371 1862 426 1914 et
454 1857 878 1930 indulgentiam
909 1858 1165 1913 divinam
1199 1861 1408 1929 potest.
1443 1857 1501 1912 Si
1532 1873 1665 1912 vero
1698 1873 1732 1911 a
1751 1857 1862 1912 Deo
1898 1898 1945 1964 B
1973 1861 2388 1932 spargit.Unde
2408 1865 2636 1917 constat
2666 1877 2844 1932 super
2864 1861 3016 1916 ﬁlios
3046 1861 3269 1918 alienos
3301 1868 3358 1919 et
3392 1864 3624 1920 soboles

211 1965 330 2003 non
364 1954 472 2016 est,
504 1948 798 2019 quomodo
830 1948 1077 2020 gratiam
1103 1947 1198 2003 Dei
1232 1952 1334 2003 aut
1353 1947 1567 2002 habere
1599 1951 1699 2001 aut
1729 1963 1863 2002 con-

213 2037 366 2093 ferre
396 2037 571 2092 alicui
594 2041 787 2108 potest
812 2035 836 2091 ?

285 2127 558 2182 Privatus
596 2144 629 2181 a
659 2125 898 2182 Suﬁbus
928 2125 1076 2180 dixit
1103 2143 1117 2181 :
1175 2124 1282 2188 Qui
1329 2124 1731 2180 hereticorum
1761 2124 1866 2179 Ba-

209 2216 500 2288 ptismum
520 2216 746 2288 probat,
766 2215 907 2288 quid
932 2215 1089 2272 aliud
1108 2231 1284 2286 quam
1304 2213 1591 2269 haereticis
1605 2229 1866 2270 commu-

209 2305 414 2361 nicat?

284 2393 713 2449 Hortensianus
762 2410 796 2448 a
825 2394 1070 2449 Laribus
1103 2392 1284 2448 dixit:
1319 2394 1468 2458 Quot
1498 2392 1616 2448 sint
1671 2391 1866 2464 Bapti-

209 2482 332 2537 smi
358 2481 610 2536 viderint
667 2486 770 2537 aut
828 2488 1284 2554 prmsumptores
1335 2483 1446 2555 (55)
1480 2486 1580 2537 aut
1609 2482 1868 2537 fautores

205 2570 644 2626 haereticorum.
685 2571 801 2626 Nos
829 2587 1017 2626 unum
1067 2571 1386 2644 Baptisma,
1421 2571 1574 2642 quod
1611 2587 1723 2627 non
1757 2570 1870 2626 nisi

205 2659 268 2714 in
299 2657 558 2714 Ecclesia
580 2659 870 2725 novimus,
891 2659 1157 2715 Ecclesiae
1179 2659 1563 2716 vindicamus.
1592 2661 1702 2714 Aut
1724 2676 1870 2731 quo-

208 2750 392 2804 modo
425 2753 694 2820 possunt,
715 2749 776 2803 in
797 2747 1032 2804 nomine
1048 2749 1263 2805 Christi
1288 2749 1543 2821 aliquem
1576 2749 1870 2820 baptizare

210 2854 370 2910 quos
401 2837 524 2908 ipse
555 2836 822 2892 Christus
852 2837 995 2893 dicit
1026 2838 1386 2894 adversarios
1419 2855 1557 2894 suos
1587 2853 1716 2893 esse
1736 2838 1764 2892 ‘I

285 2926 529 2982 Cassius
559 2943 592 2981 a
623 2926 1066 2982 Macomadibus
1097 2927 1276 2981 dixit:
1314 2930 1456 2982 Cum
1509 2927 1870 2998 baptismata

210 3017 339 3071 duo
368 3031 496 3071 esse
527 3031 640 3070 non
675 3015 920 3088 possint,
956 3015 1056 3086 qui
1088 3015 1375 3071 haareticis
1406 3014 1706 3088 Baptisma
1726 3031 1868 3070 con-

210 3103 377 3160 cedit
397 3103 509 3159 sibi
525 3103 699 3159 tollit.
724 3108 938 3160 Censeo
959 3105 1156 3175 itaque
1174 3103 1396 3159 ﬂebiles
1414 3109 1470 3159 et
1489 3104 1718 3159 tabidos
1749 3105 1866 3175 (56)

210 3193 528 3248 hareticos
557 3192 938 3264 baptizandos
967 3209 1093 3249 esse
1125 3210 1259 3248 cum
1315 3194 1386 3248 ad
1421 3192 1735 3248 Ecclesiam
1766 3211 1867 3248 ve-

210 3283 351 3337 nire
377 3281 675 3354 cmperint,
706 3286 763 3337 et
795 3299 961 3338 sacra
989 3287 1047 3338 et
1075 3282 1268 3337 divina
1298 3281 1583 3338 lavatione
1610 3281 1782 3349 lotos,
1807 3286 1866 3337 et
1895 3265 1938 3332 C

207 3371 445 3427 lumine
465 3372 594 3427 vita:
624 3370 1010 3440 illuminatos,
1045 3388 1159 3427 non
1193 3371 1411 3438 hostes,
1440 3373 1540 3426 sed
1569 3371 1866 3441 paciﬁcos,

203 3477 335 3516 non
367 3460 609 3531 alienos,
644 3460 744 3516 sed
763 3460 898 3515 ﬁdei
915 3460 1148 3515 Domini
1169 3459 1538 3527 domesticos,
1561 3477 1676 3515 non
1699 3459 1866 3515 adul-

201 3554 396 3617 teros,
427 3549 530 3604 sed
562 3549 662 3604 Dei
681 3547 856 3620 ﬁlios,
879 3565 994 3604 non
1016 3549 1227 3606 erroris
1244 3550 1345 3605 sed
1371 3548 1579 3606 salutis
1609 3549 1864 3620 effectos,

1979 1950 2308 2006 antichristi
2341 1950 2622 2022 Spiritum
2647 1955 2917 2005 sanctum
2943 1967 3042 2022 per
3064 1967 3275 2008 manus
3305 1951 3627 2025 impositio-

1978 2053 2108 2092 nem
2139 2038 2548 2092 tantummodo
2583 2052 2696 2092 non
2722 2054 2892 2108 posse
2920 2037 3292 2107 descendere,
3327 2056 3461 2095 cum
3497 2058 3622 2097 ma-

1977 2124 2254 2180 nifestum
2278 2127 2355 2181 sit
2375 2125 2675 2181 haereticos
2698 2126 2998 2197 Baptisma
3028 2143 3140 2182 non
3174 2127 3406 2183 habere.

2045 2214 2366 2270 Victoritus
2397 2233 2431 2270 a
2488 2213 2791 2270 Thabraca
2847 2215 3027 2270 dixit:
3086 2215 3146 2271 Si
3175 2215 3309 2272 licet
3337 2217 3624 2273 haereticis

1978 2304 2270 2374 baptizare
2299 2309 2355 2359 et
2384 2303 2696 2359 remissam
2721 2309 3088 2376 peccatorum
3129 2306 3286 2372 dare,
3322 2307 3462 2377 quid
3491 2307 3625 2362 illos

1979 2391 2335 2448 infamamus
2365 2399 2421 2447 et
2449 2391 2751 2448 haereticos
2783 2391 3150 2464 appellamus
3172 2393 3200 2448 ?

2049 2479 2216 2537 Alius
2247 2480 2404 2536 Felix
2433 2483 2506 2536 ab
2525 2481 2752 2537 Uthina
2775 2481 2950 2536 dixit:
2970 2481 3201 2537 Nemini
3234 2484 3479 2540 dubium
3516 2489 3627 2551 est,

1979 2570 2337 2625 sanctissimi
2353 2570 2818 2641 consacerdotes,
2834 2575 3194 2626 nontantum
3231 2589 3400 2644 posse
3424 2573 3630 2629 huma-

1980 2676 2114 2715 nam
2150 2659 2661 2731 prazsumptionem
2694 2664 2985 2731 quantum
3020 2660 3244 2716 Domini
3279 2664 3456 2718 nostri
3490 2662 3629 2718 Jesu

1980 2747 2194 2804 Christi
2226 2749 2584 2803 adorandam
2611 2753 2667 2804 et
2696 2748 3082 2805 venerabilem
3098 2749 3626 2820 majestatem.Me-

1981 2853 2171 2894 mores
2201 2854 2338 2910 ergo
2372 2837 2635 2910 periculi,
2669 2837 2777 2894 hoc
2810 2854 3043 2910 quoque
3095 2855 3210 2894 non
3259 2843 3490 2893 tantum
3522 2840 3626 2894 ob-

1979 2943 2207 2982 servare
2237 2927 2538 2996 debemus,
2569 2942 2773 2982 verum
2807 2928 2982 2982 etiam
3015 2928 3086 2982 ab
3135 2927 3412 2982 omnibus
3455 2927 3626 2982 nobis

1978 3016 2310 3072 conﬁrmari
2343 3020 2572 3088 oportet
2601 3017 2710 3088 (59)
2742 3021 2807 3070 ut
2845 3032 3050 3071 omnes
3107 3015 3358 3071 haeretici
3417 3017 3516 3087 qui
3550 3016 3622 3072 ad

1977 3105 2172 3160 sinum
2230 3105 2436 3160 matris
2467 3103 2732 3160 Ecclesia:
2791 3109 3104 3159 accurrunt
3137 3104 3523 3176 baptizantur,
3561 3109 3625 3160 ut

1978 3211 2144 3249 mens
2175 3195 2466 3262 haeretica,
2499 3211 2626 3265 qua:
2653 3193 2931 3249 diuturna
2950 3193 3083 3249 tabe
3116 3192 3338 3265 polluta
3367 3199 3473 3266 est,
3498 3210 3628 3249 san-

1977 3283 2326 3339 ctiﬁcatione
2354 3283 2587 3339 Lavacri
2620 3288 2868 3356 purgata
2921 3282 2980 3337 in
3015 3281 3224 3338 melius
3255 3283 3622 3338 reformetur.

2048 3372 2290 3436 Quietus
2324 3389 2358 3427 a
2385 3372 2609 3427 Baruch
2644 3373 2758 3445 (60)
2789 3372 2975 3428 dixit:
3033 3372 3140 3437 Qui
3210 3371 3323 3426 fide
3352 3370 3624 3441 vivimus,

1978 3461 2222 3533 obsequi
2253 3461 2327 3516 iis
2358 3478 2484 3534 quae
2518 3461 2884 3518 instruendis
2937 3461 3104 3516 nobis
3161 3463 3326 3515 aucte
3355 3460 3631 3531 praedicta

1979 3554 2117 3605 sunt
2146 3549 2385 3608 credula
2404 3548 2806 3606 observatione
2823 3549 3125 3606 debemus.
3161 3548 3308 3604 Nam
3341 3547 3628 3620 scriptum

1650 3693 1979 3754 Variorum
2027 3701 2212 3754 notae.

197 3799 405 3856 Aliam
424 3796 730 3854 lectionem
762 3813 888 3870 qua:
909 3795 1088 3870 habet
1107 3813 1273 3870 super
1291 3804 1531 3863 Petrum,
1547 3797 1660 3870 legi
1685 3798 1743 3852 in
1769 3816 1868 3855 co-

201 3873 352 3927 dice
381 3869 758 3942 Seguieriano
779 3875 836 3925 et
857 3868 1367 3942 inaliistredecim
1395 3887 1409 3936 ;
1438 3875 1494 3942 et
1524 3868 1868 3942 sric'quoque

203 3941 508 4012 scriptum
543 3941 760 4012 essein
811 3941 1112 3996 codicibus
1178 3941 1594 4012 manuscriptis
1625 3941 1866 4012 operum

203 4011 412 4070 sancti
445 4011 754 4084 Augustini
789 4019 1028 4066 monent
1057 4013 1439 4068 eruditissimi
1473 4011 1866 4084 monachiBe-

204 4084 502 4142 nedictini
535 4083 633 4154 qui
670 4088 1024 4154 postremam
1065 4100 1306 4151 operum
1369 4085 1496 4154 ejus
1552 4083 1868 4141 editionem

202 4162 523 4214 curarunt.
555 4158 742 4225 Atque
773 4170 1052 4228 egosane,
1072 4155 1170 4228 qui
1195 4155 1315 4228 scio
1347 4160 1617 4228 sanctum
1639 4157 1871 4228 Cypria-

203 4245 368 4285 num
402 4227 733 4298 frequenter
762 4225 1012 4298 scribere
1041 4225 1359 4282 Ecclesiam
1393 4243 1520 4282 esse
1564 4225 1867 4284 fundatam

202 4316 404 4372 super
432 4303 692 4372 Petrum,
735 4297 902 4372 facile
932 4315 1058 4372 eam
1116 4299 1420 4372 lectionem
1457 4299 1866 4370 praetulissem,

203 4369 354 4444 quae
386 4369 591 4444 nititur
620 4369 966 4444 auctoritate
989 4369 1380 4440 plurimorum
1414 4369 1671 4444 veterum
1702 4372 1873 4444 libro-

203 4441 378 4506 r'um,
412 4442 523 4496 nisi
554 4441 1089 4513 animadvertissem
1123 4442 1616 4513 comparationem
1658 4443 1750 4498 hic
1780 4444 1868 4496 in-

200 4514 390 4571 stitui
420 4513 570 4568 inier
588 4512 905 4568 Ecclesium
940 4516 996 4567 et
1025 4512 1593 4586 haeresim,iadeoque
1620 4515 1870 4586 retinen-

202 4590 363 4642 dam
395 4600 521 4639 esse
551 4600 746 4639 vocem
762 4588 992 4654 petram,
1022 4585 1080 4640 in
1116 4601 1232 4656 qua
1253 4585 1574 4640 aediﬁcatur
1595 4585 1869 4656 Ecclesia,

203 4663 286 4714 ut
311 4656 395 4711 ait
416 4657 781 4728 Augustinus
806 4656 992 4728 ;7ini'ra
1011 4656 1069 4711 in
1098 4656 1449 4711 allocutione
1464 4657 1725 4711 Januarii
1748 4657 1873 4711 Mur

205 4710 596 4798 z—ulensisfp.
630 4728 756 4792 33/1,
808 4710 1068 4798 legitur:
1109 4710 1370 4783 Ecclesia
1398 4731 1449 4782 et
1484 4710 1709 4784 haeresis
1751 4710 1878 4783 duae
1909 4710 1954 4773 D

205 4803 462 4856 diversae
499 4815 584 4854 res
621 4807 769 4854 sunt.
797 4799 933 4854 BAL.
960 4829 1025 4840 -—
1057 4801 1405 4870 Quanquam
1437 4799 1508 4853 de
1540 4801 1646 4853 hac
1686 4815 1745 4853 re
1774 4816 1876 4853 sae-

205 4873 369 4946 pius
400 4871 776 4946 monuimus,
802 4870 954 4939 quod
990 4870 1303 4946 importuni
1331 4870 1552 4946 librarii
1585 4871 1683 4925 ubi
1708 4875 1882 4946 petra:

203 4941 573 5000 occurrebat
603 4945 840 5009 mentio,
873 4941 1080 5014 statim
1121 4943 1190 4997 ad
1225 4944 1457 4997 Petrum
1490 4942 1546 4996 id
1581 4941 1879 5014 pertrahe-

204 5018 408 5072 bant:
443 5021 638 5068 tamen
667 5029 798 5067 cum
832 5013 1080 5086 Rigaltio
1129 5015 1223 5068 hic
1273 5013 1591 5086 observare
1615 5031 1718 5084 par
1749 5013 1879 5082 erit,

205 5087 605 5154 Augustinum
626 5084 967 5154 exemplaris
986 5088 1077 5140 sui
1091 5086 1252 5154 ﬁdem
1279 5089 1523 5140 secutum
1547 5084 1638 5140 hic
1651 5086 1845 5153 legisse
1863 5101 1881 5137 :

205 5156 542 5225 i‘Ediﬁcavit
570 5157 869 5212 Ecclesiam
919 5173 1075 5211 suam
1142 5156 1386 5211 Christus
1443 5171 1610 5227 super
1645 5165 1880 5226 petram,

205 5246 350 5286 non
369 5244 537 5298 super
556 5243 805 5282 arenam.
833 5228 991 5282 FELL.

301 5297 603 5368 (54)’Velut
628 5315 870 5354 concere.
903 5303 1027 5354 Vox
1053 5303 1204 5353 recte
1236 5314 1296 5352 se
1315 5299 1492 5354 habet
1517 5317 1529 5362 ;
1565 5302 1886 5368 quantum-

197 5367 320 5428 vis
349 5369 666 5442 reclamant
704 5371 944 5442 quidam
1003 5367 1748 5442 grammatici.iLucretius,
1783 5367 1884 5422 lib.

202 5463 278 5513 v,
327 5441 486 5504 dicit,
523 5441 780 5497 Canceris
810 5450 870 5496 ut
917 5447 1088 5497 vertat
1130 5444 1302 5496 metas
1346 5441 1415 5496 ad
1444 5441 1794 5513 solstitiales;
1829 5443 1887 5494 et

211 5511 513 5571 neutrum
539 5529 686 5579 esse,
719 5519 893 5584 prout
924 5513 1017 5570 hic
1038 5518 1378 5585 usurpatur,
1403 5514 1619 5569 diserte
1638 5511 1894 5566 afﬁrmat

214 5585 602 5644 Priscianus.
647 5585 884 5640 FELLUS.

317 5657 430 5728 (55)
462 5658 917 5728 Ρνιεεαητριονθε.
952 5655 1227 5728 Conferas
1267 5654 1506 5728 Suﬂrag.
1544 5651 1896 5710 Secundiani

215 5749 264 5788 ε.
306 5725 633 5800 Thamheis
661 5725 815 5799 quod
849 5727 1268 5800 octogesimum
1295 5725 1416 5800 est.
1453 5727 1674 5800 Rou'rii.

319 5798 431 5872 (56)
453 5794 695 5856 Ριθὺίιεὲ
718 5803 772 5856 et
799 5794 1032 5856 tabido}.
1064 5798 1129 5856 In
1174 5797 1438 5871 Foxiens,
1469 5794 1687 5869 ﬂebiles
1724 5804 1775 5853 et
1801 5795 1900 5852 ha-

1978 3799 2133 3865 biles,
2168 3814 2492 3870 perperam,
2526 3798 2793 3870 Tabidos
2815 3798 3115 3854 haereticos
3146 3797 3323 3870 dicit,
3347 3798 3513 3868 quasi
3541 3802 3628 3853 ta-

1978 3869 2474 3925 bescentes’mmro
2484 3887 2540 3925 re
2557 3875 2614 3925 et
2631 3869 2901 3941 squalore
2917 3869 3286 3941 pmnitentiae.
3312 3869 3538 3924 ΒιοΑιτ.
3563 3902 3629 3910 —-

1981 3941 2229 4013 Dubium
2263 3959 2336 3996 an
2365 3941 2652 4013 intelligat
2679 3943 2914 3997 Cassius
2937 3959 3005 3996 ex
3036 3941 3374 4013 poenitentia
3406 3941 3626 4010 squali-

1978 4014 2084 4068 dos
2115 4018 2171 4068 et
2197 4012 2471 4085 lacrymis
2503 4011 2837 4068 difﬂuentes
2863 4031 2875 4080 ;
2910 4030 2983 4067 an
3014 4011 3186 4067 malis
3210 4011 3469 4085 moribus
3497 4028 3624 4085 cor-

1978 4089 2184 4157 ruptos
2214 4089 2269 4139 et
2298 4083 2649 4156 deploratos.
2686 4086 2842 4140 Infra
2871 4085 3122 4157 dicitur:
3166 4084 3312 4157 Mens
3339 4083 3623 4157 haeretica,

1978 4155 2104 4228 qua?
2131 4155 2400 4211 diuturna
2426 4157 2547 4212 tabe
2575 4157 2785 4227 polluta
2812 4161 2924 4211 est:
2957 4155 3108 4227 quod
3144 4155 3212 4209 ad
3244 4156 3625 4226 posteriorem

1978 4227 2217 4286 sensum
2252 4227 2506 4283 icclinat.
2533 4229 2772 4283 FELLUS.

2070 4301 2165 4370 57)
2190 4299 2461 4370 Ecclesiae
2484 4301 2811 4354 assistimus.
2864 4299 3061 4353 Graeca
3109 4298 3322 4368 lnterp.
3379 4295 3626 4349 συνιστά-

1984 4367 2118 4443 μεθα
2145 4367 2214 4443 cf;
2237 4367 2516 4439 ἐκκλησίᾳ.
2553 4371 2772 4443 ΒΟΟΊἮ.
2995 4441 3000 4443 _
3091 4441 3098 4443 Α
3159 4441 3174 4443 _
3274 4367 3281 4368 ί
3321 4413 3327 4443 ί

2054 4443 2158 4512 (58)
2189 4438 2484 4510 Quomodo
2507 4442 2854 4496 Christianos
2885 4441 3120 4512 faciunt.
3159 4441 3273 4492 Ista
3306 4439 3521 4512 desunt
3570 4438 3627 4492 in

1983 4516 2243 4592 quinque
2263 4512 2525 4592 antiquis
2553 4513 2851 4592 codicibus
2867 4517 2923 4592 et
2951 4511 3106 4592 apud
3139 4511 3555 4592 Augustipum,
3575 4512 3633 4591 et

1982 4581 2084 4656 pro
2116 4581 2190 4640 iis
2221 4581 2434 4656 legitur
2481 4583 2826 4654 simpliciter
2852 4585 3012 4656 ﬁunt,
3048 4587 3113 4635 ut
3142 4581 3516 4656 scribendum
3546 4582 3629 4635 vi-

1985 4654 2210 4720 deatur,
2243 4654 2586 4710 siCrisliani
2631 4671 2740 4708 non
2796 4656 2942 4723 sunt,
2975 4655 3131 4722 ﬁant,
3165 4654 3458 4723 quomodo
3492 4655 3624 4723 post

1985 4728 2106 4782 haec
2136 4727 2292 4782 edita
2323 4727 2604 4796 scriptum
2635 4725 2962 4780 vidimusin
2995 4725 3192 4780 codice
3214 4726 3400 4780 sancti
3424 4723 3636 4781 Arnul-

1991 4800 2111 4871 phi.
2134 4798 2321 4857 ,Fiunt
2351 4795 2528 4863 enim,
2564 4814 2678 4852 non
2711 4800 3032 4871 nascuntur
3060 4796 3396 4866 Christiani,
3420 4797 3501 4871 uti
3536 4795 3637 4871 ob;

1991 4866 2283 4926 servatum
2309 4875 2398 4924 est
2428 4886 2606 4942 supra
2639 4885 2774 4942 pag.
2842 4869 2965 4934 373,
3027 4873 3335 4942 Βιὲῐδρχιυβ1
3365 4866 3635 4942 -:_Apud

1991 4943 2358 5009 Augustinum
2390 4938 2743 5011 quidemet:
2783 4944 3019 5011 auctore
3071 4938 3246 5001 Fello,
3281 4939 3356 4993 M.
3391 4938 3550 5011 Ebur.
3584 4941 3640 4990 et

1993 5008 2148 5086 Bold.
2181 5015 2215 5086 2
2243 5008 2654 5086 Zonaramque
2709 5008 3039 5086 théoﬁmoav
3065 5011 3164 5086 qui
3197 5011 3391 5074 habet,
3426 5008 3641 5078 legitur

1993 5085 2150 5153 ﬁant,
2183 5084 2392 5156 ipsum,
2412 5081 2580 5156 illud,
2613 5081 2766 5155 quod
2792 5081 3076 5156 nobis_vir
3105 5082 3311 5156 doctus
3342 5095 3637 5156 commen-

1994 5152 2262 5232 datL‘Séd
2297 5155 2441 5232 mihi
2474 5152 2668 5232 tamen
2696 5154 3098 5232 ampliandum
3140 5152 3636 5232 videtur:_li.ov_rs.

2064 5228 2181 5294 (59)
2218 5227 2546 5297 Conﬁrmari
2574 5223 2812 5298 oportet:
2835 5226 2931 5298 Sic
2985 5223 3504 5298 emendate‘edidit
3533 5225 3638 5298 Ba-

1997 5292 2186 5352 luzius
2220 5292 2466 5370 fortasse
2495 5316 2563 5353 ex
2593 5292 2826 5370 scriptis
2847 5297 3009 5370 suis;
3042 5296 3183 5350 dum
3215 5293 3311 5370 alii
3344 5292 3640 5370 aut_omit-

2000 5376 2132 5424 tunt
2156 5369 2394 5425 verbum
2421 5374 2649 5440 oportet,
2679 5365 3002 5438 conﬁrmari
3011 5373 3205 5421 tamen
3223 5365 3307 5440 vel
3320 5365 3646 5434 conﬁrmare

1999 5441 2278 5512 legentes,
2313 5445 2413 5496 aut
2440 5437 2680 5495 verbum
2711 5437 2962 5512 debemus
2993 5442 3126 5509 post
3153 5437 3501 5507 conﬁrmare,
3531 5452 3645 5492 non

2003 5511 2152 5585 post
2171 5511 2474 5585 observare,
2509 5516 2802 5585 praestant.
2837 5511 3058 5585 RpU'm.

2075 5584 2187 5652 (60)
2238 5577 2526 5651 Quietusd
2583 5584 2816 5638 Baruch.
2877 5583 2940 5637 In
2997 5580 3321 5652 Veronensi
3372 5577 3656 5652 Confessor

2007 5650 2241 5729 Quietus
2259 5650 2531 5738 a‘B_ura.g.
2550 5654 2781 5738 Eicitur.
2815 5653 2979 5738 -ΒΞ
3004 5651 3194 5708 titulis
3224 5651 3356 5708 istis
3385 5650 3659 5706 Baluzius

2011 5725 2190 5800 supra
2219 5725 2328 5781 sub
2357 5725 2594 5783 initium
2616 5731 2915 5783 notarum.
2939 5725 3162 5781 Rou'rs.
