4098 6178
281 317 438 378 1105

1294 317 1496 378 PARS
1541 318 1587 377 Ι.
1623 349 1701 363 -
1733 315 2234 379 MONUMENTA
2274 317 2682 382 VETERUM.

3541 321 3698 382 Ηοδ

285 446 577 519 baptizare
616 462 725 502 nos
772 446 990 516 dicant,
1045 448 1278 519 quando
1329 446 1586 504 Ecclesia
1632 447 1938 504 haereticos
1967 451 2022 517 Α
2051 448 2238 504 clesiae
2288 449 2582 521 baptismo
2632 449 3026 520 remittantur,
3062 451 3161 524 qui
3221 451 3558 507 haereticum
3621 453 3695 508 ad

284 551 399 592 non
433 536 771 608 rebaptizet,
805 537 910 592 sed
940 537 1210 607 baptizet.

357 625 684 680 Demetrius
700 643 732 679 a
747 624 1109 699 Leptiminus
1125 625 1237 697 (69)
1251 624 1396 680 dixit
1411 641 1423 681 :
1441 626 1633 682 Unum
1648 625 1940 698 baptisma

285 730 393 770 nos
424 713 815 781 custodimus,
853 716 991 785 quia
1032 713 1299 770 Ecclesiae
1347 714 1642 770 catholica
1675 715 1781 770 soli
1814 733 1936 771 rem

284 819 459 859 suam
472 802 858 858 vindicamus.
875 805 982 868 Qui
998 806 1189 859 autem
1205 801 1823 876 dicuntquiahseretici
1843 819 1937 859 ve-

286 909 346 948 re
362 897 418 947 et
443 892 691 962 legitime
712 892 1149 964 baptizant,ipsi
1171 898 1310 948 sunt
1333 891 1434 965 qui
1457 909 1572 948 non
1596 910 1777 948 unum
1801 894 1933 966 (70),

285 983 388 1037 sed
423 983 608 1036 multa
646 981 1003 1052 baptismata
1050 981 1292 1038 faciunt.
1329 981 1473 1040 Nam
1524 997 1657 1038 cum
1687 982 1938 1038 haereses

288 1070 487 1126 multa:
535 1071 674 1141 sint,
706 1071 915 1126 1066
967 1088 1067 1143 pro
1116 1086 1318 1126 earum
1368 1084 1616 1127 numero
1662 1075 1718 1127 et
1747 1071 1936 1143 bapti-

283 1166 478 1215 smata
512 1161 1036 1231 computabantur.

355 1249 654 1304 Vicentius
709 1266 744 1304 a
797 1248 1035 1304 Thibari
1105 1249 1284 1304 dixit:
1345 1249 1656 1305 Haereticos
1715 1249 1936 1305 scimus

281 1354 412 1394 esse
444 1338 669 1410 pejores
702 1353 880 1409 quam
926 1336 1190 1393 ethnicos
1237 1338 1374 1408 (74).
1405 1337 1458 1393 Si
1504 1353 1641 1410 ergo
1673 1339 1936 1394 conversi

281 1428 354 1482 ad
391 1427 701 1481 Dominum
734 1425 929 1481 venire
958 1425 1266 1494 voluerint,
1298 1427 1588 1482 habemus
1619 1426 1821 1496 utique
1847 1441 1935 1482 re-

279 1515 481 1587 gulam
528 1513 810 1579 veritatis,
859 1531 1033 1586 quam
1084 1514 1372 1570 Dominus
1429 1518 1713 1586 praecepto
1745 1513 1937 1571 divino

283 1602 586 1659 mandavit
641 1603 940 1675 Apostolis
1017 1604 1215 1659 dicens
1289 1603 1500 1675 (Matth.
1558 1621 1612 1670 x,
1668 1603 1782 1674 8);
1840 1604 1935 1675 lle,

279 1695 346 1747 in
387 1693 613 1747 nomine
657 1706 776 1746 meo
824 1707 1054 1746 manum
1103 1693 1388 1763 imponite,
1442 1691 1717 1749 clamante
1749 1693 1937 1763 expel-

282 1783 402 1836 lite.
435 1782 505 1835 Et
534 1779 644 1835 alio
692 1779 819 1836 loco
867 1781 1078 1853 (Matth.
1122 1797 1317 1850 xxvm,
1372 1781 1496 1848 19):
1549 1781 1648 1851 Ite,
1680 1785 1735 1836 et
1762 1782 1959 1838 docete.

281 1877 489 1939 gentes,
537 1871 875 1940 baptizantes
921 1885 1006 1925 eos
1061 1871 1120 1923 in
1166 1873 1388 1925 nomine
1434 1871 1615 1924 Patris
1643 1875 1695 1924 et
1725 1869 1855 1924 Filii
1884 1878 1937 1924 et

284 1959 532 2031 Spiritus
559 1959 758 2012 sancti.
791 1958 940 2030 Ergo
989 1958 1178 2029 primo
1228 1974 1331 2030 per
1369 1974 1580 2012 manus
1610 1957 1936 2030 impositio-

285 2063 421 2104 nem
445 2047 506 2102 in
538 2046 880 2111 exorcismo,
926 2047 1182 2102 secundo
1229 2063 1332 2118 per
1384 2047 1660 2118 baptismi
1695 2062 1936 2119 regene-

280 2138 527 2201 tionem,
585 2140 725 2190 tunc
800 2139 1050 2206 possunt
1101 2134 1174 2191 ad
1205 2135 1415 2190 Christi
1450 2133 1933 2208 pollicitationem

278 2226 502 2280 venire.
538 2223 696 2278 Alias
727 2227 923 2279 autem
958 2223 1082 2280 ﬁeri
1113 2241 1324 2280 conseo
1347 2241 1461 2280 non
1489 2223 1718 2280 debere.

358 2314 587 2369 Marcus
619 2331 654 2368 a
701 2313 941 2369 Mactari
987 2313 1166 2368 dixit:
1218 2311 1553 2369 Mirandum
1602 2329 1717 2370 non
1767 2316 1935 2370 estsi

280 2400 542 2458 haeretici
575 2401 774 2457 hostes
815 2405 992 2474 atque
1039 2402 1478 2475 impugnatores
1522 2402 1783 2459 veritatis
1813 2420 1934 2459 rem

280 2490 400 2547 sibi
433 2491 735 2546 vindicant
764 2491 1076 2560 potestatis
1105 2495 1162 2546 et
1190 2489 1548 2563 dignationis
1570 2490 1789 2548 alienae.
1821 2492 1933 2548 Sed

276 2578 450 2635 illum
479 2580 817 2635 mirandum
840 2583 929 2635 est
952 2580 1105 2651 quod
1130 2579 1372 2651 quidam
1397 2581 1580 2635 nostri
1605 2577 1938 2651 praevarica-

278 2674 440 2724 tores
469 2669 728 2724 veritatis
759 2668 1045 2724 haereticis
1075 2668 1473 2740 suffragantur
1503 2674 1561 2724 et
1585 2668 1934 2725 Christianis

277 2758 680 2813 adversantur.
704 2761 1015 2829 Propterea
1044 2758 1392 2813 decerninus
1423 2755 1725 2813 haereticos
1754 2758 1938 2829 bapti-

279 2847 504 2902 zandos
539 2862 687 2901 esse.

359 2935 579 2990 Sattius
611 2935 722 3007 (72)
783 2951 814 2990 a
865 2932 1144 2990 Sicilibba
1196 2934 1379 2990 dixit:
1440 2933 1501 2990 Si
1557 2932 1844 2990 haereticis
1875 2937 1934 2990 in

280 3023 582 3096 baptismo
614 3040 722 3080 sua
752 3028 989 3095 peccata
1018 3025 1329 3090 donantur,
1372 3023 1494 3079 sine
1525 3040 1702 3079 causa
1730 3025 1801 3079 ad
1834 3025 1936 3080 Ec-

280 3113 529 3168 clesiam
561 3113 820 3168 veniunt.
855 3113 1000 3168 Nam
1049 3129 1183 3168 cum
1226 3113 1284 3166 in
1333 3112 1424 3168 die
1459 3111 1670 3183 judicii
1701 3118 1940 3185 peccata

2050 537 2642 593 communicationem
2675 541 2802 594 sine
2832 541 3124 612 baptismo
3155 539 3436 608 admittit,
3472 544 3698 595 utrum-

2050 642 2164 699 que
2194 631 2395 682 contra
2427 625 2709 683 rationem
2743 628 2899 697 facit,
2931 645 3037 684 nec
3064 629 3366 686 haereticos
3398 634 3698 702 purgat,et

2047 714 2409 771 Christianos
2439 715 2709 787 inquinat
2739 717 2878 789 (73).

2118 803 2387 860 Aurelius
2420 805 2491 860 ab
2525 803 2688 860 Utica
2727 805 2840 875 (74)
2871 805 3051 862 dixit:
3109 810 3252 861 Cum
3302 806 3456 862 dicat
3487 808 3534 876 (1
3561 806 3694 862 Tim.

2047 908 2100 964 v,
2130 893 2246 964 22),
2295 894 2611 964 Apostolus
2661 909 2776 950 non
2826 895 3385 950 communicandum
3444 894 3697 968 peccatis

2047 981 2276 1051 alienis,
2308 979 2446 1053 quid
2481 980 2638 1038 aliud
2665 999 2840 1054 quam
2865 984 3117 1055 peccatis
3147 982 3354 1040 alienis
3378 984 3700 1040 communi-

2047 1075 2138 1126 cat
2168 1071 2267 1142 qui
2301 1070 2587 1127 haereticis
2617 1072 2744 1127 sine
2763 1069 3029 1128 Ecclesiae
3050 1071 3345 1145 baptismo
3363 1072 3698 1128 communi-

2048 1159 2188 1215 cat?
2215 1159 2285 1214 Et
2313 1158 2442 1216 ideo
2473 1175 2680 1216 censeo
2710 1161 3096 1233 baptizandos
3144 1179 3272 1216 esse
3303 1162 3603 1218 haereticos
3634 1167 3700 1217 ut

2047 1249 2337 1320 accipiant
2364 1247 2674 1305 remissam
2703 1256 3095 1322 peccatorum,
3118 1255 3174 1306 et
3196 1251 3279 1306 sic
3302 1247 3420 1307 illis
3442 1266 3702 1306 commu-

2046 1336 2293 1392 nicetur.

2119 1425 2321 1481 1081
2355 1425 2604 1482 Jambus
2637 1426 2744 1500 (75)
2775 1443 2810 1483 a
2856 1427 3304 1484 Germaniciana
3355 1429 3470 1500 (76)
3513 1427 3695 1486 dixit:

2048 1514 2156 1579 Qui
2186 1515 2589 1571 haereticorum
2635 1517 2932 1588 baptisma
2979 1516 3250 1588 probant,
3283 1522 3547 1573 nostrum
3580 1518 3700 1573 im-

2047 1604 2319 1676 probant,
2349 1610 2416 1658 ut
2445 1610 2607 1659 extra
2655 1601 2970 1660 Ecclesiam
3002 1622 3117 1660 non
3171 1604 3361 1660 dicam
3389 1605 3560 1676 lotos,
3595 1608 3697 1663 sed

2048 1692 2404 1763 sordidatos,
2439 1697 2650 1765 negent
2681 1693 2793 1766 (77)
2824 1693 2884 1748 in
2934 1692 3190 1749 Ecclesia
3217 1691 3495 1764 baptizari
3529 1711 3698 1768 opor-

2047 1785 2188 1836 tere.

2120 1869 2410 1926 Duciauus
2432 1887 2463 1925 a
2493 1869 2759 1926 Rucuma
2789 1871 2972 1925 dixit:
3016 1869 3308 1943 Scriptum
3352 1875 3441 1926 est
3471 1870 3624 1942 (Gen.
3660 1889 3698 1940 1,

2048 1960 2094 2028 ll)
2124 1975 2136 2014 ε
2173 1960 2234 2014 Et
2264 1958 2400 2014 vidit
2424 1960 2559 2014 Deus
2589 1959 2783 2029 lucem,
2817 1963 2949 2030 quia
2980 1959 3126 2014 bona
3152 1961 3250 2025 est,
3281 1967 3332 2014 et
3375 1957 3568 2014 divisit
3604 1961 3698 2014 in-

2046 2056 2128 2103 ter
2158 2047 2333 2104 lucem
2387 2055 2440 2103 et
2497 2047 2772 2103 tenebras.
2833 2047 2890 2103 Si
2921 2052 3111 2119 potest
3165 2047 3280 2102 luci
3329 2051 3383 2103 et
3438 2046 3700 2105 tenebris

2046 2135 2571 2208 convenire,potest
2587 2135 2757 2191 nobis
2780 2141 2837 2191 et
2856 2136 3142 2192 haereticis
3155 2135 3374 2208 aliquid
3399 2151 3528 2192 esse
3545 2153 3698 2192 com-

2047 2225 2560 2297 mune.Propterea
2581 2240 2788 2280 censeo
2813 2223 3114 2281 haereticos
3135 2222 3518 2297 baptizandos
3547 2241 3696 2282 esse.

2114 2311 2463 2387 Pelagianus
2519 2330 2553 2369 a
2609 2313 2966 2386 Luperciana
3022 2312 3203 2369 dixit:
3264 2311 3555 2386 Scriptum
3613 2319 3704 2370 est

2045 2406 2141 2476 (111
2170 2408 2465 2475 Reg.xv111,
2495 2404 2587 2475 21)
2611 2419 2625 2458 :
2661 2409 2775 2458 Aut
2805 2403 2954 2459 enim
2983 2403 3245 2459 Dominus
3274 2403 3418 2459 Deus
3453 2412 3532 2458 est
3563 2403 3695 2476 (78),

2044 2497 2140 2547 aut
2169 2494 2308 2548 Baal
2341 2493 2486 2548 Deus
2514 2495 2614 2548 est.
2631 2492 2714 2547 Ita
2743 2495 2799 2547 et
2829 2505 3006 2562 nunc,
3033 2496 3134 2547 aut
3161 2490 3421 2548 Ecclesia
3443 2489 3702 2548 Ecclesia

2046 2584 2153 2645 est,
2188 2586 2288 2634 aut
2329 2577 2578 2634 Heresis
2629 2578 2885 2635 Ecclesia
2940 2585 3048 2635 est.
3111 2580 3284 2636 Porro
3339 2577 3389 2636 si
3446 2581 3696 2637 Haeresis

2045 2665 2304 2723 Ecclesia
2333 2683 2450 2722 non
2508 2671 2616 2734 est,
2663 2669 2956 2739 quomodo
3003 2683 3132 2725 esse
3189 2667 3343 2742 apud
3391 2669 3694 2726 haereticos

2045 2757 2341 2827 baptisma
2372 2756 2640 2812 Ecclesia:
2667 2755 2905 2827 potest?

2114 2843 2292 2900 Jader
2321 2844 2434 2917 (79)
2463 2863 2495 2900 a
2526 2843 2727 2900 Midila
2773 2845 2953 2902 dixit:
2987 2847 3220 2902 Scimus
3275 2863 3390 2903 non
3422 2863 3551 2902 esse
3581 2847 3695 2903 nisi

2046 2951 2229 2991 unum
2265 2933 2561 3005 baptisma
2589 2933 2649 2988 in
2679 2933 2936 2990 Ecclesia
2984 2933 3289 2991 catholica.
3324 2935 3390 2990 Et
3420 2934 3547 2991 ideo
3579 2953 3694 2991 non

2045 3023 2330 3079 debemus
2361 3021 2670 3078 admittere
2692 3022 3025 3078 haereticum
3053 3023 3161 3079 nisi
3191 3025 3520 3096 baptizatus
3539 3025 3694 3098 apud

2045 3129 2152 3168 nos
2185 3111 2376 3178 fuerit,
2405 3125 2476 3167 ne
2506 3127 2570 3167 se
2611 3115 2776 3183 putet
2803 3115 2962 3168 extra
2989 3111 3306 3170 Ecclesiam
3348 3110 3695 3170 catholicam

284 3203 408 3259 sint
434 3219 558 3274 qua
591 3202 938 3274 puniuntur,
971 3201 1121 3256 nihil
1155 3206 1244 3257 est
1292 3201 1445 3274 quod
1477 3201 1682 3256 timere
1710 3201 1940 3273 possint
1967 3187 2010 3255 C
2050 3202 2404 3273 baptizatum
2435 3217 2584 3256 esse.

285 3290 541 3347 heretici
574 3292 644 3347 de
680 3291 905 3363 judicio
954 3291 1194 3356 Christi,
1244 3291 1291 3346 si
1345 3297 1483 3346 sunt
1529 3289 1936 3346 remissionem

282 3384 658 3451 peccatorum
691 3378 1007 3434 consecuti.

353 3468 549 3523 Victor
579 3484 612 3523 a
642 3468 753 3523 Co’r
781 3468 927 3523 dixit
954 3484 967 3524 :
991 3468 1137 3524 Cum
1166 3473 1403 3539 peccata
1434 3483 1547 3523 non
1581 3467 1694 3522 nisi
1741 3467 1798 3522 in
1830 3467 1935 3525 Ec-

2118 3289 2262 3346 Item
2294 3289 2446 3345 alius
2471 3288 2691 3346 Felixa
2748 3289 3056 3346 Marazana
3112 3291 3292 3347 dixit:
3353 3291 3480 3347 Una
3529 3291 3697 3360 fides,

2045 3396 2231 3435 unum
2261 3379 2577 3451 baptisma,
2610 3379 2710 3434 sed
2776 3379 3044 3436 Ecclesia
3087 3379 3406 3447 catholicae,
3457 3381 3549 3436 cui
3583 3381 3692 3436 soli

2045 3468 2180 3525 licet
2200 3468 2514 3542 baptizare.

1706 3623 2038 3684 Variorum
2071 3630 2258 3685 notae.

348 3747 455 3819 (69)
488 3743 1085 3819 ιεριίνηζπιιδηΑὲπτις
1119 3745 1287 3819 μικρά
1311 3743 1588 3819 WP_tol‘em.
1625 3744 1771 3800 Urbs
1817 3745 1925 3819 By-

270 3816 518 3900 sacenas,
544 3816 690 3900 cum
715 3816 906 3900 Leptis
940 3819 1148 3900 Magna
1177 3816 1248 3871 ad
1289 3816 1710 3900 Tripolitanam
1726 3816 1925 3900 Aperti-

271 3896 429 3946 neat.
462 3899 507 3944 Α
539 3889 890 3961 Carthagine
922 3891 1244 3944 secundum
1295 3889 1656 3961 Antoninum
1692 3889 1924 3961 i06._M.

272 3963 335 4017 P.
372 3961 570 4016 distat.
607 3961 688 4016 De
719 3959 828 4015 hac
850 3961 1064 4015 mentio
1096 3961 1346 4015 habetur
1368 3960 1428 4014 in
1460 3959 1653 4016 collat.
1685 3959 1926 4015 Cartha.

272 4031 694 4107 gin.‘et1_‘{otit.
728 4032 905 4086 Afric.
941 4032 1106 4107 EsLL.

347 4105 461 4176 (70)
517 4103 633 4159 Non
689 4121 884 4158 unum.
953 4104 1070 4158 Non
1127 4102 1231 4157 duo
1305 4101 1671 4174 Augustinus
1727 4101 1925 4158 habet.

273 4177 704 4318 Ηῗξῖῗβείθνεδ
744 4262 908 4317 quam
949 4245 1208 4318 ethnicos.
1261 4244 1485 4318 Confer.
1533 4242 1786 4318 1Sguﬂ‘rag.
1827 4245 1928 4300 Sa-

269 4315 564 4389 turninia
590 4315 978 4389 Thuccasseu
1014 4333 1086 4389 1.11
1121 4317 1190 4389 ad
1226 4317 1516 4389 pag._102.
1551 4315 1773 4389 Reum.

345 4390 460 4460 (72)
489 4388 714 4443 Sattius.
751 4393 812 4443 Jn
847 4387 1200 4454 Corbeiensi,
1237 4387 1325 4442 ab'
1357 4387 1465 4442 hoc
1498 4388 1771 4460 episcopo
1801 4403 1925 4441 om-
1975 4407 1984 4424 ι

268 4478 378 4516 nes
412 4462 526 4515 fere
557 4459 894 4515 nominibus
927 4459 1052 4514 suis
1100 4461 1479 4528 praemittunt,
1517 4459 1575 4513 1N
1609 4475 1780 4514 pace:
1815 4475 1928 4527 qua

265 4531 525 4588 formula
555 4531 883 4604 signiﬁcare
915 4531 1205 4588 videntur.
1236 4530 1387 4604 nolle
1411 4548 1471 4585 se
1502 4529 1791 4586 sententia
1822 4547 1929 4604 sua

269 4601 637 4676 quamquam
657 4621 689 4657 a
713 4604 1144 4676 communione,
1176 4608 1231 4657 et
1259 4602 1306 4676 si
1335 4603 1628 4676 diversum
1656 4601 1926 4676 senserit,
1961 4604 2004 4669 Ι)

269 4673 562 4731 amovere.
595 4676 730 4739 Quae
786 4673 872 4729 lex
916 4675 1073 4729 dicta
1113 4690 1214 4744 per
1263 4674 1616 4746 Cyprianum
1653 4673 1838 4727 iuerat
1867 4673 1926 4727 in

271 4745 884 4820 praefationeSynodi.
921 4746 1149 4820 RiGALT.

349 4818 462 4890 (73)
491 4819 553 4890 Et
589 4813 925 4890 Christianos
965 4818 1240 4890 inquinat.
1293 4813 1660 4890 Augustinus
1688 4829 1927 4890 respon-

272 4885 572 4944 dehs'ait:
609 4889 749 4944 Illud
791 4905 924 4943 sane
971 4885 1114 4959 quod
1163 4891 1220 4942 in
1262 4889 1454 4942 ultimo
1497 4888 1684 4957 posuit
1710 4885 1929 4959 dicens:

274 4984 303 5010 ‹‹
345 4961 638 5031 Utrumque
682 4969 894 5028 contra,
943 4957 1240 5023 rationem,
1283 4963 1393 5013 etc.
1429 4981 1450 5009 ι
1496 4959 1706 5028 respuit
1733 4957 1929 5031 primi—

269 5039 363 5088 tus
393 5047 456 5085 ac
483 5029 732 5086 maxime
763 5032 1070 5101 Cyprianus
1122 5032 1236 5095 ipse
1282 5046 1404 5084 cum
1431 5030 1541 5084 sibi
1566 5029 1929 5101 ~consentien-

265 5105 421 5160 tibus
463 5103 687 5169 collegis
729 5091 870 5158 suis.
911 5102 1089 5174 Neque
1110 5091 1257 5157 enim
1288 5099 1577 5171 inquinari
1605 5117 1660 5154 se
1678 5098 1930 5174 credidit,

264 5174 493 5245 quando
525 5176 726 5245 talibus
757 5171 1289 5245 propter‘vinculum
1318 5174 1474 5242 pacis
1522 5171 1932 5245 communican-

259 5241 409 5304 dum
436 5260 551 5300 esse
581 5241 815 5300 decrevit
843 5241 1067 5300 dicens:
1104 5267 1130 5293 «
1165 5241 1447 5299 Neminem
1464 5241 1806 5312 judicantes,
1841 5249 1940 5295 aut

260 5337 302 5374 α
328 5319 467 5389 jure
515 5318 917 5389 communionis
975 5318 1215 5389 aliquem
1262 5315 1313 5370 si
1367 5314 1647 5389 diversum
1685 5315 1936 5389 senserit,

267 5383 612 5446 removentes.
663 5411 690 5439 ››
741 5388 866 5444 Vid.
919 5383 1098 5461 supra
1147 5389 1342 5460 ipsum
1396 5384 1631 5440 initium
1681 5383 1936 5441 concilii.

272 5463 511 5518 Rourn.

359 5530 475 5602 (74)
511 5531 679 5588 Utica.
715 5529 864 5586 Urbs
905 5528 1508 5602 Zeugitann-Beiuium
1535 5529 1899 5602 Romanorum
1918 5544 1938 5589 ,-

274 5595 468 5660 morte'
493 5603 715 5658 Catonis
743 5603 962 5671 nobilis,
997 5595 1061 5657 ut
1109 5602 1189 5656 ait
1226 5600 1447 5654 Plinius
1477 5595 1674 5671 Α’[τύκη
1708 5598 1941 5671 Polybio

281 5679 348 5732 et
380 5673 618 5730 Ptolem.
657 5673 821 5728 Nunc
853 5669 1085 5744 ByZerta
1120 5669 1618 5744 appellata.an1.L.

383 5691 618 5730 uelem.
657 5691 821 5728 nunc
853 5691 892 5728 ις
936 5691 1085 5729 serta
1120 5691 1426 5744 appellata.
1454 5691 1618 5724 run.

366 5745 482 5815 (75)
510 5744 754 5801 Jambus.
791 5750 853 5799 In
891 5691 1146 5801 goxiensi
1168 5759 1356 5814 neque
1387 5742 1480 5797 hic
1503 5757 1692 5813 neque
1723 5741 1781 5798 in
1813 5739 1944 5799 aliis

2039 3747 2444 3822 episcoporum
2469 3745 2809 3803 nominibus
2839 3765 2953 3804 non
2971 3747 3252 3820 leguntur
3271 3747 3692 3822 appellationes

2038 3819 2440 3890 confessorum
2474 3833 2662 3890 neque
2693 3819 3053 3890 martyrum.
3076 3819 3325 3876 RIGALT.‘
3350 3819 3424 3860 '—
3455 3819 3693 3876 Referes

2036 3894 2095 3944 te
2127 3890 2199 3944 ad
2232 3889 2446 3944 Baluzii
2481 3889 2678 3962 notam
2710 3889 2876 3946 initio
2911 3892 3088 3961 hujus
3147 3891 3374 3947 concilii
3417 3893 3691 3962 positam.

2038 3965 2215 4015 Porro
2261 3962 2432 4017 editio
2485 3961 2810 4017 Oxoniensis
2867 3963 3071 4018 titulos
3129 3961 3513 4031 conservavit,
3546 3979 3694 4032 quos

2039 4032 2276 4159 quideréi
2309 4033 2379 4087 ad
2415 4031 2649 4105 singula
2680 4033 2920 4090 nomina
2939 4033 2999 4089 in
3020 4033 3113 4090 his
3139 4036 3294 4090 notis
3326 4031 3693 4090 indicaturus

2039 4119 2192 4159 sum.
2275 4117 2447 4159 ou'rn.

2039 4119 2192 4159 sum.
2229 4117 2447 4160 HOUTH.

2108 4174 2221 4246 (76)
2253 4175 2695 4232 Germaniciano.
2726 4173 2887 4246 (Nova
2911 4174 3236 4246 nimirum,
3267 4179 3331 4230 ut
3361 4174 3433 4230 ab
3462 4173 3692 4230 Abbiri-

2037 4252 2177 4318 tana
2206 4245 2695 4318 distingueretur.
2714 4245 2887 4303 Urbis
2909 4245 3086 4317 hujus
3107 4246 3417 4318 cpiscopus
3433 4250 3696 4318 tempore

2038 4263 2177 4301 Lana
2207 4263 2387 4302 msun
2435 4263 2688 4303 ueretur.
2719 4263 2887 4303 urnis
2910 4263 3086 4317 huius
3107 4263 3417 4318 cpiscopus
3433 4263 3693 4318 tempore

2038 4316 2231 4373 collat.
2258 4263 2736 4390 Cartgagnensis
2758 4321 2881 4374 erat
2910 4317 3304 4374 Innocentius.
3337 4319 3417 4372 Ad
3451 4319 3693 4390 Byzace-

2039 4407 2172 4444 nam
2207 4388 2537 4460 pertinetfa
2556 4390 3033 4460 Germanicarum
3057 4390 3384 4460 cohortium
3407 4388 3694 4444 veteranis

2037 4459 2406 4532 habitata.l)e
2436 4461 2564 4528 hac,
2599 4465 2662 4516 ut
2691 4465 2748 4515 et
2779 4459 2906 4515 aliis
2942 4459 3255 4532 plerisque,
3291 4459 3436 4515 illud
3471 4461 3695 4516 obtinet

2039 4531 2191 4617 quod
2230 4529 2575 4617 Pliniuslib.
2605 4546 2765 4617 IV,‘(‘3.
2809 4535 2860 4599 4,
2891 4529 3091 4617 refert,
3120 4529 3271 4617 quod
3306 4548 3415 4617 non
3441 4535 3694 4617 civitates

2037 4601 2270 4672 tantum,
2291 4605 2397 4675 sed
2417 4605 2585 4657 etiam
2606 4603 2860 4658 nationes
2872 4604 3010 4675 jure
3032 4601 3152 4657 dici
3164 4606 3407 4674 possunt.
3444 4601 3691 4660 FBLLUS.

2111 4675 2224 4743 (77)
2260 4674 2322 4730 Ut
2367 4714 2378 4726 .
2418 4717 2429 4728 .
2468 4714 2479 4726 .
2519 4715 2531 4728 .
2565 4683 2782 4746 negent.
2816 4674 2974 4730 Neva
3004 4674 3278 4747 loquendi
3319 4676 3492 4744 ratio,
3526 4678 3697 4747 cujus

2038 4751 2234 4800 tamen
2269 4759 2480 4799 sensus
2513 4749 2766 4816 apertus.

2113 4815 2222 4887 (78)
2251 4818 2354 4871 Aut
2382 4818 2532 4871 enim
2561 4819 2825 4872 Dominus
2872 4818 3008 4872 Deus
3058 4823 3155 4873 est.
3189 4820 3292 4872 Aut
3324 4819 3471 4872 enim
3508 4817 3694 4872 Domi-

2043 4902 2144 4960 nus
2177 4890 2300 4942 tuus
2333 4887 2466 4944 Deus
2486 4898 2588 4945 est.
2625 4889 2706 4944 Ita
2736 4888 2908 4960 vulgo
2940 4887 3184 4944 editum.
3236 4890 3341 4946 Sed
3377 4888 3692 4960 Augustin.

2041 4957 2238 5026 habet,
2270 4961 2375 5014 Aut
2409 4963 2672 5015 Dominus
2703 4957 2969 5015 Deus—est.
3024 4961 3289 5016 Fortasse
3348 4976 3414 5014 ex
3465 4957 3695 5015 antece-

2043 5031 2214 5086 dente
2258 5048 2392 5086 voce
2420 5030 2579 5087 istud
2633 5033 2758 5086 tuus
2800 5031 3006 5086 vitiose
3055 5038 3246 5086 ortum
3278 5037 3386 5087 est.
3436 5034 3698 5100 Cumque

2041 5099 2102 5156 in
2137 5100 2360 5157 Erasmi
2411 5103 2549 5158 edit.
2585 5102 2779 5158 locum
2828 5119 2888 5158 se
2939 5105 3017 5157 ita
3077 5103 3386 5158 habentem
3427 5099 3694 5166 viderim,

2046 5175 2145 5228 Aut
2175 5175 2322 5228 enim
2357 5175 2492 5230 Deus
2522 5173 2649 5244 (sic)
2705 5180 2845 5230 Deus
2892 5184 2972 5229 est
3026 5173 3291 5229 voculam
3352 5181 3473 5229 tuus
3505 5171 3698 5228 delen-

2045 5247 2177 5301 dam
2213 5247 2429 5315 putavi.
2466 5246 2686 5301 Rou'rH.

2118 5317 2228 5388 (79)
2257 5317 2438 5373 Iader.
2472 5315 2801 5372 Editionem
2863 5315 3285 5388 Erasmianam,
3319 5315 3377 5371 in
3435 5330 3551 5385 qua
3583 5315 3696 5387 pri-

2048 5387 2217 5442 mum
2246 5389 2510 5443 omnium
2551 5391 2691 5443 Acta
2734 5387 2911 5458 huius
2967 5387 3169 5458 synodi
3227 5391 3691 5458 comparuerant,

2049 5465 2266 5514 caeteras
2290 5465 2526 5529 excepta
2549 5459 2649 5513 illa
2690 5457 2907 5513 Baluzii
2956 5457 3198 5513 imitatae
3216 5457 3384 5512 titulo
3410 5457 3688 5529 Confessa—

2049 5532 2130 5585 ris
2159 5534 2212 5585 et
2243 5527 2518 5600 Martyris
2548 5530 2704 5584 hunc
2734 5529 3074 5600 episcopum
3107 5534 3412 5584 auxerunt.
3446 5527 3556 5600 Sed
3592 5546 3691 5584 ne-

2049 5617 2158 5673 que
2189 5601 2346 5666 huic,
2373 5598 2559 5673 neque
2585 5601 2860 5673 cuiquam
2897 5598 3125 5670 patrum
3158 5598 3644 5673 subsequentium
3681 5615 3694 5673 ξ

2049 5670 2391 5742 hujusmodi
2417 5670 2614 5726 titulos
2641 5670 2893 5728 contulit
2922 5677 3021 5728 aut
3049 5670 3541 5742 Augustinus,aut
3561 5671 3698 5728 libri

2055 5741 2201 5816 ques
2230 5744 2490 5799 nominat
2510 5743 2676 5800 initio
2697 5743 2879 5814 hujus
2894 5741 3448 5801 ConciliiBaluzius.
3472 5743 3675 5800 Rou'rn
3690 5780 3702 5794 .
