4098 6178
308 261 467 323 1109

1327 263 1533 325 PARS
1583 265 1632 325 Ῑ.
1680 297 1758 309 —-
1795 261 2304 325 MONUMENTA
2352 261 2758 325 VETERUM.

3585 271 3744 331 “10

304 392 444 461 quia
475 391 960 447 consuetudinem
991 392 1138 446 ratio
1195 396 1251 447 et
1306 393 1517 448 veritas
1575 409 1808 465 semper
1863 409 1959 448 ex-
1991 395 2046 460 Α
2147 397 2355 448 Petrus
2386 393 2498 464 (98)
2529 393 2601 448 ab
2631 391 2896 465 Hippone
2934 394 3316 468 Diarrhytoru
3332 399 3508 470 m(99)
3537 399 3684 455 dixit
3718 418 3731 454 :

304 479 508 535 cludit.

2076 481 2219 537 Cum
2274 482 2570 553 baptisma
2619 499 2804 537 unum
2863 482 2940 538 sit
2999 485 3056 538 in
3107 485 3392 541 catholica
3448 487 3730 556 Ecclesia,

379 570 586 624 1070
623 568 789 625 Alius
838 569 1190 625 Saturniuns
1249 571 1320 626 ab
1378 571 1623 627 Avitinis
1672 572 1844 626 dixit:
1903 567 1963 626 Si
2074 570 2455 626 manifestum
2486 574 2574 626 est
2603 587 2719 625 non
2753 588 2923 643 posse
2953 579 3114 629 extra
3171 574 3482 630 Ecclesiam
3545 577 3734 648 bapti-

303 661 496 727 potest
514 656 908 712 Antichristus
938 658 1076 713 dare
1106 658 1279 714 alicui
1311 659 1560 731 gratiam
1585 660 1961 731 Christi,pos-

301 749 445 798 sunt
475 750 531 799 et
560 744 817 800 haeretici
841 746 1156 817 baptizare,
1191 747 1290 818 qui
1324 746 1601 820 appellati
1631 753 1775 804 sunt
1805 748 1956 804 anti-

299 833 533 888 christi.

369 921 619 984 Quintus
652 922 724 978 ab
748 928 948 994 Aggya
977 923 1088 994 (92)
1115 923 1261 979 dixit
1285 939 1298 977 :
1335 923 1433 978 Ille
1463 929 1654 996 potest
1682 926 1818 981 dare
1847 925 1953 981 ali-

293 1011 436 1080 quid
471 1010 571 1082 qui
603 1009 819 1081 aliquid
845 1011 1132 1067 habuerit.
1157 1012 1417 1068 Haeretici
1443 1018 1644 1069 autem
1667 1015 1804 1086 quid
1823 1031 1952 1087 pos-

293 1105 437 1153 sunt
466 1099 623 1168 dare,
659 1117 806 1171 quos
839 1105 1066 1155 constat
1089 1101 1234 1155 nihil
1258 1101 1472 1157 habere
1501 1103 1529 1157 ‘I

365 1188 531 1243 Alius
559 1189 834 1244 Julianus
871 1207 904 1244 a
962 1189 1333 1245 Marcelliana
1389 1190 1579 1246 dixit:
1635 1193 1693 1247 Si
1756 1197 1949 1264 potest

289 1277 467 1332 homo
489 1279 720 1333 duobus
749 1277 1002 1333 dominis
1035 1281 1268 1348 servire,
1322 1285 1431 1335 Deo
1476 1285 1533 1336 et
1578 1298 1948 1350 mamnonae,

287 1371 555 1436 potestet
584 1367 875 1438 baptisma
895 1368 1126 1423 duobus
1157 1368 1729 1435 servire,Christiano
1752 1376 1808 1426 et
1830 1371 1944 1425 has-

286 1455 469 1510 retico
501 1455 720 1525 (Matth.
761 1473 838 1522 v1,
870 1457 984 1527 24).

360 1544 555 1598 Tenax
589 1545 660 1599 ab
693 1544 927 1600 Horreis
959 1544 1145 1600 Caelia:
1177 1545 1324 1600 dixit
1356 1562 1370 1602 :
1408 1547 1707 1617 Baptisma
1764 1564 1948 1602 unum

283 1638 396 1697 est,
431 1633 533 1686 sed
569 1631 859 1688 Ecclesize.
895 1632 1001 1688 Ubi
1032 1631 1293 1688 Ecclesia
1323 1651 1435 1689 non
1485 1640 1594 1704 est,
1656 1635 1950 1706 baptisma

289 1719 414 1774 illic
444 1737 570 1775 esse
602 1737 714 1775 non
750 1727 961 1792 potest.

356 1807 522 1863 Alius
554 1809 749 1864 Victor
805 1810 914 1880 (93)
972 1810 1044 1864 ab
1101 1813 1351 1866 Assuras
1399 1812 1593 1868 dixit:
1651 1812 1947 1884 Scriptum

279 1904 374 1952 est
432 1897 568 1969 quia
628 1903 779 1954 Deus
837 1916 990 1954 unus
1075 1903 1182 1968 est,
1275 1905 1334 1954 et
1417 1899 1685 1956 Christus
1773 1918 1948 1956 unus.

281 1993 341 2040 et
395 1986 648 2042 Ecclesia
716 2004 852 2052 una,
925 1992 982 2042 et
1057 1988 1348 2058 baptisma
1431 2006 1616 2044 unum
1696 1990 1942 2061 (Ep/aea.

280 2089 363 2140 xv,
404 2076 458 2142 5,
514 2076 610 2144 6):
673 2078 966 2147 quomodo
1027 2093 1163 2149 ergo
1218 2077 1332 2132 illic
1392 2077 1672 2149 baptizari
1731 2078 1944 2150 aliquis

279 2168 478 2234 potest
509 2164 605 2219 ubi
640 2169 790 2220 Deus
837 2171 893 2221 et
936 2166 1207 2220 Christus
1272 2170 1330 2221 et
1389 2166 1644 2222 Ecclesia
1693 2183 1805 2222 non
1852 2172 1940 2222 est

273 2254 390 2324 (94)
420 2255 447 2309 ‘1

346 2344 673 2400 Donatulus
698 2361 732 2400 a
761 2349 942 2417 Capse
971 2345 1113 2402 dixit
1143 2347 1234 2402 :Et
1254 2363 1359 2419 ego
1388 2347 1747 2418 semperhoc
1776 2347 1933 2403 sensi
1987 2351 1995 2360 ‘

270 2435 336 2486 ut
367 2431 754 2505 haeretici,qui
779 2435 924 2488 nihil
949 2435 1090 2491 foris
1109 2437 1386 2507 consequi
1408 2441 1674 2505 possunt,
1697 2436 1932 2508 quando

269 2521 344 2574 ad
382 2521 698 2577 Ecclesium
731 2529 1155 2580 convertuntur
1184 2525 1572 2596 baptizentur.

339 2610 594 2666 Verulus
624 2611 736 2682 (95)
768 2630 801 2667 a
833 2613 1153 2668 Rusiccade
1184 2614 1330 2668 dixit
1364 2631 1376 2669 :
1411 2615 1592 2670 Homo
1624 2613 1931 2670 haereticus

265 2699 407 2754 dare
440 2717 554 2755 non
587 2706 778 2772 potest
809 2703 962 2772 quod
987 2719 1101 2758 non
1131 2703 1308 2758 habet
1331 2703 1536 2771 ;multo
1560 2704 1749 2774 magis
1780 2703 1932 2758 schi-

265 2788 558 2844 smaticus
578 2788 712 2860 (96),
747 2789 846 2860 qui
910 2791 1065 2862 quod
1098 2791 1301 2846 habuit
1331 2791 1553 2846 amisit.

341 2877 740 2934 Pudentianus
773 2879 1048 2934 aCuiculi
1085 2879 1200 2934 dixi
1234 2886 1272 2935 t:
1299 2878 1531 2936 Novitas
1556 2880 1930 2952 episcopatus

265 2966 479 3034 etl‘ecit,
513 2968 718 3024 fratres
749 2967 1231 3040 dilectissimiJut
1262 2971 1610 3025 sustinerem
1645 2971 1756 3041 (97)
1789 2971 1925 3040 quid

265 3055 523 3125 majores
547 3057 903 3126 judicarent.
938 3058 1082 3113 Nam
1114 3059 1365 3113 hereses
1397 3057 1544 3112 nihil
1575 3058 1789 3114 habere
1821 3075 1928 3114 nec

2070 658 2210 713 zari.
2245 659 2314 714 Et
2345 659 2474 714 ideo
2519 658 2578 713 in
2631 660 2843 715 Haaresi
2899 661 3108 718 tinctos
3157 663 3276 718 sive
3325 664 3383 718 in
3447 664 3732 720 schisma-

2071 749 2126 801 te
2149 747 2448 802 venientes
2471 748 2541 802 ad
2592 747 2911 803 Ecclesium
2955 765 3163 806 censeo
3230 751 3510 822 baptizari
3559 769 3730 825 opor-

2068 839 2211 890 tere.

2142 923 2287 978 item
2317 920 2469 978 alius
2503 923 2716 979 Lucius
2764 925 2834 980 ab
2891 925 3109 981 Ausafa
3147 926 3332 984 dixit:
3392 928 3730 984 Secundum

2068 1016 2292 1066 motum
2325 1013 2525 1066 1071
2564 1012 2744 1067 animi
2773 1014 2886 1069 mei
2926 1019 2984 1069 et
3021 1013 3275 1085 Spiritus
3330 1019 3539 1083 sancti,
3590 1035 3725 1074 cum

2069 1101 2146 1155 sit
2168 1117 2320 1155 unus
2343 1101 2497 1156 Deus
2531 1102 2697 1156 Pater
2728 1103 2950 1157 Domini
2985 1103 3168 1158 nostri
3195 1104 3337 1160 Jesu
3371 1106 3606 1177 Christi,
3660 1114 3719 1163 et

2065 1205 2220 1244 unus
2245 1189 2534 1259 Christus,
2565 1194 2623 1245 et
2652 1207 2769 1244 una
2801 1207 2954 1262 spes,
3017 1195 3074 1246 et
3133 1209 3286 1248 unus
3342 1194 3609 1265 spiritus,
3669 1200 3727 1251 et

2062 1295 2182 1333 una
2208 1279 2483 1345 Ecclesia,
2519 1295 2701 1333 unum
2724 1279 2896 1335 debet
2924 1295 3052 1335 esse
3081 1286 3140 1336 et
3167 1281 3480 1352 baptisma.
3499 1287 3566 1338 Et
3591 1285 3722 1340 ideo

2063 1367 2272 1432 dico,si
2307 1367 2447 1438 quid
2480 1367 2551 1422 ab
2583 1367 2870 1424 hereticis
2903 1377 3125 1424 motum
3161 1374 3262 1425 aut
3284 1370 3500 1426 factum
3525 1372 3724 1443 fuerit,

2064 1454 2316 1510 rescindi
2351 1456 2581 1522 debere,
2613 1461 2670 1511 et
2698 1471 2796 1511 eos
2828 1455 2926 1528 qui
2958 1455 3094 1513 inde
3124 1458 3369 1514 veniunt
3390 1458 3446 1513 in
3472 1459 3728 1516 Ecclesia

2063 1543 2446 1614 baptizandos
2469 1561 2618 1600 esse.

2133 1632 2276 1686 Item
2310 1631 2463 1688 alius
2484 1631 2638 1688 Felix
2669 1632 3065 1705 aGurgitibus
3123 1633 3288 1689 dixit.
3348 1636 3467 1708 Ego
3511 1652 3718 1692 censeo

2059 1725 2124 1774 ut
2179 1721 2506 1775 secundum
2555 1725 2895 1776 sanctarum
2953 1721 3390 1794 Scripturarum
3432 1729 3722 1796 praecepta

2061 1808 2390 1880 baptizatus
2435 1810 2508 1864 ab
2560 1809 2847 1867 hazreticis
2897 1809 3100 1867 illicita
3149 1817 3310 1868 extra
3379 1813 3722 1874 Ecclesium.

2059 1914 2196 1952 cum
2227 1899 2298 1952 ad
2324 1896 2639 1952 Ecclesium
2665 1899 2979 1970 confugere
3009 1898 3276 1964 voluerit,
3314 1902 3561 1973 gratiam
3615 1903 3714 1958 ba-

2057 1987 2256 2059 ptismi
2288 1987 2387 2042 ubi
2419 1987 2574 2043 licite
2604 1989 2778 2043 datur
2807 1993 3264 2060 consequantur.

2126 2076 2382 2132 Pusillus
2414 2093 2448 2131 a
2482 2077 2761 2132 Lamasba
2819 2079 2893 2149 (1)
2951 2078 3142 2134 dixit:
3200 2079 3318 2152 Ego
3373 2080 3543 2136 credo
3612 2081 3712 2137 ba-

2052 2165 2270 2236 ptisma
2301 2163 2552 2220 salutare
2584 2182 2696 2220 non
2730 2181 2858 2221 esse
2881 2166 2994 2222 nisi
3029 2165 3086 2220 in
3121 2165 3379 2222 Ecclesia
3395 2168 3710 2238 catholica;

2048 2252 2334 2325 quidquid
2367 2253 2588 2324 absque
2615 2253 2902 2309 catholica
2933 2253 3107 2310 fuerit
3135 2255 3436 2311 simulatio
3474 2262 3582 2313 est.

2115 2341 2420 2397 Salvianus
2462 2342 2540 2413 (2)
2582 2359 2616 2398 a
2643 2342 2958 2397 Gazaufala
3007 2343 3186 2399 dixit:
3221 2344 3532 2401 Hiereticos
3565 2337 3714 2402 nihil

2044 2429 2259 2486 habere
2287 2435 2518 2486 constat
2549 2447 2562 2485 :
2591 2436 2648 2486 et
2679 2431 2807 2486 ideo
2838 2432 2910 2486 ad
2944 2447 3051 2486 nos
3093 2432 3335 2488 veniunt
3376 2438 3443 2489 ut
3482 2417 3718 2506 possint

2041 2519 2302 2591 accipere
2329 2519 2482 2590 quod
2515 2535 2629 2574 non
2653 2519 2893 2575 habent.

2115 2611 2440 2666 Honoratus
2472 2627 2505 2664 a
2532 2609 2735 2664 Thuca
2765 2609 2911 2665 dixit
2945 2628 2957 2665 :
2993 2612 3136 2666 Cum
3186 2610 3453 2668 Christus
3485 2614 3700 2672 veritas

2039 2699 2117 2754 sit
2157 2698 2344 2770 magis
2403 2698 2708 2753 veritatem
2768 2715 2944 2770 quam
2989 2701 3475 2757 consuetudinem
3536 2705 3698 2776 sequi

2038 2788 2344 2851 debemus,
2379 2791 2444 2840 ut
2485 2785 2808 2854 haereticos,
2863 2788 2961 2858 qui
3005 2789 3135 2844 ideo
3179 2790 3252 2844 ad
3301 2806 3408 2845 nos
3461 2790 3701 2846 veniunt

2038 2877 2178 2947 quia
2210 2875 2350 2930 foris
2382 2873 2527 2930 nihil
2569 2876 2830 2948 accipere
2887 2881 3225 2948 potuerunt,
3280 2877 3545 2934 Ecclesiae
3594 2879 3696 2934 ba-

2038 2965 2254 3036 ptismo
2275 2963 2734 3019 sanctiﬁcemus.

2107 3053 2304 3108 Victor
2333 3054 2405 3108 ab
2437 3053 2648 3108 Octavo
2680 3052 2862 3108 dixit:
2898 3053 3060 3120 Quod
3092 3059 3149 3109 et
3174 3055 3285 3126 ipsi
3333 3054 3518 3123 scitis,
3581 3072 3696 3111 non

264 3160 443 3215 posse
474 3145 848 3201 manifestum
881 3151 991 3201 est.
1015 3148 1204 3218 Atque
1233 3146 1315 3201 ita
1353 3146 1400 3201 si
1437 3147 1536 3218 qui
1560 3163 1627 3202 ex
1656 3147 1740 3202 eis
1757 3164 1931 3203 vene-
1964 3130 2008 3196 C
2046 3141 2186 3199 olim
2219 3159 2352 3197 sum
2384 3143 2692 3214 episcopus
2721 3145 3102 3209 constitutus,
3133 3149 3191 3198 et
3221 3143 3350 3198 ideo
3399 3150 3695 3215 exspecta-

265 3231 384 3285 rint
416 3231 701 3304 baptizari
735 3233 1072 3304 aequissime
1102 3237 1386 3288 statutum
1419 3237 1528 3288 est.

2035 3233 2172 3287 ham
2204 3247 2625 3304 praecessorum
2657 3230 2990 3287 consilium.
3023 3232 3140 3287 Hoc
3183 3231 3383 3304 itaque
3423 3233 3694 3288 existimo

1689 3359 2022 3420 Variorum
2073 3363 2261 3418 notae.

261 3461 403 3537 nius
436 3477 549 3537 non
582 3479 697 3537 uno
729 3463 786 3516 in
819 3463 1049 3537 loco.[_)e
1080 3463 1258 3537 hujus
1290 3464 1453 3520 urbis
1471 3465 1744 3537 episcopo
1768 3481 1930 3520 men-

259 3533 346 3608 tio
376 3532 712 3608 habeturiu
745 3535 940 3590 collat.
974 3532 1246 3606 Carthag.
1285 3532 1524 3592 Pennus:
1567 3567 1637 3577 ——
1673 3532 1748 3590 in
1793 3553 1928 3608 pro-

261 3604 461 3678 vincia
481 3611 571 3678 est
601 3606 736 3678 sita,
759 3623 882 3676 quae
917 3604 1218 3678 Byzacena
1233 3608 1388 3662 dicta
1417 3613 1525 3663 est.
1563 3609 1782 3664 Reum.

339 3674 452 3746 (92)
479 3676 551 3729 Ab
581 3674 789 3752 Aggyai
820 3674 1065 3752 Videtur
1091 3695 1219 3752 esse
1251 3679 1494 3752 Aggiva,
1529 3680 1599 3734 de
1658 3696 1776 3750 qua
1817 3678 1928 3752 ba-

259 3747 439 3800 betur
467 3748 776 3822 mentioin
807 3749 1003 3822 collat.
1033 3747 1330 3822 Carthag.~
1346 3747 1569 3806 FELLUS
1603 3791 1616 3822 .
1648 3747 1746 3822 7——
1816 3751 1923 3804 Ms.

261 3824 466 3872 noster
496 3819 770 3883 Abachia,
807 3821 960 3875 unde
991 3819 1278 3876 incertum
1313 3839 1385 3876 an
1420 3840 1453 3877 a
1488 3821 1718 3888 Bachia,
1747 3839 1820 3876 an
1853 3822 1925 3877 ab

259 3889 469 3952 Acbia,
507 3891 813 3960 legendum
848 3892 942 3946 sit.
977 3892 1344 3948 HARDUINUS.

341 3960 453 4029 (93)
484 3963 637 4015 Atius
675 3963 868 4018 Victor.
905 3964 1264 4020 Confessoris
1297 3963 1466 4018 titulo
1516 3967 1781 4029 ornatus,
1824 3962 1923 4017 ubi

260 4047 468 4100 supra.
539 4032 819 4088 Caeterum
879 4040 1042 4088 notat
1126 4035 1482 4100 Harduinus,
1565 4035 1716 4088 hanc
1798 4050 1925 4088 esse

258 4103 533 4176 Tenacis,
597 4105 1041 4176 quiﬂprtecessit
1098 4106 1446 4161 sententiam
1506 4107 1563 4159 in
1647 4122 1757 4160 ms.
1837 4121 1925 4159 so-

258 4173 493 4228 cietatis
515 4173 652 4243 suae,
676 4173 958 4247 illamque
989 4177 1246 4232 vicissim
1283 4194 1410 4232 esse
1442 4177 1621 4247 hujus
1651 4177 1920 4231 Victoris.

263 4249 491 4299 Rou'rn.

339 4317 718 4382 (94)Ecclesia
747 4334 857 4373 non
889 4327 984 4372 est.
1019 4318 1092 4374 Ut
1147 4320 1204 4373 in
1267 4318 1553 4389 superiori
1620 4317 1919 4389 sutl‘ragio.

257 4388 628 4462 Quapropter
657 4389 921 4462 Voculam
958 4407 1069 4462 una
1097 4395 1218 4462 post
1241 4388 1498 4454 Ecclesia,
1529 4406 1702 4460 quam
1737 4388 1922 4444 nescit

256 4457 652 4527 Augustinus,
683 4460 817 4515 hinc
849 4457 1192 4530 ejiciendum
1227 4463 1450 4516 censui.
1483 4457 1702 4516 Roma.

2037 3464 2352 3519 concilium.
2386 3463 2623 3519 FELLUS.
2657 3494 2726 3502 —
2754 3467 2842 3517 An
2876 3463 3221 3518 Pudentiani
3254 3463 3428 3518 verba
3483 3460 3699 3518 navita8

2037 3537 2375 3606 episcopatus
2405 3533 2595 3590 lucem
2619 3534 2995 3589 at‘ferantillis
3030 3539 3085 3589 S.
3153 3535 3362 3606 Ignatii
3415 3535 3475 3589 in
3520 3536 3691 3606 Epist-

2038 3607 2108 3661 ad
2187 3608 2510 3675 Magnesios.
2585 3605 2685 3672 τὴν
2751 3605 3083 3675 φαινομένην
3151 3607 3477 3675 νεωτερικὴν
3549 3605 3692 3675 τάξιν

2038 3623 2108 3661 αα
2187 3623 2510 3676 anagnostes.
2585 3623 2685 3672 την
2751 3623 3083 3681 φαινομενην
3151 3624 3446 3681 νεωτερικη

2038 3677 2171 3732 aliis
2203 3677 2649 3748 disquirendun)
2684 3677 2971 3748 relinquo.
3008 3677 3222 3732 Rou'ru.

2108 3748 2220 3819 (98)
2253 3750 2470 3803 Petrus.
2500 3749 2764 3819 Martyris
2795 3750 2971 3817 titulo,
3005 3753 3248 3804 ornatus
3278 3749 3337 3802 in
3371 3748 3538 3804 libris
3582 3749 3698 3803 edi-

2038 3819 2114 3874 tis
2145 3836 2292 3889 quos
2320 3820 2456 3875 dixi.
2519 3820 2738 3874 Roum.

2111 3891 2221 3961 (99)
2281 3893 2543 4014 prpone
2606 3892 3079 3962 Disarrhytorum.
3134 3893 3348 3962 (Hyppo
3415 3891 3693 3946 Diarrhito

2114 3961 2174 4014 ll.
2208 3966 2267 4014 et
2298 3980 2330 4014 a
2358 3963 2420 4014 ii)
2444 3962 2666 4014 Plinius
2697 3962 2796 4014 lib.
2832 3979 2885 4014 ν.
2920 3979 3046 4014 can.
3081 3963 3130 4014 4.
3186 3965 3252 4014 ab
3309 3962 3510 4014 omndo
3553 3963 3693 4014 auod

2035 3961 2174 4016 Fell.
2208 3966 2267 4016 et
2298 3961 2420 4028 alii)
2444 3962 2666 4017 Plinius
2697 3962 2796 4016 lib.
2832 3961 2885 4022 ν,
2920 3979 3046 4033 cap.
3081 3963 3130 4016 4.
3186 3961 3252 4016 αδ
3282 3961 3510 4033 ’oppzdo
3553 3963 3695 4032 quod

2038 4035 2316 4104 Hyponcm
2343 4034 2584 4088 dilutum
2612 4043 2831 4093 vocant.
2860 4029 3221 4104 Diarrhytum
3269 4049 3301 4086 α
3340 4029 3572 4087 Ὀγκείέ
3613 4033 3695 4086 di-

2033 4113 2181 4158 ctum
2207 4108 2432 4175 propter
2453 4121 2723 4175 aquarum
2754 4105 2991 4172 irrigua,
3028 4103 3206 4175 situm
3243 4103 3445 4175 fuisse,
3498 4105 3554 4157 in
3607 4104 3693 4158 lit-

2034 4182 2159 4230 tore
2187 4173 2457 4230 Africano
2489 4173 2699 4231 docent
2728 4175 2952 4230 Plinius
2995 4183 3049 4230 et
3097 4174 3264 4230 Mela.
3323 4173 3469 4229 Vide
3523 4181 3693 4230 notas

2033 4251 2266 4302 nostras
2298 4248 2367 4302 ad
2400 4246 2766 4303 collationem
2800 4246 3340 4319 Carthaginensem.
3390 4262 3522 4317 pag.
3561 4247 3688 4301 222.

2031 4319 2505 4467 Bfgiiizlmgnasba.
2533 4387 2992 4467 Fe_llus_quidem
3024 4387 3483 4467 imprimen‘dum
3518 4401 3689 4467 cura-

2030 4461 2113 4514 vit
2141 4461 2426 4523 Lambesa,
2459 4465 2515 4514 et
2545 4461 2613 4514 ad
2650 4459 2994 4530 suffragium
3025 4475 3080 4512 v1
3097 4458 3688 4530 occurritJanuarius

340 4530 453 4600 (95)
478 4599 488 4602 Α
518 4532 738 4585 Verulus
800 4529 1012 4602 Ma’rtyr
1095 4533 1160 4588 de
1245 4533 1613 4588 schismaticis
1701 4531 1927 4586 Verulus
1957 4531 2004 4596 D
2037 4548 2071 4586 a
2105 4531 2406 4594 Lambase,
2435 4531 2533 4602 ubi
2559 4532 2778 4586 notavit
2809 4529 2895 4602 vir
2916 4531 2988 4602 cl.
3049 4529 3451 4602 Piolemaaumi
3478 4530 3688 4584 habere

259 4599 375 4674 (sic
407 4599 536 4654 l-‘elli
583 4602 828 4656 aliorum
879 4599 1056 4674 edd).
1117 4605 1215 4668 Eo,
1271 4611 1334 4658 ut
1379 4605 1626 4668 videtur,
1689 4602 1926 4674 loquen-

258 4672 325 4744 di
359 4688 566 4742 genere
601 4672 1254 4744 positum,quo'dicitur
1311 4675 1410 4744 Ep.
1470 4692 1606 4740 XLII,
1664 4672 1924 4744 Repostu:

257 4741 664 4817 dgéxtorgribus
700 4763 712 4811 ;
747 4741 1002 4801 Verulus
1033 4747 1160 4803 scit.
1198 4741 1472 4817 martyrio
1524 4741 1757 4811 nobilis,
1791 4745 1924 4817 licet

260 4812 868 4888 olimschismaticus,
924 4835 1103 4888 supra
1161 4812 1506 4872 annotatum
1560 4817 1745 4887 elogia
1801 4815 1924 4870 hasc

257 4887 466 4960 omnia
498 4886 552 4939 in
586 4886 878 4960 plerisque
908 4886 1338 4960 exemplaribus
1367 4888 1578 4942 omitti.
1615 4886 1924 4960 Picenae

254 4959 338 5010 At
361 4962 547 5026 potest
574 4959 693 5012 fieri
731 4966 788 5012 ut
822 4960 995 5013 verba
1025 4959 1088 5015 de
1116 4961 1476 5015 schismaticz’s
1509 4977 1620 5016 non
1655 4959 1762 5014 nisi
1801 4959 1921 5013 suf-

258 5027 442 5100 fragii
471 5028 642 5084 index
674 5030 1013 5100 marginalis
1045 5033 1237 5086 fuerit.
1277 5032 1491 5086 Rou'rn.

341 5099 451 5168 (96)
485 5101 654 5171 Multo
688 5105 866 5168 magis
897 5102 1298 5168 schismaticus,
1331 5109 1436 5157 etc.
1473 5101 1555 5156 Ita
1613 5099 1924 5171 respondet

255 5170 630 5244 Augustinus
665 5187 676 5224 :
709 5174 838 5228 Jam
877 5174 1208 5228 ostendimus
1237 5190 1326 5228 eos
1357 5174 1574 5234 habere,
1619 5170 1751 5244 quia
1806 5187 1919 5226 non

257 5243 530 5316 amittunt
574 5245 1048 5316 cumrreccilunt:
1126 5245 1439 5316 nonrenim
1472 5243 1746 5316 recipiunt
1797 5259 1923 5296 cum

259 5312 519 5369 redeunt.
607 5315 874 5370 Probatio
962 5321 1051 5370 est
1121 5333 1188 5370 ex
1257 5315 1520 5385 ipsorum
1587 5312 1922 5370 'Al‘ricano-

259 5399 401 5457 rum
459 5386 639 5454 praxi,
691 5387 830 5440 dum
892 5403 1004 5440 non
1082 5388 1522 5457 rebaptizabant
1614 5388 1923 5441 redeuntes

263 5455 343 5581 ab
376 5455 600 5523 haeresi,
632 5459 730 5528 qui
757 5458 813 5513 in
840 5457 1092 5514 Ecclesia
1127 5455 1372 5514 fuissent
1403 5459 1566 5530 prius
1627 5457 1918 5528 baptizati.

325 5542 487 5580 ocrn.

325 5542 464 5580 OUTH
476 5570 487 5580 .

343 5597 453 5666 (97)
488 5599 547 5654 Ut
603 5601 952 5672 custinerem.
1015 5603 1412 5672 Exspectarem.
1470 5597 1688 5654 Pariter
1729 5597 1925 5653 Victor

267 5668 343 5722 ab
373 5672 584 5724 Octavo
637 5671 788 5726 intra
845 5672 1030 5728 dicit:
1092 5668 1484 5744 Eupectabam
1523 5685 1926 5744 praecessorum

2037 4603 2239 4657 urbem
2275 4601 2526 4673 Λαμαίσα
2556 4603 2674 4658 sive
2724 4595 3030 4673 Λαμϐαίσα.
3083 4600 3184 4655 Sin
3240 4617 3372 4655 vero
3401 4601 3690 4673 _Lambasc

2033 4674 2135 4745 hic,
2162 4671 2396 4745 quoque
2420 4674 2789 4744 reciperetur,
2814 4671 2938 4728 tum
2969 4689 3105 4727 vero
3147 4677 3244 4727 aut
3265 4671 3490 4745 duplex
3515 4671 3689 4727 unius

2034 4744 2306 4808 civitatis,
2341 4749 2544 4816 praeter
2573 4761 2816 4810 morem,
2849 4745 3157 4816 episcopus
3186 4744 3534 4808 efﬁceretur,
3586 4748 3690 4798 aut

2034 4817 2174 4870 urbs
2208 4816 2572 4887 cognominis
2608 4817 2787 4870 fuisse
2817 4816 3129 4870 statuenda
3151 4816 3324 4887 (foret.
3357 4816 3516 4880 Quod
3563 4816 3687 4885 qui-

2033 4889 2163 4942 dem
2194 4886 2348 4942 baud
2385 4904 2514 4942 raro
2543 4888 2625 4941 tit.
2665 4889 2745 4942 lta
2762 4905 2894 4942 cum
2929 4888 2984 4941 in
3045 4886 3322 4958 suffragio
3371 4904 3488 4951 Lm,
3520 4887 3688 4958 _urbs

2035 4960 2239 5013 Thucca
2267 4958 2353 5014 vel
2385 4960 2553 5013 Tucca
2584 4959 2884 5013 nominata
2921 4963 3098 5024 esset,
3148 4956 3267 5012 haec
3325 4956 3562 5027 scripsit
3615 4956 3687 5010 ad

2033 5031 2376 5100 suffragium
2413 5031 2482 5086 ad
2516 5030 2622 5084 hoc
2668 5032 2906 5085 tertium
2942 5028 3193 5100 Pelius:
3242 5051 3270 5077 ‹‹
3321 5028 3689 5100 Tuccaiurbs

2034 5097 2395 5179 Mauritaniae
2434 5101 2584 5179 Sitit:
2621 5101 2700 5156 De
2716 5118 2846 5179 qua
2881 5100 3103 5179 Plinius
3139 5097 3240 5179 lib:
3272 5115 3327 5179 γ,
3361 5114 3486 5179 cap.
3519 5099 3573 5179 2,
3614 5102 3683 5179 et

2034 5172 2242 5227 notitia
2275 5173 2428 5227 Afric
2462 5217 2474 5234 ,
2507 5172 2620 5226 alia
2653 5189 2685 5226 a
2714 5169 2910 5228 Tucca
2936 5169 3386 5236 Terebenthina,
3418 5169 3477 5225 et
3520 5169 3690 5223 tertia

2033 5243 2342 5299 Numidiae.
2371 5267 2398 5289 η
2420 5246 2688 5298 Attamen
2727 5245 2974 5299 fortasse
3007 5242 3390 5296 Lamasuensis
3431 5238 3690 5295 Pusillus

2033 5316 2344 5386 episcopus
2369 5316 2499 5379 fuit,
2532 5331 2685 5386 nam,
2728 5316 2806 5386 in,
2841 5313 3038 5386 Notitia
3093 5314 3214 5386 tt2.
3254 5317 3310 5366 et
3340 5312 3425 5386 _in
3487 5309 3687 5386 Coliat.

2035 5381 2286 5456 (fort/mg).
2333 5392 2605 5441 monente
2643 5385 2930 5458 _Dupinio_
2970 5385 3027 5458 in
3091 5383 3426 5458 Geographia
3482 5381 3690 5454 Africa?

2033 5455 2610 5528 sacra,episcopatus
2639 5455 3082 5528 iste‘provincia:
3125 5455 3413 5510 Numidia:
3462 5469 3685 5510 memo-

2032 5534 2215 5584 ratur.
2249 5530 2464 5584 Bou'ru.

2036 5600 2182 5727 R(2)
2241 5600 2550 5655 Salvianus.
2612 5598 2824 5672 Mai-lyr
2877 5598 3224 5672 appellatur,
3309 5595 3411 5652 ubi
3484 5612 3682 5674 supra.

2087 5687 2257 5727 ours.

2087 5687 2233 5729 OUTH
2245 5713 2257 5725 .
