4098 6178
290 286 447 344 ΗΠ

1308 283 1513 344 PARS
1557 282 1607 343 Ι.
1637 314 1713 328 -
1743 280 2244 345 MONUMENTA
2284 278 2687 342 VETEBUM.

3542 278 3700 339 “18

767 585 1928 682 BOLLANDISTARUM
2023 581 3230 680 ANIMADVERSIONES

474 815 544 875 1N
586 830 715 876 ssc
757 828 1011 875 CONCILII
1052 811 1581 875 anmscmsnms
1623 826 1825 873 vanas
1866 808 2072 891 Neque
2106 809 2260 891 enim
2312 808 2622 889 quisquam
2653 814 2917 867 nostrum
2945 808 3273 887 episcopum
3303 826 3360 865 se
3390 824 3504 866 esse

1525 892 1930 974 episcoporum
1970 890 2290 965 constituit,
2335 896 2454 950 etc.
2728 914 2735 915 ί

1314 1080 1455 1143 (Acte
1486 1078 1577 1131 SS.
1612 1077 1679 1128 ad
1701 1078 1843 1128 diem
1880 1086 1970 1126 xiv
1997 1075 2164 1138 Sept.,
2214 1078 2255 1125 t.
2284 1076 2367 1127 IV.
2398 1075 2625 1125 300-815.
2660 1074 2677 1136 )

359 1396 495 1461 Quae
526 1393 581 1448 S.
610 1392 935 1465 Cyprianus
985 1392 1057 1449 de
1104 1393 1388 1467 Episcopo
1418 1392 1835 1466 Episcoporum
1868 1406 1935 1446 ac
1963 1391 2019 1458 Α
2047 1389 2188 1446 dum
2211 1387 2290 1444 sit
2301 1387 2581 1460 judicium
2602 1386 2826 1443 Domini
2841 1387 3023 1442 nostri
3043 1387 3169 1441 Jesu.
3193 1368 3417 1451 Christi,
3439 1385 3535 1454 qui
3554 1400 3697 1438 unus

284 1481 579 1556 tyrannici
609 1479 824 1538 erroris
863 1481 934 1537 ad
983 1481 1342 1554 obsequendi
1389 1481 1796 1538 necessitatem
1828 1496 1938 1535 usu

287 1575 647 1628 memorat...
681 1570 805 1625 haec
833 1570 1036 1626 eadem
1067 1571 1290 1643 absque
1317 1570 1435 1626 ullo
1456 1569 1734 1626 commoti
1756 1568 1938 1624 animi

287 1656 433 1713 vitio
463 1672 529 1712 ac
559 1656 876 1713 Pontificim
906 1656 1285 1713 Auctoritatis
1327 1656 1544 1729 injuria
1570 1656 1725 1711 dicta
1755 1654 1937 1726 accipi

292 1749 563 1819 possunt.
596 1744 841 1801 Volebat
872 1744 1096 1802 scilicet
1122 1745 1180 1801 S.
1228 1744 1489 1801 Pontifex
1518 1744 1764 1814 Primae,
1795 1760 1936 1801 con-

289 1838 569 1909 gregatos
588 1833 893 1906 episcopos
914 1835 986 1891 de
1008 1851 1116 1890 sua
1134 1832 1431 1907 quemque
1451 1833 1739 1890 sententia
1757 1832 1940 1890 libere

290 1923 537 1979 dicenda
557 1923 889 1979 admonere.
917 1923 1084 1980 Hunc
1114 1924 1174 1978 in
1204 1924 1404 1993 ﬁnem,
1428 1923 1581 1995 quod
1606 1923 1677 1978 ad
1699 1921 1937 1978 liberta-

288 2018 411 2068 tem
424 2011 585 2069 illam
601 2012 853 2068 maxime
867 2013 1190 2069 conducere
1203 2013 1457 2083 rebatur,
1473 2012 1801 2069 observavit
1811 2028 1939 2068 sese

287 2118 497 2157 omnes
528 2100 781 2175 collegas
811 2117 978 2169 esse;
1016 2107 1076 2159 et
1095 2101 1373 2175 licetipse
1393 2103 1713 2175 primatum
1734 2104 1936 2159 Africae

285 2194 533 2262 teneret,
552 2207 623 2246 ne
635 2194 927 2258 setamen,
942 2206 1048 2247 nec
1063 2207 1419 2264 quamquam
1435 2190 1683 2247 aliorum
1698 2191 1794 2262 qui
1808 2192 1939 2247 ade-

290 2284 448 2347 rant,
473 2278 811 2352 episcopum
832 2279 1241 2352 episcoporum
1262 2297 1412 2349 esse,
1428 2284 1667 2337 auteam
1683 2284 1935 2353 potesta-

290 2372 417 2423 tem
440 2367 549 2424 sibi
571 2368 872 2442 tyrannice
883 2369 1167 2441 arrogari,
1182 2372 1249 2425 ut
1261 2374 1502 2426 caeteros
1512 2374 1730 2426 terrore
1743 2386 1849 2426 suo
1862 2370 1935 2426 ad

291 2473 404 2512 sua
415 2473 589 2513 sensa
604 2457 820 2531 adigat.
831 2499 844 2512 .
856 2457 996 2522 Quae
1010 2474 1144 2513 vero
1158 2458 1373 2515 ibidem
1388 2458 1553 2515 addit
1564 2460 1635 2515 de
1647 2459 1934 2532 cujusque

290 2545 553 2617 episcopi
567 2545 807 2602 arbitrio
818 2562 884 2602 ac
898 2546 1480 2618 potestate,videlicet
1491 2546 1655 2602 nullo
1666 2564 1722 2603 m
1736 2549 1808 2604 ab
1821 2547 1934 2605 alio

284 2634 738 2706 judicariposse,
752 2650 858 2690 nec
869 2634 1050 2691 alium
1064 2635 1578 2708 pariterjudicare,
1592 2636 1711 2692 hinc
1725 2638 1797 2694 ad
1812 2655 1936 2695 eoe-

292 2724 428 2779 dem
443 2722 572 2779 illos
585 2728 1065 2796 congregatos,_et
1075 2723 1312 2795 quidem
1328 2741 1470 2781 sano
1483 2741 1661 2782 sensu
1675 2725 1931 2783 reteren-
1963 2759 2013 2825 Β

288 2813 369 2868 da
384 2817 544 2879 sunt,
564 2815 666 2867 aut
681 2811 826 2883 ipsis
844 2811 902 2867 S.
923 2812 1197 2885 Cypriani
1214 2812 1397 2885 gestis
1424 2814 1732 2871 manifeste
1762 2832 1932 2889 repu-

289 2907 498 2973 gnant.
530 2901 694 2956 Certe
723 2901 784 2956 S.
816 2899 1195 2973 Augustinus,
1228 2917 1393 2958 num.
1428 2902 1554 2971 695,
1587 2920 1621 2958 a
1644 2904 1814 2960 nobis
1844 2920 1935 2962 re-

281 2990 466 3059 latus,
509 3005 578 3045 ea
616 2989 796 3045 verba
841 2988 925 3045 sic
968 2990 1227 3062 excepit:
1274 2991 1471 3063 Opinor
1514 2992 1704 3063 utique
1759 2995 1821 3049 in
1849 2993 1937 3050 his

287 3078 710 3151 quaestionibus,
739 3092 865 3150 quae
899 3079 1145 3134 nondum
1174 3079 1576 3151 etiquatissima
1599 3082 1938 3152 perfectione

290 3166 546 3223 discussae
572 3176 716 3222 sum.
750 3167 1137 3223 Verissimum
1168 3173 1364 3225 autem
1388 3173 1532 3236 erat,
1555 3170 1934 3242 quaestionem

286 3255 454 3313 illam
472 3255 551 3312 de
586 3256 989 3313 hereticorum
1012 3256 1381 3328 baptismate,
1405 3274 1584 3331 quam
1606 3258 1832 3316 nullum
1863 3262 1934 3317 ad

293 3346 353 3401 id
382 3361 567 3417 usque
586 3349 821 3417 tempus
842 3344 1169 3401 Concilium
1201 3347 1541 3419 generale...
1574 3348 1936 3422 definiverat,

293 3451 544 3507 quaeque
595 3434 722 3491 sola
751 3436 1178 3491 consuetudine
1200 3435 1514 3505 nitebatur,
1537 3437 1934 3509 verissimum,

291 3525 560 3596 inquam,
590 3527 697 3591 est,
722 3523 875 3579 hanc
897 3524 1275 3595 quastionem
1299 3524 1372 3580 ab
1404 3525 1524 3581 ullo
1554 3542 1622 3581 ex
1647 3526 1939 3601 episcopis

295 3630 435 3669 cum
465 3617 526 3669 Β.
565 3613 852 3686 Cypriane
896 3613 1265 3686 congregatis
1315 3613 1399 3670 sic
1447 3613 1638 3671 decidi
1686 3632 1803 3671 non
1834 3633 1936 3689 po-

291 3702 504 3771 tuisse,
536 3705 603 3756 ut
631 3700 705 3756 ob
734 3699 894 3757 illius
920 3700 1327 3757 auctoritatem
1360 3703 1549 3758 ceteri
1570 3702 1643 3758 ab
1664 3703 1939 3775 opinione

291 3807 405 3847 sua
433 3791 779 3862 cogerentur
798 3788 1086 3845 recedere.
1108 3792 1321 3845 Contra
1341 3790 1389 3845 si
1413 3791 1545 3863 quis
1563 3790 1761 3847 Sancti
1783 3792 1939 3849 dicta

288 3877 644 3953 generaliter
658 3877 999 3950 accipienda
1014 3894 1144 3935 esse
1159 3879 1492 3944 contendat,
1509 3878 1561 3935 is
1572 3878 1748 3952 igitur
1759 3881 1936 3948 dicat,

288 3983 529 4024 necesse
557 3970 665 4034 est,
690 3982 805 4038 quo
826 3968 981 4039 jure,
1023 3982 1206 4037 quave
1250 3968 1467 4039 injuria
1500 3968 1655 4024 idem
1686 3969 1938 4028 Sanctus

287 4059 678 4114 Fortunatam
705 4055 1113 4111 Assuritanum
1134 4056 1189 4110 in
1217 4056 1517 4128 provincia
1533 4058 1935 4129 proconsulari

2046 1480 2098 1533 et
2124 1478 2271 1533 solus
2300 1476 2461 1533 habet
2494 1480 2818 1548 potestatem
2844 1484 2899 1531 et
2924 1474 3282 1546 praeponendi
3307 1490 3392 1527 eos
3422 1475 3480 1526 in
3516 1473 3695 1528 Eccle-

2044 1568 2150 1623 siae
2176 1580 2299 1623 suae
2342 1566 2757 1637 gubernatione,
2801 1566 2853 1620 et
2898 1563 2963 1619 de
2992 1567 3112 1618 actu
3146 1579 3338 1616 eorum
3358 1561 3656 1632 judicandi
3675 1564 3700 1612 .9

2048 1655 2258 1728 Negari
2287 1655 2469 1729 igitur
2497 1671 2612 1710 non
2645 1659 2856 1726 potest,
2887 1653 3114 1724 objecta
3154 1653 3209 1706 S.
3260 1650 3530 1723 Cypriani
3573 1667 3694 1704 ver-

2047 1745 2123 1801 ba
2171 1761 2315 1801 sano
2365 1760 2544 1800 sensu
2592 1742 3002 1816 restringenda
3044 1757 3192 1806 esse,
3227 1751 3328 1794 aut
3357 1740 3693 1807 dicendum,

2047 1851 2182 1891 cum
2230 1850 2302 1890 ex
2342 1832 2731 1890 contentionis
2777 1832 2982 1888 ardore
3033 1830 3255 1900 aliquid
3309 1828 3551 1884 humani
3600 1828 3695 1882 hic

2047 1940 2290 1998 passum
2322 1939 2468 1979 esse.

2118 2013 2413 2068 Adversus
2458 2011 2732 2067 eumdem
2770 2008 3017 2066 Romani
3039 2007 3336 2063 Pontiﬁcis
3374 2007 3692 2076 primatum

2047 2100 2193 2157 nihil
2215 2102 2431 2173 pariter
2460 2100 2667 2171 probat
2704 2116 2884 2155 causa
2921 2097 3220 2154 Fortunati
3264 2097 3466 2167 dequo
3491 2095 3549 2150 S.
3584 2095 3696 2166 Cy-

2046 2189 2291 2262 prianus
2321 2189 2381 2244 in
2413 2188 2664 2260 epistola
2690 2189 2762 2242 55
2789 2186 3075 2259 queritur,
3107 2186 3259 2256 quod
3289 2202 3388 2255 per
3412 2183 3697 2239 Felicissi-

2046 2296 2188 2335 num
2213 2277 2476 2349 aliosque
2502 2277 2843 2334 schismatis
2862 2276 3075 2337 socios,
3101 2276 3342 2328 Romam
3368 2275 3437 2327 ad
3463 2274 3520 2327 S.
3555 2277 3692 2326 Cor-

2044 2368 2264 2423 nelium
2297 2366 2647 2439 navigasset,
2677 2370 2742 2421 ut
2771 2364 3093 2421 mendaciis
3125 2381 3189 2419 ac
3223 2363 3533 2417 calumniis
3565 2361 3689 2416 suis

2042 2456 2518 2513 communionem
2543 2455 2616 2511 ab
2633 2472 2699 2511 eo
2715 2458 3112 2527 extorqueret;
3135 2452 3583 2525 postulatusque
3603 2455 3684 2517 ut,

2043 2544 2091 2600 si
2124 2544 2264 2616 quid
2298 2544 2370 2600 ad
2403 2543 2582 2599 latam
2614 2544 2673 2598 in
2705 2559 2804 2600 eos
2837 2543 3182 2599 sententiam
3221 2557 3495 2612 reponere
3529 2539 3684 2606 velit,

2043 2635 2114 2689 ad
2148 2651 2323 2689 suum
2355 2633 2611 2689 tribunal
2644 2650 2706 2689 se
2737 2633 2927 2689 sistat.
2961 2633 3391 2686 Advertendum
3421 2630 3575 2685 enim
3599 2634 3683 2685 est

2042 2724 2427 2779 Fortunatum
2453 2721 2621 2777 illum
2651 2739 2683 2778 e
2713 2723 2976 2794 quinque
3006 2721 3356 2793 presbyteris
3387 2719 3684 2791 Carthagi-

2047 2810 2330 2867 nensibus
2349 2810 2748 2868 schismaticie
2772 2826 2956 2866 unum
3003 2810 3202 2874 fuisse,
3245 2825 3417 2878 quem
3447 2811 3517 2862 ob
3541 2808 3689 2862 exci-

2043 2904 2233 2955 tatum
2259 2916 2391 2955 cum
2426 2898 2786 2955 Felicissimo
2817 2898 3075 2954 schisma
3099 2899 3222 2968 jam
3252 2902 3385 2952 ante
3417 2897 3486 2950 de
3507 2896 3686 2951 eccle-

2046 2988 2134 3044 sia
2164 2988 2477 3060 profugum
2508 2993 2565 3042 et
2593 2988 2666 3043 ab
2696 2986 2983 3042 Africanis
3003 2986 3293 3057 episcopis
3318 2986 3684 3052 damnatum,

2046 3094 2111 3132 ac
2163 3077 2372 3133 deinde
2419 3078 2491 3133 ab
2524 3076 2813 3133 haereticis
2872 3075 3380 3145 schismaticisque
3437 3074 3687 3145 pseudo-

2045 3165 2385 3239 episcoPum
2431 3165 2493 3220 in
2540 3165 2734 3221 Africa
2769 3164 3101 3220 ordinatum
3138 3165 3336 3230 fuisse,
3371 3181 3550 3234 supra
3578 3164 3688 3217 do-

2046 3256 2317 3324 cuimus;
2351 3256 2614 3327 adeoque
2643 3254 2739 3310 hic
2768 3271 2872 3327 pro
2905 3253 3176 3326 episcopo
3203 3254 3401 3308 haberi
3437 3270 3549 3308 non
3585 3270 3686 3325 po-

2047 3349 2218 3401 terat.
2252 3345 2531 3400 Testatur
2550 3349 2746 3399 autem
2767 3343 2832 3399 S.
2861 3343 3226 3416 Augustinus
3250 3343 3309 3396 in
3331 3342 3578 3413 epistola
3601 3343 3689 3406 43,

2046 3434 2192 3490 alias
2227 3434 2348 3499 162,
2381 3450 2487 3489 suo
2518 3434 2695 3488 etiam
2721 3436 2985 3504 tempore
3035 3432 3388 3503 presbyteris
3438 3430 3687 3485 caeteris-

2047 3539 2159 3595 que
2182 3522 2475 3578 inferioris
2496 3521 2720 3577 ordinis
2744 3520 2970 3578 clericis
2990 3522 3346 3593 permissum
3373 3537 3484 3574 non
3509 3520 3689 3574 fuisse

2048 3612 2118 3667 ad
2135 3609 2512 3683 apostolicam
2525 3611 2733 3667 Sedem
2748 3609 3067 3683 appellare;
3084 3612 3235 3680 quod
3252 3615 3445 3664 tamen
3465 3609 3686 3680 episco-

2048 3699 2139 3772 pis
2161 3699 2418 3769 licuisse,
2442 3704 2567 3756 tum
2590 3699 2693 3768 ibi,
2720 3705 2847 3756 tum
2874 3699 3013 3755 alibi
3038 3699 3307 3754 afﬁrmat.
3334 3700 3689 3754 Convenerat

2046 3788 2245 3860 itaque
2267 3789 2421 3845 inter
2449 3790 2753 3846 Africanos
2792 3788 3105 3858 antistites,
3151 3793 3210 3841 ut
3252 3786 3444 3842 clerici
3466 3788 3688 3858 episco-

2047 3878 2137 3950 pis
2159 3877 2466 3934 inferiores
2488 3879 2549 3933 in
2571 3895 2679 3934 sua
2698 3879 2918 3950 quique
2952 3878 3246 3949 provincia
3260 3877 3688 3946 judicarentur,

2046 3967 2219 4038 idque
2249 3966 2405 4022 haud
2457 3965 2632 4023 dubie
2681 3966 3035 4023 assentiente
3085 3967 3343 4020 Romano
3395 3964 3688 4030 Pontiﬁce,

2046 4071 2119 4110 ne
2138 4054 2560 4127 appellationes
2582 4055 2653 4111 ad
2675 4056 2873 4112 sedem
2896 4054 3289 4127 Apostolicam
3308 4053 3555 4107 nimium
3579 4054 3687 4107 fre-

285 4145 637 4218 Episcopum
660 4143 719 4198 in
742 4144 926 4215 Epist.
948 4145 1040 4210 64,
1062 4149 1119 4200 et
1145 4125 1457 4201 Basilidem
1484 4125 1550 4201 ac
1583 4146 1931 4220 Martialem,
1962 4125 2006 4193 (ἶ
2045 4125 2293 4215 quentes
2314 4150 2531 4212 essent,
2558 4150 2617 4200 et
2637 4143 2875 4216 injustis
2902 4125 3415 4199 criminationibus
3436 4142 3689 4197 occasio-

287 4233 703 4306 ﬂispaniarum
726 4232 1043 4305 Episcopos
1066 4233 1122 4288 in
1147 4234 1328 4306 Epist.
1358 4235 1448 4303 68,
1482 4234 1555 4290 ob
1584 4235 1775 4292 scelus
1803 4237 1928 4292 ido-

284 4321 527 4378 lolatriae
576 4328 727 4377 recte
774 4326 1198 4387 exauctoratos,
1257 4324 1744 4395 pronuntiaverit,
1797 4330 1853 4380 et
1898 4342 1931 4381 a

280 4411 524 4467 sedibus
573 4410 699 4466 suis
748 4411 1033 4466 arcendos
1085 4412 1353 4467 curavit?
1400 4412 1562 4476 Quod
1614 4412 1767 4468 idem
1793 4415 1929 4484 jure

277 4498 604 4571 Epistolam
626 4498 696 4552 67
717 4500 787 4553 ad
819 4499 1179 4570 Stephanum
1217 4500 1544 4556 Romanum
1590 4502 1926 4557 Pontiﬁcem

277 4587 461 4654 dedit,
497 4591 562 4641 ut
612 4586 971 4642 Marcianum
1017 4587 1410 4643 Arelatensem
1453 4589 1510 4643 in
1555 4589 1759 4644 Galliis
1793 4590 1927 4661 Epi-

274 4691 545 4747 scopum,
589 4674 726 4730 sede
773 4691 884 4729 sua
930 4675 1121 4745 dejici,
1155 4675 1454 4748 aliumque
1485 4677 1543 4731 in
1576 4693 1705 4732 eam
1737 4678 1928 4733 sufﬁci

264 4764 528 4836 juberet,
590 4761 640 4819 si
697 4762 889 4818 habeat
945 4765 1126 4819 omnis
1181 4766 1476 4836 Episcopus
1540 4781 1640 4836 pro
1706 4766 1931 4822 licentia

275 4852 555 4908 libertatis
610 4856 663 4906 et
715 4854 995 4923 potestatis
1056 4868 1171 4907 suae
1241 4853 1542 4908 arbitrium
1608 4855 1924 4925 proprium,

272 4951 497 5011 tamque
528 4940 782 5012 judicari
827 4941 896 4995 ab
942 4941 1056 4996 alio
1102 4957 1214 4996 non
1259 4943 1448 5013 possit,
1480 4959 1647 5014 quam
1675 4959 1777 4999 nec
1813 4945 1930 5014 ipse

263 5034 446 5104 potest
473 5030 718 5086 alterum
754 5028 1027 5099 judicare,
1061 5034 1119 5085 et
1172 5030 1221 5086 si
1249 5035 1555 5103 propterea
1585 5036 1928 5103 exspectan-

2042 4249 2175 4288 nem
2194 4235 2420 4288 darent.
2442 4233 2515 4289 Ut
2530 4250 2661 4290 vero
2679 4233 2799 4289 haec
2819 4233 3128 4305 prohibitio
3142 4238 3400 4302 tempore
3415 4232 3472 4286 S.
3487 4233 3684 4301 Augu-

2041 4325 2179 4381 stini
2204 4342 2318 4382 non
2343 4326 2638 4392 obstabat,
2664 4342 2778 4398 quo
2801 4326 3000 4380 minus
3024 4325 3119 4379 hic
3143 4330 3267 4378 tum
3286 4323 3423 4378 alibi
3448 4323 3684 4394 saepius,

2038 4418 2166 4469 tum
2190 4413 2317 4469 loco
2340 4415 2536 4480 citato,
2564 4417 2828 4471 Romanae
2856 4415 3132 4475 Ecetesizc,
3161 4416 3214 4466 in
3241 4430 3347 4484 qua
3369 4427 3598 4482 semper,
3623 4415 3686 4465 ut

2038 4499 2259 4558 ibidem
2288 4502 2571 4573 loquitur,
2614 4503 2926 4574 apostolica
2961 4503 3228 4557 cathedra:
3272 4504 3446 4571 viguit
3474 4503 3686 4572 prima-

2039 4594 2146 4659 tus,
2180 4596 2527 4662 potestatem
2552 4592 2610 4646 in
2650 4595 2888 4646 caeteros
2915 4590 3229 4662 Episc0pos
3253 4591 3685 4662 primatumque

2042 4687 2421 4752 agnosceret;
2446 4680 2528 4735 ita
2554 4697 2657 4736 nec
2678 4697 2745 4735 ex
2786 4679 2961 4735 simili
2999 4681 3056 4736 S.
3083 4681 3350 4751 Cypriani
3380 4682 3524 4734 facto
3548 4696 3682 4733 con-

2038 4774 2130 4824 tra
2149 4769 2419 4824 eumdem
2444 4769 2760 4840 primatum
2783 4774 2973 4841 potest
2996 4769 3283 4824 concludi.
3320 4770 3553 4824 Falsum
3588 4785 3684 4823 au-

2036 4862 2152 4913 tem
2179 4862 2285 4925 est,
2311 4859 2462 4929 quod
2490 4857 2679 4913 Fellus
2702 4858 3091 4914 heterodoxus
3136 4859 3192 4912 in
3224 4858 3432 4928 Anglia
3462 4862 3685 4929 episco-

2041 4964 2154 5018 pus
2184 4946 2264 5017 (et
2305 4952 2437 5017 post
2485 4963 2616 5001 eum
2650 4947 2732 5004 Cl.
2770 4948 3015 5020 Boysen)
3048 4949 3421 5002 sanctissimo
3453 4946 3684 5017 priesuli

2037 5034 2413 5106 impudenter
2442 5036 2711 5108 afﬁngit:
2743 5037 2986 5107 scilicet,
3020 5037 3169 5091 beato
3200 5046 3446 5106 martyre
3470 5036 3567 5089 illo
3589 5036 3684 5105 ju-

1713 5185 2044 5247 Variorum
2088 5193 2276 5249 notas.

568 5316 594 5328 η

262 5311 485 5388 τῶν-,ἂν
529 5311 857 5388 τῇῌσυνόδῳ
905 5312 1091 5388 totum,
1119 5312 1488 5388 ouyeltidv‘cwv
1539 5317 1794 5383 Πατὲρων
1844 5320 1922 5388 τῷ

319 5336 380 5368 uv
433 5335 485 5368 ιν
529 5335 557 5368 τ
645 5335 857 5386 συνοοῳ
905 5335 1036 5369 ταυτ
1119 5335 1488 5370 συνεΛυοντων
1544 5335 1794 5383 ιιατερων
1844 5337 1921 5388 τῳ

319 5383 506 5463 εγᾴλῳ
561 5335 858 5460 ἶὶύπριανῷ
968 5335 1269 5463 aly-051$
1324 5386 1411 5440 ἐπὶ
1458 5392 1577 5449 τοῖς
1625 5389 1921 5463 enipeum}:

298 5454 583 5534 πρά-ποίμναν⁵
624 5454 807 5534 πᾶσιγ,
831 5454 839 5457 ⁷
864 5454 989 5511 οὔτε
1047 5456 1136 5534 ἐπὶ
1178 5462 1324 5534 Δτοῖς
1381 5454 1790 5534 σχισματικὸῖς.
1859 5460 1923 5515 Ἦ

268 5525 406 5604 γᾶρὲ
440 5525 659 5604 δευτᾷρα
684 5603 688 5604 ί
717 5528 1068 5604 οἷκουέμενικὴ
1130 5527 1377 5598 σύνοδος,
1417 5525 1749 5604 ’λιιέυεῐὶῐιί
1804 5533 1921 5604 ple-

269 5599 500 5672 iiarium
532 5599 708 5669 illud,
731 5607 802 5672 qut
830 5599 1076 5672 videtur,
1108 5604 1275 5658 totius
1305 5604 1456 5658 orbis
1474 5599 1824 5672 c6ucilium,)
1845 5603 1920 5664 ὡς

270 5668 387 5743 ἤδη
444 5667 701 5745 εἴρηται,
730 5670 976 5742 ὺπεξεῖλέ
1012 5667 1160 5736 τινας
1199 5677 1307 5728 τῶν
1338 5674 1645 5749 αἱρετικῶν,
1678 5667 1921 5730 καῖ’ἇὶνευ

2038 5317 2711 5397 βαπτίσματοςνδὲχεοθαι
2760 5320 3006 5397 τούτους,
3047 5321 3357 5397 θεσπίσασα,
3427 5323 3686 5397 χριουμέ-

2032 5391 2361 5466 ὐουςμμόνοξ
2392 5396 2469 5463 τῷ
2525 5391 2651 5466 Deity
2714 5393 2891 5466 μύρῳ,
2923 5393 3010 5447 καὶ
3061 5391 3544 5466 ἀναθεματίζοεὲῖέας
3584 5391 3682 5464 *ἑὴν

2032 5461 2235 5538 οῗᾉείαν
2306 5461 2994 5538 α’ίρβςινηὲἠασλῑοὺ,”καὶ
3071 5461 3240 5527 stoicae
3304 5464 3514 5527 ἁπλῶς.
3580 5461 3680 5522 Κάῖ

2033 5530 2122 5609 ξιὰ
2148 5537 2308 5588 τοῦτο
2358 5530 2483 5609 ὸιξδὲ
2532 5530 2874 5609 ἐξῃγήβησάν
2919 5537 2973 5590 αἱ
3031 5542 3241 5609 γνῶμαι
3276 5539 3453 5605 αὗται,
3488 5539 3562 5599 ὡς
3602 5542 3675 5608 μὴ

2031 5604 2340 5695 ᾀναγκαῖαι,
2372 5606 2459 5660 οἶα
2495 5604 2663 5679 μηδὲῦ
2690 5604 3054 5683 νένιργοῦσαι,
3099 5604 3242 5663 ἀλλὰ
3298 5611 3433 5664 κατὰ
3464 5604 3679 5682 σιόνεῲιι)

2033 5674 2234 5753 ἐγράφη
2246 5696 2336 5730 σαν
2348 5719 2361 5731 .
