4040 6178
231 359 386 418 1121

1255 358 1459 422 PARS
1500 361 1549 421 Ι.
1581 390 1662 407 -—-
1694 360 2195 428 MONUMENTA
2237 368 2643 435 VETERUM.

3491 395 3649 455 1192

221 484 315 538 καὶ
394 483 507 556 μετ’
582 482 749 551 αὐτὴν
831 481 882 537 ἐν
945 483 1253 559 Ἀντιοχείᾳ
1323 491 1426 555 τῆς
1487 485 1685 562 Συρίας
1748 487 1880 543 κατᾶ

1997 492 2108 549 fuit
2137 493 2196 549 in
2227 496 2542 554 Antiochia
2573 501 2750 573 Syria;
2781 507 3062 565 adversus
3091 511 3337 569 Paulum
3369 516 3643 575 Samosa-

222 570 442 626 Παῦλον
489 576 587 626 τοῦ
639 572 1001 644 Σαμοσατέωδ
1063 572 1150 627 ἐπὶ
1191 572 1542 650 Δύρηλιανοῦ
1593 573 1885 650 βασιλέως.

225 659 703 736 Συνηθροίσθησαν
749 657 807 715 δὶ
859 661 937 724 εἰς
987 659 1319 737 Καρχηδόνα
1368 660 1705 738 ὀγδοήκοντα
1749 667 1883 742 πρὸς

218 755 342 810 τοῖς
395 750 673 824 τέσσαρσιν
736 751 879 826 ἅγιοι
933 752 1187 826 Πατέρες,
1241 753 1330 806 καὶ
1391 756 1776 827 συνεζήτησαν,
1835 755 1880 808 εἶ

223 840 340 916 ’χρή
404 838 752 912 βαπτίζεσθαι
808 838 937 903 τοὺς
1005 839 1057 910 ἐξ
1129 840 1384 916 αἱρέσεως
1467 841 1884 921 ἐπιστρέφοντας

228 926 621 997 εἷδωλοθύτας,
691 927 828 983 κατᾶ
883 930 985 997 τὴν
1038 929 1162 1006 περὶ
1212 929 1407 985 τούτου
1467 929 1732 1006 ἐρώτησιν
1788 937 1886 988 τοῦ

226 1016 529 1071 ἐπισκόπου
585 1010 874 1073 Ἰοὸιανοῦ.
935 1018 1057 1074 ’Ότι
1119 1015 1176 1072 δὲ
1229 1017 1353 1073 τότε
1407 1018 1496 1073 καὶ
1557 1021 1584 1074 ὁ
1645 1023 1886 1082 Ναυάτος

226 1101 596 1182 πρεσϐύτερος
671 1104 746 1159 ὢν
811 1106 917 1174 τῆς
989 1106 1276 1180 Ῥωμαίων
1337 1107 1664 1178 Ἐκκ)·ησίας
1720 1122 1887 1185 me“-

231 1194 362 1271 ρέθη
414 1195 488 1256 ὡς
539 1195 614 1268 μὴ
668 1191 966 1271 δεχόμενος
1016 1195 1091 1257 είς
1143 1197 1427 1269 μετάνοιαν
1471 1197 1596 1260 τοὺς
1627 1198 1886 1262 θύσαντας

224 1304 349 1354 τοις
397 1281 676 1350 εἰδώλοις,
722 1282 1005 1348 κάντεῦθεν
1057 1283 1227 1340 έποίει
1280 1285 1490 1360 σχίσμα
1543 1288 1678 1360 μετά
1725 1310 1887 1343 τινων

223 1374 516 1444 ἀσυνέτων,
548 1373 1107 1450 έπολυπραγμονηθη,
1141 1375 1188 1429 εἰ
1219 1377 1331 1451 χρὴ
1355 1377 1445 1430 καὶ
1492 1376 1620 1439 τοὺς
1655 1398 1887 1454 σχισμσ-

223 1462 418 1524 τικοὺς
478 1463 860 1536 βαπτιζεσθαι,
911 1462 988 1525 ὡς
1036 1462 1126 1517 καὶ
1168 1469 1330 1520 τοῦτο
1363 1464 1733 1540 ἐρωτήσαντος
1762 1469 1888 1529 τοὺς

230 1547 344 1609 ’106
356 1556 521 1609 ιανοῦ.
1319 1542 1324 1547 ί

301 1647 541 1698 ΖΩΝΑΡ.
602 1640 751 1711 Αὕτη
811 1642 844 1711 ἡ
904 1639 1130 1704 σύνοδος
1199 1647 1384 1698 πασῶν
1456 1647 1564 1698 τῶν
1647 1643 1883 1699 συνόδων

225 1732 622 1806 προγενεστέρα
671 1729 803 1788 έστί.
854 1730 1172 1806 Προτερεύει
1227 1730 1320 1804 μὶν
1369 1732 1469 1808 γὰρ
1530 1737 1638 1788 τῶν
1697 1731 1883 1789 ἄλλων

230 1823 267 1890 ἡ
319 1819 372 1876 έν
421 1819 738 1894 ’Δντιοχείᾳ
775 1826 876 1889 τῆς
930 1819 1128 1897 Συρίας
1174 1827 1433 1896 γεγονυῖα
1478 1820 1701 1884 σύνοδος
1751 1823 1887 1877 κατὰ

233 1909 457 1966 Παύλου
502 1913 600 1964 τοῦ
646 1909 1028 1982 Σαμοσατέως,
1082 1911 1199 1979 ἣτις
1249 1909 1336 1964 ἐπὶ
1385 1909 1732 1986 Δὺρηλιανοῦ
1790 1913 1886 1987 βα-

232 1996 437 2060 σιλέως
506 1996 772 2074 ἠθροίσθη
810 2017 822 2030 ·
882 1997 1017 2069 αὓτη
1101 1995 1158 2053 δέ
1229 2000 1479 2070 κάκείνης
1557 2000 1888 2076 ἀρχαιοτέρα

233 2087 396 2144 ἐστίν.
441 2093 494 2141 Ὀ
542 2087 646 2162 γὰρ
699 2088 869 2162 μέγας
916 2089 1224 2163 Κυπριανὸς
1279 2087 1366 2142 ἐπὶ
1398 2088 1585 2144 Δεκίου
1617 2091 1886 2161 βασιλέως

228 2179 327 2232 τὸν
389 2179 485 2246 τῆς
563 2176 860 2252 μαρτυρίας
938 2173 1102 2245 ἤνυσε
1161 2174 1411 2252 δρόμον⁶
1471 2175 1782 2240 πολλοστὸς
1839 2176 1885 2232 δ’

231 2265 378 2320 ἔστιν
438 2267 466 2320 ὁ
526 2263 872 2339 Αὖρηλιανὸς
929 2266 1065 2339 πρὸς
1120 2266 1210 2319 τὸν
1271 2267 1480 2324 Δέκιον.
1534 2265 1744 2322 Πολλοὶ
1781 2267 1884 2344 γὰρ

233 2355 375 2426 μετὰ
425 2352 518 2408 τὸν
569 2352 752 2408 Δέκιον
805 2352 1101 2429 ἐκράτησαν
1142 2352 1560 2430 αὐτοκράτορες,
1623 2357 1738 2427 μεθ’
1791 2356 1884 2419 οὕς

231 2441 586 2520 Αὐρηλιανὸς
631 2449 735 2511 τῆς
808 2440 1082 2518 βασιλείας
1134 2442 1357 2513 ἠξίωτο.
1416 2442 1575 2502 Οὕτω
1637 2445 1732 2517 μὲν
1791 2443 1882 2500 οὖν

226 2531 623 2607 προγενεστέρα
678 2535 861 2586 πασῶν
914 2530 1072 2587 ἐστιν.
1133 2532 1520 2608 ἨΘροίσΘησαν
1581 2529 1629 2587 δ’
1685 2532 1738 2588 έν
1796 2534 1886 2588 αὗ-

225 2624 298 2692 τῇ
347 2616 631 2674 ἐπίσκοποι
680 2619 818 2694 πρὸς
865 2620 1152 2692 τέσσαρσιν
1211 2616 1567 2693 ὀγδοήκοντα,
1605 2623 1884 2691 ζητήσεως

228 2708 552 2781 γενομένης,
613 2707 658 2763 εἰ
707 2708 836 2770 τοὺς
891 2707 943 2778 έξ
1008 2706 1264 2783 αἱρέσεως
1327 2707 1738 2787 ἐπιετρὲφοντας
1793 2711 1882 2764 καὶ

225 2795 361 2859 τοὺς
420 2795 818 2873 σχισματικοὺς
875 2795 1221 2872 βαπτίζεσθαι
1267 2794 1350 2852 δεῖ
1405 2795 1882 2874 προσερχομένους

227 2890 300 2961 τῇ
361 2884 629 2960 καθολικῇ
681 2884 996 2956 Ἐκκλησίᾳ.
1055 2880 1317 2947 Ἰοϐιανὸς
1372 2887 1476 2962 γὰρ
1533 2907 1616 2949 τις
1674 2886 1883 2942 ἐπίσκο-

229 2994 342 3037 πος
395 2973 670 3030 ἐπέστειλε
715 2974 841 3050 περὶ
886 2973 1080 3030 τούτου
1123 2979 1203 3046 τῷ
1255 2974 1382 3048 θείῳ
1413 2977 1722 3051 Κυπριάνῷ,
1751 2975 1882 3052 ἐρω-

228 3069 366 3132 τῶν,
415 3063 461 3118 εί
504 3061 585 3118 δεῖ
630 3063 757 3126 τοὺς
787 3063 1069 3126 τοιούτους
1105 3063 1468 3138 βαπτίζεσθαι.
1499 3065 1629 3120 Τότε
1659 3067 1764 3141 γὰρ
1793 3065 1881 3120 καὶ

233 3154 266 3207 ὁ
316 3154 556 3214 Ναυάτος
619 3159 722 3223 τῆς
793 3157 900 3208 τῶν
956 3153 1267 3229 λεγομένων
1318 3155 1570 3230 Καθαρῶν
1627 3153 1882 3230 αἱρέσεως

1996 585 2197 677 tenum
2231 585 2340 677 sub
2370 588 2678 677 Aureliano
2726 594 3095 668 imperatore.
3129 600 3473 677 Congregati
3507 614 3648 664 sunt

1995 675 2191 727 autem
2241 673 2590 765 Carthagine
2619 681 2686 734 84
2751 686 2936 740 sancti
2967 687 3188 760 Patres,
3223 673 3281 747 et
3334 673 3645 765 quaesitum

1997 767 2106 830 est,
2140 779 2213 817 an
2247 762 2541 834 baptizare
2587 775 2851 839 oporteat
2879 790 2998 841 eos,
3050 779 3151 848 qui
3181 762 3552 841 revertuntur
3582 804 3650 843 ex

1995 848 2204 906 hieresi
2234 866 2435 908 eorum
2470 855 2569 927 qui
2603 857 2775 914 idolis
2806 861 3272 936 immolaverunt,
3305 875 3648 932 convenien-

1995 941 2086 1033 ter
2115 938 2554 1033 interrogationi
2606 945 2766 1001 facta
2818 949 2889 1004 de
2913 966 2980 1006 ea
3010 969 3071 1008 re
3121 955 3194 1010 ab
3227 957 3499 1033 episcOpo
3547 964 3648 1020 J0.

1994 1026 2186 1083 viano.
2221 1029 2368 1094 Quia
2415 1037 2610 1088 autem
2641 1038 2781 1090 tunc
2827 1037 3083 1096 Novatus
3117 1026 3510 1106 Romanorum
3546 1057 3644 1108 Ec-

1996 1114 2184 1209 clesia
2216 1117 2522 1209 presbyter
2552 1122 2856 1193 depositus
2882 1132 2990 1196 est,
3025 1136 3091 1185 ut
3123 1133 3223 1204 qui
3255 1137 3323 1190 ad
3358 1141 3644 1209 poeniten-

1995 1203 2141 1258 tiam
2173 1222 2288 1260 non
2348 1207 2682 1266 admitteret
2737 1228 2836 1269 eos
2895 1217 2992 1286 qui
3055 1218 3228 1278 idolis
3285 1203 3647 1286 sacriﬁcave-

1997 1298 2167 1382 rant;
2199 1299 2255 1349 et
2310 1295 2439 1352 ideo
2498 1315 2632 1355 cum
2690 1303 3045 1372 quibusdam
3101 1309 3517 1382 insipientibus
3563 1319 3650 1374 fa-

1996 1381 2187 1437 ciebat
2217 1384 2509 1442 schiema:
2559 1389 2845 1460 agitatum
2887 1399 2994 1467 est,
3031 1413 3104 1452 an
3152 1381 3328 1456 etiam
3361 1404 3649 1462 schisma-

1995 1471 2144 1566 ti-coe
2174 1473 2473 1566 baptizare
2498 1483 2780 1548 oporteat,
2812 1486 3096 1554 tanquam
3135 1487 3246 1545 hoc
3277 1507 3514 1566 quoque
3542 1496 3649 1552 Jo-

1993 1560 2206 1616 vianus
2237 1565 2623 1632 quaesivisset.

2065 1648 2582 1743 ZONaBEstbaac
2613 1658 2871 1728 synodus
2901 1663 3167 1721 omnium
3206 1670 3644 1743 antiquissima.

1997 1737 2143 1830 Nam
2175 1738 2305 1830 aliis
2353 1742 2592 1830 quidem
2651 1747 2948 1819 antiquior
3003 1757 3092 1808 est
3139 1770 3226 1821 ea,
3261 1737 3389 1830 quae
3445 1764 3647 1822 Antio-

1997 1824 2138 1881 chia
2170 1829 2230 1882 in
2261 1829 2424 1898 Syria
2452 1837 2655 1888 contra
2684 1835 2931 1893 Paulum
2975 1824 3423 1906 Samosatenum
3455 1859 3643 1911 Aure-

1997 1913 2153 1970 liano
2185 1916 2582 1974 Romanorum
2632 1922 2984 1995 imperatore
3031 1931 3322 1992 celebrata
3363 1940 3489 2008 luit,
3523 1941 3647 2001 bac

1995 2009 2692 2103 vero-.vetustate-illam
2747 2031 2981 2088 quoque
3037 2025 3346 2082 antecedit.
3402 2032 3648 2103 Magnus

1997 2093 2286 2163 siquidem
2334 2097 2678 2194 Cypri-anus,
2733 2104 2903 2159 Decio
2936 2107 3333 2194 imperatore,
3385 2093 3647 2194 martyrii

1996 2197 2233 2280 cursum
2292 2185 2574 2243 confecit:
2629 2194 2687 2243 at
2751 2207 2884 2248 vero
2931 2193 3106 2268 longo
3154 2199 3457 2263 intervallo
3511 2185 3646 2280 p‘ost

1996 2270 2236 2327 Decium
2308 2275 2661 2334 Aurelianus
2717 2280 2845 2335 fuit.
2903 2282 3068 2339 Multi
3123 2287 3416 2360 siquidem
3477 2270 3646 2355 Decio

1995 2360 2279 2416 exstincto
2327 2379 2638 2435 regnavere
2693 2367 3096 2445 imperatores,
3131 2379 3349 2449 quibus
3404 2385 3643 2444 demum

1995 2448 2347 2549 :Aurelianus
2389 2451 2446 2506 in
2475 2453 2722 2549 imperio
2779 2459 3057 2549 suffectus
3087 2448 3193 2521 est.
3227 2467 3428 2542 Itaque
3471 2473 3644 2549 longe

1995 2536 2118 2592 hinc
2149 2541 2404 2610 synodus
2426 2543 2692 2599 omnium
2725 2547 3140 2620 antiquissima
3169 2536 3349 2614 estin
3381 2577 3447 2617 ea
3471 2536 3644 2636 porro

1995 2631 2249 2726 quatuor
2276 2645 2455 2726 supra
2486 2633 2786 2726 octoginta
2821 2637 3077 2711 episcopi
3109 2651 3446 2721 congregati
3471 2631 3640 2726 sunt,

1995 2732 2062 2771 ac
2091 2716 2165 2806 de
2193 2715 2286 2806 iis,
2320 2719 2421 2806 qui
2477 2721 2743 2778 abdicata
2773 2724 2977 2782 haeresi
3013 2715 3455 2806 resipiscunt,ac
3486 2715 3643 2798 sebi;

1994 2803 2276 2871 smaticis,
2327 2805 2426 2876 qui
2474 2807 2547 2861 ad
2597 2808 2911 2867 Ecclesiam
2964 2803 3377 2890 revertuntur,
3408 2844 3481 2883 an
3534 2831 3640 2887 ba-

1992 3067 2258 3168 b‘or‘nines
2299 3070 2579 3168 baptizari
2612 3082 2938 3168 ropprteret,
2973 3083 3326 3156 Cyprianum
3362 3067 3480 3164 ‘per
3507 3098 3634 3168 epi-

1991 3155 2203 3213 stolam
2249 3159 2645 3257 consuluerat.
2690 3166 2854 3257 'l‘unc
2894 3155 3069 3227 enim?
3100 3174 3355 3236 Novatus
3376 3155 3634 3257 -quoque

222 3242 382 3316 ἦρξε,
454 3237 814 3318 πρεσϐύτερος
889 3243 1132 3318 γεγονὼς
1207 3249 1307 3312 τῆς
1366 3242 1693 3313 Ἐκκηλσίας
1742 3250 1876 3298 Ῥω-

1995 3263 2190 3303 eorum
2233 3253 2422 3339 sectae,
2455 3251 2554 3321 qui
2604 3252 2837 3311 Catbari
2865 3259 2997 3329 (hoc
3042 3267 3128 3318 est
3173 3267 3325 3339 puri)
3356 3237 3630 3330 dicebar—1:

228 3332 431 3404 μαίων.
484 3331 845 3406 σχισματικὸς
890 3330 962 3386 ὥν
1009 3330 1232 3408 κυρίως,
1283 3330 1410 3388 ἀλλ’
1453 3332 1559 3408 οὐχ
1587 3333 1875 3409 αἱρετικόςο

225 3419 304 3476 Οὐ
365 3422 467 3496 γὰρ
525 3422 660 3496 πρὸς
719 3418 901 3496 δόγμα
957 3442 1010 3475 τι
1077 3425 1194 3483 τοῖς
1256 3419 1548 3498 ὀρθόφροσι
1581 3420 1875 3501 διεφέρετο.

222 3506 379 3563 ἀλλὰ
433 3513 549 3572 τοῖς
605 3507 657 3563 έν
718 3507 988 3586 διωγμοῖς
1049 3508 1352 3583 ὑποκύψασί
1407 3531 1465 3565 τε
1512 3512 1602 3566 καὶ
1659 3512 1874 3566 Θύσασιν

222 3596 545 3674 ἀπηγόρευε
591 3599 692 3668 τήν
729 3600 1037 3672 μετάνοιαν,
1084 3595 1306 3669 Ἐπειδή
1353 3600 1382 3655 ὁ
1437 3599 1561 3655 τότε
1605 3603 1706 3670 τῆς
1752 3602 1878 3655 Ῥωο

227 3686 408 3759 μαίων
485 3686 811 3758 Ἐκκλησίας
894 3689 1251 3764 προεστηκὼς
1345 3688 1650 3764 Κορνήλιος
1745 3691 1878 3762 μετὰ

220 3779 332 3829 τῶν
413 3776 500 3829 ὑπ’
578 3776 733 3830 αὐτὸν
813 3775 1147 3842 ἐπισκόπων,
1219 3779 1548 3848 ζητήσαντες
1601 3780 1724 3853 περὶ
1779 3785 1876 3834 τοῦ

224 3863 607 3938 εἰσαγομένου,
685 3864 1016 3943 ἐψηφίσαντο
1105 3862 1360 3942 δέχεσθαι
1431 3867 1508 3929 εἱς
1595 3868 1873 3940 μετάνοιαν

220 3953 316 4006 καὶ
378 3954 501 4015 τοὺς
563 3953 932 4028 ἐπιθύσαντας,
989 3955 1019 4008 ὁ
1076 3951 1135 4009 δὶ
1193 3955 1437 4018 Ναυάτος
1508 3963 1608 4026 τῆς
1672 3958 1876 4020 οὶκείας

220 4041 521 4104 ἐνστάσεως
591 4042 655 4098 οὗ
732 4044 944 4116 μεθίετο
977 4063 989 4074 ·
1071 4042 1323 4118 ἐξέκοψαν
1394 4051 1496 4114 τῆς
1548 4044 1874 4116 Ἐκκλησίας

220 4130 432 4186 ἐκεῖνον
510 4132 598 4186 καὶ
677 4133 1014 4209 ἁπεκήρυξαν
1087 4133 1164 4195 ὡς
1241 4131 1592 4212 μισάδελφον.
1671 4136 1732 4192 Ὁ
1819 4133 1877 4190 δὲ

220 4219 315 4274 καὶ
349 4217 557 4282 ἄλλους
590 4221 900 4300 ὁμόφρονας
954 4221 1207 4298 ἐσχηκὼς
1255 4223 1373 4277 καθ’
1424 4224 1608 4278 ἑαυτὸν
1639 4223 1875 4280 ἐποιεῖτο

221 4311 638 4382 παραωνάξεις,
695 4310 784 4365 καὶ
844 4311 1052 4387 σχίσμα
1108 4311 1252 4385 παρὰ
1307 4316 1377 4386 τῇ
1445 4311 1741 4386 Ἐκκλησία
1788 4315 1878 4369 ὑπ’

223 4397 430 4453 ἐκείνου
514 4398 604 4454 καί
677 4405 786 4455 τῶν
861 4399 1010 4473 αὐτῳ
1078 4401 1584 4475 συγκοινωνούντων
1647 4401 1871 4478 ἐγένετο.

223 4487 358 4562 Περὶ
417 4492 793 4564 σχισματικῶν
857 4489 1032 4544 τοίνυν
1089 4489 1179 4544 καὶ
1238 4491 1520 4563 αἱρετικῶν
1567 4491 1873 4566 έρωτήσαν-

1986 3340 2102 3403 tur,
2139 3353 2202 3391 se
2241 3337 2562 3410 principem
2613 3344 3011 3412 proﬁtebatur,
3061 3337 3332 3411 Romanae
3364 3361 3627 3420 Ecclesiae

1987 3425 2309 3498 presbyter,
2368 3427 2782 3490 schismaticus
2839 3439 3091 3510 proprie,
3127 3459 3242 3498 non
3290 3446 3620 3510 hereticus.

1987 3515 2102 3570 Nec
2131 3515 2286 3608 enim
2319 3515 2376 3608 in
2419 3517 2521 3608 iis,
2543 3536 2671 3591 quas
2702 3523 2773 3578 ad
2833 3526 3110 3599 dogmata
3168 3536 3479 3608 pertinent,
3511 3541 3630 3597 ullo

1987 3604 2560 3695 pactoaCatbolicis
2597 3609 3021 3672 dissentiebat:
3074 3622 3171 3674 sed
3227 3625 3326 3695 qui
3371 3604 3631 3688 adversis

1985 3692 2320 3763 reipublicae
2339 3695 2683 3754 Christianae
2707 3705 3070 3774 temporibus
3093 3692 3396 3770 malo‘victi
3423 3735 3631 3776 succu-

1985 3781 2274 3850 buissent,
2305 3783 2532 3855 diisque
2554 3786 3057 3862 immolassent,ad
3092 3801 3491 3869 pmnitentiam
3516 3826 3630 3864 non

1987 3870 2350 3926 admittebat.
2366 3872 2512 3965 Cum
2535 3892 2667 3932 vero
2685 3878 2950 3936 Ecclesia
2976 3885 3371 3947 Romanorum
3398 3899 3630 3965 praefec-

1983 3962 2080 4055 tus
2103 3974 2168 4014 eo
2193 3963 2451 4055 tempore
2473 3962 2794 4032 Cornelius,
2825 3986 2956 4025 cum
2982 3973 3092 4028 sibi
3117 3962 3637 4055 subjectisvepiseo-

1984 4048 2097 4120 pis,
2132 4047 2351 4120 agitata
2381 4053 2722 4122 quaestione,
2755 4074 2854 4112 eos
2885 4076 3120 4133 quoque
3151 4047 3251 4137 qui
3283 4047 3634 4129 immolave-

1985 4142 2116 4191 rant
2159 4137 2228 4191 ad
2279 4141 2682 4209 penitentiam
2724 4146 3119 4207 admittendos
3169 4171 3296 4211 esse
3347 4158 3630 4217 decrevis-

1985 4230 2136 4317 sent,
2173 4243 2359 4298 neque
2387 4231 2583 4317 tamen
2634 4232 2888 4290 Novatus
2939 4237 3156 4310 aliquid
3190 4244 3260 4299 de
3308 4248 3631 4317 pertinacia

1983 4316 2324 4382 remitteret,
2376 4316 2540 4372 illum
2593 4319 2665 4375 ab
2719 4322 2980 4379 Ecclesiae
3043 4316 3629 4407 corporeexcisum,

1983 4403 2201 4475 quippe
2275 4404 2522 4461 fratrum
2592 4425 2818 4466 osorem
2877 4418 3104 4473 decreto
3165 4403 3626 4496 promulgavere;

1982 4491 2142 4547 Alios
2174 4508 2306 4547 vero
2340 4492 2436 4548 ille
2464 4499 2778 4553 sectatores
2837 4508 3066 4569 nactus,
3101 4510 3345 4566 seorsim
3380 4491 3631 4571 cvonven-

219 4596 314 4637 τος
344 4571 631 4646 Ἰοϐιάνοῦ,
666 4577 1065 4634 ἀντεπέστειλεν
1096 4577 1242 4650 αὐτῴ
1268 4599 1326 4632 τε
1355 4579 1444 4633 καὶ
1474 4585 1592 4642 τοῖς
1624 4600 1870 4636 συνεπισ-

1995 4588 2079 4636 ius
2133 4596 2426 4652 peragere,
2462 4583 2896 4659 scbismateque
2951 4591 3089 4649 hinc
3139 4597 3274 4653 inde
3320 4617 3455 4657 cum
3505 4604 3633 4661 suis

219 4665 420 4727 κόποις
450 4664 616 4721 αὐτοῦ
647 4667 674 4721 ὁ
709 4669 873 4743 μέγας
905 4668 1201 4744 Κυπριονὸς
1233 4667 1320 4722 καὶ
1351 4671 1385 4738 ἡ
1419 4667 1510 4723 σὺν
1542 4669 1686 4742 αὐτῷ
1718 4669 1872 4725 σύνο-

223 4751 317 4816 δος
346 4756 446 4824 τὴν
481 4753 774 4826 ἐπιστολὴν
805 4756 1030 4829 ταύτην.

1982 4669 2318 4742 gregalibus
2370 4671 2688 4729 Ecclesiam
2739 4675 2993 4736 lacerare
3041 4686 3282 4744 adortus
3330 4696 3440 4746 est.
3487 4693 3632 4751 Cum

1982 4778 2118 4834 ergo
2148 4762 2221 4816 de
2251 4761 2642 4820 schismaticis
2698 4773 2755 4822 et
2785 4769 3072 4830 haereticis
3111 4785 3267 4835 esset
3325 4799 3359 4836 a
3389 4783 3633 4841 Joviano

223 4845 566 4916 quesitum,
598 4847 671 4903 ad
701 4864 834 4906 eum
865 4849 1111 4921 ejusque
1131 4847 1507 4921 coepiscopoe
1537 4866 1788 4923 magnus
1818 4851 2143 4925 Cyprianus
2175 4866 2310 4906 cum
2333 4867 2438 4908 sua
2461 4855 2680 4925 synodo
2712 4861 3040 4920 rescribens
3069 4868 3392 4941 subiectam
3421 4874 3639 4944 episto-

226 4934 343 4990 lam
377 4937 653 4992 exaravit.

889 5031 1121 5081 KANQN
1156 5028 1233 5082 A'.

224 5136 252 5162 ε(
284 5117 380 5166 Ἐκ
435 5107 802 5188 κοινοϐουλίῳ
859 5109 1033 5188 ὄντες,
1101 5113 1374 5190 ἀγαπητοὶ
1442 5110 1689 5193 ἀδελφοὶ,
1759 5117 1877 5173 ἀνέ-

298 5220 577 5276 ‹ιγνωμεν
653 5221 950 5279 γραμματα
1023 5203 1112 5281 ἀφ’
1187 5203 1338 5276 ὑμων
1417 5201 1679 5260 σταλέντα
1752 5207 1877 5279 περὶ

2643 5035 2884 5094 CANON
2926 5039 2969 5094 Ι.

2063 5139 2092 5172 ι
2119 5121 2264 5176 Cum
2289 5118 2348 5173 in
2381 5122 2683 5177 communi
2714 5126 2956 5183 consilio
2987 5146 3270 5206 essemus,
3296 5137 3490 5193 dilecti
3527 5141 3636 5195 fra-

2080 5231 2109 5259 ‹‹
2143 5207 2542 5281 tres,legimus
2573 5209 2796 5268 litteras
2829 5231 2864 5270 a
2889 5218 3057 5274 vobis
3085 5222 3300 5280 missas
3330 5226 3400 5282 de
3433 5227 3635 5301 iis.qui

1540 5349 1731 5412 Guill.
1778 5354 2103 5433 Beveregii
2145 5362 2330 5414 nom.

227 5471 596 5547 Balsamonis
625 5475 982 5532 editionibus
1031 5491 1283 5532 canone
1314 5473 1541 5547 synodi
1573 5473 1877 5547 Carthagi-

225 5544 448 5609 nensis,
506 5551 570 5599 ut
625 5563 660 5601 a
710 5547 924 5603 Graecis
981 5553 1281 5613 vocantur,
1311 5544 1418 5600 hoc
1473 5549 1584 5611 est,
1618 5544 1878 5604 codicem

227 5631 522 5670 canonum
584 5617 850 5674 Ecclesia
909 5619 1212 5684 Africanas,
1273 5617 1426 5671 inter
1480 5617 1877 5688 supradictam

229 5688 528 5759 synodum
553 5689 922 5762 Ancyranam
954 5688 1263 5762 interponi.
1309 5691 1523 5744 Verum
1560 5704 1676 5744 non
1707 5693 1880 5748 modo

1989 5478 2048 5564 in
2079 5477 2388 5564 Bodleiano
2418 5479 2617 5564 codice
2647 5496 2820 5564 quem
2854 5486 3072 5564 ubique
3102 5493 3424 5564 sequimur,
3449 5499 3550 5554 sed
3582 5505 3639 5554 et

1989 5550 2658 5642 AmeibacbiapqLidem
2693 5555 2834 5637 ordo
2865 5550 3220 5642 synodorum
3269 5550 3632 5642 observatur,

1989 5637 2105 5749 quo
2138 5622 2257 5702 hic.
2282 5620 2727 5690 imprimuntur,
2757 5620 2929 5696 juxta
2975 5647 3148 5702 quem
3181 5620 3431 5696 νθίέῆέῶ

2035 5693 2507 5749 artbamnensem
2537 5697 2800 5749 synodus
2818 5701 3119 5749 Ancvmn.
3151 5711 3363 5749 “manu

2035 5693 2507 5765 artbaginensem
2537 5693 2800 5763 synodus
2818 5693 3124 5774 Ancyrana
3151 5693 3385 5783 excipit.
