4040 6178
453 337 605 395 H23

1500 325 1603 384 DE
1645 323 2244 387 HERETICOBUM
2286 306 2808 386 BAPTISMATE'.

3686 329 3787 389 im

457 490 476 514 ιι
512 465 583 519 ab
636 459 924 516 haereticis
972 459 1058 513 vel
1109 455 1503 512 schismaticis
1551 455 1822 527 baptizati
1870 454 1977 510 visi
2019 456 2074 509 ac

2282 477 2311 504 «
2345 457 2452 508 τῶν
2509 453 2655 529 παρᾶ
2708 459 2823 515 τοῖς
2877 455 3170 530 αἱρετικοῖς
3228 455 3264 522 ἣ
3318 459 3691 530 σχισματικοῖς
3729 454 3786 511 δο-

454 573 480 605 α
516 550 864 608 catholicam
928 546 1272 613 Ecclesiam,
1331 561 1457 617 quae
1523 562 1637 600 una
1693 549 1802 610 est,
1861 544 1920 598 in
1979 559 2098 615 qua

448 666 475 691 ‹‹
507 641 874 712 baptizamur
911 640 969 691 et
1027 652 1439 707 regeneramur
1495 633 1772 688 veniunt:
1838 633 1908 688 de
1959 632 2094 702 qui-

448 732 621 785 «bus
673 728 1028 785 confidimus
1097 743 1198 781 vos
1274 740 1524 796 quoque,
1585 723 1684 794 qui
1742 721 1842 776 illa
1897 720 2091 793 agitis,

449 844 476 870 «
508 818 803 877 catholicae
854 815 1120 873 Ecclesiae
1171 829 1425 870 canones
1475 812 1809 868 firmitatem
1874 815 2089 866 tenere.

449 911 723 966 «Tamen
773 906 1050 979 quoniam
1105 903 1412 958 nobiscum
1471 901 1612 957 estis
1660 899 2094 956 communionis

445 1023 474 1049 «
511 997 843 1071 participes,
892 999 950 1050 et
1009 996 1243 1066 propter
1297 1006 1669 1046 communem
1720 988 2092 1044 dilectionem

443 1112 470 1138 ‹‹
506 1089 578 1144 de
625 1103 690 1142 eo
741 1099 999 1156 querere
1056 1081 1360 1147 voluistis;
1411 1096 1526 1135 non
1582 1095 1794 1133 novam
1853 1081 2091 1132 senten-

445 1202 472 1228 ‹‹
505 1177 648 1232 tiam
681 1191 868 1246 neque
895 1189 1050 1228 nunc
1096 1171 1404 1226 fundatam
1461 1167 1794 1224 efferimus:
1829 1166 1929 1222 sed
1961 1181 2093 1236 qua:

445 1289 472 1316 ι(
507 1265 646 1320 olim
705 1265 777 1318 ab
840 1260 1271 1332 antiquioribus
1329 1256 1799 1313 aceurratissime
1855 1258 1911 1310 et
1958 1253 2090 1308 dili-

445 1378 472 1406 ‹‹
505 1353 848 1427 gentissime
904 1350 1015 1405 fuit
1065 1349 1219 1404 866
1271 1345 1622 1412 examinata,
1655 1361 1784 1400 eam
1841 1359 1876 1398 a
1921 1341 2090 1398 nobis

443 1468 472 1494 ‹‹
506 1445 870 1498 observatam
930 1437 1092 1492 vobis
1152 1435 1682 1498 communicamus,
1727 1437 1784 1488 et
1840 1431 2089 1502 conjun-

451 1554 476 1585 σ
507 1532 722 1604 gimus,
754 1529 812 1583 id
847 1543 1077 1598 quoque
1134 1541 1290 1580 nunc
1341 1526 1685 1590 statuentes,
1718 1521 1872 1588 quod
1929 1537 2088 1576 sem-

445 1644 474 1672 ‹‹
507 1637 609 1692 per
665 1617 892 1673 fortiter
949 1613 1353 1684 stabiliterque
1407 1610 1746 1676 tenuimus;
1807 1614 1870 1664 ut
1919 1624 2088 1664 nemo

445 1733 466 1758 «ι
510 1708 690 1780 possit
748 1703 1028 1777 baptizari
1085 1706 1246 1757 extra
1305 1699 1650 1756 catholicam
1727 1697 2084 1765 Ecclesiam;

440 1824 467 1848 ι‹
501 1813 636 1853 cum
699 1811 854 1851 unus
911 1792 1265 1864 baptismus,
1327 1794 1384 1844 et
1448 1788 1508 1842 in
1549 1785 1836 1842 catholica
1891 1785 2162 1891 Eccle--B

444 1912 464 1938 α
499 1886 587 1943 sia
628 1885 754 1942 sola
809 1881 1152 1938 celebretur.
1205 1878 1499 1950 Scriptum
1557 1881 1646 1932 est
1705 1875 1897 1931 enim:
1935 1897 1963 1926 «
1995 1878 2083 1931 Me

441 2000 467 2028 «
501 1976 860 2047 reliquerunt
905 1972 1126 2026 fontem
1157 1985 1321 2040 aqua:
1371 1965 1531 2033 vive,
1564 1971 1621 2020 et
1669 1965 1937 2020 foderunt
1969 1963 2080 2018 sibi

444 2089 470 2120 α
500 2065 784 2121 cisternas
838 2060 1180 2133 perforatas,
1210 2073 1335 2128 quae
1386 2071 1597 2126 aquam
1653 2053 1950 2108 continere
1980 2069 2081 2107 ne-

441 2177 462 2204 ι
498 2156 723 2226 queunt
748 2151 814 2204 ⁷⁸.
850 2169 878 2198 ι)
938 2148 1007 2202 Et
1090 2161 1297 2201 rursus
1367 2159 1532 2198 sacra
1612 2139 1914 2212 Scriptura
1973 2140 2081 2196 hoc

437 2265 465 2293 (ι
499 2239 962 2314 ρνωείεοίϐοιιηε
1013 2234 1190 2289 dicit:
1253 2255 1280 2283 «
1317 2232 1400 2286 Ab
1459 2247 1613 2302 aqua
1661 2228 1854 2285 aliena
1895 2227 2078 2284 absti-

438 2334 648 2396 «nete,
706 2331 764 2383 et
808 2342 877 2382 ex
933 2325 1089 2380 fonte
1148 2321 1336 2376 alieno
1393 2335 1465 2376 ne
1514 2318 1718 2374 bibite.
1753 2340 1782 2367 »
1841 2316 2080 2390 Oportet

438 2442 460 2468 ι
495 2421 690 2474 autem
751 2428 960 2486 aquam
1021 2409 1277 2482 primum
1329 2407 1565 2480 purgari
1614 2411 1672 2462 et
1727 2404 2076 2463 sanctiﬁcari

434 2531 463 2558 «
493 2525 526 2563 a
557 2505 876 2570 sacerdote,
930 2506 994 2556 ut
1051 2499 1236 2572 possit
1287 2497 1518 2569 proprio
1575 2496 1927 2568 baptismate
1974 2493 2076 2550 ho-

435 2621 463 2647 ‹‹
497 2595 695 2662 minis,
757 2591 859 2664 qui
945 2589 1292 2660 baptizatur,
1377 2589 1614 2657 peccata
1693 2583 1944 2639 abluere.
2010 2587 2079 2638 Et

435 2707 462 2735 ‹‹
495 2701 599 2758 per
680 2678 1051 2738 Iezechielem
1130 2676 1469 2749 prophetam
1559 2674 1700 2729 dicit
1755 2672 2073 2728 Dominus:

431 2798 458 2826 ‹‹
490 2779 558 2830 Et
613 2785 918 2844 aspergam
949 2784 1050 2824 vos
1097 2783 1250 2838 aqua
1305 2781 1470 2838 pura,
1502 2767 1559 2818 et
1609 2762 1906 2818 mundabo
1949 2777 2072 2829 vos,

435 2886 462 2914 ‹‹
495 2867 553 2918 et
583 2862 731 2918 dabo
788 2859 949 2914 vobis
979 2873 1079 2913 cor
1133 2871 1369 2920 novum,
1431 2856 1488 2908 et
1535 2851 1810 2924 spiritum
1859 2865 2073 2906 novum

435 2975 463 3002 ι(
494 2953 645 3007 dabo
672 2948 839 3005 vobis
865 2947 998 3000 704°.
1036 2968 1064 2994 ››
1115 2943 1416 3010 Quomodo
1465 2945 1661 2997 autem
1691 2956 1906 3012 aquam
1935 2955 2074 3010 pur-

431 3066 458 3092 ‹‹
493 3058 628 3114 gare
691 3044 746 3095 et
804 3036 1172 3093 sanctificare
1241 3036 1450 3104 potest,
1511 3031 1609 3103 qui
1652 3031 1776 3102 ipse
1835 3034 1925 3085 est
1970 3029 2076 3084 im-

435 3153 462 3184 ιι
493 3130 772 3194 mundus,
805 3130 862 3182 et
917 3124 1134 3197 Spiritu
1193 3127 1393 3177 sancto
1442 3117 1803 3176 destitutus?
1833 3122 1891 3174 et
1937 3132 2071 3173 cum

432 3242 460 3271 «
491 3219 645 3274 dicat
706 3191 984 3271 Dominus
1041 3213 1098 3267 in
1159 3210 1467 3266 Numeris:
1532 3229 1552 3256 ι
1587 3209 1656 3263 Et
1704 3207 1903 3263 omnia
1945 3222 2070 3276 quae
2102 3191 2146 3258 Ε

429 3310 685 3380 «tanget
741 3302 1105 3370 immundus,
1164 3298 1475 3354 immunda
1525 3300 1695 3352 erunt
1721 3297 1803 3363 9';
1848 3318 1876 3345 ››
1929 3311 2070 3365 quo-

425 3421 452 3446 ‹‹
487 3396 659 3451 modo
721 3397 910 3464 potest
955 3389 1255 3462 baptizans
1311 3387 1449 3442 dare
1506 3384 1604 3440 alii
1664 3384 2068 3441 remissionem

429 3509 449 3534 ιι
489 3488 882 3557 peccatorum,
941 3479 1042 3550 qui
1102 3493 1214 3532 non
1275 3481 1466 3548 potest
1537 3475 1772 3546 propria
1831 3477 2070 3545 peccata

425 3596 452 3623 ‹‹
485 3581 643 3628 extra
681 3569 997 3626 Ecclesiam
1045 3566 1342 3621 dimittere
1364 3564 1391 3618 ‘?
1435 3563 1546 3618 Sed
1578 3567 1633 3617 et
1665 3563 1793 3634 ipsa
1821 3562 2066 3617 interro-

425 3683 451 3712 ι(
483 3661 659 3733 gatio,
706 3675 832 3731 quae
892 3656 957 3710 ﬁt
1002 3654 1376 3726 baptismate,
1417 3655 1505 3707 est
1560 3651 1728 3706 testis
1784 3649 2064 3706 veritatis.

424 3774 451 3799 ‹‹
487 3749 754 3804 Dicentes
811 3745 966 3802 enim
1008 3743 1058 3800 ei
1118 3743 1218 3814 qui
1272 3741 1676 3797 examinatur:
1733 3740 1930 3795 Credis
1982 3739 2064 3794 vi-

429 3861 454 3891 a
490 3844 601 3894 tam
687 3842 962 3891 aeternam
1051 3838 1108 3887 et
1193 3832 1596 3886 remissionem
1696 3834 2065 3902 peccatorum

425 3950 450 3977 ‹‹
485 3926 793 3998 accipere?
843 3921 986 3978 nihil
1038 3921 1193 3976 aliud
1248 3920 1522 3987 dicimus,
1571 3935 1745 3990 quam
1798 3919 1950 3989 quod
2005 3917 2064 3973 in

420 4041 444 4066 ‹‹
482 4015 765 4071 catholica
796 4011 1052 4068 Ecclesia
1102 4009 1223 4064 haec
1269 4008 1393 4063 dari
1437 4011 1707 4078 possunt.
1764 4007 1925 4078 Apud
1955 4007 2066 4061 ha:-

419 4127 448 4157 ιι
482 4107 691 4160 reticos
749 4107 969 4169 autem,
1032 4098 1132 4154 ubi
1190 4096 1445 4153 Ecclesia
1506 4113 1619 4151 non
1679 4101 1785 4164 est,
1864 4096 2060 4152 haberi

419 4219 444 4244 «
478 4211 592 4250 non
649 4195 839 4264 potest
891 4192 1256 4262 peccatorum
1314 4185 1602 4240 remissio.
1653 4183 1720 4240 Et
1779 4185 1906 4240 ideo
1963 4189 2062 4256 qui

419 4305 446 4331 «
480 4281 881 4337 haereticorum
913 4275 1301 4348 patrocinium
1354 4272 1702 4344 suscipiunt,
1737 4271 1821 4326 vel
1853 4273 2067 4327 debent

419 4368 986 4440 «interrogationem
1038 4368 1285 4428 mutare,
1366 4359 1452 4415 vel
1527 4361 1828 4416 veritatem
1886 4361 2060 4416 tueri.

416 4459 724 4516 «Necesse
781 4458 870 4510 est
923 4453 1098 4509 etiam
1158 4467 1314 4517 eum,
1386 4450 1481 4520 qui
1544 4450 1872 4521 baptizatus
1951 4453 2060 4520 est,

414 4547 703 4616 «inungi,
739 4550 804 4599 ut
859 4546 1090 4612 accepta
1151 4539 1442 4603 unctione,
1505 4537 1605 4592 fiat
1660 4537 1873 4594 Christi
1932 4554 2140 4627 gra-D

415 4659 442 4687 «
477 4635 570 4689 tiae
629 4632 938 4705 particeps.
997 4628 1372 4683 Sanctiﬁcare
1429 4632 1626 4681 autem
1699 4625 1892 4681 oleum
1947 4643 2063 4682 non

420 4749 438 4772 α
479 4725 669 4794 potest
718 4720 1045 4785 haereticus,
1107 4715 1203 4787 qui
1293 4732 1396 4770 nec
1455 4715 1639 4769 altare
1688 4714 1881 4786 habet,
1958 4731 2063 4771 nec

415 4838 442 4865 ‹‹
479 4811 814 4869 Ecclesiam.
866 4809 991 4864 Non
1043 4812 1232 4879 potest
1263 4811 1456 4861 autem
1517 4804 1756 4861 omnino
1804 4805 2064 4862 chrisma

414 4929 441 4955 ‹‹
479 4918 606 4959 esse
637 4901 791 4973 apud
852 4896 1172 4953 haereticos.
1235 4894 1412 4950 Nobis
1470 4895 1623 4950 enim
1669 4894 1891 4950 clarum
1951 4900 2061 4963 est,

418 5016 445 5046 ιι
478 4991 638 5049 nullo
670 4989 842 5045 modo
891 4987 1045 5059 apud
1080 4984 1210 5040 illos
1253 4983 1605 5040 sanctiﬁcari
1653 5000 1823 5055 posse
1866 4983 2059 5040 oleum

413 5107 439 5132 ‹‹
477 5083 548 5138 ad
607 5079 930 5154 gratiarum
1013 5075 1321 5131 actionem.
1383 5072 1539 5127 Scire
1615 5072 1768 5128 enim
1831 5077 1888 5128 et
1944 5089 2058 5130 non

419 5195 437 5220 α
476 5171 744 5243 ignorare
782 5168 1066 5222 debemus
1110 5163 1265 5234 quod
1317 5161 1600 5232 scriptum
1631 5166 1759 5217 est:
1792 5184 1819 5213 «
1853 5161 2059 5218 Oleum

413 5256 794 5330 «peccatoris
853 5271 968 5311 non
1044 5251 1373 5324 impinguet
1441 5254 1616 5320 caput
1674 5267 1869 5306 meum
1928 5252 1994 5306 39.
2030 5274 2059 5301 »

412 5371 440 5398 «
476 5349 636 5415 Quod
697 5347 936 5419 quidem
993 5343 1169 5399 etiam
1230 5340 1368 5396 olim
1411 5339 1761 5411 significavit
1818 5346 2059 5397 sanctus

415 5437 728 5507 «Spiritus
786 5435 845 5488 in
923 5431 1192 5499 Psalmis,
1255 5445 1326 5484 ne
1408 5429 1552 5483 forte
1608 5429 1896 5485 abductus
1981 5430 2060 5486 sit

2282 564 2303 591 ι
2344 541 2583 598 κούντων
2667 538 3042 619 βεϐαπτίσθαι,
3139 542 3469 618 έρχομέμων
3545 545 3674 619 πρὸς
3725 548 3786 615 τὴν

2276 631 2632 701 «καθολικὴν
2711 631 3055 703 Ἐκκλησίαν,
3133 631 3256 701 ἥτις
3333 631 3442 688 ἐστὶ
3522 632 3641 704 μία.
3692 633 3789 708 hri

2275 744 2304 770 «
2344 721 2713 794 βαπτιζόμεθα
2808 721 2896 776 καὶ
3002 721 3412 797 ἀναγιννώμεθα
3444 741 3456 753 ·
3564 723 3684 795 περὶ
3746 726 3792 778 ὧν

2280 832 2301 860 ι
2334 811 2424 864 καὶ
2481 809 2812 883 πεποίθαμεν
2881 810 2970 865 καὶ
3022 811 3161 883 ὑμᾶς
3221 810 3416 872 αὐτοὺς
3467 809 3640 866 έκεῖνα
3677 814 3794 886 πράτ-

2277 919 2523 960 ‹‹τοντας
2604 901 2704 968 τὴν
2777 899 3108 976 στερρότητα
3179 907 3277 970 τῆς
3349 899 3646 970 καθολικῆς
3723 904 3797 956 Ἐκ-

2275 1012 2302 1038 ι(
2336 985 2566 1057 κλησίας
2671 994 2906 1064 κρατεῖν,
3007 988 3162 1061 ὅμως
3268 987 3384 1044 ἐπεὶ
3487 993 3797 1064 συγκοινωνοὶ

2275 1100 2300 1127 ιι
2333 1078 2513 1148 ἡμῶν,
2547 1076 2684 1145 ἐστε,
2740 1078 2830 1132 καὶ
2892 1083 3120 1147 ζητῆσαι
3178 1078 3302 1152 περὶ
3353 1077 3549 1132 τούτου
3607 1076 3698 1132 διὰ
3737 1083 3799 1148 τὴν

2271 1189 2299 1216 ‹‹
2331 1167 2517 1235 κοινὴν
2573 1165 2783 1241 ἀγάπην
2837 1165 3163 1238 ἠθελήσατε,
3225 1167 3286 1222 οὐ
3345 1187 3653 1244 προσφατον
3709 1171 3800 1244 γνὼ-

2272 1277 2301 1302 ‹‹
2338 1274 2468 1325 μην,
2524 1250 2650 1308 οὐδὲ
2716 1257 2806 1308 νῦν
2869 1251 3212 1330 ἧδρασμένην
3268 1253 3644 1332 προσρέρομεν
3707 1255 3802 1311 ἀλλὰ

2274 1341 2430 1409 «τὴν
2488 1340 2658 1397 πάλαι
2713 1340 2816 1396 ὐπὸ
2866 1347 2972 1397 τῶν
3019 1345 3447 1418 προγενεστέρων
3503 1346 3684 1417 ἡμῶμ
3717 1345 3803 1416 μετὰ

2272 1452 2300 1481 ι(
2330 1429 2506 1501 πάσης
2561 1425 2838 1507 ἀκριϐείας
2867 1430 2956 1486 καὶ
2985 1431 3296 1506 ἐπιμελείας
3348 1429 3801 1506 δεδοκιμασμένην,

2269 1543 2298 1571 ‹‹
2357 1519 2447 1574 καὶ
2507 1520 2591 1598 ὑφ’
2645 1523 2807 1593 ἡμῶν
2879 1527 3377 1598 παρατηρηθιῖσαν,
3436 1522 3804 1594 κοιννωούμιθι

2271 1631 2300 1660 ‹‹
2333 1609 2459 1681 ὑμῖν
2507 1609 2595 1664 καὶ
2651 1609 3032 1686 συζεύγνυμεν,
3082 1614 3243 1666 τοῦτο
3290 1610 3382 1665 καὶ
3437 1615 3528 1665 νῦν
3587 1632 3803 1688 χειρατο-

2270 1702 2561 1770 «νοῦντες,
2639 1697 2771 1775 ὅπερ
2829 1696 2918 1754 διὰ
2980 1700 3180 1762 παντὸς
3237 1699 3479 1776 ἰσχυρῶς
3528 1701 3621 1754 καὶ
3677 1701 3804 1779 ἀσφα-

2267 1810 2296 1837 ‹‹
2331 1783 2442 1848 λῶς
2515 1793 2858 1862 κρατοῦντες,
2921 1787 3127 1862 μηδένα
3186 1788 3530 1863 βαπτίζεσθαι
3588 1787 3805 1854 δύνασθαι

2267 1899 2286 1925 ι
2320 1871 2424 1947 ἔξω
2473 1883 2574 1945 τῆς
2623 1876 2922 1946 καθολικῆς
2971 1877 3335 1948 Ἐκκλησίαςο
3389 1878 3506 1940 ἑνὸς
3567 1879 3696 1941 δτὸς
3748 1880 3806 1954 βα-

2264 1987 2291 2015 «
2320 1964 2639 2037 πτίσματος,
2717 1966 2806 2020 καὶ
2866 1965 2916 2021 έν
2973 1966 3111 2040 μόνῃ
3166 1970 3236 2041 τῇ
3293 1966 3560 2041 καθολικῇ
3613 1967 3809 2037 Ἐκκλη-

2267 2074 2289 2100 «
2324 2052 2410 2123 σίᾳ
2467 2053 2832 2130 ὑπάρχοντος.
2892 2053 3192 2131 Γέγραπται
3247 2057 3372 2132 γὰρ,
3422 2081 3450 2108 ‹‹
3515 2057 3648 2130 Ἐμὲ
3682 2057 3806 2132 ἐγκα-

2259 2165 2289 2192 ‹‹
2320 2140 2543 2197 τέλιπον
2603 2144 2784 2219 πηγὴν
2845 2141 3040 2207 ὕδατος
3083 2149 3306 2214 ζῶντος,
3355 2145 3444 2200 καὶ
3476 2145 3688 2222 ὣρυξαν
3718 2148 3807 2201 ἑαυ-

2265 2237 2434 2292 ατοῖς
2506 2230 2740 2294 λάκκους
2813 2234 3326 2308 συντετριμμένους,
3403 2234 3533 2296 τοὺς
3613 2237 3692 2309 μὴ
3752 2233 3811 2290 δυ·

2258 2344 2285 2371 ‹‹
2318 2319 2580 2392 ναμένους
2635 2319 2778 2395 ὕδωρ
2837 2328 3078 2398 συσχιῖν.
3145 2347 3173 2374 ›ο
3234 2323 3330 2378 Καὶ
3392 2321 3556 2378 πάλιν
3614 2327 3650 2394 ἡ
3714 2325 3809 2400 άγίιι

2256 2431 2284 2459 ‹‹
2319 2411 2502 2486 Γραφή
2561 2411 2952 2483 προμηνύουσα
3010 2410 3193 2487 λέγει·
3247 2437 3276 2464 ‹‹
3327 2413 3463 2467 ’Λπὸ
3502 2410 3699 2475 ὓδατος
3730 2413 3805 2468 ἆλ-

2259 2519 2286 2547 ιι
2318 2494 2537 2573 λοτρίου
2585 2497 2872 2574 ἀπέχεσθε,
2913 2498 3002 2554 καὶ
3059 2499 3166 2554 ἀπὸ
3204 2507 3391 2576 πηγῆς
3420 2499 3717 2577 ἀλλοτρίας
3749 2504 3804 2575 μὴ

2255 2609 2283 2636 ‹‹
2316 2585 2496 2656 πίητε.
2571 2609 2598 2640 ιι
2655 2587 2742 2642 Δεὶ
2820 2585 2877 2643 δὶ
2935 2589 3307 2664 καθαρίζεσθαι
3367 2589 3455 2644 καὶ
3516 2591 3804 2664 ἀγιάζεσθσι

2259 2697 2281 2725 ι
2314 2675 2376 2728 τὸ
2407 2671 2552 2752 ὕδωρ
2584 2681 2800 2752 πρῶτον
2862 2676 2965 2731 ὑπὸ
3018 2681 3114 2731 τοῦ
3147 2676 3354 2752 ἱερέως,
3391 2676 3480 2732 ’ίνα
3513 2675 3717 2752 δυνηθῇ
3748 2683 3807 2748 τῷ

2255 2786 2284 2814 «
2319 2763 2406 2836 ίίῳ
2477 2765 2806 2838 βαπτίσματι
2864 2766 2959 2827 τὰς
3019 2765 3285 2841 ἁμαρτίας
3341 2771 3438 2821 τοῦ
3493 2768 3808 2842 βαπτιζομέ-

2261 2873 2416 2906 «νου
2475 2852 2762 2924 ἀνθρώπου
2820 2853 3148 2926 ἀποσμῆξαι,
3211 2878 3238 2906 ››
3300 2855 3398 2908 Διὰ
3450 2877 3509 2910 τε
3566 2853 3808 2925 Ἰεζεκιὴλ

2255 2944 2404 2994 «τοῦ
2479 2942 2764 3018 προφήτου
2841 2939 2984 3017 λέγει
3061 2941 3277 3017 Κύριος·
3359 2970 3382 2992 ‹‹
3447 2944 3545 2997 Καὶ
3604 2943 3811 3019 ῥαντίσω

2255 3053 2283 3081 «
2317 3030 2454 3102 ὑμᾶς
2511 3035 2730 3104 καθαρῷ
2788 3027 2964 3100 ὕδατι,
3042 3031 3130 3086 καὶ
3204 3033 3444 3108 καθαριῶ
3520 3033 3679 3106 ὑμᾶς,
3734 3034 3810 3087 καὶ

2253 3142 2281 3170 ι(
2316 3116 2476 3173 δώσω
2507 3119 2661 3192 ’ὑμῖν
2716 3117 2936 3195 καρδίαν
2997 3121 3205 3193 καινὴν,
3255 3123 3342 3176 καὶ
3387 3127 3602 3195 πνεῦμα
3645 3125 3811 3177 καινὸν

2255 3231 2282 3258 ‹‹
2316 3204 2475 3262 δώσω
2507 3207 2656 3280 ὑμῖν.
2687 3233 2715 3259 ››
2746 3213 2867 3271 Πῶς
2901 3206 2957 3264 δὶ
2987 3206 3205 3265 δύναται
3233 3211 3516 3286 καραρίσαι
3549 3213 3638 3266 καὶ
3666 3212 3807 3286 ἁγιά-

2257 3318 2277 3346 ι
2313 3317 2397 3351 σαι
2456 3293 2600 3372 ὅδωρ
2661 3298 2688 3351 ὁ
2749 3297 3046 3371 ἀκάθαρτος
3106 3298 3180 3353 ὢν
3240 3298 3421 3368 αὐτὸς,
3471 3300 3562 3354 καὶ
3617 3301 3808 3372 παρ’ῷ

2257 3409 2282 3438 ιι
2314 3389 2527 3458 Πνεῦμα
2575 3384 2724 3462 ἆγιον
2781 3386 2878 3441 οὐκ
2953 3385 3104 3455 Em;
3166 3387 3422 3462 λέγοντος
3478 3394 3576 3444 τοῦ
3622 3390 3800 3465 Κυρίου

2252 3497 2280 3524 ‹‹
2312 3472 2362 3528 ἐν
2411 3480 2528 3536 τοῖς
2579 3475 2862 3551 ’Δριθμοῖς
2896 3495 2907 3506 υ
2965 3499 2994 3527 ‹‹
3046 3476 3147 3532 Καὶ
3195 3478 3408 3532 πάντων
3437 3479 3513 3532 ὧν
3549 3477 3726 3552 ἅψεται
3769 3480 3793 3531 ὁ

2252 3583 2279 3616 ιι
2309 3561 2624 3634 ἀκάθαρτος,
2705 3563 2976 3638 ἀκάθαρτα
3047 3563 3214 3620 ἔσται.
3275 3591 3303 3617 ιι
3360 3570 3482 3628 Πῶς
3546 3566 3789 3642 βαπτίζων

2248 3676 2274 3702 ‹‹
2313 3649 2528 3706 δύναται
2559 3648 2715 3725 ἄλλῳ
2745 3649 2930 3706 δοῦναι
2961 3649 3143 3730 ἄφεσιν
3171 3655 3448 3729 ἁμαρτιῶν
3484 3656 3513 3709 ὁ
3547 3657 3621 3728 μὴ
3654 3653 3791 3723 δυνη-

2249 3768 2276 3794 ι(
2319 3742 2426 3805 θεὶς
2483 3743 2551 3797 τὰ
2605 3739 2716 3796 ἴδια
2765 3744 3132 3818 ἁμαρτήμυτα
3179 3743 3278 3815 ἔξω
3334 3753 3435 3814 τῆς
3495 3745 3791 3816 Ἐκκλησίας

2250 3831 2632 3900 «ἀποθέσθαι;
2699 3829 2879 3886 Ἀλλὰ
2934 3831 3025 3886 καὶ
3082 3832 3216 3903 αὐτὴ
3278 3836 3311 3902 ἡ
3355 3834 3639 3910 ἐρώτησις,
3692 3833 3793 3902 ἡίν

2250 3924 2384 3991 «τῷ
2466 3920 2797 3994 βαπτισματι
2878 3925 3162 3997 γινομένη,
3245 3923 3448 3999 μάρτυς
3525 3924 3632 3979 ἐστὶ
3710 3929 3792 3991 τῆς

2252 4033 2273 4059 ι
2308 4007 2584 4079 ἀληθείας.
2649 4008 2912 4085 Λέγοοτες
2972 4011 3076 4086 γὰρ
3131 4016 3210 4084 τῷ
3270 4011 3655 4086 ἐξεταζομένῳ.
3709 4017 3791 4066 [Iz-

2249 4121 2277 4149 ‹(
2309 4097 2511 4159 στεύεις
2581 4098 2776 4152 ἀώνιον
2857 4099 2997 4167 ζωήν
3073 4099 3162 4153 καὶ
3257 4101 3439 4178 ἄφεσιν
3536 4104 3791 4178 ἁμαρτιῶν

2251 4210 2271 4236 ι
2309 4180 2642 4258 λαμϐάνειν;
2677 4186 2775 4241 οὐκ
2830 4185 2971 4243 ἄλλο
3024 4209 3076 4242 τι
3137 4187 3366 4264 λέγομεν
3397 4189 3446 4244 εἴ
3507 4192 3582 4262 μή
3615 4192 3692 4245 ὃτι
3749 4189 3794 4243 έν

2245 4299 2273 4326 ‹‹
2304 4279 2372 4348 τῇ
2432 4275 2697 4349 καθολικῇ
2767 4274 3063 4348 Ἐκκλησία
3119 4275 3339 4346 δοθῆναι
3374 4275 3615 4334 δύναται.
3661 4279 3796 4350 Παρᾶ

2245 4387 2273 4414 ‹‹
2306 4361 2362 4418 δὲ
2414 4369 2530 4426 τοῖς
2587 4365 2900 4439 αἱρετικοῖς,
2962 4366 3098 4421 δποῦ
3159 4365 3454 4437 Ἐκκλησία
3515 4369 3612 4424 οὐκ
3649 4368 3794 4436 ἔστιν,

2243 4451 2560 4508 «ἀδύνατον
2614 4453 3022 4529 ἁμαρτημάτων
3079 4457 3261 4534 ἄφεσιν
3314 4451 3529 4534 λαϐεῖνἱ
3573 4458 3666 4513 Καὶ
3720 4454 3796 4510 διὰ

2244 4568 2271 4593 ι(
2307 4547 2464 4597 τοῦτο
2518 4544 2568 4597 οἱ
2610 4547 2720 4598 τῶν
2767 4545 3049 4614 αἱρετικῶν
3092 4548 3382 4620 συνήγοροι
3414 4547 3447 4614 ἢ
3477 4527 3576 4617 την
3611 4545 3794 4621 ἐπερώο

2245 4652 2459 4699 «τησιν
2539 4630 2822 4704 ἐναλλάξαι
2899 4631 3231 4710 ὀφείλουσιν,
3301 4631 3336 4702 ἤ
3396 4636 3495 4703 τήν
3556 4635 3792 4704 ἀλήθειαν

2246 4745 2274 4772 ‹‹
2307 4717 2606 4790 ἐκδικῆσαι.
2665 4720 2900 4796 Ἀνάγκη
2962 4718 3019 4776 δέ
3075 4722 3185 4776 ἐστι
3246 4722 3493 4797 χρίεσθαι
3553 4727 3640 4778 τὸν
3715 4724 3793 4796 βε-

2245 4833 2272 4860 ‹‹
2306 4803 2688 4882 ϐαπτισμένον,
2735 4807 2826 4864 ’ίνα
2886 4805 3066 4864 λαϐὼν
3102 4830 3312 4886 χρισμα
3363 4811 3601 4889 μέτοχος
3651 4813 3793 4889 γένη-

2243 4921 2271 4948 ‹‹
2297 4919 2386 4953 ται
2418 4903 2672 4973 Χριστοῦ.
2708 4899 2955 4973 ’Δγιάσαι
2987 4896 3044 4954 δὶ
3100 4897 3281 4954 ἔλαιον
3327 4900 3388 4955 οὗ
3420 4899 3635 4958 δύναται
3661 4903 3688 4954 ὁ
3717 4900 3794 4953 αὶ-

2246 5011 2271 5035 ‹‹
2297 4989 2528 5061 ρετικὸς,
2561 4987 2588 5041 ὁ
2624 4989 2762 5059 μήτε
2792 4989 3173 5064 θυσιαστήριον
3201 4984 3370 5064 ἔχων,
3421 4993 3558 5062 μήτε
3611 4988 3792 5056 έχχλη-

2245 5099 2272 5125 ‹‹
2304 5073 2440 5129 σίαν·
2513 5075 2573 5130 οὐ
2633 5073 2852 5130 δύναται
2911 5073 2968 5131 δέ
3024 5075 3236 5152 χρίσμα
3271 5077 3335 5131 τὸ
3393 5079 3637 5154 παράπαν
3662 5075 3794 5145 παρά

2241 5187 2268 5215 ιι
2299 5169 2417 5226 τοῖς
2462 5165 2755 5238 αἱρετικοῖς
2805 5163 2959 5220 εἶναι.
3011 5161 3301 5240 Πρόδηλον
3345 5167 3449 5241 γάρ
3472 5166 3606 5221 ἐστιν
3667 5167 3792 5235 ἡμῖν

2240 5277 2268 5303 ‹‹
2307 5249 2579 5326 μηδαμῶς
2651 5249 2899 5307 δύνασθαι
2981 5253 3106 5327 παρ’
3194 5251 3422 5317 ἐκείνοις
3507 5255 3793 5331 ἀγιάζεσθαι

2241 5339 2474 5397 «ἔλαιον
2529 5341 2606 5403 εἰς
2682 5341 3047 5417 εὐχαριστίαν,
3124 5339 3335 5398 Εἱδέναι
3413 5346 3512 5420 γάρ
3580 5344 3663 5398 καὶ
3723 5339 3795 5414 μὴ

2242 5454 2270 5482 ‹‹
2301 5430 2514 5506 ἀγνοεῖν
2585 5429 2877 5508 ὀφείλομεν
2948 5430 3031 5487 ὅτι
3104 5429 3424 5508 γέγραπται,
3502 5457 3531 5485 ‹‹
3586 5430 3794 5488 Ἕλαιον

479 5675 498 5708 ⁸
523 5669 743 5727 Jerem.
781 5683 844 5735 ιι,
876 5666 922 5700 7°
951 5666 996 5701 ⁸ο
1025 5663 1230 5722 Ezech.
1262 5679 1450 5730 xxxvx,
1484 5661 1576 5731 25,
1607 5662 1696 5717 26.
1772 5663 1812 5706 ⁸1
1850 5663 2025 5719 Num.
2057 5681 2074 5720 1

2256 5666 2298 5720 Ξ.
2375 5666 2420 5702 ⁸³
2453 5665 2607 5725 Psal.
2641 5683 2768 5736 cu,
2803 5668 2857 5723 5.
