4040 6178
249 359 401 416 1125

1254 361 1458 420 PARS
1505 362 1555 421 Ι.
1585 395 1664 404 --
1692 362 2194 425 MONUMENTA
2237 364 2641 426 VETERUM.

3494 366 3652 425 1126

320 509 348 536 ‹‹
381 484 712 559 ἀμαρτωλοῦ
775 487 850 558 μὴ
907 485 1188 542 λιπανάτω
1235 489 1334 557 τήν
1391 488 1632 565 κεφαλήν
1696 511 1822 562 μου.
1861 515 1888 541 ››

2008 493 2301 566 «aliquis,
2345 499 2401 549 et
2457 498 2678 550 erecta
2730 494 2822 549 via
2878 494 3155 550 aberrans
3212 495 3366 566 apud
3425 493 3652 549 haereti-

323 596 351 625 «
384 575 446 626 '0
479 570 544 642 δή
605 575 693 628 καὶ
751 573 919 629 πάλαι
983 576 1216 648 ἐμήνυσε
1269 578 1331 631 τὸ
1389 582 1607 649 Πνεῦμα
1647 578 1708 632 τὸ
1741 577 1894 652 ἅγιον

328 685 355 714 ‹‹
388 661 439 715 ἐν
474 661 756 735 Ψαλμοῖς,
803 666 1002 736 μήπως
1035 663 1341 739 ἐξιχνιασθῇ
1374 688 1480 735 τις,
1512 666 1601 721 καὶ
1649 667 1752 721 ὑπὸ
1799 675 1897 736 τῆς

324 750 584 814 «εὐθείας
658 750 788 807 ὁδοῦ
862 751 1156 823 πλανηθεὶς
1229 755 1373 829 παρά
1429 755 1543 816 τοὶς
1603 757 1897 832 αἱρετικοῖς

324 846 499 902 «τοῖς
555 845 652 895 τοῦ
710 843 943 917 Χριστοῦ
1003 842 1321 904 ἀντιπάλοις
1371 846 1596 918 χρισθῇ,
1655 850 1778 906 Πῶς
1841 842 1899 899 δὲ

325 953 353 979 ‹‹
388 927 590 1002 εὔξεται
667 931 798 1006 ὑπὲρ
873 936 970 985 τοῦ
1046 933 1429 1008 βαπτισθὺτος
1504 932 1629 1008 οὐχὶ
1699 935 1894 1010 ἱερεὺς,

321 1042 351 1070 «
380 1017 506 1073 ἀλλ’
563 1019 845 1093 ἱερόσυλος
903 1019 994 1075 καί
1069 1019 1420 1095 ἁμαρτωλὸς,
1477 1020 1744 1095 λεγούσης
1797 1029 1899 1090 τῆς

322 1130 350 1158 ‹‹
385 1113 600 1184 Γραφῆς
648 1106 729 1162 ὅτι
793 1133 820 1159 ‹‹
887 1110 944 1163 Ὀ
1001 1110 1127 1170 Θεὸς
1185 1108 1529 1183 ἁμαρτωλῶν
1563 1109 1662 1164 οὐκ
1692 1109 1897 1180 ἀκούει,

327 1218 354 1249 α
385 1193 512 1250 ἀλλ’
560 1196 646 1249 ἐάν
689 1217 772 1258 τις
831 1192 1085 1266 θεοσεϐὴς
1134 1199 1193 1268 ἦ,
1254 1198 1342 1252 καὶ
1398 1198 1461 1252 τὸ
1494 1197 1708 1270 θέλημα
1735 1198 1897 1252 αὐτοῦ

319 1310 349 1335 ‹‹
382 1289 538 1358 ποιῇ,
588 1284 783 1340 τούτου
827 1286 1050 1354 ἀκούει;
1095 1312 1117 1341 ι
1174 1289 1271 1340 Διά
1312 1295 1412 1356 τῆς
1459 1288 1613 1361 ἁγίας
1665 1287 1896 1356 Ἐκκλη-

324 1398 353 1425 ‹‹
386 1373 500 1434 σίας
561 1379 791 1447 νοοῦμεν
850 1375 1034 1452 ἄφεσιν
1092 1377 1369 1452 ἁμαρτιῶν
1417 1395 1429 1406 ·
1488 1379 1572 1437 τίς
1630 1373 1687 1430 δὲ
1744 1373 1898 1430 δύνα-

322 1487 353 1514 ‹‹
383 1484 471 1516 ται
501 1460 688 1518 δοῦναι
737 1462 869 1537 ὅπερ
919 1464 1079 1525 αὐτὸς
1127 1464 1227 1519 οὐκ
1269 1463 1418 1541 ἔχει;
1465 1467 1497 1533 ἢ
1527 1469 1644 1527 πῶς
1679 1463 1895 1520 δύναται

322 1551 723 1624 «πνευματικά
798 1551 1110 1628 ἐργάζεσθαι
1196 1556 1223 1608 6
1307 1549 1602 1608 ἀποϐαλὼν
1680 1559 1898 1626 Πνεῦμα

321 1637 587 1714 ‹‹ἄγιον;
665 1641 761 1694 Διὰ
834 1645 994 1695 τοῦτο
1051 1641 1140 1696 καὶ
1201 1643 1544 1697 ἀνανεοῦσθαι
1607 1642 1815 1718 ὀφείλει
1869 1643 1896 1696 6

326 1754 348 1778 ιι
383 1729 518 1803 πρὸς
595 1731 693 1797 τὴν
801 1727 1124 1800 Ἐκκλησίαν
1210 1729 1534 1806 ἐρχόμενος,
1613 1729 1704 1784 ’ίνα
1792 1729 1896 1786 ἔσω

325 1814 474 1871 «διὰ
573 1821 682 1872 τῶν
782 1817 946 1893 ἁγίων
1051 1819 1302 1892 ἀγιασθῇ.
1401 1819 1700 1895 Γέγραπταί
1772 1821 1894 1895 γᾶιρ⁹

322 1929 355 1957 ι(
411 1907 492 1960 ὅτι
529 1930 555 1956 ‹‹
607 1909 780 1982 Ἅγιοι
841 1904 1036 1974 ἔσεσθε,
1086 1908 1286 1972 καθὼς,
1349 1907 1458 1980 ἐγὼ
1508 1908 1662 1983 ἅγιός
1695 1909 1830 1980 εἶμι,
1868 1933 1896 1959 ››

320 2020 350 2047 ‹‹
386 1994 535 2069 λέγει
579 1995 794 2069 Κύριος.
847 1997 960 2051 Ἵνα
1006 1994 1094 2049 καὶ
1156 1997 1182 2050 6
1227 1994 1404 2070 πλάνῃ
1448 1995 1810 2072 βουκοληθεὶς
1843 1997 1896 2052 ἐν

320 2108 350 2135 α
383 2085 461 2155 τῷ
519 2081 716 2154 ἀληθεῖ
771 2084 866 2137 παὶ
926 2081 1360 2156 ἐκκλησιαστικῷ
1419 2085 1752 2157 λαπτίσματι
1809 2087 1897 2140 καὶ

324 2198 355 2224 ‹‹
393 2170 547 2233 αὐτὸς
608 2176 770 2226 τοῦτο
824 2169 1180 2242 ἀποδύσηται,
1241 2172 1389 2234 ὅστις
1447 2175 1582 2249 πρὸς
1642 2174 1770 2228 Θεὸν
1819 2173 1900 2248 ἐρ-

325 2261 623 2334 ‹‹χόμενος
698 2260 997 2333 ἅνθρωπος,
1073 2260 1162 2314 καὶ
1246 2261 1389 2336 ἱερέα
1466 2262 1759 2332 ἐπιζητῶν,
1847 2262 1896 2316 ἐν

321 2373 350 2400 ‹‹
386 2348 566 2420 πλάνῃ
622 2349 851 2423 εὑρεθεὶς
909 2349 1179 2423 ἱεροσύλῳ
1209 2349 1527 2424 προσέπεσε.
1580 2351 1898 2423 Δοκιμάζειν

324 2463 353 2488 ‹‹
386 2439 486 2513 γάρ
520 2438 629 2493 ἐστι
684 2440 746 2493 τὸ
799 2443 904 2492 τῶν
970 2440 1250 2513 αἱρετικῶν
1289 2440 1589 2514 βάπτισμα,
1620 2440 1684 2495 τὸ
1712 2461 1899 2495 συνευ·

324 2551 346 2576 α
389 2525 564 2581 δοκεῖν
614 2533 729 2588 τοῖς
779 2527 868 2581 ὑπ’
907 2526 1120 2582 ἐκείνων
1157 2523 1630 2602 βεϐαπτισμένοις.
1692 2529 1762 2584 Οὐ
1796 2530 1899 2605 γὰρ

324 2613 606 2670 «δύναται
657 2615 708 2670 ἐν
765 2616 914 2692 μέρει
975 2617 1340 2692 ὑπιρισχύειν.
1393 2617 1456 2672 Ei
1496 2615 1744 2689 ἠδυνήθη
1802 2619 1901 2693 βα-

323 2730 351 2756 ‹‹
387 2705 590 2776 πτίσαι,
658 2702 845 2780 ξ’σχυσε
913 2705 1001 2759 καὶ
1061 2704 1211 2780 ἅγιον
1279 2711 1495 2778 Πνεῦμα
1564 2704 1793 2761 δοῦναι·
1855 2707 1900 2761 εἰ

332 2817 362 2846 ‹‹
395 2794 493 2847 οὐκ
523 2791 793 2864 ἠδυνήθη,
848 2793 929 2847 ὅτι
972 2791 1072 2863 ἔξω
1104 2793 1178 2846 ὣν
1207 2798 1422 2866 Πνεῦμα
1453 2797 1601 2870 ἅγιον
1636 2795 1732 2850 οὐκ
1761 2794 1899 2871 ἔχει,

327 2907 357 2933 ‹‹
393 2883 455 2936 οὐ
517 2880 734 2936 δύναται
779 2882 869 2936 τὸν
922 2882 1220 2957 ἐρχόμενον
1276 2883 1551 2958 βαπτίσαι,
1597 2886 1712 2947 ἑνὸς
1745 2880 1898 2948 ὄντος

329 2997 360 3024 ‹‹
390 2976 488 3026 τοῦ
554 2972 941 3047 βαρτίσματος,
1014 2974 1102 3026 καὶ
1181 2972 1296 3034 ὶνὸς
1370 2967 1524 3035 ὄντος
1589 2979 1688 3028 τοῦ
1745 2974 1899 3050 ἁγίου

333 3087 354 3111 ι
393 3059 725 3132 Πνεῦματος,
775 3059 862 3114 καὶ
915 3067 1059 3132 μιᾶς,
1119 3060 1443 3131 Ἐκκλησίας
1507 3063 1610 3116 ὑπὸ
1664 3067 1900 3139 Χριστοῦ

321 3174 351 3201 ‹‹
383 3154 481 3204 τοῦ
531 3149 726 3223 Κυρίου
773 3152 932 3221 ἡμῶν
966 3148 1144 3203 ἐπάνω
1177 3149 1382 3226 Πέτρου
1437 3155 1534 3204 τοῦ
1566 3150 1896 3223 ἀποστόλου,

319 3264 348 3289 ‹‹
386 3239 530 3313 ἀρχῆ
541 3250 622 3301 θεν

315 3353 344 3377 ‹‹
376 3326 472 3381 Καέ
523 3324 611 3381 διὰ
655 3331 815 3381 τοῦτο
884 3329 950 3380 τὰ
1010 3327 1096 3382 ὑπ’
1167 3327 1341 3381 αὐτῶν
1412 3328 1670 3403 γινόμενα
1721 3327 1890 3403 ψευδῆ

315 3444 343 3468 ‹‹
377 3416 468 3470 καὶ
515 3416 642 3470 κενὰ
695 3417 1008 3491 ὑπάρχοντα
1047 3416 1216 3470 πάντα
1265 3415 1403 3470 ἐστὶν
1449 3414 1705 3490 ἀδόκιμα.
1762 3416 1897 3474 Οὐδὲ

311 3530 340 3556 ‹‹
377 3506 482 3581 γὰρ
534 3503 751 3560 δύναται
805 3502 989 3560 δεκτὸν
1038 3506 1126 3560 καὶ
1176 3504 1386 3580 αἱρετὸν
1433 3506 1563 3560 εἶναι
1607 3509 1751 3582 παρὰ
1781 3512 1896 3580 Θεῷ

311 3620 340 3645 α
376 3599 483 3648 τῶν
545 3593 635 3647 ὐπ’
685 3592 898 3648 ἐκείνων
964 3594 1286 3669 γινομένων,
1337 3594 1428 3656 οὕς
1479 3595 1506 3648 ὁ
1556 3595 1751 3668 Κύριος
1798 3617 1894 3650 πο-

317 3706 339 3733 ι
381 3682 608 3755 λεμίους
676 3683 765 3736 καὶ
832 3682 1162 3744 ἀντιπάλους
1233 3683 1398 3738 αὐτοῦ
1463 3683 1605 3760 λέγει
1677 3684 1728 3739 ἐν
1775 3690 1892 3748 τοῖς

311 3796 341 3823 ‹‹
378 3770 752 3847 Εὐαγγελίοις·
809 3796 836 3823 ι(
894 3773 950 3824 Ὀ
1007 3774 1080 3844 μὴ
1126 3770 1198 3825 ὥν
1261 3774 1374 3845 μετ’
1429 3773 1564 3846 ἐμοῦ
1612 3779 1728 3828 κατ’
1759 3773 1893 3847 ἐμοῦ

317 3885 345 3916 α
376 3861 508 3930 ἐστι,
561 3861 648 3915 καὶ
699 3862 726 3915 ὁ
779 3862 854 3933 μὴ
899 3863 1139 3936 συνάγων
1194 3862 1308 3933 μετ’
1339 3859 1494 3934 ἐμοῦ,
1529 3863 1826 3938 σκορπίζει.
1862 3887 1891 3914 ››

315 3974 336 4000 ι
377 3949 474 4004 Καὶ
543 3951 572 4004 6
646 3950 906 4024 μακάριος
953 3946 1260 4011 ἀπόστολος
1326 3951 1604 4020 Ἰωάννης,
1672 3949 1891 4012 ἐντολὰς

311 4064 340 4093 (ι
377 4039 576 4113 Κυρίου
641 4043 846 4113 τηρῶν,
923 4038 972 4093 ἐν
1049 4042 1117 4112 τῇ
1175 4040 1470 4112 ἘπιστοΛῇ
1529 4037 1886 4114 προέγραψεν·

307 4153 337 4181 ‹‹
373 4127 668 4185 Ἠκούσατε
713 4127 795 4182 ὅτι
844 4130 871 4183 6
929 4127 1271 4203 ἀντίχριστος
1316 4126 1553 4203 ἔρχεται,
1587 4128 1676 4182 καὶ
1708 4125 1796 4182 νῦν
1834 4126 1891 4182 δὲ

307 4217 708 4292 «ἀντίχριστοι
759 4215 965 4271 πολλοὶ
1031 4216 1308 4292 γεγόνασιν
1365 4217 1479 4271 ὅθεν
1550 4218 1886 4291 γινώσκομεν

307 4330 336 4358 ‹‹
373 4305 455 4359 ὅτι
491 4305 695 4379 ἐσχάτη
731 4303 846 4381 ὣρα
893 4303 1051 4360 ἐστίν.
1096 4331 1117 4357 ι
1157 4307 1239 4377 Ἐξ
1272 4307 1431 4376 ἡμῶν
1464 4303 1711 4375 ἐξῆλθον,
1763 4305 1888 4362 ἀλλ’

308 4420 337 4446 ‹‹
372 4394 472 4448 οὐκ
535 4397 670 4462 ἦσαν
744 4395 859 4466 μεθ’
933 4397 1116 4466 ἡμῶν,
1186 4393 1301 4448 ὅθεν
1371 4395 1459 4448 καὶ
1539 4397 1703 4467 ἡμεῖς
1770 4415 1890 4450 συν-

309 4508 338 4534 ‹‹
370 4482 500 4537 ιέναι
557 4480 850 4557 ὀφείλομεν
901 4481 989 4536 καὶ
1039 4487 1199 4550 νοεῖν,
1250 4483 1295 4535 εἱ
1344 4483 1396 4536 οἱ
1444 4483 1636 4557 ἐχθροὶ
1666 4483 1888 4558 Κυρίου,

1928 1864 1975 1928 Β

2009 606 2035 632 ‹‹
2071 599 2167 638 cos
2279 583 2489 638 Christi
2605 582 2970 638 adversarios
3047 583 3386 655 inungatur.
3509 583 3656 646 Quo-

2009 673 2242 727 «modo
2286 677 2482 729 autem
2541 689 2643 743 pro
2675 689 2740 727 eo
2799 673 2898 743 qui
2930 672 3258 744 baptizatus
3315 677 3403 728 est
3461 689 3657 743 preca-

2009 783 2036 808 ‹‹
2072 761 2246 827 bitur,
2286 777 2398 815 non
2461 760 2752 828 sacerdos,
2815 761 2915 815 sed
2972 759 3314 831 sacrilegus,
3347 765 3403 815 et
3458 776 3656 831 pecca-

2012 871 2038 899 «
2071 850 2209 904 tor?
2265 850 2489 904 dicente
2547 849 2867 920 Scriptura,
2926 855 3082 920 quod
3169 871 3196 898 «
3243 854 3394 904 Deus
3450 865 3652 920 pecca-

2016 959 2042 990 α
2070 943 2226 992 tores
2261 953 2376 992 non
2435 937 2638 991 audit:
2672 938 2773 992 sed
2828 937 2875 991 si
2931 937 3064 1008 quis
3095 941 3183 993 est
3241 938 3370 1008 pius
3428 955 3493 994 ac
3525 938 3658 993 reli-

2007 1049 2035 1074 «
2065 1025 2287 1096 giosus,
2320 1030 2377 1080 et
2407 1026 2532 1096 ejus
2562 1024 2922 1081 voluntatem
2953 1027 3111 1094 facit,
3143 1043 3277 1081 eum
3308 1026 3474 1082 audit
3501 1027 3546 1061 ⁸³
3567 1026 3596 1080 ‘?
3627 1049 3656 1076 »

2015 1134 2036 1161 ε
2071 1115 2177 1170 Per
2235 1119 2498 1170 sanctam
2557 1113 2872 1170 Ecclesiam
2931 1120 3306 1186 peccatorum
3357 1115 3658 1170 remissio-

2013 1220 2205 1258 «nem
2266 1202 2678 1276 intelligimus.
2714 1203 2854 1266 Quis
2911 1208 3109 1258 autem
3172 1205 3309 1259 dare
3365 1208 3558 1275 potest
3600 1205 3655 1258 id

2010 1293 2223 1363 «quod
2281 1292 2407 1364 ipse
2478 1309 2592 1347 non
2651 1291 2868 1346 habet?
2941 1291 3028 1347 vel
3114 1293 3406 1364 quomodo
3466 1296 3660 1364 potest

2008 1403 2036 1431 «
2069 1381 2295 1451 operari
2353 1380 2701 1452 spiritualia,
2735 1382 2834 1452 qui
2893 1382 3171 1454 Spiritum
3233 1387 3501 1438 sanctum
3553 1383 3659 1438 ab-

2012 1461 2249 1532 «jecit?
2303 1465 2371 1516 Et
2430 1462 2558 1517 ideo
2616 1461 2792 1517 etiam
2847 1463 3113 1518 renovari
3172 1463 3366 1532 debet,
3427 1463 3527 1534 qui
3589 1463 3658 1517 ad

2008 1549 2382 1604 «Ecclesiam
2443 1550 2687 1621 accedit,
2740 1556 2804 1605 ut
2862 1551 3022 1606 intus
3081 1569 3183 1623 per
3240 1556 3476 1607 sanctos
3531 1568 3663 1606 san-

2013 1663 2032 1687 u
2069 1640 2379 1695 ctiﬁcetur.
2415 1639 2712 1712 Scriptum
2772 1645 2861 1695 est
2917 1641 3114 1696 enim:
3175 1664 3202 1690 ‹‹
3236 1641 3432 1696 Sancti
3474 1642 3659 1706 eritis,

2007 1751 2034 1776 ‹‹
2070 1727 2221 1783 sicut
2252 1733 2308 1783 et
2339 1745 2443 1800 ego
2496 1733 2736 1784 sanctus
2796 1747 2929 1785 sum
2962 1738 3028 1796 ει,
3062 1751 3090 1779 ››
3141 1730 3282 1784 dicit
3330 1730 3614 1785 Dominus
3644 1746 3657 1784 :

2012 1817 2264 1887 «utqui
2327 1817 2384 1871 in
2442 1833 2636 1872 errore
2693 1824 2897 1888 pastus
2955 1823 3063 1886 est,
3125 1818 3183 1872 in
3215 1835 3348 1873 vero
3395 1823 3453 1873 et
3479 1819 3661 1873 eccle-

2006 1931 2035 1957 ‹‹
2071 1907 2312 1962 siastico
2388 1908 2744 1978 baptismate
2815 1909 2940 1980 ipse
3007 1925 3244 1981 quoque
3301 1909 3409 1963 hoc
3466 1913 3660 1973 exuat,

2009 2018 2036 2045 ‹‹
2071 1995 2171 2067 qui
2233 1995 2406 2050 homo
2465 1997 2532 2050 ad
2597 1997 2780 2051 Deum
2837 1998 3140 2064 accedens,
3188 2000 3246 2051 et
3301 1997 3658 2052 sacerdotem

2009 2108 2037 2134 ‹‹
2073 2101 2364 2156 quaerens,
2434 2083 2494 2139 in
2554 2102 2747 2140 errore
2806 2085 3075 2141 inventus
3162 2086 3222 2140 in
3307 2085 3660 2158 sacrilegum

2011 2197 2038 2224 ‹‹
2081 2174 2306 2230 incidit.
2341 2176 2442 2230 Est
2490 2175 2645 2230 enim
2707 2175 3112 2231 haereticorum
3140 2181 3196 2231 et
3253 2175 3660 2231 schismatico-

2014 2286 2041 2313 α
2077 2280 2206 2318 rum
2265 2264 2512 2320 haaresin
2571 2264 2913 2336 approbare,
2968 2265 3070 2328 eis,
3109 2265 3208 2337 qui
3265 2266 3337 2320 ab
3389 2264 3505 2321 illis
3556 2265 3652 2320 ba-

2012 2375 2040 2402 «
2076 2352 2275 2423 ptizati
2331 2358 2488 2420 sunt,
2550 2353 2903 2409 consentire.
2963 2353 3087 2408 Non
3144 2353 3301 2408 enim
3361 2355 3551 2425 potest
3600 2354 3660 2408 in

2013 2463 2040 2491 ‹‹
2077 2449 2241 2512 parte
2271 2441 2480 2497 valere.
2541 2442 2596 2497 Si
2633 2443 2821 2513 potuit
2878 2443 3193 2514 baptizare,
3227 2442 3417 2514 potuit
3447 2449 3504 2497 et
3532 2459 3661 2497 san-

2017 2552 2036 2577 ιι
2073 2534 2232 2584 ctum
2264 2530 2543 2600 Spiritum
2602 2531 2778 2586 dare:
2808 2531 2854 2586 si
2917 2531 3026 2586 hoc
3083 2549 3196 2586 non
3258 2531 3465 2603 potuit,
3499 2531 3659 2602 quia,

2018 2637 2040 2664 α
2076 2636 2207 2673 cum
2256 2625 2419 2674 extra
2477 2619 2571 2685 sit,
2628 2619 2908 2692 Spiritum
2967 2624 3235 2675 sanctum
3295 2637 3410 2675 non
3463 2619 3658 2688 habet,

2018 2729 2038 2757 ιι
2074 2723 2178 2762 nec
2210 2713 2400 2778 potest
2461 2706 2785 2763 venientem
2847 2708 3177 2780 baptizare;
3210 2726 3345 2764 cum
3379 2708 3456 2764 sit
3504 2726 3659 2765 unus

2012 2795 2419 2866 «baptismus,
2481 2800 2537 2851 et
2594 2813 2748 2852 unus
2805 2801 3047 2852 sanctus
3104 2797 3378 2869 Spiritus,
3437 2803 3493 2852 et
3538 2814 3656 2853 una

2011 2908 2037 2934 «
2072 2883 2332 2939 Ecclesia
2369 2902 2402 2939 a
2430 2884 2660 2940 Christo
2715 2885 2960 2940 Domino
3026 2889 3245 2952 nostro,
3280 2885 3337 2941 id
3387 2888 3459 2940 ab
3486 2886 3653 2940 initio

2012 2973 2314 3038 «dicente,
2392 2990 2571 3044 supra
2654 2974 2887 3028 Petrum
2999 2974 3326 3046 apostolum
3412 2975 3656 3029 fundata

2011 3085 2039 3112 ‹‹
2072 3061 2314 3116 unitate.
2380 3062 2444 3116 Et
2492 3062 2622 3118 ideo
2678 3079 2806 3133 quae
2862 3063 2935 3117 ab
2983 3061 3067 3118 eis
3122 3062 3274 3118 facta
3323 3068 3482 3130 sunt,
3515 3080 3648 3118 cum

2011 3174 2038 3201 ‹‹
2073 3151 2190 3206 sint
2215 3149 2361 3206 falsa
2391 3156 2448 3205 et
2502 3168 2671 3217 vana,
2733 3151 2930 3206 omnia
2983 3156 3123 3206 sunt
3181 3153 3508 3224 reprobate.
3550 3152 3653 3207 Ne-

716 3235 993 3313 λέγυντος,
1045 3227 1338 3308 ’ἑνότητος
1401 3239 1893 3314 τεθεμελιωμένης.

2012 3264 2038 3291 ‹‹
2071 3255 2185 3312 que
2216 3239 2373 3294 enim
2404 3239 2518 3294 Deo
2551 3244 2781 3311 gratum
2841 3244 2898 3294 et
2951 3245 3255 3311 acceptum
3304 3257 3432 3296 esse
3464 3245 3654 3312 potest

2009 3349 2036 3381 α
2067 3329 2386 3400 quidquam
2422 3345 2622 3383 eorum
2673 3329 2819 3382 361
2859 3344 2987 3400 quae
3015 3329 3107 3398 [ab
3140 3328 3256 3384 illis
3285 3330 3454 3400 ﬁunt,
3507 3346 3653 3400 quos

2007 3439 2034 3468 «
2065 3416 2349 3472 Dominus
2408 3416 2606 3472 hostes
2636 3421 2694 3471 et
2744 3417 3105 3472 adversarios
3153 3418 3296 3471 dicit
3349 3418 3408 3471 in
3467 3418 3653 3471 Evan-

2008 3527 2030 3555 ι
2065 3505 2274 3578 geliis:
2310 3529 2336 3556 «
2374 3507 2481 3570 Qui
2542 3521 2657 3559 non
2690 3509 2780 3559 est
2837 3521 3088 3572 mecum,
3123 3509 3325 3560 contra
3383 3521 3475 3559 me
3522 3509 3646 3560 est:

2005 3618 2032 3645 «
2066 3599 2123 3649 et
2177 3595 2276 3666 qui
2337 3611 2453 3650 non
2539 3593 2760 3666 colligit
2846 3609 3100 3658 mecum,
3184 3593 3469 3664 dispergit
3524 3593 3587 3647 ⁸⁸.
3621 3616 3648 3642 ››

2007 3706 2028 3732 α
2064 3684 2211 3747 Quin
2245 3683 2421 3739 etiam
2447 3683 2655 3738 beatus
2701 3683 3002 3754 apostolus
3054 3683 3330 3750 Joannes,
3365 3686 3651 3753 praecepta

2008 3795 2028 3821 ιι
2065 3771 2291 3827 Domini
2324 3787 2582 3840 servans,
2634 3771 2691 3825 in
2750 3770 3008 3842 Epistola
3056 3769 3447 3843 praescripsit:
3481 3794 3500 3818 α
3535 3773 3650 3824 Αυ-

2001 3884 2028 3911 ‹‹
2064 3861 2291 3916 divistis
2319 3862 2473 3932 quod
2528 3859 2922 3915 Antichristus
2967 3860 3144 3926 venit,
3176 3865 3230 3914 et
3287 3876 3444 3914 nunc
3475 3860 3649 3914 etiam

2002 3973 2029 3999 ‹‹
2065 3949 2233 4004 multi
2293 3948 2623 4004 antichristi
2680 3949 2817 4004 facti
2896 3953 3072 4016 sunt;
3137 3949 3293 4003 unde
3351 3947 3648 4019 cognosci-

2008 4057 2028 4086 ι
2061 4055 2194 4092 mus
2256 4038 2408 4108 quod
2467 4042 2725 4092 extrema
2780 4037 2922 4093 hora
2977 4037 3145 4092 adest
3173 4037 3235 4090 ⁸⁸.
3270 4059 3297 4087 »
3358 4037 3439 4091 Ex
3482 4035 3649 4091 nobis

2003 4127 2344 4193 «exierunt,
2404 4126 2505 4181 sed
2566 4143 2679 4180 non
2739 4131 2906 4181 erant
2957 4143 3090 4180 cum
3149 4126 3338 4190 nobis,
3395 4125 3548 4180 unde
3592 4129 3651 4179 et

2001 4239 2027 4265 ‹‹
2072 4233 2178 4270 nos
2211 4213 2531 4286 intelligere
2563 4219 2620 4268 et
2676 4214 2928 4286 cogitare
2985 4214 3288 4279 debemus,
3321 4213 3368 4268 si
3420 4212 3648 4267 Domini

2006 4325 2026 4355 ι
2062 4302 2307 4374 inimici,
2335 4308 2392 4358 et
2446 4303 2546 4374 qui
2596 4302 2928 4358 antichristi
2986 4308 3126 4357 sunt
3174 4301 3480 4371 nominati,
3533 4301 3650 4355 Do-

2003 4391 2204 4446 «mini
2263 4391 2511 4464 gratiam
2594 4391 2731 4446 dare
2784 4408 2898 4446 non
2983 4395 3268 4463 possunt;
3328 4390 3456 4444 ideo
3518 4407 3644 4459 nos,

2003 4505 2031 4531 ‹‹
2065 4481 2164 4552 qui
2223 4497 2355 4534 cum
2417 4479 2661 4535 Domino
2716 4479 2922 4548 simus,
2956 4484 3013 4534 et
3068 4479 3298 4534 Domini
3359 4478 3645 4534 unitatem

316 4598 335 4622 σ
374 4571 463 4626 καὶ
522 4571 573 4624 οἱ
632 4569 971 4646 ἀντίχριστοι
1020 4570 1424 4642 ὠνομασμένοι,
1503 4568 1718 4625 δυνατοὶ
1791 4571 1889 4626 οὐκ

2007 4574 2352 4634 «tenemus,
2388 4573 2454 4622 ut
2512 4585 2616 4639 pro
2666 4568 2795 4638 ejus
2855 4567 3136 4640 dignitate
3195 4567 3648 4622 subministran-

316 4685 335 4711 ι
371 4661 472 4717 εἶεν
533 4661 694 4736 χάριν
770 4657 951 4713 δοῦναι
1005 4663 1102 4713 τοῦ
1162 4658 1380 4734 Κυρίου,
1438 4659 1526 4713 καὶ
1587 4656 1675 4713 διὰ
1727 4664 1885 4714 τοῦτο

315 4774 340 4797 ‹‹
370 4752 535 4822 ἡμεῖς
585 4750 636 4803 οἱ
687 4747 775 4802 σὺν
820 4747 1000 4824 Κυρίῳ
1049 4747 1237 4818 ἰόντες,
1287 4748 1374 4802 καὶ
1425 4747 1651 4816 ἑνότητα
1688 4748 1886 4824 Κυρίου

311 4864 338 4889 ‹‹
371 4842 714 4913 κρατοῦντες,
765 4836 851 4891 καὶ
895 4838 1031 4890 κατά
1075 4838 1173 4904 τήν
1220 4835 1368 4906 ἀξίαν
1405 4835 1568 4891 αὐτοῦ
1598 4836 1885 4912 χορηγού-

312 4951 338 4977 ‹‹
376 4949 548 5000 μενοι,
602 4927 701 4995 τήν
749 4925 1009 5000 ἱερατείαν
1057 4925 1219 4979 αὐτοῦ
1263 4925 1313 4978 ἐν
1345 4929 1412 4999 τῇ
1446 4922 1743 4995 Ἐκκλησία
1773 4923 1886 4980 λει-

315 5043 334 5066 α
369 5021 749 5092 τουργοῦντες,
788 5013 884 5069 ὅσα
938 5015 990 5068 οἱ
1042 5013 1397 5088 ἀντικείμενοι
1449 5014 1614 5086 αὐτῷ,
1641 5013 1881 5069 τουτέςτι

310 5103 629 5177 «πολέμιοι
695 5104 782 5158 καὶ
860 5103 1198 5178 ἀντίχριστοι
1274 5108 1541 5174 ποιοῦσιν,
1619 5101 1883 5158 ἀποδοκι-

309 5220 333 5243 ‹‹
370 5195 532 5268 μάσαι
587 5194 678 5248 καὶ
739 5193 1071 5260 ἀποποιῆσαι
1124 5193 1213 5246 καὶ
1273 5191 1597 5269 ἀπορῥίῴαι,
1654 5191 1742 5245 καὶ
1811 5192 1884 5253 ὡς

2000 4663 2168 4726 «tes,
2249 4657 2643 4711 sacerdotium
2701 4657 2828 4725 ejus
2907 4655 2966 4710 in
3052 4655 3308 4712 Ecclesia
3364 4656 3646 4727 gerimus,

1998 4770 2024 4795 α
2061 4761 2422 4817 quaecunque
2481 4744 2797 4802 adversarii
2849 4746 2997 4817 ejus,
3033 4745 3141 4802 hoc
3199 4750 3307 4812 est,
3366 4745 3563 4800 hostes
3594 4750 3650 4800 et

1997 4833 2386 4889 «antichristi
2467 4834 2704 4901 faciunt,
2789 4836 3120 4907 reprobare,

3207 4851 3520 4905 removere,
3593 4839 3650 4889 et

1999 4943 2026 4975 α
2057 4923 2326 4993 abjicere,
2361 4928 2416 4977 et
2447 4939 2547 4994 pro
2599 4924 2858 4994 profanis
2911 4923 3126 4980 habere
3185 4925 3468 4980 debemus
3506 4941 3518 4977 :
3553 4923 3649 4979 iis-

1993 5029 2192 5084 «que,
2226 5012 2325 5083 qui
2359 5013 2430 5066 ab
2498 5028 2693 5067 errore
2749 5016 2803 5066 et
2852 5013 3227 5084 perversitate
3280 5013 3349 5066 ad
3410 5027 3554 5065 verae
3589 5014 3644 5065 et

1995 5099 2462 5156 «ecclesiastica:
2551 5101 2686 5156 ﬁdei
2770 5100 3161 5173 cognitionem
3248 5100 3508 5165 veniunt,
3566 5097 3648 5151 di-

1997 5190 2198 5245 «vinaa
2260 5189 2530 5261 potentia:
2589 5189 2957 5261 mysterium,
3017 5188 3262 5244 unitatis
3321 5193 3378 5242 et
3427 5187 3562 5241 fidei
3594 5193 3650 5240 et

312 5305 332 5331 ε
369 5282 583 5358 βέβηλα
632 5279 806 5356 ἔχειν,
862 5280 1172 5357 ὀφείλομεν
1229 5281 1319 5335 καὶ
1367 5287 1482 5342 τοῖς
1513 5280 1619 5334 ἀπὸ
1675 5278 1883 5345 πλάνης

2007 5302 2020 5328 ‹
2055 5279 2343 5347 veritatis,
2378 5279 2618 5334 omnino
2650 5279 2807 5334 dare.

307 5397 334 5422 α
364 5375 451 5425 καὶ
486 5365 886 5443 πρεϐλότητος
921 5368 1242 5443 ἐρχομένοις
1279 5367 1364 5423 ἐπὶ
1397 5371 1594 5444 γνώσει
1622 5373 1723 5437 τῆς
1755 5365 2018 5436 ἀληθινῆς
2051 5367 2137 5420 καὶ
2166 5364 2614 5436 ἐκκλησίαστικῆς
2644 5364 2874 5428 πίστεως
2906 5363 3091 5422 δοῦναι
3118 5361 3354 5419 καθόλου
3384 5361 3526 5427 θείας
3559 5359 3649 5416 δυ-

205 5461 442 5531 νάμεως
481 5460 805 5535 μυστήριον,
841 5457 1089 5528 ἑνότητός
1119 5479 1177 5513 τε
1207 5458 1298 5513 καὶ
1329 5458 1560 5518 πίστεως
1589 5455 1677 5510 καὶ
1715 5453 1996 5524 ἀληθείας.
2030 5480 2057 5505 ››

1413 5683 1456 5716 ⁸⁵
1487 5681 1686 5737 Matth.
1719 5698 1819 5748 xu,
1853 5681 1941 5735 30.
2017 5680 2062 5715 ⁸⁸
2092 5680 2261 5736 Joan.
2295 5695 2358 5750 ιι,
2394 5680 2478 5734 18.

310 5685 354 5719 ⁸³
379 5686 548 5743 Joan.
583 5704 660 5756 xx,
692 5688 781 5742 31.
859 5687 904 5722 ⁸⁴
931 5687 1107 5743 Levit.
1137 5703 1214 5756 χι,
1248 5685 1335 5740 45.
