4040 6178
269 371 408 435 H29

1239 361 1442 425 PARS
1486 364 1537 426 l.
1571 395 1634 408 --
1680 361 2185 426 MONUMENTA
2231 365 2634 432 VETERUM.

3487 373 3647 434 1130

265 502 530 580 γενομένου
592 493 1024 572 ἀρχιεπισκόπου
1085 501 1188 563 τῆς
1236 500 1462 580 ’Ἄφρων
1541 496 1731 572 χώρας
1779 495 1869 549 καὶ

1985 513 2138 570 vero,
2171 499 2466 574 inquiunt,
2501 507 2558 560 et
2585 520 2620 558 ιι
2650 501 3065 576 Cypriano,qui
3079 503 3351 560 Afrorum
3383 503 3640 576 regionis

263 579 528 668 μάρτυρος,
575 585 662 641 καὶ
717 585 820 653 τῆς
883 585 1000 640 κατ’
1057 582 1218 638 αὐτὸν
1277 579 1522 653 συνόδου,
1595 583 1872 648 ἐκτεθέντα

259 679 450 749 κανόνα,
503 675 560 736 ὅς
609 672 659 728 ἐν
709 679 827 735 τοῖς
872 677 979 728 τῶν
1030 669 1312 748 προέδρων
1341 672 1534 734 τόποις
1561 673 1652 729 καὶ
1685 673 1873 746 μόνοις

257 769 376 825 κατὰ
425 766 483 821 τὸ
537 759 838 838 παραδοθὶν
893 761 1080 823 αὐτοῖς
1140 759 1260 824 ἔθος
1319 759 1632 834 ἐκράτησεν.
1667 762 1872 816 Ἐντεῧ·

252 861 326 914 θεν
379 855 464 910 οὖν
512 851 776 908 δείκνυται
825 849 908 906 ὅτι
957 849 1048 906 καὶ
1115 849 1355 926 ἀρχῆθεν
1399 849 1461 905 οὐ
1519 850 1666 926 παρὰ
1710 856 1871 908 πᾶσιν

251 951 308 1016 ἦν
351 945 563 1020 ἐνεργῶν
612 941 639 995 ὁ
687 940 883 997 κανών.
931 944 1108 995 Ταῦτα
1154 939 1249 1012 μὶν
1309 937 1399 993 οὖν
1426 939 1494 995 τὰ
1521 947 1620 1008 τῆς
1653 939 1872 995 ἐπιστο-

248 1034 338 1103 λῆς
370 1052 383 1066 ⁸
441 1032 494 1086 αἱ
541 1026 598 1085 δὲ
646 1027 698 1083 ἐν
743 1032 812 1102 τῇ
865 1049 1021 1102 κοινῃ
1067 1025 1341 1101 διασκέψει
1393 1025 1630 1092 δοθεῖσαι
1655 1033 1872 1104 γνῶμαι

244 1125 355 1197 παρ’
382 1121 603 1178 ἑκάστου
627 1123 736 1173 τῶν
766 1117 819 1172 ἐν
849 1122 918 1191 τῇ
952 1115 1162 1189 συνόδῳ
1194 1115 1620 1193 συνειλεγμένων
1651 1115 1870 1192 ἔχουσιν

240 1213 368 1268 οὕτω
396 1209 508 1264 κατ’
537 1207 837 1279 ἐπιτομήν.

795 1389 950 1455 Κυπρ
961 1382 1102 1446 ιανὸς
1137 1383 1303 1440 εἶπεν.

298 1475 600 1546 Ἠκούσατε,
663 1471 937 1548 ἀγαπητοὶ
991 1471 1397 1544 συνεπίσκοποι,
1466 1469 1518 1528 τί
1566 1493 1659 1546 μοι
1712 1467 1874 1548 ἐγρα-

236 1571 321 1639 ψεν
391 1558 656 1624 Ἰοϐιανὸς
733 1563 760 1616 ὁ
857 1560 1246 1622 συνεπίσκοπος
1320 1563 1479 1634 ἡμῶν
1553 1556 1873 1634 συμϐουλὴν

232 1656 365 1733 παρὰ
399 1660 498 1724 τῆς
553 1649 919 1726 μετριότητός
977 1671 1080 1722 μου
1144 1648 1478 1724 βουλόμενος
1508 1644 1695 1704 λαϐεῖν
1752 1649 1876 1725 περὶ

230 1749 315 1800 τοῦ
343 1740 560 1797 ἀνοσίου
601 1740 697 1794 καὶ
748 1738 956 1813 ἀνόμου
1022 1736 1397 1813 βαπτίσματος
1427 1742 1536 1793 τῶν
1567 1738 1872 1815 αἶρετικῶν,

224 1833 303 1887 καὶ
357 1830 408 1885 τί
469 1829 577 1906 ἐγὼ
639 1827 790 1900 αὐτῷ
849 1826 1181 1903 ἀντέγραψα,
1244 1824 1611 1903 δογματίζων,
1671 1826 1699 1881 δ
1738 1828 1952 1930 ἅπαξΒ

221 1921 301 1976 καὶ
347 1918 601 1996 δεύτερον
656 1918 747 1972 καὶ
799 1915 1074 1979 πολλάκις
1135 1915 1442 1990 ἐκρίναμεν,
1499 1915 1624 1977 τοὺς
1673 1915 1870 1994 αἱρετι-

216 2009 332 2073 κοὺς
360 2009 486 2072 τοὺς
547 2005 1045 2085 προσερχομένους
1103 2006 1170 2076 τῇ
1209 2003 1506 2077 Ἐκκλησία
1539 2003 1868 2080 βαπτίσματι

219 2097 561 2175 βαπτίζεσθαι
635 2093 748 2151 δεῖν
821 2094 910 2150 καὶ
964 2094 1294 2170 ἀγιάζεσθαι.
1355 2099 1580 2149 Ἔπειτα
1637 2091 1694 2148 δὲ
1751 2095 1868 2149 ἀνε-

211 2188 417 2262 γνώσθη
482 2185 618 2259 ὑμῖν
683 2184 774 2239 καὶ
834 2179 982 2239 ἄλλα
1038 2181 1334 2260 γράμματα
1393 2178 1674 2255 Ἰοὸιανοῦ,
1717 2180 1763 2239 δ’
1793 2184 1867 2237 ὦν

213 2277 339 2330 κατά
397 2274 462 2329 τὸ
521 2273 696 2328 αὐτοῦ
745 2267 960 2333 εὐσεϐὲς
1009 2270 1358 2347 ἀντίγραμμα
1407 2268 1467 2326 οὗ
1522 2271 1682 2345 μόνον
1733 2274 1868 2344 ἡμῖν

211 2360 618 2435 συνευδόκησεν,
673 2359 821 2416 ἀλλὰ
863 2360 953 2416 καὶ
1003 2364 1072 2436 τῇ
1132 2359 1422 2434 ἐπιγνώσει
1463 2368 1564 2431 τῆς
1611 2359 1868 2432 ἀληθείας

213 2455 364 2529 χάριν
428 2451 828 2528 ὡμολόγησεν.
885 2447 1214 2504 Ὑπόλοιπον
1277 2447 1366 2504 οὖν
1429 2451 1550 2525 περί
1601 2449 1764 2505 αὐτοῦ
1817 2450 1870 2506 τί

211 2540 423 2603 ἕκαστος
484 2543 658 2614 ἡμῶν
713 2544 899 2618 φρονεῖ
951 2538 1142 2612 εἰπεῖν,
1196 2535 1426 2612 μηδενὸς
1476 2538 1565 2615 ἀφ’
1606 2539 1762 2612 ἡμῶν
1817 2537 1867 2592 ἐν

207 2629 377 2703 τούτῳ
437 2629 804 2708 κρινομένου,
883 2624 1042 2701 μηδὲ,
1113 2626 1159 2681 εἰ
1222 2626 1429 2682 ἐναντία
1484 2627 1731 2705 φρονοίη,
1780 2629 1870 2682 καὶ

209 2720 584 2790 ἆκοινωνήτου
645 2717 962 2794 γινομένου.
1037 2712 1170 2772 Οὕτε
1243 2717 1346 2792 γάρ
1417 2737 1499 2777 τις
1575 2716 1867 2773 ἐπίσκοπον

209 2809 383 2864 ἑαυτὸν
469 2807 833 2877 καθίστησιν,
907 2803 1033 2860 οὐδὲ
1109 2809 1398 2881 τυραννικῇ
1474 2803 1727 2877 αὐθαδείᾳ
1793 2807 1868 2869 εἰς

209 2898 450 2974 ἀπαγκην
525 2901 634 2952 τοῦ
733 2893 955 2959 ἕπεσθαι
1031 2892 1176 2966 αὖτῷ
1249 2894 1376 2956 τοὺς
1444 2895 1868 2957 συνεπισκόπους

207 2987 465 3061 βιάζεται,
519 2985 706 3041 ὁπότε
753 2985 827 3046 εἷς
874 2980 1098 3045 ἕκαστος
1148 2981 1441 3044 ἐπίσκοπος
1475 2981 1712 3056 ἐξουσίαν
1755 2981 1871 3058 ἔχει

201 3078 457 3147 πράτπειν
513 3073 856 3148 ἐλευθερίως
904 3072 937 3127 ἃ
996 3077 1200 3148 φρονεῖ.
1256 3074 1343 3134 Ὠς
1375 3073 1478 3147 γὰρ
1507 3069 1670 3136 αὐτὸς
1701 3069 1872 3127 ἄλλον

1982 587 2094 644 fuit
2121 589 2596 664 archiepiscopus
2626 597 2684 648 et
2735 597 2974 664 martyr,
3027 597 3086 648 et
3131 609 3165 650 e
3220 591 3463 665 synodo,
3513 609 3638 663 quae

1981 677 2093 732 sub
2141 693 2208 734 eo
2267 680 2396 747 fuit,
2457 682 2682 737 editum
2740 697 3047 747 canonem,
3105 682 3204 753 qui
3279 681 3337 739 in
3397 680 3638 739 illorum

1980 767 2293 836 prnsulum
2324 767 2465 824 locis
2493 769 2902 826 tantummodo
2941 772 3106 840 juxta
3139 769 3415 827 traditam
3451 773 3522 828 ab
3553 771 3639 830 eis

1977 856 2464 913 consuetudinem
2495 864 2760 914 servatus
2788 864 2898 914 est.
2947 859 3026 916 Ex
3083 858 3193 915 hoc
3250 858 3376 915 loco
3431 859 3636 931 igitur,

1981 941 2187 1013 primis
2213 961 2447 1018 quoque
2478 948 2842 1018 temporibus
2891 963 3172 1004 canonem
3218 947 3374 1004 hunc
3416 964 3634 1020 nequa-

1981 1047 2160 1103 quam
2191 1035 2347 1105 apud
2377 1051 2582 1092 omnes
2617 1035 2893 1103 valuisse,
2929 1036 3094 1093 facile
3110 1040 3370 1108 apparet.
3398 1037 3627 1111 Hicigi-

1982 1123 2080 1176 tur
2101 1125 2190 1176 est
2243 1126 2437 1179 textus
2492 1125 2752 1194 epistolae
2784 1140 2798 1180 :
2835 1141 2963 1195 quae
3020 1141 3153 1181 vero
3212 1124 3273 1182 in
3331 1126 3636 1182 communi

1982 1209 2404 1281 disceptatione
2427 1213 2584 1269 diota
2613 1217 2753 1270 sunt
2782 1232 2814 1268 a
2845 1212 3118 1286 singulis,
3152 1213 3254 1285 qui
3305 1213 3364 1270 in
3414 1215 3638 1286 synodo

1981 1304 2387 1370 convenerant,
2421 1301 2505 1358 ita
2534 1318 2597 1360 se
2627 1303 2864 1362 habent.

2540 1393 2852 1464 Cyprianus
2881 1392 3049 1449 dixit.

2052 1476 2689 1549 Audisti,dilectissimi
2738 1479 3088 1552 coepiscopi,
3137 1479 3282 1552 quid
3343 1479 3487 1536 mihi
3544 1479 3636 1536 Je-

1981 1564 2192 1622 vianus
2219 1568 2601 1640 coepiscopus
2650 1574 2865 1636 noster,
2916 1571 2987 1625 de
3032 1567 3236 1624 illicito
3286 1573 3344 1626 et
3393 1569 3635 1640 profano

1985 1652 2388 1710 haereticorum
2409 1656 2700 1728 baptismo
2731 1656 3192 1712 mediocritatem
3218 1661 3479 1712 nostram
3497 1673 3634 1713 con-

1983 1741 2206 1809 sulens,
2252 1744 2578 1817 scripserit,
2636 1750 2694 1800 et
2737 1746 2878 1817 quid
2936 1761 3042 1818 ego
3100 1744 3150 1801 ei
3211 1745 3633 1816 rescripserim,

1983 1847 2229 1889 censeas
2260 1832 2502 1902 scilicet,
2536 1835 2691 1907 quod
2724 1832 2904 1890 semel
2937 1840 3109 1906 atque
3144 1836 3354 1892 iterum
3393 1839 3449 1889 et
3482 1850 3634 1907 saepe

1981 1921 2340 1989 censuimus,
2373 1922 2675 1979 haereticos
2729 1923 2801 1978 ad
2848 1922 3165 1978 Ecclesiam
3199 1923 3496 1979 venientes
3529 1924 3628 1978 ba-

1980 2007 2192 2079 ptismo
2216 2010 2527 2082 (Ecclesiae)
2557 2011 2836 2084 baptizari
2867 2017 2924 2068 et
2955 2011 3306 2068 sanctiﬁcari
3342 2016 3626 2084 oportere.

1979 2097 2123 2152 Item
2156 2097 2317 2154 lectae
2348 2105 2486 2155 sunt
2516 2100 2676 2155 vobis
2701 2105 2757 2156 et
2786 2100 2910 2156 aliae
2939 2099 3140 2155 littera;
3159 2099 3628 2174 Joviani,quibus

1979 2201 2082 2258 pro
2114 2203 2221 2242 sua
2251 2187 2480 2244 sincera
2507 2192 2564 2245 et
2596 2189 2867 2262 religiosa
2922 2189 3224 2245 devotione
3280 2189 3352 2244 ad
3409 2189 3624 2262 episto-

1980 2275 2096 2331 lam
2131 2280 2394 2332 nostram
2428 2278 2782 2344 rescribens,
2830 2294 2941 2333 non
2987 2283 3214 2333 tantum
3267 2278 3438 2333 nobis
3488 2295 3624 2334 con-

1980 2366 2185 2431 sensit,
2210 2367 2310 2422 sed
2343 2367 2518 2422 etiam
2550 2367 2790 2423 veritate
2820 2365 3174 2422 instructum
3218 2383 3282 2422 se
3338 2383 3466 2422 esse
3495 2384 3627 2439 gra-

1978 2454 2091 2510 tias
2137 2455 2275 2527 egit.
2326 2455 2604 2528 Superest
2651 2456 2724 2510 de
2775 2456 2882 2511 hac
2926 2457 3054 2528 ipsa
3104 2473 3184 2524 re,
3237 2456 3376 2526 quid
3412 2455 3629 2528 singuli

1979 2543 2327 2609 sentiamus,
2378 2545 2655 2616 proferre,
2712 2545 3005 2601 neminem
3055 2544 3414 2615 judicantes,
3476 2549 3632 2600 auta

1972 2631 2107 2702 jure
2138 2632 2650 2702 communionis,si
2672 2633 2968 2688 diversum
2990 2633 3624 2702 senserit,amoventes.

1979 2720 2178 2791 Neque
2234 2721 2394 2777 enim
2451 2721 2763 2793 quisquam
2823 2721 3163 2794 episcopum
3203 2736 3266 2776 se
3298 2720 3622 2786 constituit,

1978 2814 2083 2864 aut
2112 2809 2413 2882 tyrannico
2439 2814 2657 2864 terrore
2685 2809 2756 2864 ad
2803 2809 3162 2880 obsequendi
3212 2809 3621 2865 necessitatem

1979 2898 2354 2969 coepiscopo:
2411 2913 2554 2952 suos
2618 2896 2817 2968 adigit,
2887 2895 3359 2970 quandoquidem
3427 2898 3621 2954 omnis

1980 2985 2289 3058 episcOpus
2330 2989 2674 3058 potestatem
2733 2985 2906 3042 habet
2971 2985 3150 3040 libere
3211 2983 3620 3057 faciendique

1979 3075 2175 3130 sentit.
2209 3074 2281 3130 Ut
2321 3075 2448 3147 ipse
2499 3073 2655 3130 enim
2702 3074 2882 3130 alium
2923 3075 3189 3145 judicare
3242 3091 3355 3129 non
3408 3079 3621 3146 potest,

194 3171 363 3240 κρῖναι
420 3164 488 3220 οὖ
553 3162 813 3234 δύναται,
874 3161 1046 3224 οὕτως
1109 3158 1234 3216 οὐδὲ
1293 3160 1394 3215 ὑπὸ
1455 3159 1629 3216 ἄλλου
1674 3165 1869 3232 κριθῆ-

1985 3165 2065 3219 sic
2114 3179 2220 3218 nec
2269 3165 2341 3218 ab
2387 3162 2499 3219 alio
2535 3163 2810 3231 judicari.
2857 3163 3003 3218 Nam
3069 3179 3272 3218 omnes
3322 3168 3626 3234 exspecta-

193 3232 288 3309 ναι.
350 3254 759 3332 Περιμένομεν
800 3232 918 3326 ’γὰρ
975 3249 1167 3311 πάντες
1220 3249 1318 3317 τήν
1357 3254 1454 3304 τοῦ
1481 3249 1678 3324 Κυρίου
1708 3253 1868 3323 ἡμῶν

1985 3268 2118 3308 mus
2155 3252 2450 3323 judicium
2505 3251 2730 3306 Domini
2794 3251 2975 3307 nostri
3044 3253 3178 3307 lesu
3229 3232 3467 3318 Christi,
3525 3251 3630 3322 qui

191 3344 361 3412 ’ίησοῦ
446 3339 714 3418 Χριστοῦ
789 3338 988 3412 κρίσιν,
1063 3337 1124 3400 ὅς
1205 3338 1370 3409 μόνος
1445 3337 1687 3408 ἐξουσίαν
1752 3335 1868 3414 ἔχει

1985 3340 2142 3397 solus
2173 3344 2519 3412 potestatem
2554 3340 2727 3395 habet
2755 3341 2814 3395 in
2845 3338 3100 3396 Ecclesia
3142 3357 3252 3396 sua
3278 3340 3622 3412 episcopum

187 3429 483 3486 ἐπίσκοπον
576 3430 849 3498 καθιστᾷν
919 3425 968 3480 ἐν
1043 3428 1112 3498 τῇ
1185 3423 1348 3479 αὐτοῦ
1422 3423 1725 3496 Ἐκκλησία
1779 3426 1870 3479 καὶ

1985 3429 2394 3498 constituendi,
2419 3434 2478 3484 et
2505 3434 2634 3485 acta
2656 3428 3124 3502 uniuscujusque
3170 3428 3547 3485 examinandi
3579 3433 3640 3484 et

182 3519 296 3582 ἑνὸς
356 3519 608 3576 ἑκάστου
707 3518 812 3586 τήν
887 3517 1076 3590 πρᾶξιν
1153 3512 1410 3584 ἐξετάζειν
1481 3511 1571 3568 καὶ
1638 3510 1870 3588 δοκιμά-

1985 3519 2306 3606 iudicandi.

186 3616 306 3676 ζειν.

2409 3695 2671 3751 Εκσὶιὶιιε
2703 3694 3019 3749 Liberarim
3048 3694 3213 3751 dixit.

2054 3786 2171 3856 Ego
2221 3800 2404 3838 unum
2456 3782 2748 3854 baptisma
2792 3783 2848 3837 in
2910 3783 3164 3838 Ecclesia
3208 3783 3333 3838 sola
3380 3783 3502 3840 scio
3531 3808 3544 3850 ε
3575 3788 3636 3839 et

179 3875 334 3940 ἐκτὸς
363 3879 477 3946 τῆς
527 3871 885 3941 Ἐκκλησίας
938 3867 1202 3941 οὐδαμοῦ.
1267 3871 1432 3925 ’Ἐνοα
1480 3867 1582 3945 γάρ
1649 3868 1758 3923 ἐστὶ
1813 3869 1870 3924 τὸ

1985 3879 2144 3930 extra
2173 3872 2488 3928 Ecclesium
2544 3872 2771 3927 nullibi.
2825 3872 2908 3926 lbi
2957 3872 3115 3927 enim
3163 3877 3254 3927 est
3305 3887 3487 3927 unum
3530 3873 3632 3927 ba-

173 3964 225 4020 ’ὶν
299 3968 640 4042 βάπτισμα,
713 3957 880 4020 ὅντως
931 3959 1021 4014 καὶ
1081 3957 1239 4020 ἐλπὶς
1295 3956 1555 4026 ἀληθείας
1614 3956 1744 4029 ἐστὶ,
1785 3958 1870 4014 καί

1987 3963 2221 4036 ptisma,
2261 3961 2360 4016 ubi
2409 3977 2544 4033 spes
2591 3976 2724 4016 vera
2775 3965 2832 4015 et
2897 3961 3041 4015 fides
3098 3965 3278 4015 certa.
3351 3960 3445 4015 Sic
3477 3959 3635 4015 enim

174 4055 376 4119 πίστις.
477 4053 667 4111 Οὒτω
760 4049 864 4125 γὰρ
949 4049 1274 4123 γέγραπται,
1371 4046 1485 4103 Μία
1545 4047 1746 4117 πίστις,
1819 4044 1870 4102 ἓν

1986 4051 2270 4122 scriptum
2300 4054 2390 4104 est
2413 4066 2426 4104 :
2463 4049 2577 4105 Una
2598 4048 2931 4118 ﬁde:,unum
2957 4048 3226 4120 baptisma
3258 4048 3453 4104 ".Non
3478 4048 3636 4103 enim

171 4145 490 4220 βάπτισμα,
589 4139 684 4200 Οὐ
761 4138 864 4213 γὰρ
938 4142 1058 4198 τοῖς
1118 4137 1430 4208 αἱρετικοῖς,
1482 4142 1608 4210 παρ’
1660 4136 1739 4198 οἷς
1791 4135 1870 4191 οὐ·

1986 4140 2141 4212 apud
2173 4138 2498 4205 hereticos,
2534 4137 2632 4193 ubi
2662 4154 2797 4209 spes
2830 4136 2994 4192 nulla
3024 4141 3132 4205 est,
3181 4142 3241 4192 et
3269 4137 3415 4193 fides
3447 4135 3598 4192 falsa
3628 4153 3641 4191 :

169 4231 333 4307 δεμία
391 4233 604 4292 πίστις
669 4226 770 4282 καὶ
830 4224 1008 4297 ἐλπὶς,
1068 4223 1206 4280 ὅπου
1260 4225 1434 4279 πάντα
1487 4221 1682 4300 ψευδῆ,
1740 4225 1870 4281 ὅπου

1989 4229 2088 4284 ubi
2119 4226 2319 4284 omnia
2359 4242 2463 4299 per
2508 4227 2884 4282 mendacium
2929 4231 3207 4298 aguntur,
3262 4225 3360 4280 ubi
3413 4224 3641 4280 exorci-

163 4323 436 4398 ἐξορκίζει
504 4314 1023 4391 δαιμονιζόμενος,
1089 4315 1384 4388 μυστήριον
1443 4311 1637 4388 ἐρωτᾷ,
1697 4313 1759 4369 οὗ
1815 4315 1870 4371 τὲ

1986 4322 2083 4375 zat
2113 4315 2532 4383 daemoniacns,
2565 4319 3001 4371 sacramentum
3027 4313 3552 4386 interrogat,cujus
3575 4328 3642 4368 οε

166 4411 346 4485 στόμα
391 4404 702 4480 λοιμώδη
756 4401 846 4458 καί
901 4400 1037 4472 ἶώδη
1091 4404 1413 4479 φθέγγεται·
1463 4402 1642 4458 πίστιν
1699 4402 1756 4459 δὲ
1795 4403 1870 4460 δί-

1992 4405 2336 4485 pestilentia
2365 4408 2422 4460 et
2451 4418 2742 4459 venenosa
2786 4405 3012 4458 eructat
3042 4419 3054 4456 :
3095 4403 3269 4458 tidem
3321 4407 3516 4457 autem
3549 4402 3651 4456 dat

168 4483 336 4556 δωσιν
389 4498 688 4565 ἄπιστος,
748 4488 931 4568 ἄφεσιν
982 4492 1260 4563 ἁμαρτιῶν
1323 4491 1553 4566 παρέχει
1617 4493 1870 4568 ἁμαρτω.

1990 4483 2272 4558 infidelis,
2300 4493 2528 4549 veniam
2560 4491 2908 4547 delictorum
2942 4489 3150 4545 tribuit
3203 4489 3545 4556 sceleratus,
3593 4495 3652 4544 et

171 4587 294 4659 λὸς,
360 4587 461 4643 καὶ
537 4585 631 4646 εἷς
675 4581 862 4652 ὄνομα
907 4576 1144 4652 Χριστοῦ
1207 4579 1485 4654 βασπτίζει
1528 4579 1870 4655 ἀντίχριστος

2004 4585 2065 4641 in
2099 4584 2335 4640 nomine
2355 4581 2564 4636 Christi
2597 4579 2851 4651 baptizat
2882 4578 3487 4645 Antichristus,vitam
3522 4580 3650 4651 pol-

162 4680 544 4755 ὑπισχνεῖται
625 4671 791 4741 ζωὴν
849 4669 1058 4743 νεκρὸς.
1120 4667 1343 4743 εἶρήνην
1406 4665 1626 4723 δίδωσιν
1666 4669 1870 4744 εἶρήνηε

1995 4673 2204 4730 licetur
2232 4676 2501 4727 mortuus
2534 4684 2734 4741 pacem
2766 4667 3458 4740 datimpaciﬁcus,Deum
3483 4667 3649 4725 invo-

149 4745 493 4844 ἆλλόξριος,
589 4761 752 4818 Θεὸν
843 4754 1177 4812 ἐπικαλεῖται
1244 4754 1594 4835 βλάσφημος,
1651 4759 1870 4835 ἱερατείς

1997 4766 2090 4818 cat
2121 4756 2921 4844 blasphemus,sacerdotium
2945 4757 3321 4813 administrat
3341 4757 3645 4830 profanus.

152 4857 448 4933 κέχρηται
519 4845 788 4918 ἀσεϐής.
835 4847 897 4901 Οἱ
946 4845 1128 4933 αὐτοῖς
1183 4851 1604 4923 συνηγοροῦντες
1655 4846 1870 4905 εἶποίτω⁴

1997 4847 2332 4921 Dicant,qui
2346 4846 2461 4902 illis
2478 4843 3024 4918 astipulantur,haac
3045 4861 3137 4902 om
3147 4846 3242 4902 nia
3262 4845 3410 4902 falsa
3427 4861 3556 4902 esse
3579 4845 3654 4902 de

151 4925 273 5001 σαῖ
309 4925 510 5001 ταῦτα
591 4939 797 4995 πάντα
850 4932 1021 5007 ψευδῆ
1077 4934 1365 5010 εἶναιπερὶ
1419 4940 1527 4990 τῶν
1580 4937 1866 5010 αἱρετικῶν

1998 4937 2454 4994 hereticis.Ecce
2483 4935 2696 5006 quibus
2738 4933 2997 4990 Ecclesia
3040 4936 3373 4994 consentire
3397 4934 3647 5007 cogitur,

150 5032 295 5093 Ἰδοὺ
365 5033 537 5091 τίσιν
635 5025 1008 5100 ἀναγκάζεται
1066 5026 1102 5094 ἠ
1173 5023 1472 5094 Ἐκκλησία
1530 5023 1867 5082 συνευδοκεῖν

2000 5035 2066 5084 ut
2093 5028 2219 5084 sine
2252 5025 2516 5097 baptimo
2547 5040 2612 5080 ac
2659 5023 2829 5080 venia
2857 5023 3206 5080 delictorum
3259 5039 3395 5080 cum
3425 5023 3651 5079 talibus

137 5124 236 5180 ’ἶνα
317 5122 528 5201 χωρὶς
631 5113 1028 5193 βαπτίσματος
1121 5113 1211 5168 καὶ
1287 5112 1527 5190 ἀφέσεως
1613 5116 1870 5190 ἁμαρτιῶ

2001 5115 2414 5174 communicet.
2447 5115 2632 5180 Quam
2659 5129 2804 5178 rem,
2838 5111 3068 5184 fratres,
3119 5113 3319 5185 fugere
3371 5127 3436 5168 ac
3465 5111 3651 5167 vitare

143 5199 455 5276 τοιούτοις
551 5204 1024 5282 συγκοινωνήσῃ.
1098 5203 1277 5270 Ὅθεν,
1350 5199 1602 5282 ἀδελφοὶ,
1677 5203 1870 5283 φεύγεις

2003 5207 2306 5275 debemus,
2339 5208 2395 5260 et
2425 5220 2460 5260 a
2488 5207 2653 5260 tanto
2683 5201 2903 5258 scelere
2930 5219 3037 5258 nos
3068 5205 3434 5274 separare,et
3463 5217 3648 5256 unum

139 5307 232 5361 καί
290 5300 617 5359 ἐκκλίνειν
689 5289 1019 5368 ὀφείλομεν,
1076 5291 1166 5346 καὶ
1223 5291 1484 5369 χωρίζειν
1535 5293 1756 5356 ἑαυτοὺς
1789 5295 1870 5349 dm

2003 5294 2297 5368 baptisma
2318 5298 2533 5358 tenere,
2565 5289 2719 5362 quod
2751 5289 2942 5346 solum
2970 5289 3238 5347 Ecclesia
3282 5289 3379 5348 Dei
3413 5305 3648 5346 concea-

139 5393 441 5451 τοιούτων
501 5379 1122 5456 πλημμελημάτων,
1158 5380 1250 5435 καὶ
1295 5378 1353 5435 ἓν
1416 5382 1694 5456 βάπτισμα
1739 5381 1896 5439 κατᾶ-
2004 5399 2140 5441 sum
2176 5387 2283 5439 est.

138 5507 268 5560 χειν
328 5485 406 5538 τὸ
483 5476 698 5553 μόνον
758 5467 811 5525 ἐν
855 5471 926 5540 τῇ
975 5467 1276 5544 Ἐκκλησία
1321 5474 1424 5526 τοῦ
1470 5474 1604 5527 Θεοῦ
1649 5468 1898 5548 δεδωρη-

144 5577 325 5649 μένον
334 5615 352 5630 .

209 5704 258 5738 ⁸⁷
296 5697 568 5772 Ephee.
611 5704 714 5758 ιν,
755 5684 808 5741 5.

531 5823 849 5882 Parnm"
894 5811 1001 5873 Ill.
3310 5808 3387 5869 36

592 3691 934 3754 Καικίλλιος
965 3688 1289 3768 Λιϐεράριος
1322 3691 1488 3748 εἶπεν.

245 3791 339 3843 ’Ἐν
395 3787 721 3863 βάπτισμα
777 3781 828 3837 ἐν
893 3780 1025 3855 μόνῃ
1080 3777 1149 3854 τῇ
1207 3777 1523 3851 Ἐκκλησίᾳ,
1584 3777 1725 3848 οἴδα,
1783 3779 1872 3835 καὶ
