4098 6178
495 327 651 385 1131
1554 321 1656 382 DE
1699 319 2113 382 HERETICO

2163 317 2295 381 LUM
2341 319 2867 383 BAPTISMATE.
3669 337 3781 398 1131

924 455 1188 510 Priamus
1218 470 1252 509 a
1280 453 1541 525 Mastripa
1565 454 1734 509 dixit.
2177 456 2230 519 Α

2177 456 2230 519 Α
2636 452 2881 528 Πρίαμος
2915 453 3021 508 ἀπὸ
3050 453 3350 528 Μαστρίτης
3377 455 3489 513 tim.

564 545 782 602 Censeo
813 559 1046 600 omnem
1087 541 1385 598 hominem
1435 543 1508 598 ab
1558 542 1762 599 haeresi
1815 541 2140 598 venientem

2324 539 2646 614 Δογματίζω
2703 540 2876 596 πάντα
2924 537 3206 618 ἄνθρωπον
3262 543 3358 597 ἀπὸ
3417 545 3628 620 αὶρέσεως
3667 551 3784 626 €916-

495 633 932 706 baptizandum.
967 631 1208 687 Frustra
1237 630 1394 686 enim
1426 629 1545 687 illic
1579 635 1744 702 putat
1775 646 1903 686 esse
1951 629 2111 701 bapti

2255 646 2414 698 μενον
2449 626 2559 682 δεῖν
2593 629 2961 705 βαπτίζεσθαι.
2992 630 3176 700 Μάτην
3208 631 3307 706 γὰρ
3331 637 3337 644 ’
3360 617 3499 687 αὐτον
3525 634 3618 690 ἐκεῖ

493 728 870 790 zatum,cum
919 737 1033 775 non
1084 720 1160 775 sit
1208 719 1320 776 nisi
1370 737 1555 775 unum
1607 720 1897 792 baptisma
1945 719 2003 774 in
2036 719 2111 774 Ec

2251 714 2491 788 πτίσθαι,
2543 718 2619 789 μή
2667 716 2820 780 ὅντος
2869 717 2914 772 εί
2967 719 3042 790 μὴ
3079 719 3190 780 ὲνὸς
3217 720 3547 794 βαπτίσματος
3571 722 3614 778 ἓν
3635 725 3690 799 τῇ
3712 734 3785 783 Εκ-

494 811 674 866 clesia
704 810 828 866 sola
859 826 872 864 :
908 808 1046 880 quia
1083 813 1141 864 et
1174 808 1330 864 Deus
1359 825 1514 863 unus
1544 814 1600 865 et
1631 808 1923 880 baptisma
1958 823 2112 862 unun

2249 803 2459 877 κΑησίᾳ¹
2487 805 2626 881 μόνῃ
2654 826 2666 837 ·
2719 807 2834 862 ἐπεὶ
2880 807 2970 861 καὶ
3015 808 3044 861 ὁ
3093 809 3220 870 Θεὸς
3251 810 3343 880 εἷς,
3373 810 3451 864 καὶ
3483 812 3708 887 βάπτισμα
3737 813 3785 887 ἔν,

495 905 554 958 et
583 898 838 955 Ecclesia
867 915 1004 962 una.
1036 897 1096 953 in
1126 914 1240 968 qua
1270 897 1565 969 baptisma
1621 901 1678 952 et
1734 896 2113 952 sanctiﬁcatio

2251 891 2342 946 καί
2368 894 2667 965 Ἐκκλησία
2711 895 2828 969 μία,
2876 896 2926 950 ἐν
2971 895 3007 971 ᾔ
3052 897 3114 952 τὸ
3150 897 3418 973 βάπτισμα
3443 900 3789 977 καὶὸἂγιασμὺς

496 993 554 1046 et
583 1004 942 1060 quaecunque
982 986 1095 1042 alia
1125 987 1196 1041 ad
1257 986 1510 1042 salutem
1559 991 1615 1042 et
1652 987 1833 1042 vitam
1866 990 2114 1041 mternan

2249 980 2339 1035 καὶ
2371 981 2468 1037 ὅσα
2497 983 2642 1040 ἄλλα
2671 985 2747 1046 εἰς
2795 985 3089 1062 σωτηρίαν,
3126 985 3215 1040 καὶ
3247 985 3317 1047 είς
3347 989 3476 1056 ζωήν
3507 989 3687 1044 αἷώνιον
3709 992 3791 1047 ἑπι-

497 1081 787 1149 spectant,
819 1074 1221 1148 perﬁciuntur.
1260 1074 1407 1130 Nam
1457 1091 1584 1146 quas
1634 1078 1794 1129 extra
1825 1073 2115 1129 Ecclesian

2247 1069 2506 1128 τελεῖται.
2568 1075 2643 1128 Τὰ
2697 1076 2800 1150 γὰρ
2853 1073 2954 1144 ἔξω
3007 1081 3110 1144 τῆς
3157 1074 3461 1146 Ἐκκλησίας
3508 1078 3718 1151 γινόμενα
3740 1081 3792 1142 είς

495 1169 858 1233 exercentur,
889 1163 1118 1220 nullum
1149 1163 1365 1218 habent
1395 1163 1603 1220 salutis
1634 1163 1925 1219 effectum.

1395 1163 1603 1220 salutis
1634 1163 1925 1219 effectum.
2251 1157 2404 1215 οὐδὲν
2436 1162 2640 1217 τούτων
2672 1162 2997 1241 ἀφικνεῖται.

850 1271 1188 1344 Polycarpus
1218 1271 1286 1325 ab
1318 1270 1607 1326 Adrumeto
1637 1269 1800 1325 dixit.

2596 1267 2958 1344 Πολύκαρπος
2988 1267 3345 1345 Ἀδραμέντου
3374 1272 3523 1326 εἶπεν.

565 1360 673 1427 Qui
703 1360 1109 1416 haereticorum
1131 1358 1422 1431 baptisma
1447 1359 1715 1430 probant,
1748 1363 2016 1415 nostrum
2048 1374 2141 1413 re-

2322 1357 2384 1410 Οἱ
2432 1357 2496 1411 τὸ
2550 1362 2659 1413 τῶν
2720 1359 3003 1434 αἱρετικῶν
3069 1359 3342 1434 βάπτισμα
3393 1357 3720 1432 δοκιμάζοντες
3757 1363 3800 1416 τὸ

495 1451 634 1522 prob
645 1466 745 1505 um
777 1449 1059 1505 efﬁciunt.

2250 1444 2516 1522 ἡμέτερον
2547 1443 2812 1520 ἀδόκιμον
2843 1451 3083 1504 ποιοῦσι.

839 1555 1075 1612 Novatus
1105 1571 1141 1610 a
1173 1553 1608 1610 Thannubasilio
1627 1553 1792 1609 dixit.

2516 1548 2792 1615 Νουϐὰτος
2824 1554 2929 1608 ἀπὸ
2957 1548 3422 1616 Θαννουϐασιλέως
3450 1555 3595 1610 εἶπεν.

559 1645 713 1702 Licet
740 1642 999 1700 sciamus
1047 1658 1283 1700 omnem
1329 1643 1688 1715 Scripturam
1738 1643 2140 1698 testimonium

2325 1646 2495 1695 Πᾶσαι
2554 1643 2611 1696 αἱ
2667 1642 2871 1720 Γραφαὶ
2925 1647 3257 1717 μαρτυροῦσι
3306 1642 3423 1718 περὶ
3471 1645 3570 1704 ἐνὸς
3611 1643 3685 1697 καὶ
3731 1643 3798 1715 μό-

493 1734 738 1791 reddere
775 1733 848 1789 de
875 1731 1120 1789 salutari
1153 1732 1449 1804 baptismo
1484 1749 1497 1789 :
1539 1732 1823 1788 debemus
1853 1737 2048 1787 tamen
2082 1733 2111 1786 ﬂ

2250 1749 2346 1784 νου
2400 1733 2497 1784 τοῦ
2546 1729 2596 1784 ἐν
2644 1734 2712 1804 τῇ
2765 1728 3062 1801 Ἐκκλησία
3124 1729 3485 1806 βαπτίσματος
3550 1732 3801 1805 σωτηρίου·

488 1822 621 1878 dem
653 1826 913 1878 nostram
947 1821 1099 1876 369
1133 1820 1548 1891 exprimere,ut
1580 1821 1878 1877 haereticos
1907 1825 1964 1876 et
1983 1820 2106 1876 schi

2186 1819 2540 1896 Βὸφείλομεν
2610 1821 2710 1888 τήν
2787 1819 3054 1895 ἡμετέραν
3128 1819 3308 1874 πίστιν
3364 1821 3690 1894 ὁι.ι.οΛογῆ’σαι1
3745 1821 3804 1873 ἳνα

484 1927 570 1968 sm
583 1912 767 1966 aticos
799 1911 870 1966 ad
890 1909 1208 1966 Ecclesiam
1227 1909 1684 1982 venientes,post
1709 1909 1920 1965 falsum
1943 1925 2102 1964 eorui

2253 1906 2380 1968 τοὺς
2411 1908 2714 1983 αἱρετικοὺς
2742 1907 2832 1962 καὶ
2864 1905 3259 1983 σχισματικοὺς
3305 1908 3728 1985 προσερχομένους
3763 1912 3807 1980 τῇ

481 2000 782 2072 baptisma
831 2015 968 2054 vero
1025 1999 1408 2070 baptizemus.
1464 1999 1716 2070 Ideoque
1763 2015 1988 2064 omnes,
2043 2015 2099 2069 (μ

2256 1994 2552 2067 Ἐκκλησία
2585 1996 2718 2069 μετὰ
2744 1996 2807 2050 τὸ
2837 1993 3026 2069 ψευδὲς
3076 1995 3294 2052 ἐκείνων
3328 1997 3582 2071 βάπτισμα
3607 2001 3670 2068 τῷ
3709 1997 3807 2065 ἀλη-

486 2090 624 2146 inde
664 2091 736 2146 ad
771 2088 1089 2146 Ecclesium
1123 2089 1386 2144 conversi
1436 2093 1593 2160 sunt,
1655 2089 1780 2160 ipse
1837 2089 2101 2160 baptizav

2255 2090 2338 2147 θεῖ
2372 2077 2740 2159 βαπτίσωμεν.
2776 2085 2872 2139 Καὶ
2905 2082 2990 2140 διὰ
3018 2083 3179 2141 τοῦτο
3213 2085 3321 2161 ἐγὼ
3348 2086 3468 2147 τοὺς
3489 2085 3663 2150 ἐκεῖθεν
3683 2084 3809 2141 ὶλθόν-

489 2183 556 2236 et
590 2179 928 2251 quicunque
982 2194 1051 2233 ex
1095 2177 1249 2234 clero
1301 2177 1551 2234 ordinati
1609 2177 1957 2233 videbantur
1995 2178 2107 2232 inte

2249 2193 2344 2235 τας
2369 2172 2572 2236 πάντας
2602 2169 2884 2246 ιϐάπτισα,
2915 2175 3005 2229 καὶ
3032 2175 3158 2236 τοὺς
3199 2176 3305 2231 ἀπὸ
3333 2174 3534 2248 κλήρου
3563 2174 3706 2229 αὐτῶν
3725 2174 3807 2228 λαϊ-

501 2266 681 2323 laicos
713 2267 923 2340 recepi.

2249 2260 2380 2324 κοὺς
2411 2259 2627 2331 ἔστησα.

847 2356 1207 2412 Nemesianus
1236 2373 1272 2410 a
1307 2354 1586 2412 Thubunis
1614 2355 1785 2411 dixit.

2585 2353 2912 2424 Νεμεσιανὸς
2945 2351 3049 2408 ἀπὸ
3077 2348 3394 2408 Θουϐούνων
3429 2352 3551 2408 εἷπε.

553 2445 876 2517 Baptisms,
909 2444 1064 2516 quod
1107 2444 1208 2499 dat
1256 2443 1564 2500 haereticus
1605 2449 1663 2500 et
1701 2444 2138 2511 schismaticus,

2320 2442 2610 2513 Βάπτισμα
2634 2439 2664 2494 ὅ
2715 2437 2934 2496 δίδωσιν
2984 2443 3256 2518 αἱρετικος
3287 2441 3375 2496 καὶ
3417 2442 3732 2517 σχισματικὸς
3759 2440 3809 2512 μὴ

492 2549 610 2589 non
644 2548 773 2589 esse
804 2547 1026 2598 verum,
1056 2532 1277 2604 ubique
1332 2531 1390 2587 in
1445 2532 1731 2605 Sripturis
1781 2532 2003 2588 sanctis
2045 2533 2110 2588 de

2249 2527 2380 2582 εἶναι
2407 2528 2609 2599 ἀληθὲς
2655 2534 2818 2583 πᾶσαι
2868 2531 2922 2584 αἱ
2954 2530 3156 2607 Γραφαὶ
3205 2535 3554 2606 μαρτυροῦσιν
3583 2529 3679 2583 ἐπεὶ
3703 2527 3810 2582 animi

480 2621 769 2678 claratum
800 2625 891 2678 est
923 2638 935 2677 :
971 2621 1250 2694 quoniam
1284 2621 1396 2692 ipsi
1423 2621 1718 2694 praepositi
1770 2637 1971 2678 eorum
2007 2621 2098 2676 fal:

2246 2618 2298 2672 οἱ
2327 2621 2660 2692 προεστῶτες
2689 2617 2863 2673 αὐτῶν
2895 2616 3288 2695 ψευδόχριστοί
3319 2618 3418 2674 εἰσι
3468 2618 3553 2673 καὶ
3579 2615 3811 2692 ψευδοπρο-

491 2709 696 2766 christi
726 2714 866 2765 sunt
893 2715 949 2765 et
979 2709 1112 2765 falsi
1144 2707 1458 2780 prophetes.
2245 2713 2431 2785 φῆται.

927 2817 1236 2872 Ianuarius
1264 2832 1298 2870 a
1328 2815 1475 2870 Laba
1501 2815 1665 2870 dixit.

2626 2813 2982 2890 Ἰαννουάριος
3013 2814 3119 2868 ἀπὸ
3152 2810 3342 2885 Λαϐῆς
3373 2815 3503 2870 εἷπε.
3570 2861 3578 2869 .

545 2905 885 2961 Secundum
945 2904 1383 2977 Scripturarum
1451 2910 1792 2960 sanctarum
1883 2906 2132 2962 auctori-

2315 2902 2457 2957 Κατὰ
2504 2903 2570 2956 τὰ
2616 2903 3006 2978 προστάγματα
3050 2908 3158 2958 τῶν
3215 2905 3386 2978 ἁγίων
3439 2907 3641 2980 Γραφῶν
3693 2902 3814 2975 κρίνω

474 2998 656 3050 tatem
687 2995 934 3050 decerno
963 2994 1266 3050 haereticos
1297 3011 1502 3050 omnes
1532 2994 1936 3066 baptizandos,
1962 3002 2020 3052 et
2050 2996 2092 3053 si

2242 2987 2348 3044 δεῖν
2395 2990 2592 3053 πάντας
2635 2991 2760 3053 τοὺς
2808 2991 3110 3068 αἱρετικοὺς
3165 2993 3536 3068 βαπτίζεσθαι,
3580 2989 3656 3046 καὶ
3692 2989 3813 3046 οὕτως

479 3083 541 3139 in
572 3081 888 3140 Ecclesium
923 3089 1187 3140 sanctam
1218 3083 1632 3140 admittendos.

2241 3078 2317 3141 εἰς
2347 3081 2446 3148 τήν
2481 3081 2636 3154 ἁγίαν
2671 3079 2993 3151 Ἐκκλησίαν
3025 3079 3445 3157 προσδέχεσθαι.

876 3193 1079 3247 Lucius
1103 3208 1137 3246 a
1159 3189 1530 3262 Castragalba
1558 3190 1720 3246 dixit.
2159 3183 2202 3249 C

2159 3183 2202 3249 C
2552 3186 2782 3250 Λούκιος
2813 3187 2918 3242 ἀπὸ
2949 3183 3378 3264 Γαστρογαλὸῆς
3409 3189 3566 3243 εἶπεν.

551 3279 837 3336 Dominus
868 3279 928 3334 in
961 3279 1268 3352 Evangelio
1299 3279 1444 3335 dixit
1475 3298 1493 3334 :
1528 3281 1621 3335 Vos
1649 3282 1780 3336 esti:
1805 3281 1889 3336 sat
1943 3291 2127 3337 terrae.-

2304 3280 2358 3328 Ὁ
2390 3274 2583 3350 Κύριος
2639 3275 2691 3330 ἐν
2748 3281 2826 3348 τῷ
2874 3276 3199 3351 Εὖαγγελίῳ
3274 3278 3432 3355 φησίν
3468 3295 3480 3308 ·
3542 3278 3697 3346 Ὑμεῖς
3735 3269 3813 3323 ἐστι

483 3372 745 3426 siautem
771 3370 857 3424 sal
886 3371 1220 3440 infamatum
1267 3369 1462 3442 fuerit,
1517 3371 1579 3424 in
1627 3384 1732 3440 quo
1773 3370 2004 3425 satietur
2029 3371 2074 3404 ⁸³

2235 3364 2296 3418 τὸ
2355 3363 2488 3426 ἅλας
2542 3371 2643 3434 τῆς
2702 3372 2805 3440 γῆς
2840 3383 2851 3395 ·
2906 3363 2992 3419 ἐὰν
3047 3363 3104 3420 δὲ
3151 3366 3218 3421 τὸ
3279 3365 3413 3427 ἅλας
3480 3363 3724 3439 μωρανθῇ,
3778 3355 3812 3408 ἓν

485 3461 626 3515 Cum
687 3457 868 3530 igitur
924 3457 1299 3512 manifestum
1377 3456 1456 3512 sit
1518 3457 1839 3524 haereticos,
1922 3458 1980 3514 id
2039 3476 2101 3516 es

2233 3451 2337 3507 τίνι
2411 3451 2798 3524 ἀλισθήσεται;
2877 3453 3038 3508 ὁπότε
3122 3454 3219 3508 οὖν
3313 3455 3472 3532 σαφές
3561 3453 3656 3506 ἐστι
3723 3446 3811 3504 toi):

483 3546 683 3602 hostes
713 3546 835 3614 Dei,
869 3562 984 3600 non
1033 3561 1205 3617 posse
1248 3562 1604 3617 quamquam
1653 3547 1944 3618 spirituali
1991 3565 2096 3604 con

2235 3541 2560 3617 αἱρετικοὺς,
2613 3541 2883 3596 τουτέστιν
2952 3541 3181 3618 ἐχθροὺς
3250 3548 3349 3598 τοῦ
3423 3540 3569 3608 Θεοῦ,
3635 3539 3695 3611 μή
3735 3532 3808 3587 δεῗθ

481 3634 734 3690 fossione
761 3632 1070 3704 viviﬁcare,
1103 3635 1257 3705 quod
1293 3634 1559 3688 infatuati
1588 3634 1708 3690 sint
1749 3639 1806 3690 et
1835 3640 1996 3692 extra
2024 3637 2096 3692 Ec

2238 3626 2489 3694 δύνασθαι
2569 3631 2903 3700 ζωοποιῆσαί
2976 3653 3097 3686 τινα
3167 3635 3513 3705 πνευματικῇ
3587 3623 3812 3699 ὁμολογίᾳ,

484 3721 726 3778 olesiam
760 3739 776 3790 ;
809 3723 1151 3778 accedentes
1177 3738 1276 3778 eos
1307 3726 1510 3778 sancto
1557 3723 1908 3795 baptismate
1939 3725 2098 3797 bapti

2240 3718 2614 3796 μωρανθὲντας
2684 3720 2880 3782 αὐτοὺς
2955 3722 3044 3776 καὶ
3121 3719 3227 3794 ἔξω
3282 3721 3440 3783 ὄντας
3498 3726 3590 3788 τῆς
3633 3711 3811 3777 Ἐκκλη-

481 3826 614 3866 zare
651 3811 957 3868 debemus.

2237 3808 2377 3876 σίας,
2410 3807 2552 3884 ἁγίῳ
2600 3809 2928 3885 βαπτίσματι
2983 3809 3266 3885 βαπτίζειν
3318 3809 3512 3872 αὐτοὺς
3553 3805 3816 3884 ἐρχομένους

2239 3894 2432 3975 ὄφείλο
2441 3918 2558 3970 μεν.

941 3989 1200 4044 Crescens
1230 4006 1263 4044 a
1293 3987 1450 4044 Creta
1479 3988 1647 4045 dixit.
2525 3988 2559 4043 Β

2525 3985 2764 4062 Κρίσκης
2795 3988 2899 4042 ἀπὸ
2931 3989 3146 4062 Κρήτης
3180 3991 3323 4048 εἷπε.

549 4077 768 4134 Censeo
801 4083 859 4132 et
889 4079 1013 4150 ipse
1044 4077 1349 4133 hereticos
1381 4081 1439 4132 et
1470 4077 1898 4148 schismaticos,
1924 4082 2021 4152 qui
2055 4082 2128 4138 ad

2312 4081 2352 4129 Κ
2393 4075 2406 4096 π
2529 4074 2541 4093 ν
2591 4076 2605 4094 \
2805 4075 2816 4091 ς
3179 4078 3191 4094 ε
3389 4077 3402 4093 ι
3765 4066 3773 4099 ,‘

2355 4095 2408 4128 αι
2483 4096 2644 4136 αυτος
2737 4096 2864 4137 τους
2931 4077 3241 4152 αἱρετικους
3314 4099 3405 4132 και
3475 4084 3816 4150 σχισματικωςι

477 4166 830 4222 catholicam
878 4165 1198 4222 Ecclesium
1249 4165 1547 4222 voluerint
1577 4167 1790 4240 venire,
1825 4185 1937 4224 non
1997 4176 2095 4226 ant

2245 4163 2443 4218 ὁπόταν
2503 4164 2578 4226 είς
2643 4165 2740 4232 τὴν
2794 4163 3118 4236 Ἐκκλησίαν
3165 4168 3271 4235 τὴν
3317 4164 3607 4232 καθολικὴν
3658 4157 3819 4220 ἔλθωσῆ

478 4255 868 4327 recipiendos,
902 4272 1077 4328 quam
1113 4255 1417 4311 exorcizati
1473 4260 1530 4310 et
1577 4257 1851 4328 baptizati
1877 4259 2090 4315 fuerint

2245 4254 2319 4325 μὴ
2380 4251 2640 4326 πρότερον
2701 4250 2980 4329 δεχθῆναι,
3030 4255 3155 4331 πρὶν
3222 4255 3572 4329 ἰξορκισθῶσι
3638 4246 3713 4346 καί

475 4346 740 4416 exceptis
771 4344 866 4413 iis,
899 4346 1002 4417 qui
1035 4344 1091 4400 in
1124 4343 1379 4400 Ecclesia
1409 4344 1627 4400 fuerint
1654 4351 1788 4402 ante
1831 4348 2093 4420 baptizati

2239 4343 2522 4410 πτισθῶσι,
2573 4342 2750 4418 χωρὶς
2798 4341 3011 4398 ἐκείνων
3059 4349 3165 4398 τῶν
3217 4349 3290 4419 τῇ
3343 4339 3628 4412 Ἐκκλησία
3681 4337 3818 4413 βαπτι·

475 4438 533 4488 et
561 4434 633 4489 ab
664 4450 732 4489 ea
762 4433 1101 4491 defecerint.
1134 4433 1204 4489 Hi
1244 4433 1402 4489 enim
1457 4434 1860 4505 pmnitentiam
1892 4443 2093 4508 agente

2240 4429 2471 4485 σθίντων
2502 4432 2590 4484 καὶ
2639 4431 2983 4488 ἀποστάντων
3020 4451 3031 4463 ·
3083 4434 3240 4488 οὗτοι
3288 4433 3392 4510 γὰρ
3425 4430 3680 4510 ὀφείλνυσι
3709 4439 3819 4496 μετα·

473 4538 578 4594 per
607 4538 889 4578 manuum
921 4521 1360 4594 impositionem
1391 4521 1576 4578 solam
1626 4523 1897 4580 Ecclesia:
1929 4541 2091 4582 recon

1731 4523 1897 4580 :leaia
1929 4541 2128 4582 recon-
2158 4546 2206 4612 D
2238 4521 2527 4590 νοήσαντες
2561 4521 2900 4595 χειρυθεσίας
2936 4521 3103 4595 μόνης
3130 4528 3349 4598 τυχεῖν.

474 4609 660 4666 ciliari
690 4610 922 4667 debent.

854 4701 1168 4757 Nicomedes
1191 4719 1229 4757 a
1258 4701 1564 4771 Sergomeis
1583 4701 1745 4757 dixit.

2547 4695 2870 4771 Νικομήδης
2898 4698 3003 4754 ἀπὸ
3048 4699 3382 4773 Σεργομὲων
3413 4697 3571 4754 εἶπεν.

544 4791 671 4845 Mea
701 4788 996 4844 sententia
1024 4788 1147 4844 haec
1201 4793 1291 4845 est
1323 4806 1336 4843 :
1365 4770 1444 4845 Ut
1500 4789 1755 4846 heretici
1811 4793 1880 4847 ad
1938 4793 2126 4849 Eccle-

2307 4787 2368 4842 Ἠ
2418 4785 2523 4859 ἐμὴ
2584 4770 2851 4864 ἀπόφασις
2901 4787 3035 4858 αὕτη
3095 4770 3245 4843 ἐστίν
3275 4808 3290 4822 ο
3344 4791 3460 4845 ’Ίνα
3506 4785 3556 4840 οἷ
3618 4770 3819 4864 αἲρετικοί

473 4877 624 4935 siam
655 4877 952 4934 venientes
983 4877 1352 4950 baptizontur
1389 4895 1454 4935 eo
1488 4879 1646 4950 quod
1704 4880 1927 4937 nullam
1984 4883 2090 4938 fori

2234 4879 2302 4949 τῇ
2378 4857 2675 4948 Ἐκκλησία
2707 4857 3179 4952 ’προσερχόμενοι
3277 4878 3630 4952 βαπτισθιῖηιν
3661 4887 3672 4898 ⁸
3739 4857 3819 4916 έπίῖ

473 4970 850 5039 peccatorum
883 4965 1291 5022 remissionem
1335 4967 1630 5024 consecuti
1677 4969 1799 5024 sint
1843 4970 1916 5026 ab
1947 4969 2091 5028 hiare

2241 4961 2507 5037 μηδεμίαν
2554 4963 2654 5035 “Em
2701 4962 2882 5042 ἄφεσιν
2930 4967 3209 5041 ἁμαρτιῶν
3263 4965 3549 5040 εἰλήφασιν
3615 4957 3704 5014 ὑπὸ
3742 4955 3816 5005 τῶν

471 5054 608 5111 ticis
639 5053 940 5127 baptizati.

2238 5053 2522 5128 αίρετικῶν
2554 5053 2953 5129 βαπτισθέντες.

833 5160 1221 5219 Secundianus
1248 5179 1284 5218 a
1311 5161 1579 5218 Carindia
1607 5162 1768 5220 dixit.

2546 5156 2924 5222 Σεκουνδιανὸς
2951 5159 3058 5215 ἀπὸ
3084 5158 3380 5237 Καρινδίας
3409 5160 3568 5215 εἶπεν.

545 5248 691 5304 Cum
723 5249 1004 5306 Dominus
1026 5256 1224 5308 noster
1263 5251 1438 5306 Jesus
1485 5250 1754 5308 Christus
1783 5252 1940 5309 dicat
1972 5269 1985 5308 :
2021 5255 2130 5323 Qui

2309 5249 2488 5303 ’Ὀτιδ
2546 5249 2742 5325 Κύριος
2797 5251 2958 5321 ἡμῶν
3015 5230 3227 5319 Ἰησοδς
3287 5249 3512 5325 Χριστὸς
3568 5242 3736 5317 λέγει·

471 5353 584 5393 non
613 5345 695 5394 est
721 5354 958 5404 mecum,
991 5349 1183 5396 contra
1229 5355 1314 5395 me
1345 5347 1422 5395 est
1441 5355 1462 5400 ;
1491 5345 1548 5394 et
1592 5339 1852 5397 Joannes
1892 5349 2089 5414 aposto

2244 5339 2319 5412 μὴ
2380 5335 2453 5392 ὤν
2517 5316 2636 5410 per;
2679 5316 2983 5410 Euoﬁqu‘
3036 5316 3170 5410 ἐμοῦ
3221 5316 3383 5393 ἐστι’·
3433 5336 3521 5391 καὶ
3569 5316 3821 5414 ἰωάνγηςδ

467 5426 563 5483 lus
592 5443 714 5498 eos,
745 5427 846 5500 qui
903 5430 976 5484 ab
1029 5428 1284 5484 Ecclesia
1339 5433 1570 5494 exeunt,
1607 5412 1984 5486 antichristus
2035 5433 2085 5488 di

2239 5427 2544 5489 ἀπόστολος
2592 5426 2718 5489 τοὺς
2765 5426 3148 5502 ἐξερχομὲνους
3211 5434 3315 5498 τῆς
3361 5420 3662 5490 Ἐκκλησίας
3708 5412 3819 5502 if“

470 5521 603 5584 cat;
634 5496 1001 5589 impossibile
1030 5519 1188 5574 enim
1233 5522 1341 5584 est,
1405 5521 1469 5572 ut
1522 5517 1635 5589 ipsi
1695 5519 1896 5590 gratia
1940 5520 2088 5577 Deic

2239 5516 2500 5593 χρίστους
2581 5496 2858 5590 ὀνομάζεις
2885 5496 3223 5572 η’Ᾰδύνατον
3273 5496 3419 5592 ἠγάρ
3485 5513 3611 5569 ἐστιν
3669 5496 3819 5559 αὐτοὺς

543 5644 589 5680 ³⁸
617 5643 826 5701 Matth.
859 5661 913 5717 ν,
941 5646 1029 5704 13.
