4098 6178
283 344 440 404 1133

1297 346 1498 407 PARS
1543 347 1591 406 1.
1623 378 1704 392 -
1732 346 2233 409 MONUMENTA
2278 348 2684 411 VETERUM.

3536 354 3693 414 1134

278 472 615 548 ὖπηρετῆσαι
644 473 832 549 χάριτι
853 477 988 530 Θεοῦ
1013 473 1101 530 καὶ
1135 475 1392 551 σωτηρίῳ
1423 477 1754 552 βαπτίσματι
1788 495 1805 513 ο
1832 476 1920 531 καὶ

2069 477 2281 536 alutari
2321 480 2614 552 baptismo
2671 480 3026 537 inserviant:
3059 485 3117 537 et
3148 481 3277 538 ideo
3326 498 3535 539 censeo
3563 500 3686 554 eos,

279 560 371 617 διὰ
424 567 588 618 τοῦτο
645 561 814 636 κρίνω
869 563 998 626 τοὺς
1054 568 1122 638 τῇ
1183 563 1480 637 Ἐκκλησία
1526 564 1928 641 προσελθόντας

285 652 648 727 βαπτισθῆναι
681 653 806 728 παρ’
837 655 871 722 ὴ
883 657 1016 726 μῶν.

700 740 877 811 Φῆλιξ
911 741 1016 796 ἀπὸ
1057 747 1312 816 Γαμετῶν
1343 743 1508 800 εἶπεν.

353 834 441 892 Ὠς
472 829 674 906 τυφλὸς
720 827 926 907 τυφλὸν
968 828 1186 906 ὁδηγῶν
1239 832 1351 904 ἅμα
1383 832 1459 894 εἷς
1495 833 1690 908 βόθρον
1723 831 1925 906 ἐμπίπ-

278 939 486 992 τουσιν,
519 917 692 980 οὕτως
723 919 991 991 αἱρετικὸς
1020 921 1286 997 αἱρετικὸν
1324 922 1598 997 βαπτιζων
1629 927 1706 994 τῷ
1740 922 1927 997 βαπτι-

281 1007 499 1080 ζομὲνῳ
529 1010 974 1079 συναποθνήσκει.
1011 1007 1108 1064 Καί
1149 1007 1238 1064 διὰ
1288 1014 1447 1066 τοῦτο
1490 1011 1617 1087 παρ’
1659 1012 1795 1084 ἣμῖν
1840 1011 1929 1065 τὸν

276 1096 549 1168 αἱρετικὸν
608 1097 969 1170 βαπτισθῆναι
1026 1095 1127 1171 δεῖ,
1186 1098 1275 1153 ’ἰνα
1328 1099 1403 1172 μή
1455 1101 1619 1173 ἡμεῖς
1653 1100 1704 1154 οἱ
1733 1103 1926 1168 ζῶντες

274 1191 490 1260 νεκροῖς
519 1186 942 1258 κοινωνήσωμεν
955 1230 967 1243 .

487 1275 807 1336 Σουκὲντιος
835 1274 941 1330 ἀπὸ
969 1272 1518 1351 Ἀὄιργεμανικιανῆς
1552 1277 1719 1333 εἶπεν.

353 1363 656 1435 Αἱρετικοῖς
705 1363 740 1432 ἢ
793 1361 945 1419 οὐδὲν
996 1361 1214 1437 ἔξεστιν,
1267 1365 1520 1435 ἣπάντα.
1581 1368 1645 1421 El
1677 1363 1926 1422 δύνανται

281 1450 582 1528 βαπτίσει...
660 1450 910 1507 δύνανται
970 1453 1060 1508 καὶ
1157 1459 1380 1528 Πνεῦμα
1467 1457 1614 1532 ἅγιον
1715 1453 1922 1514 δοῦναι.

233 1561 236 1563 λ
278 1542 431 1596 Ἐπει
463 1537 520 1596 δε
548 1542 625 1614 μὴ
675 1538 915 1618 ἔχουσιν,
962 1540 1088 1598 οὐδὲ
1135 1549 1512 1616 πνευματικῶς
1565 1545 1922 1620 βαπτίζουσι·

277 1629 370 1683 καὶ
421 1626 509 1684 διὰ
546 1634 708 1685 τοῦτο
749 1630 920 1707 κρίνω
969 1629 1077 1686 δεῖν
1128 1631 1258 1696 τοὺς
1307 1633 1612 1710 αἱρετικοὺς
1643 1625 1926 1711 βαπτίζεσ-

281 1719 390 1777 θαι.

566 1809 936 1884 Φορτουνάτος
979 1811 1084 1867 ἀπὸ
1114 1808 1447 1889 Θουκγαϐῶρ
1479 1812 1639 1868 εἶπεν·

351 1897 418 1954 Οἱ
450 1893 550 1968 ἔξω
577 1905 680 1968 τῆς
733 1899 1058 1972 Ἐκκλησίας
1104 1897 1252 1964 ὄντες
1303 1901 1528 1957 ἐναντίοι
1574 1906 1652 1976 τῷ
1684 1905 1924 1980 Χριστῷ,

277 1986 356 2048 ὡς
405 1987 472 2041 τὰ
500 1982 747 2063 πρόϐατα
793 1989 882 2044 καὶ
930 1990 1029 2058 τὴν
1078 1989 1282 2067 ἀγέλην
1328 1990 1493 2047 αὐτοῦ
1525 1992 1925 2068 σκορπίζοντες,

280 2073 557 2150 βαπτίζειν
587 2074 688 2150 ἔξω
720 2076 782 2132 οὐ
810 2074 1080 2134 δύνανται.

690 2163 933 2237 Θήδατος
967 2168 1071 2222 ἀπὸ
1097 2163 1349 2243 Θουρϐῶν
1384 2169 1518 2226 εἷπε.

355 2253 504 2328 Πάσῃ
562 2252 783 2328 δυνάμει
839 2255 1164 2332 ἀγωνιστέον
1215 2255 1306 2312 τίνα
1366 2260 1442 2332 μή
1501 2259 1528 2313 ὁ
1579 2259 1678 2328 τήν
1709 2263 1815 2314 τῶν
1849 2259 1933 2314 αἱ-

280 2347 510 2418 ρετικῶν
581 2341 794 2415 πλάνην
859 2344 1012 2423 ἀφεὶς
1082 2346 1144 2401 τὸ
1216 2345 1380 2420 μότον
1453 2350 1552 2416 τῆς
1612 2347 1934 2418 Έκκλησίας

286 2430 569 2506 βάπτισμα
616 2429 837 2508 διστάσῃ
885 2428 1091 2505 λαϐεῖν,
1121 2437 1166 2508 ᾧ
1194 2457 1276 2498 τις
1313 2437 1388 2509 μὴ
1424 2436 1732 2512 βαπτισθεὶς
1764 2435 1934 2492 ἀλλο-

281 2525 528 2596 τριοῦται
559 2528 658 2592 τῆς
687 2526 792 2578 τῶν
827 2522 1066 2600 οὐρανῶν
1104 2525 1401 2602 βασιλείας·

618 2624 989 2705 Προϐατιανὸς
1019 2631 1124 2686 ἀπὸ
1157 2631 1423 2710 Σοφετίης
1456 2632 1622 2689 εἶπεν.

363 2715 425 2771 Εἰ
483 2716 589 2772 ἀπὸ
646 2722 779 2773 Θεοῦ
827 2721 862 2789 ἡ
919 2718 1126 2796 α”ίρεσις
1167 2719 1332 2791 ἐστιν,
1379 2719 1484 2792 ἕξει
1533 2722 1802 2795 αἱρετικὸς
1846 2722 1936 2777 καὶ

287 2804 496 2880 δωρεὰν
552 2811 689 2862 Θεοῦ
722 2826 735 2840 ’
787 2807 832 2862 εἰ
881 2805 938 2863 δὶ
990 2811 1064 2882 μή
1118 2808 1258 2865 ἐστιν
1297 2811 1402 2866 ἀπὸ
1439 2815 1590 2882 Θεοῦ,
1624 2816 1740 2873 πῶς
1774 2808 1936 2866 δόνα-

285 2916 377 2952 ται
409 2894 570 2958 αὐτὸς
618 2894 764 2973 ἔχειν
814 2899 916 2967 τὴν
965 2900 1127 2976 χάριν
1167 2905 1264 2954 τοῦ
1311 2905 1445 2955 Θεοῦ
1474 2899 1565 2954 καὶ
1596 2897 1756 2973 ἄλλῳ
1787 2897 1935 2956 διδό-

283 3005 374 3042 ναι
399 3004 414 3055 ;

681 3074 1004 3138 Μονούαλος
1033 3077 1140 3132 ἀπὸ
1173 3072 1379 3153 Γὲρϐης
1409 3079 1544 3134 εἷπε.

360 3162 470 3220 Τοῦ
528 3162 725 3239 Κυρίου
775 3163 1032 3241 λὲγοντος
1063 3185 1076 3199 ο
1127 3164 1426 3223 Βαπτίσατε
1472 3166 1646 3220 πάντα
1690 3166 1758 3220 τὰ
1805 3161 1929 3236 ἔθνη

285 3250 366 3313 εἷς
422 3252 485 3307 τὸ
543 3250 715 3326 ὄνομα
765 3257 867 3307 τοῦ
917 3255 1150 3332 Πατρὸς,
1200 3254 1290 3309 καὶ
1337 3259 1435 3310 τοῦ
1503 3256 1651 3322 Υἱοῦ,
1700 3254 1790 3308 καὶ
1839 3259 1935 3309 τοῦ

286 3338 448 3414 ἁγίου
498 3340 835 3415 Πνεῦματος,
905 3339 1127 3417 οἴδαμεν
1196 3347 1379 3421 σαφῶς
1443 3342 1569 3404 τοὺς
1633 3343 1938 3419 αἱρετικοὺς

291 3429 374 3502 μή
403 3429 612 3506 Πατέρα
655 3428 801 3506 ἔχειν
855 3433 992 3503 μήτε
1040 3433 1162 3487 Υἱὸν
1215 3435 1354 3506 μήτε
1396 3437 1613 3504 Πνεῦμα
1644 3433 1815 3508 ἅγιον.
1851 3436 1941 3486 Δεῖ

289 3515 388 3572 οὖν
449 3517 784 3594 ἐρχομένους
836 3519 910 3582 εἷς
958 3522 1058 3589 τὴν
1127 3519 1448 3593 Ἐκκλησίαν
1505 3521 1803 3597 βαπ-τιζειν,
1848 3518 1940 3574 ’ίνα

284 3607 714 3682 ἀναγεννηθῶσι.

666 3695 991 3762 Πολιτιανὸς
1013 3697 1118 3754 ἀπὸ
1146 3699 1362 3761 Μίλεως
1397 3698 1562 3756 εἶπεν.

361 3786 543 3857 Ὀρθόν
586 3785 695 3841 ἰστι
737 3787 827 3842 τὸν
878 3787 984 3842 ἀπὸ
1015 3787 1272 3865 αἱρέσεως
1315 3788 1612 3865 ἐρχόμενον
1646 3787 1698 3842 ἐν
1730 3791 1798 3861 τῇ
1831 3792 1938 3842 Εκ-

283 3872 492 3946 κλησίᾳ
525 3874 895 3950 βαπτίζεσθαι.

559 3961 784 4037 Θέογνις
815 3965 920 4020 ἀπὸ
952 3969 1213 4027 Ἰππῶνος
1241 3964 1462 4041 Ῥηγίου
1495 3965 1667 4024 εἶπεν.

361 4051 716 4116 ’Δκολούθως
746 4058 825 4126 τῷ
874 4054 1162 4130 μυστηρίῳ
1209 4059 1305 4109 τοῦ
1354 4058 1487 4110 Θεοῦ
1526 4054 1744 4123 καὶτῆς
1776 4052 1938 4130 οὐρα-

281 4139 406 4193 νίου
439 4141 689 4216 χάριτος,
722 4139 787 4211 ἤν
817 4142 1144 4221 εἰλήφαμεν,
1181 4143 1478 4220 βάπτισμα,
1540 4142 1570 4198 ὅ
1600 4143 1740 4199 ἐστιν
1787 4143 1836 4198 ἐν
1869 4145 1937 4216 τῇ

283 4227 413 4304 ἁγίᾳ
444 4230 757 4302 Ἐκκλησία,
791 4228 1036 4304 οἵδαμεν.

736 4319 980 4384 Διατίους
1013 4322 1040 4376 ὁ
1075 4319 1285 4393 Σεάδης
1317 4323 1484 4378 εἶπεν.

359 4407 568 4478 Ἡμεῖς,
629 4407 659 4462 ὅ
715 4408 796 4486 ἐφ’
843 4411 978 4482 ἡμῖν
1035 4411 1204 4478 ἐστιν,
1276 4411 1566 4486 αἱρετικοῖς
1622 4410 1684 4464 οὐ
1740 4431 1936 4465 κοινω-

281 4499 507 4567 νοῦμεν,
538 4495 626 4551 ἰὰν
663 4498 740 4570 μή
776 4497 826 4553 ἐν
858 4503 926 4573 τῇ
961 4497 1258 4572 Ἐκκλησία
1313 4501 1605 4576 βαπτισθῇ,
1639 4499 1719 4554 κεὶ
1752 4501 1934 4578 ἄφεσιν

283 4583 572 4659 ἁμαρτιῶν
608 4581 769 4659 λάϐῃ.

656 4668 934 4749 Προϐάτος
965 4673 1070 4728 ἀπὸ
1103 4679 1371 4753 Σοφιστοῦ
1401 4676 1568 4730 εἶπεν.

359 4760 419 4813 Ὀ
451 4757 761 4833 δοκιμάζων
813 4765 959 4838 παρά
1003 4769 1121 4826 τοῖς
1167 4765 1458 4840 αἱρετικοῖς
1492 4765 1770 4840 βάπτισμα
1801 4761 1934 4817 εἶναι

279 4849 337 4905 τί
367 4847 510 4904 ἄλλο
538 4851 572 4919 ἢ
600 4856 716 4914 τοῖς
748 4852 1040 4929 αἱρετικοῖς
1071 4859 1323 4909 κοινωνεῖ
1350 4873 1362 4923 ;

609 4940 962 5016 Ὀρτησιανὸς
990 4942 1096 4998 ἀπὸ
1126 4937 1443 5018 Λαϐούρνης
1478 4941 1609 4998 εἶπε.

359 5029 461 5081 Καὶ
518 5031 681 5102 ἡμεῖς
735 5026 790 5084 ἓν
851 5032 1147 5104 βάπτισμα,
1209 5031 1342 5107 ὅπερ
1407 5030 1459 5086 ἐν
1509 5033 1579 5104 τῇ
1640 5027 1938 5100 Ἐκκλησία

284 5113 538 5188 οἵδαμεν,
569 5123 731 5174 τοῦτο
759 5123 829 5193 τῇ
864 5118 1162 5192 Ἐκκλησία
1193 5118 1534 5192 ἐκδικοῦμεν.

702 5225 900 5289 Κάσιος
935 5227 1040 5281 ἀπὸ
1072 5231 1337 5300 Κομαζῶν
1372 5227 1537 5283 εἶπεν.

365 5312 513 5367 Ἐπεὶ
545 5309 641 5367 δύο
677 5313 1023 5388 βαπτίσματα
1053 5315 1186 5371 εἶναι
1219 5315 1280 5371 οὐ
1315 5313 1556 5384 δύναται,
1591 5316 1618 5370 ὁ
1641 5319 1943 5392 συγχωρῶν

279 5405 406 5461 τοῖς
461 5402 754 5477 αἱρετικοῖς
815 5404 1093 5478 βάπτισμα
1169 5404 1353 5459 ἑαυτὸν
1411 5409 1508 5458 τοῦ
1569 5403 1940 5478 βαπτίσματος

280 5491 602 5568 ἀποστερεῖ.
673 5493 766 5546 Διὸ
821 5491 1062 5571 ἐπικυρῶ
1118 5493 1420 5571 αἰρετικοὺς
1477 5494 1752 5571 βαπτίζειν
1812 5490 1940 5565 δεῖν,

361 5671 413 5706 ⁸⁸
442 5671 648 5729 Matth.
680 5687 880 5740 xxvm,
915 5672 1001 5729 19.

2041 568 2140 639 qui
2174 569 2244 622 ad
2277 567 2594 624 Ecclesiam
2629 569 2995 640 confugiunt,
3030 586 3062 624 a
3091 569 3262 625 nobis
3312 586 3442 627 esse
3496 571 3690 643 bapti-

2039 657 2278 712 zandos.

2518 746 2675 800 Felix
2712 764 2746 801 a
2774 744 3017 803 Gametis
3044 746 3210 803 dixit.

2109 835 2271 888 Sicut
2311 849 2495 889 cecus
2527 851 2740 890 secum
2774 835 2995 891 ducens
3035 834 3214 890 simul
3248 836 3305 892 in
3338 836 3563 893 foveam
3595 851 3690 892 ca-

2041 923 2226 989 dunt;
2260 922 2342 978 ita
2396 922 2704 978 hereticus
2759 923 3094 979 hereticum
3145 925 3453 996 baptizans
3512 925 3691 982 simul

2038 1027 2170 1066 cum
2200 1028 2264 1067 eo
2291 1012 2351 1066 in
2384 1017 2630 1067 mortem
2657 1012 2831 1068 cadit.
2867 1013 2936 1068 Et
2981 1013 3110 1068 ideo
3160 1015 3549 1087 baptizandus
3599 1021 3688 1072 est

2037 1099 2190 1172 apud
2224 1116 2330 1156 nos
2363 1099 2689 1167 hereticus,
2723 1117 2796 1156 ne
2827 1117 2934 1156 nos
2981 1101 3093 1156 vivi
3139 1102 3388 1158 mortuis
3422 1120 3686 1160 commu-

2039 1189 2329 1244 nicemus.

2276 1277 2594 1333 Succentius
2622 1279 2688 1332 ab
2718 1278 3240 1350 Abirgemaniciana
3271 1281 3447 1336 dixit.

2110 1366 2404 1422 Hereticis
2433 1371 2535 1421 aut
2565 1366 2710 1422 nihil
2741 1367 2894 1437 licet,
2939 1374 3040 1424 aut
3087 1369 3303 1425 omnia.
3335 1369 3394 1425 Si
3443 1375 3694 1442 possunt

2038 1455 2353 1527 baptizare,
2438 1460 2688 1527 possunt
2741 1461 2798 1510 et
2854 1458 2991 1512 dare
3056 1457 3339 1528 Spiritum
3394 1464 3686 1514 sanctum.

2039 1545 2325 1609 Quoniam
2356 1548 2550 1600 autem
2585 1561 2701 1600 non
2747 1544 2984 1614 habent,
3018 1563 3122 1601 nec
3182 1547 3477 1619 baptizare
3508 1547 3686 1620 spiri-

2038 1632 2274 1689 tualiter
2313 1638 2558 1706 possunt
2590 1650 2602 1688 :
2638 1638 2943 1706 propterea
2989 1650 3197 1692 censeo
3247 1636 3547 1693 hereticos
3579 1638 3686 1693 ba-

2038 1722 2343 1794 ptizandos
2376 1740 2526 1779 esse.

2385 1813 2714 1869 Fortunatus
2741 1831 2775 1868 a
2809 1813 3149 1869 Thuchabori
3177 1813 3340 1870 dixit.

2107 1901 2210 1967 Qui
2243 1904 2404 1957 extra
2429 1901 2745 1958 Ecclesiam
2781 1907 2937 1972 sunt,
2959 1907 3161 1958 contra
3191 1904 3485 1960 Christum
3523 1909 3687 1960 stan-

2035 1995 2144 2061 tes,
2180 1995 2244 2045 ut
2273 1991 2371 2061 qui
2398 2007 2530 2046 oves
2561 1993 2689 2062 ejus
2719 1996 2776 2046 et
2804 2008 3038 2065 gregem
3083 1992 3432 2065 dispergunt
3490 1993 3686 2064 bapti-

2037 2096 2168 2136 zare
2197 2080 2336 2135 foris
2369 2096 2483 2134 non
2517 2085 2781 2149 possunt.

2468 2169 2737 2224 Thedatus
2769 2187 2801 2224 a
2841 2169 3067 2224 Thurbis
3095 2169 3255 2225 dixit.

2112 2257 2400 2314 Omnibus
2431 2257 2650 2313 viribus
2681 2257 2985 2314 nitendum
3018 2263 3126 2327 est,
3186 2276 3256 2314 ne
3287 2258 3421 2332 quis
3452 2259 3684 2314 hereti-

2042 2363 2243 2403 corum
2275 2364 2528 2403 errorem
2577 2346 2988 2420 derelinquens
3035 2347 3332 2420 singulare
3378 2355 3436 2403 et
3481 2363 3685 2404 verum

2043 2435 2310 2492 Ecclesiae
2343 2436 2638 2508 baptisma
2666 2436 2947 2492 detrectet
2977 2437 3380 2509 accipere,quo
3412 2436 3684 2509 quisquis

2045 2541 2159 2580 non
2193 2525 2365 2580 fuerit
2394 2525 2722 2596 baptizatus
2753 2543 2786 2580 a
2813 2541 2991 2598 regno
3029 2525 3305 2581 caelorum
3339 2525 3405 2579 fit
3437 2524 3685 2581 alienus.

2403 2633 2782 2687 Probatianus
2810 2647 2845 2686 a
2875 2631 3135 2703 Saphetia
3165 2631 3331 2687 dixit.

2116 2720 2171 2774 Si
2204 2719 2442 2774 heresis
2472 2719 2646 2788 a;Deo
2676 2723 2784 2787 est,
2833 2719 3073 2776 habebit
3127 2720 3433 2775 hereticus
3485 2724 3544 2775 et
3599 2720 3692 2775 in-

2044 2807 2406 2880 dulgentiam
2437 2807 2714 2863 divinam.
2749 2808 2809 2863 Si
2843 2824 2974 2864 vero
3006 2825 3038 2863 a
3080 2808 3196 2864 Deo
3228 2824 3340 2863 non
3401 2811 3511 2875 est,
3546 2825 3693 2880 quo-

2046 2897 2217 2953 modo
2247 2896 2497 2968 gratiam
2533 2895 2628 2952 Dei
2658 2895 2785 2968 ipse
2815 2895 3027 2952 habere
3083 2901 3142 2952 et
3197 2897 3458 2953 conferre
3515 2895 3690 2951 alicui

2044 2985 2279 3058 potest?

2533 3073 2817 3131 Monualus
2845 3092 2879 3128 a
2909 3074 3081 3130 Gerba
3107 3075 3273 3131 dixit.

2117 3162 2364 3219 Domino
2416 3163 2645 3218 dicente
2678 3180 2690 3219 :
2725 3165 3008 3235 Baptizate
3055 3181 3243 3220 omnes
3286 3169 3468 3236 gentes
3507 3165 3567 3220 iu
3595 3180 3692 3220 no-

2048 3254 2196 3308 mine
2223 3253 2405 3307 Patris
2435 3260 2485 3307 et
2514 3253 2656 3308 Filii
2686 3261 2737 3308 et
2781 3253 3026 3324 Spiritus
3061 3255 3240 3309 sancti
3270 3253 3352 3320 '9;
3387 3253 3693 3310 manifeste

2047 3342 2269 3397 scimus
2299 3341 2599 3396 hereticos
2633 3357 2738 3396 nec
2769 3341 3000 3397 Patrem
3056 3341 3289 3410 habere,
3341 3357 3446 3397 nec
3474 3341 3682 3396 Filium

2049 3447 2154 3486 nec
2206 3430 2491 3502 Spiritum
2549 3430 2704 3486 370
2763 3435 3058 3486 sanctum.
3117 3430 3339 3486 Debent
3386 3429 3566 3502 igitur
3595 3447 3685 3485 ve-

2048 3519 2273 3575 nientes
2329 3519 2401 3575 ad
2462 3517 2777 3575 Ecclesiam
2861 3519 3166 3591 baptizari,
3255 3525 3319 3574 ut
3377 3535 3692 3576 renascan-

2047 3612 2164 3664 tur.

2486 3697 2796 3752 Politianus
2823 3713 2858 3752 a
2891 3698 3059 3753 Miteo
3089 3697 3254 3753 dixit.

2117 3786 2354 3843 Justum
2393 3791 2483 3841 est
2529 3786 2589 3840 in
2637 3785 2896 3842 Ecclesia
2945 3786 3226 3858 baptizari
3276 3803 3432 3854 eum,
3466 3787 3567 3859 qui
3621 3787 3692 3842 ab

2049 3875 2255 3931 heresi
2285 3874 2461 3930 venit.

2354 3963 2615 4034 Theognis
2644 3964 2715 4019 ab
2746 3965 3003 4036 Hippone
3033 3965 3194 4035 Regio
3221 3962 3388 4019 dixit.

2118 4053 2450 4109 Secundum
2497 4057 2932 4107 sacramentum
2981 4053 3082 4109 Dei
3105 4059 3161 4108 et
3189 4053 3388 4122 gratie
3420 4050 3695 4119 celestis,

2049 4159 2227 4215 quam
2258 4141 2612 4213 accepimus.
2654 4140 2963 4212 baptisma,
3001 4142 3156 4212 quod
3208 4146 3298 4196 est
3347 4141 3406 4195 in
3438 4139 3697 4196 Ecclesia

2049 4238 2250 4288 sancta
2279 4230 2574 4287 novimus.

2568 4320 2790 4374 Diatius
2816 4318 2995 4376 Seada
3024 4318 3118 4373 dia
3130 4321 3189 4373 it.

2119 4409 2253 4478 Nos,
2285 4413 2570 4480 quantum
2602 4407 2660 4461 in
2693 4406 2863 4461 nobis
2883 4412 2992 4472 est,
3028 4405 3317 4462 haereticis
3369 4423 3481 4460 non
3539 4421 3697 4459 com-

2047 4499 2423 4552 municamus
2450 4513 2471 4558 ,ο
2503 4495 2617 4550 nisi
2649 4495 2923 4566 baptizati
2953 4496 3010 4550 in
3061 4494 3319 4550 Ecclesia
3369 4494 3609 4562 fuerint,
3645 4497 3702 4547 et

1968 4587 2014 4652 D
2045 4585 2452 4642 remissionem
2484 4591 2852 4655 peccatorum
2886 4584 3240 4656 acceperint.

2472 4672 2739 4728 Probata:
2768 4689 2804 4727 a
2830 4673 3078 4744 Saphisto
3109 4672 3273 4728 dixit.

2115 4762 2223 4827 Qui
2254 4761 2657 4817 hereticorum
2689 4762 3052 4832 baptismum
3105 4761 3335 4833 probat,
3367 4759 3508 4832 quid
3539 4757 3698 4816 aliud

2049 4868 2228 4924 quam
2258 4850 2546 4906 haereticis
2576 4851 2972 4906 communicat
2997 4850 3026 4906 τ

2397 4940 2791 4995 Hortensiana:
2820 4957 2852 4995 a
2880 4940 3148 4996 Laburna
3177 4939 3347 4995 dixit.

2119 5031 2236 5086 Nos
2261 5046 2445 5086 unum
2478 5029 2790 5100 baptisma,
2823 5030 2978 5101 quod
3029 5046 3143 5086 non
3177 5029 3288 5084 nisi
3323 5029 3380 5084 in
3444 5025 3701 5082 Ecclesia

2051 5120 2344 5185 novimus,
2375 5117 2642 5174 Ecclesie
2663 5118 3056 5174 vindicamus.

2493 5225 2710 5282 Cassius
2753 5246 2761 5276 ι
2796 5225 3044 5282 ϐοηιαχρίε
3074 5224 3239 5280 dixit.

2123 5321 2263 5370 Cum
2294 5315 2650 5387 baptismate
2679 5314 2793 5369 duo
2822 5329 2951 5369 esse
2981 5330 3095 5369 non
3128 5312 3376 5385 possint,
3433 5310 3533 5384 qui
3591 5309 3706 5365 he-

2051 5405 2247 5461 reticis
2305 5405 2598 5476 baptisma
2655 5402 2941 5472 concedit,
3001 5402 3295 5474 baptisma
3355 5399 3468 5456 sibi
3528 5397 3704 5454 tollit.

2053 5494 2272 5549 Censeo
2303 5494 2500 5564 itaque
2532 5492 2916 5564 baptizandos
2947 5507 3075 5548 esse
3107 5491 3434 5559 hereticos,
3466 5505 3602 5544 cum
3633 5487 3707 5544 ad
