4098 6178
275 318 432 378 1137
1288 316 1486 376 PARS
1532 316 1579 377 Ῐ.
1618 349 1697 361 -
1728 315 2230 381 MONUMENTA
2273 321 2676 385 VETERUM.
3530 327 3688 389 M38

577 444 787 507 νΑλλος
817 444 996 516 Φῆλιξ
1030 445 1136 500 ἀπὸ
1167 445 1453 522 Μεκκόρας
1481 447 1616 503 εἷπε.

2435 456 2590 511 Alius
2617 456 2778 512 Felix
2805 472 2838 512 a
2868 457 3103 513 Meeeora
3132 457 3294 513 dixit.

347 536 445 590 Καὶ
477 533 637 595 αὐτὸς
698 533 964 606 ἑπόμενος
1018 538 1098 605 τῷ
1143 535 1326 589 κανόνι
1377 540 1483 588 τῶν
1517 535 1675 590 θείων
1700 540 1913 612 Γραφῶι

2110 541 2178 596 Ει
2206 541 2330 614 ipse
2361 549 2598 600 secutus
2647 545 2973 600 divinarum
3024 545 3454 618 Scripturarum
3486 551 3684 603 aucto-

269 625 400 687 τοῦς
451 621 755 700 αἶρετικοὺς
800 624 890 679 καὶ
940 622 1339 698 σχισματικοῦς
1386 625 1737 700 βαπτιζεσθαι
1784 627 1913 680 ἀπο-

2058 630 2266 687 -itatem
2298 633 2597 690 haereticos
2621 639 2676 690 et
2707 635 3116 691 schismaticos
3145 635 3526 707 baptizandos
3557 653 3684 694 esse

272 713 561 792 φαινόμαι.

2058 722 2374 778 ιιιοιιυηιίο.

584 800 917 878 Ἰανουάριος
948 802 1054 856 ἀπὸ
1083 801 1410 873 Μουκούζης
1442 805 1609 858 εἶπεν·

2448 814 2751 868 Ianuarius
2779 829 2817 868 a
2847 812 3072 868 Mueuza
3099 812 3262 868 dixit.

344 893 406 947 Ei
435 891 697 968 αἱρετικοὶ
746 887 938 966 ἔχουσι
990 890 1288 965 βάπτισμα,
1343 894 1506 963 ἡμεῖς
1564 891 1664 946 οὐκ
1693 890 1913 968 ἔχομεν⁴

2103 897 2162 953 Si
2193 898 2448 956 haeretici
2473 900 2690 956 habent
2721 901 3037 972 baptisma,
3068 918 3176 958 nos
3207 919 3324 957 non
3355 903 3640 960 habemus
3665 921 3680 961 :

266 982 314 1036 εί
345 985 508 1054 ἡμεῖς
555 977 779 1056 ἔχομεν,
811 979 1078 1054 αἱρετικοὶ
1128 973 1275 1055 ἔχειν
1311 979 1372 1035 οὐ
1423 978 1695 1036 δύνανται.
1730 983 1913 1058 Ἀμιφ⁴

2058 983 2083 1038 ii
2115 1002 2220 1041 nos
2251 987 2554 1059 habemus,
2587 987 2840 1044 hisretici
2875 987 3089 1044 habere
3119 1005 3232 1044 non
3263 993 3529 1060 possunt.
3568 991 3678 1045 Du-

264 1067 616 1144 σϐητήσιμον
674 1066 732 1124 δὲ
777 1068 876 1124 οὐκ
921 1065 1030 1124 ἔστι
1081 1070 1181 1138 τήν
1219 1069 1543 1139 Ἐκκλησίαν
1568 1071 1667 1139 τὴν
1697 1069 1913 1127 καθολι-

2058 1073 2195 1129 tium
2228 1077 2424 1130 autem
2458 1091 2569 1131 non
2599 1079 2709 1140 est,
2767 1075 3080 1131 Ecclesiam
3111 1075 3458 1132 catholicam
3491 1077 3678 1148 bapti-

262 1161 368 1228 κῆν
418 1165 495 1232 τῷ
560 1162 656 1214 τοῦ
725 1163 959 1235 Χριστοῦ
1037 1157 1367 1234 βαπτίσματι
1431 1162 1753 1235 κεχρῆσθαι,
1822 1159 1913 1228 τὴν

2065 1178 2158 1217 mo
2189 1161 2403 1218 Christi
2449 1164 2530 1218 uti
2561 1188 2574 1230 ;
2609 1180 2736 1234 quis
2766 1163 2890 1219 sola
2918 1163 3134 1220 Christi
3177 1165 3423 1236 gratiam
3453 1170 3511 1221 et
3539 1165 3678 1221 cha-

268 1249 442 1323 μόνην
500 1246 838 1321 κεκτημένην
895 1246 1057 1322 χάριν
1115 1248 1205 1301 καὶ
1262 1247 1474 1322 ἅγάπην
1535 1247 1625 1302 καὶ
1660 1245 1913 1318 ἀλήθειαν

2058 1243 2267 1300 ιίῐθιθω
2299 1251 2354 1301 et
2383 1246 2685 1302 veritatem
2717 1247 3033 1319 possideat.

261 1361 364 1394 του
393 1342 925 1504 Χριστοὶᾌδέλιριδος
957 1424 1062 1479 ἀπὸ
1092 1421 1404 1494 Θασϐἑλοης
1439 1426 1574 1482 εἷπε.
2391 1424 2719 1496 Αάθιρήίάω
2747 1442 2781 1480 α
2812 1425 3109 1482 Τὴωαϐιια
3137 1425 3304 1482 dixit.

337 1517 525 1587 Μάτην
557 1515 698 1579 τινὲς
727 1519 796 1588 τῇ
839 1514 1066 1586 ἀληθείᾳ
1096 1511 1426 1587 πολεμοῦσι,
1479 1510 1734 1590 λέγοντες
1764 1517 1913 1588 ἡμᾶς

2097 1511 2232 1569 Sine
2261 1529 2441 1569 causa
2469 1513 2707 1585 quidem
2741 1514 3094 1587 impugnant
3139 1514 3458 1585 veritatem,
3492 1519 3560 1572 ut
3586 1531 3675 1572 re-

263 1600 666 1673 ἆναϐαπτίζειν.
696 1605 758 1660 'H
784 1603 886 1677 γὰρ
939 1601 1234 1675 Ἐκκλησία
1275 1601 1402 1666 τοὺς
1452 1601 1758 1680 αἱρετικοῦς
1815 1603 1913 1659 οὐκ

2058 1601 2318 1674 παρῐὶεατθ
2349 1618 2457 1658 nos
2487 1602 2703 1658 dicant.
2737 1602 3041 1676 Siquidem
3082 1603 3342 1660 Ecclesia
3373 1603 3676 1661 haereticos

263 1689 638 1764 ἀναὸαπτίζει,
680 1690 826 1747 ἀλλᾶ
861 1691 1126 1767 βαπτίζει.

2064 1703 2139 1744 on
2161 1689 2501 1761 rebaptizat,
2537 1691 2638 1745 sed
2671 1690 2943 1762 baptizat.

583 1800 898 1873 Δημήτριος
929 1798 1035 1853 απὸ
1068 1797 1389 1872 Πολεμόνου
1419 1799 1588 1857 εἶπεν.

2407 1796 2708 1853 Demetrius
2736 1814 2770 1853 a
2796 1798 3086 1854 Polemone
3113 1796 3278 1854 dixit.

333 1889 395 1943 Οἱ
427 1888 674 1964 λέγοντες
713 1886 795 1942 ὅτι
824 1889 874 1941 οἳ
933 1887 1196 1963 αἱρετικοὶ
1247 1887 1468 1957 ἀληθῶς
1516 1886 1606 1942 καὶ
1655 1885 1910 1960 νομίμως

2092 1884 2200 1950 Qui
2231 1884 2434 1940 dicunt
2458 1885 2759 1942 haereticos
2804 1903 2936 1943 vere
2961 1891 3018 1942 et
3066 1885 3322 1957 legitime
3351 1887 3667 1959 baptizare,

257 1977 634 2048 Βαπτίζουσιν,
688 1975 837 2031 οὗτοι
889 1974 950 2031 οὐ
1003 1975 1162 2049 μόνον
1196 1972 1314 2046 δύο,
1374 1974 1521 2032 ἀλλὰ
1577 1975 1666 2032 καὶ
1724 1973 1913 2032 πολλά

2058 1972 2133 2045 psi
2167 1991 2280 2028 non
2313 1972 2505 2030 solum
2559 1973 2695 2044 duo,
2725 1975 2826 2030 sed
2857 1979 2915 2031 et
2970 1974 3156 2032 multa
3201 1976 3556 2048 baptismata
3577 1976 3668 2030 in-

261 2068 611 2146 βαπτίσματα
686 2065 1006 2141 εἰσάγουσιν.
1081 2065 1278 2122 Ὁπότε
1351 2065 1452 2141 γὰρ
1512 2063 1762 2143 διάφοροι
1822 2064 1910 2120 καὶ

2058 2061 2360 2118 roducuut.
2383 2063 2529 2119 Nam
2561 2080 2695 2119 cum
2728 2063 2979 2120 hzereses
3009 2063 3182 2122 variae.
3213 2081 3279 2120 ac
3309 2065 3494 2120 multa
3524 2065 3671 2133 sint,

255 2156 468 2213 πολλαὶ
500 2155 733 2232 αἱρέσεις
765 2155 889 2228 εἶσὶ,
919 2155 1056 2209 κατά
1081 2155 1172 2209 τὸν
1221 2154 1453 2230 ἀριθμὸν
1481 2154 1656 2209 αὐτῶν
1706 2154 1797 2208 καὶ
1844 2155 1913 2210 τὰ

2065 2168 2124 2206 ro
2155 2167 2356 2207 earum
2390 2168 2635 2208 numero
2666 2156 2723 2208 et
2751 2154 3106 2226 baptismate
3145 2153 3668 2225 computabantur.

259 2245 611 2324 βαπτίσματα
641 2245 970 2320 ἀριθμεῖται.
1697 2314 1706 2323 ⁸

655 2332 944 2395 Οὐκὲντιος
977 2332 1082 2388 ἀπὸ
1113 2327 1351 2410 Θιϐἀρης
1382 2334 1518 2389 εἷπε.

2431 2331 2738 2387 Vincentius
2764 2348 2805 2388 α
2836 2331 3070 2388 Ίὴὶὁανα
3095 2331 3260 2388 dixit.

331 2424 467 2487 Τοὺς
527 2420 829 2498 αἱρετικοῦς
886 2419 1107 2494 οἴδαμεν
1162 2421 1413 2498 χείρονας
1462 2425 1570 2476 τῶν
1621 2441 1913 2497 σχισματι-

2092 2418 2402 2476 Haerelicos
2433 2419 2654 2476 scimus
2701 2436 2831 2477 esse
2862 2422 3089 2493 pejores
3120 2436 3298 2493 quam
3341 2419 3678 2477 schismati-

297 2520 327 2529 -
458 2514 470 2534 ,
528 2512 542 2532 ς
636 2509 676 2529 ι..
1332 2517 1354 2526 -
1846 2517 1874 2527 -

254 2535 393 2571 κων.
474 2515 578 2570 Εαν
633 2521 690 2566 οε
751 2513 1149 2584 μετανοήσωσιν
1205 2509 1381 2566 ἐλθειν
1443 2510 1532 2573 εἰς.
1560 2509 1758 2566 κανόνα
1807 2531 1909 2582 της

2058 2524 2138 2563 os.
2171 2507 2230 2564 Si
2261 2525 2392 2564 vero
2425 2507 2831 2580 paenitentiam
2865 2514 3104 2582 agentes
3135 2510 3204 2566 ad
3237 2509 3499 2580 regulam
3526 2509 3674 2566 veri-

258 2601 545 2674 ἀληθείας⁹
578 2599 839 2676 πρότερον
885 2599 1198 2676 ἐξορκίζειν,
1259 2597 1442 2654 ἔπειτα
1484 2598 1756 2675 βαπτίζειν
1816 2599 1909 2654 αὐ-

2058 2600 2157 2655 ιιὶε
2185 2599 2382 2656 venire
2405 2600 2700 2657 voluerint
2726 2619 2738 2656 :
2772 2601 2936 2674 prius
2966 2600 3300 2669 exorcizari,
3333 2601 3542 2658 deinde
3572 2601 3671 2657 ba-

257 2691 392 2754 τοὺς
426 2688 526 2748 δεῖ.
577 2689 708 2744 Τότε
754 2689 854 2765 γὰρ
905 2684 1147 2742 δύνανται
1193 2695 1293 2758 τῆς
1322 2692 1555 2764 Χριστοῦ
1585 2685 1909 2764 ἐπαγγελίας

2061 2688 2224 2743 tizari
2255 2705 2354 2744 eos
2401 2694 2646 2762 oportet.
2678 2691 2838 2745 Tunc
2869 2690 3026 2745 enim
3077 2690 3290 2747 Christi
3323 2689 3672 2761 promissio-

260 2785 484 2856 τυχεῖν.

2062 2793 2154 2833 em
2188 2778 2380 2834 sortiri
2413 2783 2679 2850 possunt.

682 2865 902 2943 Μάρκος
933 2865 1038 2920 ἀπὸ
1068 2867 1333 2941 Μαθάρων
1366 2867 1502 2921 εἶπε.

2461 2867 2675 2924 Marcus
2701 2885 2732 2923 a
2763 2868 3028 2924 Matharis
3056 2867 3218 2940 dixit,

333 2955 537 3030 Κρίνω,
590 2955 664 3017 ὡς
718 2951 889 3027 μηδὲν
942 2950 1192 3032 ἔχοντας,
1221 2953 1348 3017 τοὺς
1379 2953 1685 3032 αἱρετικοὺς
1722 2953 1910 3029 βαπτί-

2086 2955 2289 3012 Judico
2321 2955 2640 3027 haereticos,
2671 2962 2738 3012 ut
2787 2957 2886 3031 qui
2921 2956 3066 3013 nihil
3100 2957 3374 3024 habeant,
3405 2971 3536 3012 esse
3564 2956 3666 3012 ba-

257 3053 418 3116 ζεσθα
432 3066 470 3101 ι.

2058 3045 2340 3101 tizandos.

613 3130 807 3194 Σάτιος
839 3130 946 3185 ἀπὸ
979 3125 1317 3200 Σακιλιϐύης
1351 3132 1496 3186 εἶπεν
1533 3150 1546 3163 ’

2471 3134 2655 3190 Satius
2675 3151 2707 3189 a
2739 3135 3020 3208 Sacilibya
3047 3135 3213 3190 dixit.

327 3223 393 3279 Εἰ
450 3226 565 3282 τοῖς
621 3221 914 3296 αἱρετικοῖς
972 3219 1022 3274 ἰν
1080 3224 1158 3291 τῷ
1210 3218 1541 3296 βαπτίσματι
1572 3218 1746 3275 αὐτῶν
1779 3217 1904 3294 ἄφε-

2087 3222 2141 3276 Si
2176 3222 2466 3278 haereticis
2487 3223 2545 3278 in
2579 3224 2870 3294 baptismo
2895 3225 3156 3296 ipsorum
3185 3228 3422 3297 peccata
3443 3223 3666 3280 donan-

254 3333 340 3373 σις
398 3312 676 3386 ἁμαρτιῶν
728 3308 952 3383 γίνεται,
1003 3309 1176 3382 μάτην
1227 3310 1297 3380 τῇ
1343 3307 1640 3380 Ἐκκλησία
1685 3308 1908 3385 προσέρ-

2058 3329 2133 3381 1r,
2167 3311 2290 3366 sine
2322 3329 2500 3368 causa
2529 3312 2601 3367 ad
2654 3311 2972 3369 Ecclesiam
3023 3312 3284 3369 veniunt.
3318 3312 3476 3369 Nihil
3508 3312 3665 3368 enim

2016 3404 2126 3471 est,
2159 3401 2314 3471 quod
2350 3401 2555 3456 timere
2585 3401 2815 3472 possint
2843 3401 2904 3456 in
2927 3400 3150 3472 judicio
3183 3401 3416 3474 Christi,
3451 3402 3500 3457 si
3529 3405 3670 3456 sunt

253 3439 474 3496 χονται.
536 3413 704 3474 Οὐδὲν
763 3415 863 3492 γάρ
920 3415 1028 3469 ἐστι
1082 3416 1144 3470 τὸ
1203 3412 1498 3487 δυνάμενον
1546 3411 1780 3492 φοϐῆσαι
1815 3415 1909 3470 αὐ-

2019 3489 2425 3545 remissiouem
2457 3495 2828 3562 peccatorum
2860 3491 3176 3547 consecuti.

250 3507 386 3569 τοὺς
445 3506 497 3562 ἐν
557 3509 626 3580 τῇ
684 3505 856 3581 κρίσει
915 3509 1011 3559 τοῦ
1076 3508 1329 3578 Χριστοῦ,
1390 3505 1575 3583 ἄφεσιν
1632 3506 1909 3579 ἁμαρτιῶν

256 3595 581 3674 εἰληφότας.

648 3679 926 3756 Αὐρήλιος
960 3681 1065 3736 ἀπὸ
1097 3682 1354 3752 Ἀττικῆς
1388 3683 1523 3738 εἷπε.

2461 3666 2721 3722 Aurelius
2750 3666 2817 3721 ab
2845 3668 3021 3724 Attica
3050 3667 3212 3723 dixit.

331 3775 597 3848 Λέγοντος
652 3775 748 3826 τοῦ
804 3768 1142 3825 Ἀποστόλου
1223 3768 1544 3847 ἀλλοτρίαις
1619 3769 1907 3843 ἁμαρτίαις

2089 3757 2232 3812 Cum
2267 3757 2421 3811 dicat
2443 3757 2778 3828 Apostolus,
2811 3776 2926 3814 non
2954 3757 3503 3813 communicandum
3537 3773 3669 3829 pec-

260 3865 341 3937 μὴ
374 3866 674 3931 κοινωνεῖν,
707 3857 876 3934 κρίνω
914 3858 1260 3932 βαπτίζεσθαι
1310 3858 1436 3921 τοῦς
1468 3857 1794 3933 αἱρετικοὺς⁹
1819 3856 1912 3912 ’ίνι

2058 3846 2165 3902 etis
2195 3845 2422 3914 alienis,
2451 3861 2659 3901 censeo
2688 3847 3072 3920 baptizandos
3103 3863 3232 3902 esse
3263 3846 3586 3911 haereticos,
3608 3850 3672 3901 ut

2021 3935 2184 4006 prius
2234 3933 2522 4005 accipiant
2581 3935 2986 3991 remissionem
3048 3939 3445 4007 peccatorum,
3505 3938 3562 3989 et
3586 3933 3671 3988 sic

2020 4023 2138 4078 illis
2170 4023 2693 4079 communicemus.

2423 4111 2640 4167 Iambus
2668 4129 2703 4166 α
2735 4111 3083 4168 Germanicia
3111 4111 3279 4168 dixit.

2094 4199 2201 4266 Qui
2227 4199 2629 4255 haereticorum
2652 4201 2948 4273 baptisma
2970 4201 3242 4272 probant,
3273 4203 3539 4255 nostrum
3565 4197 3675 4252 im-

2023 4291 2293 4363 probant.

255 3945 474 4009 λάϐωσι
507 3949 770 4024 πρότερον
800 3949 982 4025 ἄφεσιν
1017 3949 1320 4023 ἁμαρτιῶν,
1381 3947 1471 4003 καὶ
1520 3946 1692 4010 οὓτως
1723 3947 1911 4009 αὐτοῖς

253 4061 324 4096 κο
333 4062 378 4093 ιν
386 4041 492 4109 ωνή
502 4060 579 4094 σω
589 4059 700 4111 μεν.

614 4122 832 4200 Ἰαμϐὸς
863 4126 968 4181 ἀπὸ
1001 4126 1382 4202 Γερμανικείας
1409 4128 1574 4181 εἶπεν.

331 4217 397 4272 Οἱ
440 4217 501 4272 τὸ
560 4220 666 4270 τῶν
722 4217 1003 4292 αἱρετικῶν
1057 4212 1442 4288 δοκιμάζοντες
1493 4214 1792 4292 βάπτισμα,
1847 4216 1912 4272 τὸ

252 4305 530 4382 ἡμέτερον
565 4302 1081 4378 ἀποδοκιμάζουσιν,

593 4411 890 4473 Λουκιανὸς
921 4410 1027 4465 ἀπὸ
1061 4411 1382 4485 Ρουκούμης
1416 4413 1582 4467 εἶπεν.

2443 4398 2722 4451 Lucianus
2751 4413 2784 4450 a
2817 4397 3059 4452 Rucuma
3086 4395 3252 4451 dixit.

339 4499 401 4554 Ei
434 4498 656 4555 δυνατὸν
685 4504 801 4576 φῶς
832 4501 922 4554 καὶ
975 4500 1164 4562 σκότος
1207 4506 1504 4568 κοινωνεῖν,
1557 4498 1774 4554 δύναται
1823 4499 1913 4554 καί

2091 4484 2147 4538 Si
2182 4484 2305 4539 ﬁeri
2338 4489 2524 4556 potest
2557 4490 2621 4539 ut
2648 4484 2747 4539 lux
2778 4501 2911 4540 cum
2935 4483 3192 4540 tenebris
3213 4483 3541 4547 conveniat,
3576 4497 3677 4553 po-

259 4592 403 4662 ἡμῖν
448 4589 538 4643 καὶ
584 4593 701 4650 τοῖς
753 4589 1044 4663 αἱρετικοῖς
1102 4588 1233 4642 εἷναί
1280 4610 1329 4642 τι
1377 4589 1577 4647 κοινόν.
1613 4588 1791 4662 Κρίνω
1824 4589 1913 4642 οὖν

2058 4577 2136 4628 est
2165 4578 2223 4627 et
2245 4573 2412 4627 nobis
2471 4579 2528 4627 et
2585 4573 2870 4628 haereticis
2902 4573 3121 4644 aliquid
3183 4589 3312 4628 esse
3341 4587 3672 4627 commune.

2031 4661 2341 4733 Propterea
2371 4676 2577 4715 censeo
2604 4660 2905 4717 haereticos
2932 4661 3321 4733 baptizandos
3352 4675 3502 4716 esse.

2405 4751 2668 4820 Pelagius
2699 4768 2732 4805 α
2760 4752 3098 4822 Lupereiana
3129 4751 3300 4806 dixit.

2104 4838 2163 4892 Si
2194 4838 2432 4894 hieresis
2488 4839 2546 4893 in
2608 4839 2864 4894 Ecclesia
2917 4857 3031 4895 non
3077 4846 3188 4906 est,
3221 4839 3513 4911 quomodo
3572 4841 3682 4892 Ec-

2033 4927 2224 4984 clesia:
2257 4928 2551 5000 baptisma
2583 4929 2736 5000 apud
2770 4928 3072 4984 haereticos
3104 4946 3233 4984 esse
3263 4926 3506 5002 potest?

258 4678 394 4741 τοὺς
423 4677 725 4754 αἱρετικοὶις
761 4677 1133 4752 βαπτίζεσθαι.

572 4764 838 4842 Πελάγιος
871 4765 976 4820 ἀπὸ
1009 4769 1413 4840 Λουπερκιανῆς
1440 4768 1603 4822 εἶπεν.

340 4855 404 4909 El
461 4852 664 4931 αἶ’ρεσις
723 4854 825 4909 οὒκ
878 4853 1016 4910 ἔστιν
1078 4855 1128 4910 ἐν
1193 4855 1510 4928 Ἐκκλησία,
1553 4860 1668 4918 πῶς
1701 4852 1919 4910 δύναται

259 4945 415 5018 παρά
451 4948 568 5005 τοῖς
621 4943 917 5018 αἰρετικοῖς
963 4945 1096 4999 εἶναι
1144 4945 1207 4999 τὸ
1252 4952 1354 5014 τῆς
1405 4944 1731 5016 Ἐκκλησίας
1780 4945 1922 5021 βαπ-

303 5053 438 5087 ισιια
460 5051 472 5087 Σ

257 5055 473 5105 τισμα;

725 5119 894 5195 Ἰάδερ
925 5121 1032 5176 ἀπὸ
1062 5121 1301 5192 Μηδείας
1332 5123 1468 5178 εἶπε.

2535 5108 2692 5163 Iader
2721 5125 2753 5162 a
2784 5107 2998 5165 Medeia
3024 5107 3186 5162 dixit.

262 5208 382 5267 Μία
410 5208 612 5276 πίστις,
662 5209 714 5265 ἔν
774 5191 1054 5285 βάπτισμα
1087 5231 1100 5244 ⁸
1135 5191 1278 5266 ἆλλά
1308 5213 1375 5282 τῇ
1411 5209 1682 5286 καθολικῇ
1718 5211 1913 5282 Εκκληι

2110 5197 2225 5253 Una
2255 5197 2409 5266 ﬁdes,
2441 5213 2612 5251 unum
2655 5198 2926 5268 baptisma
2948 5214 2966 5250 :
3016 5197 3117 5251 sed
3151 5193 3416 5250 Ecclesia
3446 5191 3687 5248 catholi-

263 5300 362 5371 σίᾳ
389 5295 555 5369 ἔξεστι
593 5299 890 5375 βαπτίζειν.
1660 5285 1665 5286 ί

2058 5303 2115 5340 :ae
2147 5285 2283 5341 licet
2306 5286 2620 5357 baptizare.

560 5372 772 5452 ’Ἄλλος
804 5388 984 5460 Φῆλιξ
1010 5387 1117 5444 ἀπὸ
1148 5385 1468 5465 Μαρδιανῆς
1497 5390 1635 5444 εἶπε.

2393 5376 2551 5431 Alius
2585 5375 2740 5431 Felix
2767 5391 2801 5430 a
2831 5373 3142 5431 Mardiana
3170 5372 3334 5428 dixit.

346 5477 422 5531 Τὰ
454 5475 586 5531 αὐτά
603 5521 612 5535 .

2113 5480 2348 5536 Eadem.

722 5566 939 5629 Παῦλος
970 5566 1075 5621 ἀπὸ
1110 5561 1284 5628 Σαϐἆς
1316 5568 1483 5623 εἶπεν.

2548 5572 2756 5626 Paulus
2784 5586 2817 5623 a
2848 5570 2992 5625 Saba
3021 5569 3188 5624 dixit.

350 5654 416 5709 Ei
448 5655 476 5709 ὁ
506 5655 638 5717 Θεὸς
667 5655 882 5726 amnem
915 5655 1046 5726 ἐστι,
1097 5661 1213 5719 πῶς
1267 5653 1410 5711 ἔσται
1477 5656 1623 5732 παρὰ
1669 5662 1787 5719 τοῖς
1844 5660 1913 5712 αἱ.

2115 5659 2166 5713 Si
2197 5658 2347 5714 Deus
2376 5675 2546 5714 verax
2574 5664 2683 5730 est,
2718 5661 3013 5730 quomodo
3063 5656 3216 5730 apud
3259 5655 3564 5713 hasreticos
3593 5673 3692 5713 ve-
