4098 6178
486 311 642 370 H39
1533 306 1636 365 DE
1684 298 2273 363 HERETICORUM
2319 299 2415 358 BA
2431 299 2850 362 PTISMATE.
3673 315 3792 377 tuo

489 458 621 496 rum
652 441 949 513 baptisma
977 457 1106 497 esse
1163 444 1374 514 potest,
1406 439 1559 512 apud
1608 453 1753 509 quos
1812 441 1964 491 Deus
2018 450 2107 488 n01

2175 433 2218 500 Α
2250 435 2485 506 ρετικοῖς
2567 431 2772 502 ἀληθὲς
2856 431 3155 507 βάπτισμα,
3235 437 3355 512 παρ’
3421 439 3494 500 οἷς
3564 441 3648 497 οὔκ
3712 442 3793 503 ἔστι

491 534 579 584 est
596 528 624 585 ?

2251 519 2382 581 Θεός
2405 539 2417 589 ;

838 621 1173 691 Pomponius
1202 636 1238 675 α
1265 620 1609 691 Dionysium
1636 617 1801 673 dixit.

2552 614 2893 683 Πομπωνιος
2922 611 3028 666 ἀπὸ
3059 620 3397 684 Διονυσιανῆς
3423 615 3567 672 εἶπεν.

565 726 828 783 Haeretici
887 725 1181 798 baptizare
1212 742 1327 781 non
1387 729 1653 797 possunt,
1697 738 1882 794 neque
1939 718 2142 776 remis-

2266 803 2277 806 Α
2323 714 2389 770 O't
2447 715 2708 806 clipeatin
2757 717 2821 772 οὐ
2876 716 3125 806 δύνανται
3188 719 3468 796 βαπτίζειν,
3515 723 3622 780 οὖδὶ
3660 725 3799 806 ἄφεσιν

499 817 724 872 sionem
755 819 1125 888 peccatorum
1174 815 1313 871 dare
1370 818 1715 886 potestatem
1748 816 1851 867 aut
1883 806 2117 866 solvend

2253 803 2531 879 ἁμαρτιῶν
2587 803 2797 879 δοῦναι,
2858 807 2910 863 οἶ
2961 809 3038 882 μή
3089 804 3304 884 ἔχοντες
3351 809 3563 883 ἐξουσίαν
3607 803 3735 871 λῦσαί
3763 839 3800 874 τι

501 909 605 960 aut
650 904 872 978 ligandi
920 904 1142 975 aliquid
1168 904 1229 960 in
1265 903 1435 960 terris
1465 920 1582 959 non
1614 902 1913 958 habentes.

1267 903 1435 960 terris
1465 920 1582 959 non
1614 902 1913 958 habentes.
2253 889 2340 946 ἐπὶ
2369 899 2471 963 τῆς
2499 896 2604 970 γῆς
2631 892 2668 964 ἤ
2705 892 2885 964 δῆσαι.

929 1011 1176 1066 Vinatus
1205 1027 1238 1065 a
1269 1011 1526 1066 Thunisia
1552 1009 1718 1064 dixit.

2655 1000 2917 1065 Οὖῖνάτος
2941 1003 3047 1058 ἀπὸ
3077 1004 3305 1075 Θυνίσης
3333 1005 3485 1063 εἶπεν.

570 1099 678 1162 Qui
735 1100 1031 1169 baptisma
1086 1098 1356 1155 Ecclesiae
1411 1097 1696 1154 haereticis
1752 1093 2145 1160 administrat,

2325 1088 2384 1144 '0
2440 1089 2502 1142 τὸ
2566 1090 2847 1165 βάπτισμα
2901 1093 3000 1161 τῆς
3057 1092 3378 1164 Ἐκκλησίας
3427 1101 3534 1158 τοῖς
3582 1099 3811 1174 αἱρετικῶς

500 1193 784 1260 Sponsam
817 1188 1031 1244 Christi
1067 1187 1352 1244 adulteris
1384 1187 1596 1260 prodit.

2259 1181 2455 1232 κοινῶν
2511 1180 2610 1247 τήν
2669 1180 2901 1258 Νύμφην
2949 1189 3046 1237 τοῦ
3080 1181 3309 1257 Χριστοῦ
3338 1191 3545 1260 μοιχοῖς
3572 1186 3813 1262 παραδίδω-

2262 1286 2365 1321 σιν.

922 1366 1180 1435 Lymmus
1208 1364 1276 1420 ab
1305 1365 1530 1433 Asuaga
1563 1364 1734 1418 dixit.

2663 1358 2896 1431 Αυαμὸς
2923 1358 3030 1414 ἀπὸ
3063 1359 3330 1435 ’Δσυάγης
3360 1363 3514 1416 εἶπεν.

578 1453 694 1508 Nos
726 1469 908 1507 unum
969 1453 1265 1524 baptisma
1322 1453 1681 1525 accepimus,
1715 1457 1771 1506 et
1824 1451 2019 1522 ipsum
2071 1452 2156 1502 te-

2336 1445 2522 1517 Ἦμεῖς
2564 1444 2618 1499 ἓν
2683 1446 2961 1522 βάπτισμα
3001 1446 3325 1528 εἰλήφαμεν,
3367 1450 3450 1504 καὶ
3497 1451 3651 1524 τούτῳ
3691 1451 3821 1521 ἐξακο-

509 1558 718 1596 nemus
766 1547 824 1596 et
880 1557 1238 1597 exercemus.
1275 1541 1382 1605 Qui
1438 1546 1633 1596 autem
1683 1539 1846 1606 dicit,
1889 1538 2043 1609 quod
2102 1552 2127 1592 e

2267 1532 2594 1606 λουθοῦμεν.
2656 1536 2711 1588 '0
2769 1533 2826 1591 δὲ
2886 1535 3084 1613 λέγων,
3134 1538 3236 1595 Καὶ
3276 1544 3388 1600 τοῖς
3419 1540 3680 1615 αἶρετικοῖς
3705 1539 3823 1610 ἕξιστι

509 1630 798 1686 haereticis
853 1631 989 1686 licet
1056 1632 1370 1702 baptizare,
1426 1631 1551 1702 ipse
1612 1631 1727 1686 duo
1804 1629 2124 1701 baptismat

1713 1646 1727 1685 )
1804 1629 2161 1701 baptismate
2273 1622 2571 1698 βαπτίζειν,
2604 1621 2699 1678 δύο
2735 1625 3081 1700 βαπτίσματα
3110 1625 3331 1702 εἰσάγει.

507 1719 668 1776 facit.

863 1808 1200 1864 Saturninus
1228 1826 1262 1864 a
1295 1810 1617 1865 Victoriana
1655 1808 1820 1863 dixit.
2195 1804 2243 1869 B

2195 1804 2243 1869 B
2595 1807 2917 1878 Σατορνῖνος
2945 1803 3051 1858 ἀπὸ
3081 1803 3466 1877 Οὐικτοριανῆς
3496 1806 3640 1862 εἶπεν.

584 1916 642 1972 Si
674 1916 811 1971 licet
844 1915 1129 1972 hareticis
1157 1917 1474 1988 baptizare,
1507 1915 1766 1971 excusati
1812 1917 1953 1969 sunt
1982 1917 2039 1968 et
2067 1913 2164 1968 de-

2345 1905 2409 1960 Εί
2465 1905 2632 1978 ἔξεστι
2695 1914 2813 1971 τοῖς
2878 1910 3176 1986 αἱρετικοῖς
3242 1910 3526 1985 βαπτίζειν,
3577 1909 3829 1986 άνίγκλητοί

513 2005 659 2061 fensi
692 2003 897 2061 illicita
948 2005 1262 2073 facientes;
1296 2021 1401 2061 nec
1460 2006 1614 2062 872
1675 2003 1953 2072 invenies,
1987 2018 2131 2074 quar

2273 1994 2406 2049 είσιν
2439 1993 2614 2069 ἄνομα
2657 2002 2960 2061 ποιοῦντος
3016 1997 3142 2054 οὖδὶ
3173 1999 3419 2076 εὑρήσεις
3463 1998 3544 2055 διὰ
3569 2000 3616 2054 τί
3644 1999 3828 2060 αὖτοῦςί

513 2110 612 2149 eos
639 2094 908 2149 Christus
939 2095 1304 2150 adversarios
1357 2110 1496 2150 suos
1543 2096 1645 2150 aut
1672 2090 1984 2165 Apostolus
2015 2087 2131 2147 anti

2272 2085 2502 2158 Χριστὸς
2552 2084 2824 2149 ἰναντίους
2871 2085 2908 2156 ἤ
2957 2089 2985 2142 6
3019 2087 3354 2151 Ἀπόστολος
3379 2087 3717 2165 ἀντιχρίστους
3745 2087 3831 2143 ὀνο-

515 2183 767 2238 christos
789 2182 1190 2255 appellaverit.

834 2182 1190 2255 ppellaverit.
2277 2174 2452 2246 μάξεις

861 2272 1015 2328 Alius
1045 2271 1382 2328 Saturninus
1412 2289 1448 2327 α
1476 2271 1615 2344 Syca
1645 2273 1815 2328 dixit.

2559 2271 2886 2340 Σατορνῖνος
2916 2264 3088 2329 ἄλλος
3116 2266 3224 2321 ἀπὸ
3258 2273 3433 2336 Συκῆς
3462 2266 3611 2324 εἶπεν.

588 2359 868 2426 Gentiles,
917 2360 1024 2416 etsi
1079 2360 1236 2416 idola
1289 2361 1506 2430 colant,
1563 2366 1760 2416 tamen
1823 2360 2000 2415 Deum
2057 2363 2162 2413 Pa-

2344 2351 2411 2408 Οἱ
2443 2351 2666 2426 ἐθνικοὶ,
2699 2353 2742 2408 εἶ
2791 2354 2882 2409 καὶ
2931 2350 3135 2409 εἴδωλα
3164 2349 3433 2427 σέϐονται,
3464 2355 3604 2427 ὅμως
3629 2355 3704 2409 τὸν
3746 2355 3833 2408 Θεὸν

519 2453 668 2504 trem
700 2453 758 2504 et
781 2452 1110 2504 Creatorem
1167 2454 1528 2522 cognoscunt
1556 2454 1614 2504 et
1666 2448 2016 2504 confitentur
2053 2447 2135 2502 Do

2273 2441 2484 2517 Πατέρα
2539 2442 2627 2496 καὶ
2686 2441 2924 2513 Κτίστην
2976 2443 3402 2518 ἐπιγινώσκωσι
3447 2444 3529 2498 καὶ
3571 2441 3835 2518 ὁμολογοῦσι

521 2538 769 2593 minam.
802 2537 863 2593 In
886 2537 1044 2593 hunc
1076 2538 1330 2594 Marcion
1363 2537 1754 2610 blasphemat,
1786 2543 1844 2593 et
1871 2536 2139 2609 quomod:

2275 2528 2571 2599 Δεσπότην.
2606 2531 2698 2592 Εἷς
2741 2535 2931 2586 τοῦτον
2979 2530 3237 2608 Μαρκίων
3293 2532 3613 2610 βλασφημεῖ,
3651 2532 3724 2585 καὶ
3759 2536 3837 2589 πῶς

521 2643 636 2682 non
697 2628 1071 2693 erubescunt,
1133 2626 1230 2698 qui
1282 2627 1592 2683 Marcionis
1646 2625 2009 2699 baptismum
2039 2641 2139 2696 pro

2275 2615 2374 2671 οὐκ
2415 2617 2762 2694 αἷσχύνονται
2811 2620 2862 2674 οἱ
2913 2619 3234 2682 Μαυκίωνος
3288 2620 3557 2696 βάπτισμα
3583 2617 3833 2692 δοκιμάζον-

521 2713 712 2771 bant?

2271 2726 2358 2768 τες
2389 2725 2402 2775 ;

972 2803 1262 2860 Marcellus
1292 2821 1332 2860 α
1359 2805 1531 2859 Zama
1557 2804 1719 2859 dixit.

2664 2797 2988 2873 Μάρκελλος
3019 2798 3126 2854 ἀπὸ
3156 2800 3346 2872 Ζάμης
3373 2799 3528 2856 εἶπεν.

590 2910 735 2966 Cum
768 2915 1138 2980 peccatorum
1173 2911 1439 2966 remissio
1497 2927 1612 2966 non
1645 2911 1759 2966 nisi
1807 2910 1870 2967 in
1912 2909 2170 2965 Ecclesia

2343 2902 2533 2958 Ὁπότε
2563 2901 2746 2981 ἄφεσις
2777 2905 3053 2980 ἁμαρτιῶν
3085 2902 3334 2978 οὐδαμοῦ
3361 2905 3406 2959 εὶ
3439 2907 3510 2978 μή
3530 2904 3577 2959 ἐν
3595 2908 3654 2977 τῇ
3674 2901 3836 2970 Ἐκκλη-

523 2999 896 3066 concedatur,
929 3000 1030 3071 qui
1060 2999 1396 3055 haereticum
1430 3016 1546 3056 non
1579 2999 1854 3071 baptizat,
1881 3002 2141 3070 peccator

2279 2991 2367 3064 σίᾳ
2396 2989 2625 3065 δίδοται,
2659 2993 2687 3047 6
2714 2993 3000 3070 αἱρετικὸν,
3037 2995 3111 3066 μὴ
3149 2994 3423 3070 βαπτίξων
3469 2992 3740 3068 ἁμαρτωλῷ
3759 3012 3834 3046 κοι-

520 3087 936 3144 communicat.

839 3093 936 3144 3at.
2278 3102 2384 3135 νων
2392 3085 2457 3138 εἴ.

1014 3177 1262 3234 lrenxus
1290 3177 1358 3233 ab
1392 3177 1500 3234 Ulis
1531 3176 1695 3232 dixit.
2209 3171 2252 3238 C

2209 3171 2252 3238 C
2689 3169 2981 3247 Είρηναῖον
3014 3170 3120 3226 ἀπὸ
3150 3170 3347 3226 Οὐλῶν
3379 3171 3540 3227 εἷπεν.

603 3265 663 3321 Si
695 3265 822 3322 ideo
853 3264 1107 3321 Ecclesia
1162 3265 1498 3323 haareticum
1555 3282 1669 3322 non
1725 3265 1997 3338 baptizat,
2029 3265 2184 3336 quod

2365 3258 2426 3314 Εἰ
2476 3256 2565 3313 διὰ
2611 3264 2770 3314 τοῦτο
2819 3263 2853 3330 ἡ
2907 3259 3202 3330 Ἐκκλησία
3229 3261 3324 3316 τὸν
3356 3259 3611 3336 αἱρετικὸν
3642 3256 3693 3313 οὐ
3720 3252 3848 3331 βαπτί-

536 3355 765 3410 dicatur
789 3355 912 3424 jam
945 3353 1275 3426 baptizatus
1306 3371 1456 3421 esse,
1513 3355 1834 3410 antefertur
1863 3353 2100 3410 hmresis
2131 3371 2154 3409 e

2298 3353 2398 3417 ζει,
2429 3347 2509 3402 ὅτι
2541 3345 2650 3419 ἤδη
2685 3346 2894 3424 λέγεται
2931 3343 3308 3424 βεϐαπτίσθαι,
3341 3349 3605 3426 προκρίνει
3636 3349 3665 3416 ἡ
3711 3343 3848 3418 ait:th

539 3445 728 3514 major
750 3443 834 3498 fit.

2294 3437 2383 3492 καὶ
2419 3437 2615 3509 μείζων
2642 3437 2869 3512 γίνεται.

970 3534 1223 3588 Donatus
1251 3549 1286 3587 a
1315 3531 1569 3588 Cibalina
1599 3533 1766 3588 dixit.

2679 3527 2907 3587 Δονάτος
2933 3525 3038 3581 ἀπὸ
3063 3521 3369 3595 Κιϐαλινῆς
3399 3527 3555 3582 εἶπεν.

613 3620 672 3674 Si
704 3619 838 3691 quis
870 3620 1025 3675 dicat
1053 3621 1207 3692 apud
1268 3620 1566 3677 haereticos
1596 3637 1726 3677 esse
1753 3620 2032 3693 baptismi
2063 3635 2189 3691 gra-

2368 3616 2429 3672 Ὀ
2460 3612 2636 3688 λέγων
2694 3614 2840 3688 παρὰ
2884 3620 3000 3676 τοῖς
3047 3615 3344 3691 αἱρετικοῖς
3375 3614 3531 3690 χάριν
3564 3609 3846 3689 βαπτίσματος

541 3709 708 3776 tiam,
739 3706 859 3763 illic
889 3708 1202 3764 Ecclesiam
1233 3725 1360 3765 esse
1391 3709 1553 3782 prius
1584 3710 1875 3766 ostendat.

2299 3706 2456 3773 εἶναι,
2479 3703 2741 3781 πρότερον
2775 3701 3108 3774 ἀποδειξάτω
3147 3703 3262 3759 ἐκιῖ
3291 3703 3625 3772 Ἐκκλησίαν.

967 3815 1219 3870 Zosimus
1247 3833 1280 3869 a
1316 3815 1565 3871 Tharasa
1595 3814 1760 3871 dixit.

2689 3811 2937 3884 Ζώσιμος
2970 3810 3076 3865 ἀπὸ
3115 3813 3363 3887 Θαραζοῦ
3397 3810 3555 3867 εἶπεν.

615 3901 982 3959 Revelatione
1013 3903 1165 3960 facta
1195 3904 1457 3961 veritatis
1486 3904 1569 3960 illi
1600 3906 1766 3961 cedat
1795 3921 1974 3960 error.

2372 3898 2874 3977 Ἀποκαλυφθείσης
2903 3907 3002 3970 τῆς
3036 3886 3297 3971 ἀληθείας
3330 3896 3701 3976 παραχωρείτω
3724 3893 3750 3960 ἡ
3771 3886 3853 3944 πλά-

2298 4011 2365 4060 νη
2395 3992 2463 4062 τῇ
2495 3985 2743 4060 ἀληθείᾳ.

968 4083 1225 4138 Julianus
1254 4099 1287 4138 a
1315 4084 1574 4154 Philippo
1601 4083 1768 4139 dixit.

2669 4077 2960 4139 Ἰουλιανὸς
2992 4078 3097 4132 ἀπὸ
3129 4076 3414 4133 Φιλίππου
3446 4077 3575 4132 εἶπε.

615 4169 908 4241 Scriptum
941 4177 1065 4226 est:
1095 4172 1208 4226 Non
1224 4180 1397 4244 potest
1424 4153 1638 4244 aliquid
1659 4175 1924 4243 accipere,
1956 4173 2068 4227 nisi
2094 4172 2192 4226 da-

2373 4170 2674 4242 Γὲγραπται
2709 4185 2721 4197 ·
2757 4165 2833 4224 Οὐ
2868 4164 3087 4221 δύναται
3119 4167 3406 4242 ἄνθρωπος
3453 4159 3717 4238 λαμϐάνειν
3742 4153 3855 4216 οὖδὶν,

541 4263 661 4314 tum
681 4261 851 4330 fuerit
880 4260 973 4315 illi
1036 4259 1102 4314 de
1129 4260 1259 4315 ειειο
1315 4259 1381 4315 θι.
1415 4258 1473 4315 Si
1523 4259 1760 4315 haeresis
1790 4260 1862 4316 de
1908 4259 2052 4317 cmlo
2085 4265 2159 4315 esi

2303 4256 2389 4312 ἐὰν
2427 4255 2560 4331 μὴᾗ
2593 4254 2879 4328 δεδομένον
2913 4255 3059 4328 αὐτῴ
3091 4256 3150 4310 ὲκ
3179 4261 3278 4310 τοῦ
3312 4255 3559 4328 οὐρανοῦ.
3593 4251 3648 4309 Εἴ
3671 4253 3700 4320 ἡ
3723 4245 3857 4320 αἵρεπε

543 4353 736 4419 potest
764 4353 822 4404 et
851 4347 1082 4404 caeleste
1115 4348 1406 4420 baptisma
1435 4349 1594 4405 dare.

2301 4346 2352 4418 ἐξ
2383 4347 2612 4423 οὐρανοῦ
2641 4347 2802 4417 ὶστιν,
2837 4343 3054 4401 δύναται
3101 4346 3192 4400 καὶ
3241 4345 3490 4422 οὐράνιον
3524 4344 3760 4419 βάπτισμα
3780 4331 3853 4388 δῦθ-

2300 4455 2408 4490 ναι.

981 4527 1216 4581 Faustus
1244 4543 1277 4581 a
1308 4525 1572 4582 Themida
1600 4525 1763 4582 dixit.
2225 4537 2271 4600 Ῑ)

2225 4537 2271 4600 D
2692 4528 2938 4586 Φαῦστος
2968 4522 3074 4578 ἀπὸ
3104 4530 3179 4594 Θη
3193 4521 3363 4596 μίδης
3398 4523 3557 4579 εἶπεν.

615 4630 720 4694 Qui
776 4647 880 4703 pro
937 4631 1221 4688 hmreticis
1277 4632 1669 4688 ecclesiastico
1725 4633 2065 4705 baptismati
2102 4634 2191 4689 in-

2375 4631 2440 4688 Οἱ
2487 4632 2549 4685 τὸ
2596 4634 2703 4686 τῶν
2758 4634 3041 4706 αἷρετικῶν
3091 4629 3230 4705 πρός
3279 4630 3344 4685 τὸ
3375 4615 3856 4699 τῆςἘκκμησίας

544 4719 870 4786 tercedunt,
902 4719 1034 4776 illos
1091 4721 1478 4787 Christianos,
1509 4726 1568 4778 et
1620 4738 1728 4778 nos
1776 4722 2076 4779 haereticos
2107 4725 2162 4780 fa

2302 4740 2512 4792 πτισμα
2561 4719 2922 4792 ἐνιστάμενοι,
2967 4719 3204 4781 ἰκείνους
3257 4719 3354 4794 μὶν
3404 4706 3854 4796 Χριστιανοὺςιῃιίί

546 4809 730 4864 ciunt.

2304 4805 2362 4863 δὶ
2393 4808 2695 4884 αἱρετικοὺς
2725 4812 2964 4866 ποιοῦσι.

999 4896 1258 4954 Geminus
1285 4915 1319 4954 a
1349 4901 1549 4954 Forma
1578 4899 1747 4956 dixit.

2723 4902 2946 4969 Γεμῖνος
2971 4895 3076 4951 ἀπὸ
3109 4896 3348 4971 Φόρμης
3378 4895 3540 4950 εἶπεν.

615 4985 778 5052 Quod
811 4984 992 5041 semel
1025 4986 1413 5059 decrevimus,
1440 4987 1550 5042 hoc
1594 4995 1652 5044 et
1699 4995 2001 5058 tenemus;
2029 4995 2094 5047 ut
2122 4992 2194 5047 ab

2372 4990 2436 5042 Ὃ
2467 4988 2601 5058 ἅπαξ
2661 4985 2965 5062 ἰκρίναμεν,
3015 4991 3177 5040 τοῦτο
3205 4985 3298 5040 καὶ
3329 4984 3625 5060 κατέχομεν
3653 4997 3663 5008 ’
3687 4974 3758 5030 ἳνα
3776 4965 3855 5022 τοὺς

544 5074 833 5131 Ιιωιοιὶοἰε
863 5074 1163 5131 venientes
1203 5076 1588 5149 baptizemus.

2303 5077 2409 5132 ἀπὸ
2439 5075 2692 5153 αίρὲσιων
2717 5073 3044 5150 ἐθχομένους
3082 5073 3454 5148 βαπτίζωμιν.

977 5181 1322 5255 Rogatianus
1351 5184 1420 5239 ab
1464 5185 1570 5240 Usa
1598 5183 1765 5239 dixit.

2693 5183 3032 5257 Ῥογατιανὸς
3062 5182 3166 5236 άπὸ
3194 5179 3376 5250 Οὔσης
3401 5180 3556 5234 εἶπεν.

611 5267 931 5324 Ecclesium
964 5245 1228 5327 Christus
1280 5273 1556 5344 instituit,
1607 5273 1872 5329 heresim
1906 5275 2191 5332 diabolus.

2374 5275 2483 5342 Τὴν
2512 5245 2838 5341 Ἐκκλησίάν
2869 5272 2896 5325 6
2926 5271 3154 5346 Χριστὸς
3184 5245 3533 5342 ᾠκοδόμησε,
3560 5267 3647 5332 τὴν
3666 5245 3853 5346 cipiat?

540 5357 838 5421 Quomodo
860 5375 997 5431 ergo
1023 5361 1382 5433 baptismum
1411 5335 1624 5418 Christi
1653 5379 1950 5436 synagoga
1980 5365 2158 5422 diaboi

2305 5358 2564 5423 διάϐολος
2599 5380 2611 5392 °
2641 5365 2758 5422 πῶς
2788 5358 2882 5414 οὖν
2917 5335 3134 5414 δέναται
3175 5358 3323 5433 ἔχειν
3361 5358 3625 5436 βάπτισμα
3642 5335 3855 5421 ΧριστοΞῆ

542 5445 755 5503 habere
785 5447 1023 5518 potest?

2306 5452 2597 5529 συναγωγὴ
2626 5453 2724 5504 τοῦ
2756 5444 3038 5509 διαϐόλου,

612 5629 658 5664 ³³
685 5627 854 5688 Joan.
892 5645 978 5698 ιιι,
1009 5630 1100 5686 27.
