4040 6178
256 299 411 358 1141

609 427 874 504 Θεράπιος
907 427 1010 481 ἀπὸ
1041 426 1374 500 Βουλισμίου
1397 426 1565 484 εἶπεν.

328 518 389 574 Ὀ
446 521 563 577 τοῖς
613 517 905 592 αἱρετικοῖς
962 516 1026 571 τὸ
1081 517 1363 591 βάπτισμα
1418 519 1518 584 τῆς
1591 513 1918 586 Ἐκκλησίας

250 602 572 682 προδιδοὺς,
622 604 675 659 τί
703 603 843 660 ἄλλο
880 606 915 674 ἢ
948 607 1044 674 τῆς
1075 604 1309 683 Νύμφης
1331 609 1428 660 τοῖ’)
1453 609 1682 681 Τριστοῦ
1711 602 1915 681 προδό-

253 716 359 767 της
386 693 590 770 γίνεται
615 713 629 763 ;

642 780 877 844 Λούκιος
905 782 1013 837 ἀπὸ
1042 783 1362 856 Μιμιρέσης
1393 781 1530 840 εἷπε.

331 871 637 947 Γέγραπται
696 871 778 926 ὅτι
830 873 892 930 Ὀ
933 871 1062 934 Θεὸς
1111 869 1454 947 ἁμαρτωλῶν
1495 871 1595 926 οὑκ
1624 871 1826 926 ἀκούει.
1859 872 1916 925 Ὀ

249 961 314 1018 δὲ
345 961 618 1038 αἱρετικὸς
650 959 723 1016 ὧν
757 959 1106 1035 ἁμαρτωλὸς,
1139 964 1257 1022 πῶς
1302 959 1557 1015 ἀκούεται
1586 960 1638 1015 ἐν
1663 965 1744 1033 τῷ
1777 961 1916 1036 βαπ-

245 1049 421 1120 τίζειν
447 1069 462 1120 ;

486 1136 698 1200 Ἄλλος
728 1136 907 1209 Φῆλιξ
940 1139 1045 1193 ἀπὸ
1076 1137 1473 1213 Ούαγλακηνῆς
1507 1137 1669 1193 εἶπεν.

323 1229 411 1282 Ἐν
455 1226 535 1300 τῷ
582 1225 974 1302 προσδέχεσθαι
1019 1226 1146 1288 τοὺς
1197 1225 1500 1302 αἱρετικοὺς
1539 1224 1661 1280 ἄνευ
1695 1230 1789 1281 τοῦ
1815 1233 1916 1295 τῆς

243 1316 580 1387 Ἐκκλησίας
637 1317 1012 1392 βαπτίσματος
1065 1313 1258 1388 μηδεὶς
1288 1317 1386 1384 τήν
1423 1317 1703 1386 συνήθειαν
1737 1314 1914 1390 λόγου

247 1406 348 1461 καὶ
382 1413 484 1475 τῆς
517 1405 779 1476 ἀληθείας
806 1404 1165 1481 προκρινέτω.

439 1493 646 1556 ’Δλλος
681 1499 1008 1566 Σατορνῖνος
1039 1493 1146 1549 ἀπὸ
1177 1493 1528 1566 Πλουτίμνης
1551 1493 1716 1548 εἶπεν.

327 1584 393 1638 Εἰ
423 1581 642 1638 δύναται
685 1585 1059 1659 Ἀντιχριστος
1090 1580 1274 1638 δοῦναι
1299 1583 1398 1651 τήν
1431 1582 1590 1657 χάριν
1623 1585 1718 1637 τοῖ’)
1748 1587 1909 1655 Χρισ-

247 1678 370 1743 τοῦ,
403 1671 651 1727 δύνανται
682 1671 768 1726 καὶ
801 1673 852 1725 δι
887 1671 1147 1748 αἱρετικοὶ
1183 1672 1480 1747 βαπτιζειν,
1505 1671 1555 1724 οἱ
1581 1669 1906 1743 ὀνομασθέν-

247 1783 342 1824 τες
374 1761 736 1837 ἀντίχριστοι.

692 1849 914 1911 Κόϊντος
943 1849 1049 1903 ἀπὸ
1081 1845 1294 1924 Ούγόἇς
1327 1849 1491 1904 εἶπεν.

322 1947 378 1994 '0
409 1940 541 2001 Θεὸς
574 1939 646 2000 εἷς
677 1938 811 2006 ἐστι,
841 1938 931 1993 καὶ
971 1936 1266 2007 Ἐκκλησία
1299 1937 1394 2010 μία
1415 1937 1503 1992 καὶ
1523 1933 1580 1991 ’ἐν
1609 1935 1905 2012 βάπτισμα*

251 2029 342 2084 καὶ
373 2033 493 2091 πῶς
524 2026 739 2083 δύναταί
765 2049 849 2088 τις
885 2029 1244 2103 βαπτισθῆναι
1277 2025 1405 2097 ἐκεῖ,
1438 2025 1575 2080 ὅπου
1607 2025 1730 2079 οὔτε
1779 2025 1906 2086 Θεὸς

253 2118 378 2174 οὔτε
401 2118 631 2194 Χριστὸς
661 2116 790 2171 οὕτε
820 2114 1116 2186 Ἐκκλησία
1146 2115 1294 2185 teri;

540 2223 838 2284 Ἰουλιανὸς
870 2223 975 2277 ἀπὸ
1006 2221 1425 2296 Μαρκιλλιανῆς
1453 2224 1621 2278 εἶπεν.

321 2312 393 2368 Εἴ
420 2310 637 2367 δῦναται
687 2312 971 2387 ἄνθρωπος
1029 2309 1146 2365 δυσὶ
1202 2311 1410 2387 κυρίοις
1462 2307 1760 2378 δουλεύειν,
1792 2311 1908 2381 Θεῷ

251 2402 339 2457 καὶ
395 2421 695 2475 μαμμωνᾳ,
747 2398 964 2454 δύναται
1008 2400 1098 2454 καὶ
1145 2399 1206 2455 τὸ
1261 2399 1538 2474 βάπτισμα
1582 2395 1729 2452 δυσὶν
1765 2397 1906 2468 ὑπη-

289 2511 451 2547 ετειν.

255 2512 451 2567 ρετειν.
587 2578 745 2649 Τέναξ
776 2577 882 2632 ἀπὸ
913 2577 1107 2651 Ὀρίων
1141 2575 1396 2633 Κελλίων
1431 2575 1566 2634 εἶπε.

319 2669 609 2741 Βάπτισμα
661 2664 716 2722 ἓν
779 2666 942 2738 ἔστιν,
1003 2664 1150 2720 ἀλλὰ
1203 2673 1303 2736 τῆς
1364 2663 1713 2736 Ἐκκλησίας,
1751 2665 1817 2733 ἧς
1841 2663 1904 2717 τὸ

254 2759 535 2834 βάπτισμα
567 2754 782 2826 ἀληθές.

515 2844 722 2906 Ἄλλος
753 2842 1001 2920 Ούΐκτωρ
1028 2843 1136 2898 άπὸ
1168 2842 1431 2920 ’Δσούρας
1465 2843 1632 2898 εἶπεν.

322 2935 585 3008 Ὁμοίως.

589 3020 960 3083 Δουνατοῦλος
993 3021 1101 3076 ἀπὸ
1134 3019 1370 3094 Κάμψης
1403 3019 1566 3076 εἶπεν.

315 3114 428 3172 Ἀεὶ
475 3116 636 3167 τοῦτο
689 3110 797 3186 ἐγὼ
849 3109 1140 3189 ἐφρόνησα,
1194 3107 1286 3164 ἵνα
1325 3110 1378 3164 οἱ
1408 3107 1690 3184 αἱρετικοῖ,
1729 3102 1899 3180 μηδὲν

1268 297 1473 358 PARS
1515 296 1564 356 Ι.
1595 329 1675 343 -
1705 298 2204 361 MONUMENTA
2247 301 2657 366 VETERUM.

1942 439 1997 504 Α

1938 1807 1987 1873 Β
2018 1769 2245 1825 christi.

3513 305 3542 365 1
3559 305 3676 366 142

2459 435 2735 498 Therapiue
2761 448 2794 485 a
2823 434 3067 485 Butiemio
3093 433 3246 485 dixit.

2098 525 2205 590 Qui
2236 524 2521 583 haereticis
2568 526 2836 584 Ecclesia)
2890 527 3184 600 baptisma
3213 527 3499 595 concedit,
3531 528 3673 599 quid

2027 611 2185 668 aliud
2217 631 2391 684 quam
2421 617 2662 688 Sponsas
2692 615 2910 672 Christi
2943 616 3203 689 proditor
3237 615 3514 672 exsistit?

2492 713 2674 762 Lucius
2691 726 2723 761 α
2750 713 3028 762 lemeresa
3053 712 3207 763 dixit.

2098 789 2390 862 Scriptum
2422 796 2539 848 est:
2589 793 2728 849 Deus
2769 801 3070 866 peccatores
3106 808 3219 848 non
3262 791 3443 848 audit.
3482 795 3674 849 Here-

2026 877 2180 935 ticus
2210 884 2428 950 autem,
2461 897 2596 936 cum
2627 883 2704 937 sit
2749 886 3036 953 peccator,
3067 881 3360 953 quomodo
3389 880 3450 937 in
3479 881 3674 954 bapti-

2025 983 2153 1023 smo
2182 968 2374 1024 audiri
2405 969 2644 1042 potest?

2410 1147 2556 1197 Alius
2583 1147 2724 1198 Felix
2750 1163 2782 1197 a
2815 1148 3102 1212 Vagtacena
3127 1148 3284 1199 dixit.

2099 1236 2159 1291 In
2193 1236 2476 1293 haereticis
2507 1237 2632 1293 sine
2666 1237 2931 1294 Ecclesiae
2985 1237 3276 1308 baptismo
3326 1237 3674 1309 recipiendis

2025 1341 2194 1381 nemo
2225 1326 2707 1382 consuetudinem
2740 1326 2948 1382 rationi
2980 1333 3038 1382 et
3067 1325 3294 1381 veritati
3353 1332 3670 1399 prxponat.

2340 1502 2482 1552 Alius
2511 1503 2824 1553 Saturninus
2851 1516 2883 1552 ο
2913 1503 3174 1553 Ptutimna
3201 1503 3354 1554 dixit.

2091 1592 2148 1648 Si
2183 1596 2372 1665 potest
2395 1591 2789 1648 Antichristus
2815 1592 2954 1648 dare
2981 1591 3231 1664 gratiam
3265 1591 3502 1661 Christi,
3535 1609 3671 1664 pos-

2019 1685 2159 1736 sunt
2187 1686 2245 1736 et
2271 1680 2528 1737 haeretici
2554 1681 2866 1753 baptizare,
2899 1681 2998 1752 qui
3029 1680 3307 1753 appellati
3347 1687 3488 1738 sunt
3517 1681 3666 1736 anti-

2510 1849 2722 1911 Quintu:
2749 1849 2814 1898 ab
2845 1847 2987 1912 Ugba
3014 1848 3167 1899 dixit.

2089 1938 2244 1994 Deus
2301 1953 2456 1993 unus
2512 1943 2619 2005 est,
2660 1941 2716 1993 et
2775 1937 3028 1994 Ecclesia
3067 1955 3206 2007 una,
3264 1942 3323 1994 et
3373 1938 3669 2011 baptisma

2017 2045 2201 2084 unum
2228 2055 2242 2096 ;
2275 2030 2564 2101 quomodo
2591 2045 2728 2101 ergo
2759 2027 2874 2084 illic
2904 2029 3184 2100 baptizari
3228 2029 3442 2101 aliquis
3474 2034 3669 2103 potest

2019 2118 2117 2174 ubi
2146 2117 2300 2174 Deus
2330 2123 2388 2174 et
2409 2118 2674 2174 Christus
2705 2122 2762 2174 et
2790 2117 3044 2174 Ecclesia
3068 2135 3182 2174 non
3216 2118 3349 2174 est?

2423 2232 2661 2282 Julianus
2688 2247 2720 2281 α
2747 2231 3085 2282 Marcelliano
3113 2233 3266 2284 dixit.

2087 2313 2145 2369 Si
2179 2318 2370 2386 potest
2401 2313 2572 2369 homo
2629 2313 2860 2369 duobus
2890 2313 3147 2369 dominis
3205 2313 3444 2380 servire,
3470 2314 3586 2370 Deo
3608 2319 3666 2370 et

2016 2419 2386 2470 mammona,
2420 2406 2612 2474 potest
2639 2405 2697 2457 et
2725 2401 3020 2474 baptisma
3049 2401 3280 2458 duobus
3309 2401 3608 2458 inservire.

2455 2587 2626 2637 Tenax
2653 2585 2719 2636 ab
2741 2586 3050 2638 Orii-Celliis
3075 2587 3228 2638 dixit.

2085 2668 2386 2742 Baptisms
2415 2683 2597 2724 unum
2644 2673 2753 2735 est,
2786 2668 2884 2724 sed
2926 2666 3216 2736 Ecclesia,
3249 2669 3420 2738 cujus
3457 2672 3547 2724 est
3571 2685 3664 2724 ve-

2015 2774 2145 2813 rum
2179 2756 2490 2829 baptisma.

2431 2852 2576 2903 Atius
2609 2853 2778 2904 Victor
2805 2852 2870 2902 ab
2897 2853 3066 2904 Aeura
3095 2853 3247 2903 dixit.

2083 2933 2387 2992 Similiter.

2478 3020 2766 3072 Donatutue
2791 3035 2825 3070 a
2854 3021 3012 3086 Caepe
3040 3022 3193 3072 dixit.

2082 3112 2150 3167 Et
2178 3127 2283 3184 ego
2323 3127 2554 3182 semper
2580 3110 2690 3166 hoc
2738 3111 2919 3182 sensi,
2951 3116 3018 3166 ut
3073 3110 3349 3178 heretici,
3381 3109 3481 3184 qui
3513 3109 3661 3167 nihil

243 3201 348 3274 ἔξω
407 3196 596 3256 λαϐεῖν
656 3172 967 3272 δυνάμενοι,
1028 3172 1152 3254 8ταῦ
1203 3198 1342 3275 πρὸς
1571 3172 1896 3265 Ἐκκλησίαν

2047 3201 2154 3256 Jris
2182 3200 2461 3272 consequi
2512 3203 2781 3272 possunt,
2812 3199 3045 3271 quando
3093 3199 3166 3254 ad
3217 3199 3533 3256 Ecclesium
3564 3215 3661 3256 ve-

237 3288 470 3360 ἓλθῶσι,
507 3291 891 3364 βαπτισθῶσιν.

543 3376 860 3453 Οὐήρουλος
892 3374 1396 3438 ἆπὸῬουσικκάδος
1429 3375 1594 3431 εἶπεν.

313 3469 639 3543 ’Ἄνθρωπος
672 3466 942 3542 αἱρετικὸς
981 3464 1195 3521 δύναται
1247 3464 1433 3521 δοῦναι
1461 3465 1492 3519 ’ὁ
1525 3465 1601 3538 μὴ
1635 3459 1772 3540 ἔχει,
1798 3483 1897 3517 πο-

241 3555 313 3611 λὺ
350 3553 564 3628 μᾶλλον
597 3555 979 3632 σχισματικὸς,
1012 3553 1145 3631 ὅπερ
1175 3552 1319 3630 ε’ίχεν
1352 3551 1644 3615 ἄπολέσας.

517 3730 908 3794 Πουδεντιανὸς
937 3731 1044 3787 ἀπὸ
1083 3730 1428 3802 Κουινκόλης
1461 3729 1626 3786 εἶπεν.

318 3823 442 3877 Ἐάν
490 3843 574 3884 τις
621 3822 728 3877 ἀπὸ
773 3821 1027 3896 αἱρέσεως
1087 3819 1237 3895 ἔλθῃ,
1310 3821 1667 3896 βαπτισθῆναι
1735 3815 1894 3872 αὐτὸν

243 3914 429 3988 ὀρθῶς
456 3911 546 3966 καὶ
578 3908 803 3973 δικαίως
833 3911 1097 3987 κέκριται.

486 3999 688 4076 Πέτρος
718 3999 825 4054 ἀπὸ
868 4002 1130 4060 Ἰππῶνος
1161 3998 1458 4075 Διαρρύτου
1491 3998 1656 4052 εἶπεν.

317 4089 468 4145 Ἐπεὶ
515 4085 569 4143 ἓν
625 4089 904 4164 βαπτισμά
950 4087 1089 4143 ἐστιν
1122 4087 1174 4142 ἐν
1211 4088 1348 4162 μόνῃ
1465 4083 1784 4155 Ἐκκλησία,
1811 4080 1901 4137 διὰ

239 4184 406 4235 τοῦτο
435 4177 561 4239 τοὺς
595 4177 700 4233 ἀπὸ
730 4182 834 4231 τῶν
866 4178 1149 4251 αἱρετικῶν
1196 4178 1284 4231 καὶ
1312 4177 1687 4252 σχισματικῶν
1719 4171 1901 4228 ἐλθόν-

240 4289 358 4337 τας,
419 4268 492 4328 ὠς
557 4264 725 4340 μηδὲν
785 4266 984 4331 ἐκεῖθεν
1045 4265 1362 4343 εἰληφότας,
1417 4265 1469 4320 iv
1498 4267 1569 4338 τῇ
1601 4260 1901 4332 Ἐκκλησία

249 4356 598 4432 βαπτίζεσθαι
628 4355 820 4432 κρίνω.

524 4461 734 4519 ¹Ἀλλοσε
772 4461 1002 4524 Λούκιος
1031 4463 1138 4517 ἀπὸ
1169 4461 1424 4541 Αὖσάφης
1456 4461 1618 4515 εἶπεν.

2003 3291 2193 3359 niunt,
2226 3289 2614 3358 baptizentur.

2271 3389 2407 3437 "8
2457 3387 2671 3437 Vcrulus
2697 3401 2728 3436 a
2758 3385 3032 3437 Rueiccade
3054 3385 3206 3437 dixit.

2075 3467 2258 3524 Homo
2288 3467 2596 3525 haereticus
2644 3469 2783 3524 dare
2838 3472 3050 3541 potest,
3082 3469 3232 3540 quod
3290 3485 3403 3525 non
3433 3467 3652 3536 habet;

2005 3556 2192 3613 multo
2229 3557 2416 3630 magis
2445 3556 2878 3626 schismaticus,
2919 3557 3021 3630 qui
3073 3557 3228 3630 quod
3277 3557 3455 3613 habet
3503 3555 3649 3613 ami-

2005 3647 2100 3703 sit.

2387 3733 2738 3785 Pudentianus
2770 3749 2803 3784 a
2833 3733 3078 3796 Quincola
3107 3733 3265 3784 dixit.

2076 3823 2134 3879 Si
2166 3822 2300 3895 quis
2329 3839 2400 3879 ex
2427 3823 2630 3880 heresi
2662 3823 2901 3894 venerit,
2923 3823 3204 3896 baptizari
3236 3839 3372 3879 eum
3403 3826 3558 3879 recte
3587 3838 3654 3878 ac

1999 3913 2160 3984 justo
2190 3915 2479 3968 statutum
2511 3918 2619 3968 est.

2319 4013 2496 4061 Petrus
2525 4011 2589 4060 ab
2618 4013 2848 4076 Hippone
2878 4012 3158 4075 Diarrhyto
3187 4009 3340 4062 dixit.

2079 4097 2221 4149 Cum
2255 4093 2546 4166 baptisma
2573 4111 2758 4149 unum
2791 4095 2868 4150 sit
2899 4095 2956 4148 in
2987 4093 3114 4150 sola
3141 4092 3412 4162 Ecclesia,
3436 4091 3654 4148 idcirco

2008 4199 2127 4250 eos,
2163 4183 2262 4255 qui
2295 4183 2367 4238 ab
2415 4183 2702 4239 haereticis
2740 4188 2796 4239 et
2853 4182 3246 4239 schismaticis
3299 4181 3559 4245 veniunt,
3592 4185 3656 4235 ut

2009 4287 2108 4343 qui
2142 4270 2286 4327 nihil
2317 4271 2454 4326 inde
2483 4272 2830 4344 acceperint,
2866 4272 2925 4327 in
2957 4270 3212 4326 Ecclesia
3240 4285 3447 4326 censeo
3474 4267 3657 4341 bapti-

2007 4359 2125 4416 zari
2155 4364 2442 4432 oportere.

2404 4463 2551 4514 Atius
2579 4467 2760 4514 Lucius
2787 4465 2853 4515 ab
2881 4465 3081 4528 Δικαία
3108 4463 3263 4515 dixit.

317 4552 468 4614 Ἐνὸς
517 4550 672 4613 ὄντος
723 4556 856 4607 Θεοῦ
912 4552 1000 4606 καὶ
1059 4552 1265 4627 Πατρὸς
1322 4539 1411 4605 καὶ
1461 4550 1588 4604 ficii
1617 4547 1706 4602 καὶ
1738 4545 1892 4622 ἁγίου

2070 4558 2212 4610 Cum
2245 4554 2322 4609 sit
2353 4572 2506 4610 unus
2537 4555 2710 4625 Deus,
2744 4560 2803 4610 et
2847 4555 3014 4610 Pater
3059 4558 3116 4610 et
3173 4553 3352 4609 Filius
3382 4557 3440 4609 et
3468 4552 3652 4626 Spiri-

244 4641 578 4713 Πνεύματος,
628 4639 720 4695 καί
773 4647 898 4713 μιᾶς
946 4637 1190 4708 έλπίδος,
1236 4641 1326 4695 καὶ
1389 4644 1516 4712 μιᾶς
1543 4634 1894 4707 Ἐκκλησίας,

242 4731 309 4785 τὰ
336 4730 482 4806 παρᾶ
509 4736 628 4791 τοῖς
659 4731 954 4806 αἱρετικοῖς
986 4729 1334 4806 πραττόμενα
1354 4727 1574 4791 λύεσθαι
1598 4723 1706 4780 δεῖν
1727 4745 1798 4803 φη
1812 4745 1894 4796 μιν

243 4818 331 4873 καί
361 4817 490 4880 τοὺς
520 4820 610 4873 ἀπ’
640 4817 816 4873 αὐτῶν
850 4818 1180 4896 ἐρχομένους
1212 4818 1263 4873 έν
1293 4817 1362 4893 τῇ
1411 4814 1707 4886 Ἐκκλησία
1758 4814 1895 4890 βαπ-

243 4913 437 4977 τιζειν.

541 4993 750 5058 Ἄλλος
783 4995 961 5067 Φῆλιξ
994 4995 1100 5051 άπὸ
1126 5000 1400 5073 Τουριτῶν
1434 4996 1601 5051 εἶπεν.

315 5085 461 5158 Ἐγὼ
519 5083 710 5159 κρίνω,
765 5083 858 5139 ’ίνα
909 5084 1226 5147 ἀκολούθως
1276 5091 1394 5147 ταῖς
1447 5085 1613 5147 θείαις
1663 5091 1898 5162 Γραφαῖς

247 5172 445 5245 ἄνομοι
498 5172 643 5248 παρᾶ
699 5178 814 5235 τοῖς
866 5175 1160 5249 αἱρετικοῖς
1221 5172 1618 5249 βαπτισθέντες,
1670 5172 1728 5227 ἂν
1761 5175 1895 5249 πρὸς

245 5263 340 5329 τὴν
401 5259 729 5330 Ἐκκλησίαν
764 5261 1132 5340 καταφύγωσι,
1164 5267 1242 5334 τῷ
1270 5269 1370 5332 τῆς
1400 5261 1723 5332 Ἐκκλησίας
1757 5263 1894 5338 βαπ-

251 5351 489 5422 τίσματι,
537 5347 661 5404 ἔνθα
708 5357 852 5405 πᾶσα
897 5350 1108 5422 ἕξουσία
1147 5353 1292 5426 παρὰ
1335 5355 1436 5405 τοῦ
1485 5354 1618 5404 Θεοῦ
1663 5347 1894 5423 δέδοται,

257 5437 641 5512 βαπτισθῶσιν.

611 5524 945 5589 Πλουτιανὸς
969 5527 1074 5582 ἀπὸ
1097 5522 1346 5597 Λαϐάνης
1377 5527 1538 5583 εἶπεν.

327 5616 464 5691 Ἐγὼ
513 5616 747 5671 πιστεύω
803 5615 1134 5693 βαπτίσματι
1192 5614 1462 5692 σωτηρίαν
1514 5616 1590 5689 μὴ
1642 5617 1800 5685 εἶναι,
1850 5616 1896 5672 si

2009 4647 2105 4697 tus
2134 4647 2396 4712 sanctus,
2445 4648 2504 4698 et
2560 4661 2677 4699 una
2731 4660 2866 4716 spes
2921 4650 2978 4700 et
3034 4661 3151 4700 una
3195 4641 3447 4699 Ecclesia
3478 4660 3492 4710 ;
3524 4658 3653 4715 qua

2010 4731 2164 4802 apud
2197 4731 2498 4787 haereticos
2536 4732 2690 4787 facta
2745 4737 2885 4788 sunt
2929 4732 3182 4789 rescindi
3241 4731 3450 4788 debere
3501 4731 3654 4799 dico,

2010 4825 2067 4874 et
2094 4835 2214 4887 eos,
2246 4819 2347 4891 qui
2397 4820 2531 4876 inde
2583 4819 2844 4888 veniunt,
2878 4821 2936 4876 in
2969 4820 3225 4876 Ecclesia
3270 4819 3654 4892 baptizandos

2007 4909 2200 4965 esse.’

2437 5005 2583 5055 Alius
2610 5005 2752 5056 Felix
2779 5021 2812 5055 α
2844 5006 3030 5056 Turitie
3057 5005 3210 5056 dixit.

2077 5085 2195 5158 Ego
2255 5102 2482 5154 censeo,
2552 5090 2617 5141 ut
2689 5087 3013 5142 secundum
3099 5088 3436 5141 sanctarum
3498 5083 3654 5139 Scri-

2007 5178 2316 5246 pturarum
2349 5180 2638 5247 praecepta
2683 5173 2871 5247 iniqui
2921 5175 3076 5247 apud
3123 5172 3422 5229 hereticos
3459 5171 3651 5244 bapti-

2005 5263 2142 5330 zati,
2199 5263 2250 5319 si
2297 5263 2368 5319 ad
2428 5264 2745 5320 Ecclesium
2802 5263 3188 5336 confugerint,
3231 5259 3496 5317 Ecclesiae
3550 5261 3654 5317 ba-

2007 5351 2301 5424 ptismate,
2337 5351 2435 5407 ubi
2485 5356 2745 5424 potestas
2790 5352 2983 5408 omnis
3031 5369 3066 5407 a
3098 5352 3210 5406 Deo
3241 5350 3380 5406 data
3409 5354 3519 5417 est,
3553 5350 3656 5406 ba-

2005 5440 2316 5511 ptizentur.

2458 5540 2721 5588 Plutianu:
2749 5554 2780 5588 α
2809 5539 3020 5589 Labana
3048 5538 3202 5589 dixit.

2078 5617 2196 5691 Ego
2221 5619 2392 5676 credo
2421 5619 2714 5693 baptisma
2740 5618 2995 5676 salutare
3015 5635 3130 5676 non
3153 5619 3432 5691 esse,nisi
3463 5618 3656 5677 solum
