4098 6178
279 310 436 369 ΗΔΒ

627 438 850 501 Ἰούνιος
880 438 985 494 ἀπό
1015 437 1341 502 Νεαπόλεως
1372 440 1538 496 εἶπεν.

350 547 470 602 Ἀπ’
500 544 726 612 ἱκείνου,
783 545 844 600 οὗ
875 546 1011 616 ἅπαξ
1043 545 1346 623 ἐκρίναμεν,
1379 546 1441 600 οὐ
1473 547 1804 622 χωρίζομαι’
1832 543 1924 599 ’ίνα

1284 309 1480 370 PARS
1522 310 1571 370 Ι.
1604 341 1683 354 -
1724 306 2223 370 MONUMENTA
2266 307 2675 371 VETERUM.

1951 447 2006 513 A

3520 309 3679 369 H46

2505 441 2694 497 Iunius
2722 457 2758 496 a
2783 440 3011 512 Neapoli
3038 441 3203 496 dixit.

2103 547 2190 603 Ab
2220 564 2306 617 eo,
2359 549 2514 619 quod
2569 549 2749 604 semel
2802 548 3162 614 censuimus,
3213 564 3328 604 non
3377 548 3581 604 recedo
3612 552 3678 603 ut

273 633 402 696 τοὺς
432 632 737 708 αἱρετικοὺς
768 632 894 696 τοὺς
923 633 1258 710 ἐρχομένους
1308 633 1384 696 εἷς
1439 636 1537 703 τήν
1595 633 1920 704 Ἐκκλησίαν

2052 635 2332 694 uereticos
2363 638 2656 693 venientes
2685 638 2755 692 ad
2786 635 3099 693 Ecclesiam
3127 637 3513 710 baptizemus.

281 722 526 799 βαπτίζω
536 742 647 796 μεν.

611 857 910 930 Κυπριανὸς
948 856 1054 911 ἀπὸ
1084 855 1434 934 Καρχηδόνος
1460 858 1595 915 εἷπε.

347 963 456 1030 Τὴν
504 961 643 1037 ἐμὴν
695 963 958 1041 ἀπόφασιν
1014 962 1325 1040 ὁλόκληρος
1370 960 1628 1018 δείκνυσιν
1661 960 1924 1032 ἐπιστολὴ

274 1052 415 1127 πρὸς
463 1046 721 1108 Ἰοὸιανὸν
784 1052 1172 1108 συνεπίσκοπον
1223 1055 1383 1126 ἡμῶν
1433 1057 1696 1133 γραιρεῖσα
1730 1071 1742 1083 ’
1800 1051 1927 1114 τοὺς

276 1138 580 1216 αἱρετικοὺς
644 1139 780 1195 κατὰ
842 1141 939 1211 τὴν
1006 1139 1366 1218 εραγγελικὴν
1410 1142 1499 1196 καὶ
1558 1138 1927 1211 ἀποστολικήν

280 1229 578 1305 μαρτυρίαν
628 1228 893 1292 ἱναντίους
958 1235 1055 1284 τοῦ
1112 1231 1348 1307 Χριστοῦ
1403 1230 1492 1286 καὶ
1549 1229 1929 1308 ἀντιχρίστους

278 1317 697 1392 ὀνομασθέντας,
752 1317 950 1373 ὁπόταν
981 1322 1050 1394 τῇ
1093 1317 1390 1392 Ἐκκλησίᾳ
1437 1318 1803 1395 προσέλθωσι,
1855 1322 1933 1392 τῷ

279 1405 356 1462 ἑνὶ
387 1413 490 1477 τῆς
515 1407 843 1478 Ἐκκλησίας
873 1407 1207 1484 βαπτισματι
1244 1407 1589 1484 βαπτίζεσθαι
1640 1405 1748 1462 δεῖν
1783 1425 1794 1437 ·
1841 1404 1934 1463 ’ἱνα

278 1492 548 1568 δυνηθῶσι
577 1494 821 1573 γενέσθαι
848 1495 963 1551 ἀντὶ
1007 1495 1215 1575 ἐχθρῶν
1249 1495 1424 1579 φίλοι,
1453 1497 1541 1552 κατ
1595 1495 1645 1568 ἐξ
1694 1495 1934 1572 ἀντιχρί-

279 1605 418 1640 στων
454 1583 792 1660 Χριστιανοί.

350 1678 590 1730 ΖΩΝΑΡ.
628 1671 791 1732 Δῦται
829 1676 924 1747 μὶν
959 1673 1050 1728 οὗν
1082 1674 1136 1728 αἱ
1175 1679 1392 1749 γνῶμαι
1441 1678 1548 1729 τῶν
1585 1673 1638 1731 ἐν
1681 1676 1748 1748 τῇ
1810 1696 1931 1729 συν-

2393 860 2707 932 Cyprianus
2735 878 2770 916 a
2795 859 3128 932 Carthagine
3156 860 3321 917 dixit.

2109 965 2297 1022 Meam
2329 967 2678 1022 sententiam
2724 966 3062 1039 plenissime
3107 968 3384 1039 exprimit
3413 969 3684 1040 epistola,

2039 1072 2167 1128 qua
2212 1056 2282 1111 ad
2327 1055 2638 1112 Jovianum
2687 1056 3096 1129 coepiscopum
3157 1061 3425 1112 nostrum
3473 1058 3691 1130 scripta

2041 1149 2166 1200 est:
2201 1144 2504 1201 haereticos
2535 1144 2865 1218 evangelico
2896 1150 2951 1200 et
3000 1146 3320 1217 apostolico
3357 1146 3691 1202 testimonio

2041 1232 2405 1289 adversarios
2420 1233 2635 1289 Christi
2648 1238 2703 1288 et
2717 1232 3093 1288 antichristos
3107 1233 3688 1306 appellatos,quando

2042 1323 2113 1377 ad
2170 1321 2484 1378 Ecclesium
2530 1324 2814 1392 venerint,
2859 1322 3032 1378 unico
3080 1322 3344 1378 Ecclesiae
3395 1322 3684 1396 baptismo

2041 1411 2423 1485 baptizandos
2453 1428 2619 1479 esse;
2671 1415 2736 1467 ut
2781 1411 3012 1483 possint
3059 1411 3181 1467 ﬁeri
3234 1411 3305 1467 de
3335 1412 3688 1469 adversariis

2042 1499 2236 1568 amici,
2269 1504 2325 1555 et
2354 1501 2424 1556 de
2454 1498 2813 1556 antichristis
2841 1498 3176 1556 Christiani.

2114 1679 2373 1737 ZONAR.
2433 1677 2529 1734 Hae
2604 1681 2744 1735 sunt
2818 1677 2998 1751 igitur
3071 1678 3307 1735 Patrum
3365 1681 3688 1748 sententiae,

277 1758 392 1834 ὁδῳ
446 1761 612 1836 ταύτῃ
668 1762 1032 1826 συνελθόντων
1091 1765 1344 1838 Πατέρων
1388 1763 1467 1836 τῷ
1531 1761 1756 1840 μεγάλῳ
1822 1769 1975 1880 Κυ-]

278 1872 422 1880 _.--...
447 1857 486 1880 ξ’.
522 1871 535 1880 .
607 1852 731 1880 λῚῚν
787 1853 903 1880 -ςθ--
964 1853 1046 1880 1-ἳ
1106 1857 1220 1880 ..-2,
1281 1854 1569 1880 ..ἓ-------τ-
1632 1852 1927 1880 1_-‘.'.__-_-.

2052 1769 2144 1840 qui
2206 1784 2338 1823 cum
2391 1784 2603 1842 magno
2660 1767 2942 1842 Cypriano
2973 1767 3031 1822 in
3089 1768 3335 1824 concilio
3386 1769 3498 1825 isto
3553 1786 3690 1826 con-

2052 1861 2314 1880 .--μμ--..Δ
2341 1873 2353 1880 .
2418 1855 2514 1880 -..Δ
2579 1873 2677 1880 -ΑΑ
2739 1856 2886 1880 -..ηΔ
2961 1873 3160 1880 Α-Αᾉ--
3222 1857 3522 1880 ι.....-ιε---
3583 1875 3683 1880 Α--

276 1857 490 1925 πριανῷ
522 1871 535 1884 °
603 1852 731 1909 ἀλλ’
784 1853 907 1909 οὕτε
963 1853 1050 1908 ἐπὶ
1103 1857 1220 1916 τοῖς
1278 1854 1570 1928 αἱρετικοῖς
1631 1852 1928 1930 ἱκράτησαν

280 1947 462 2015 πᾶσιν,
493 1941 617 1998 οὔτε
663 1941 753 1999 ἰπὶ
806 1943 924 2007 τοῖς
983 1947 1387 2019 σχισματικοῖς.
1439 1945 1510 2001 ’Ἠ
1550 1943 1654 2019 γὰρ
1711 1940 1932 2016 δευτέρα

280 2030 634 2105 οἰκουμειική
665 2029 914 2103 σύνοδος,
946 2033 1020 2094 ὡς
1051 2029 1160 2103 ἤδη
1194 2028 1428 2107 εἴρηται,
1482 2029 1726 2105 ὑπεξεῖλὲ
1779 2053 1930 2094 τινας

279 2124 386 2176 τῶν
461 2121 769 2197 αἱρετικῶν,
854 2120 943 2178 καὶ
1019 2122 1138 2178 ἄνευ
1227 2119 1597 2197 βαπτίσματος
1680 2117 1929 2198 δέχεσθαι

274 2208 504 2273 τούτους
600 2210 910 2281 θεσπίσασα,
1003 2209 1331 2286 χριομὲνους
1408 2207 1572 2284 μόνον
1645 2214 1726 2284 τῷ
1803 2209 1931 2283 θείῳ

284 2298 444 2374 μύρῳ
524 2299 613 2355 καὶ
687 2297 1168 2372 ἄναθεματίζοντας
1258 2301 1358 2369 τήν
1459 2297 1659 2355 οἰκείαν
1727 2296 1928 2375 αἶ’ρεσιν

276 2383 528 2456 ἕκαστον,
595 2387 682 2441 καὶ
758 2387 930 2452 πάσας
993 2386 1200 2449 ἁπλῶς.
1278 2387 1381 2445 Καὶ
1441 2384 1530 2444 διὰ
1584 2391 1745 2444 τοῦτο
1805 2386 1932 2444 οὐδὲ

278 2474 618 2551 ὲξηγήθησαν
692 2476 747 2532 αἱ
807 2479 1019 2550 γνῶμαι
1078 2473 1253 2546 αὗται,
1329 2475 1403 2538 ὡς
1484 2477 1560 2550 μὴ
1621 2477 1928 2551 ἀναγκαῖαι,

277 2566 371 2620 οἷα
453 2561 594 2637 μηδὲ
669 2563 1001 2642 ἐνεργοῦσαι,
1100 2563 1244 2622 ἀλλὰ
1325 2565 1415 2621 καὶ
1497 2567 1633 2622 κατά
1708 2564 1929 2641 σύνοψιν

2041 1861 2353 1913 venerant:
2417 1855 2518 1912 sed
2578 1873 2680 1912 nec
2735 1856 2890 1929 apud
2958 1873 3163 1912 omnes
3222 1857 3524 1914 haereticos
3583 1875 3687 1914 nec

2038 1947 2193 2018 apud
2246 1945 2654 2004 schismaticos
2707 1946 3034 2003 valuerunt.
3094 1947 3241 2003 Nam
3299 1948 3557 2004 secunda
3589 1964 3684 2020 sy-

2042 2035 2232 2092 nodus
2255 2035 2634 2105 cscumenica,
2685 2040 2750 2092 ut
2780 2036 2905 2107 jam
2953 2035 3177 2092 dictum
3224 2039 3333 2102 est,
3379 2035 3683 2092 hmreticos

2041 2123 2357 2181 nonnullos
2398 2122 2642 2196 excepit,
2695 2139 2761 2180 ac
2812 2123 2938 2180 sine
2987 2123 3280 2194 baptismo
3320 2124 3686 2196 recipiendos

2040 2211 2172 2269 illos
2230 2212 2444 2281 sanxit,
2517 2217 2720 2268 sancto
2784 2211 3103 2268 chrismate
3167 2217 3397 2269 tantum
3456 2217 3686 2285 unctos,

2039 2305 2098 2359 et
2125 2300 2391 2374 singulos
2438 2300 2734 2374 propriam
2785 2299 3052 2356 bieresim
3101 2317 3168 2356 ac
3216 2301 3453 2358 omnino
3484 2319 3688 2359 omnes

2039 2389 2622 2448 anathematizantes.
2685 2393 2874 2461 Atque
2937 2389 3046 2445 hac
3123 2389 3195 2446 de
3263 2405 3442 2445 causa
3499 2405 3689 2460 neque

2038 2478 2316 2552 expositae
2345 2483 2485 2535 sunt
2514 2477 2598 2534 ha
2627 2478 2948 2544 sententiae,
2971 2481 3169 2548 utpote
3197 2477 3396 2534 minus
3426 2494 3688 2534 necessa-

2039 2567 2158 2640 rias,
2189 2571 2247 2622 et
2276 2583 2405 2639 quae
2435 2582 2550 2623 non
2594 2566 2807 2635 valent,
2852 2567 2951 2623 sed
3002 2571 3059 2622 et
3101 2566 3516 2638 compendiose
3556 2583 3684 2639 per-

281 2649 620 2732 ιγράιρησάν.

2052 2657 2268 2728 scripta:
2297 2660 2453 2714 sunt.

1128 3011 1498 3073 CONCILIUM
1537 3016 1679 3083 VIII,
1716 3015 2018 3072 HABITUM
2055 3013 2248 3072 CIRCA
2286 3013 2524 3072 ANNUM
2564 3013 2811 3071 CCLV".

348 3165 624 3231 Quamvis
654 3181 996 3239 persuasum
1031 3164 1270 3222 omnino
1302 3166 1548 3224 habeam
1581 3168 1640 3224 S.
1689 3169 2105 3241 Hieronymum
2137 3165 2378 3240 lapsum
2411 3167 2592 3224 fuisse
2619 3184 2800 3240 quum
2847 3165 3081 3238 scripsit
3110 3167 3346 3223 eosdem
3376 3167 3684 3241 episcopos

274 3253 582 3310 Africanos
614 3256 712 3327 qui
745 3255 1258 3328 rebaptizationem
1292 3273 1422 3311 cum
1459 3257 1515 3312 S.
1550 3257 1831 3330 Cypriano
1875 3259 2258 3327 sanciverant,
2288 3274 2525 3314 rursum
2573 3256 3003 3321 convenientes,
3036 3273 3249 3311 novum
3283 3256 3552 3312 emisisse
3581 3257 3681 3311 de-

273 3347 524 3415 cretum,
556 3360 622 3400 ac
655 3346 1006 3400 sententiam
1039 3345 1108 3400 de
1141 3345 1432 3418 baptismo
1463 3363 1629 3402 suam
1664 3351 1944 3414 mutasse,
1976 3345 2170 3418 putavi
2211 3351 2403 3402 tamen
2434 3346 2692 3402 dandum
2725 3360 2852 3402 esse
2883 3344 2943 3400 in
2970 3344 3080 3400 hac
3112 3348 3311 3401 nostra
3343 3343 3678 3400 collectione

270 3429 467 3488 locum
499 3431 632 3488 huic
663 3433 1067 3506 episcoporum
1102 3435 1430 3503 conventui,
1465 3435 1965 3506 quemadmodum
1999 3434 2281 3491 nonnulla
2309 3434 2554 3490 concilia
2584 3435 2918 3491 referuntur
2946 3435 3003 3490 in
3043 3432 3292 3506 vulgatis
3323 3433 3680 3490 editionibus

270 3520 677 3591 conciliorum,
709 3538 833 3594 quae
865 3528 1060 3578 tamen
1084 3529 1315 3579 constat
1345 3523 1544 3579 habita
1574 3541 1686 3580 non
1717 3525 1918 3591 fuisse,
1941 3529 2171 3580 tantum
2206 3540 2278 3582 ne
2309 3525 2451 3598 quid
2480 3524 2652 3582 istius
2673 3522 3004 3596 argumenti
3038 3523 3536 3596 praetermittatur,
3563 3522 3684 3580 sive

267 3625 473 3664 verum
504 3609 671 3680 illud,
705 3611 824 3667 sive
852 3611 1062 3667 falsum
1097 3612 1191 3667 sit.
1223 3613 1318 3668 Ait
1353 3629 1488 3685 ergo
1525 3613 1912 3686 Hieronymus
1943 3614 2003 3668 in
2058 3615 2278 3683 Dialogo
2308 3612 2526 3668 advers.
2576 3614 2840 3684 Luci/en,
2874 3612 3005 3668 illos
3055 3612 3213 3683 ipsos
3243 3611 3548 3683 episcopos
3581 3611 3684 3684 qui

267 3713 406 3752 cum
439 3698 606 3754 beato
637 3698 920 3771 Cypriane
953 3705 1278 3755 statuerant
1323 3700 1623 3757 haereticos
1671 3717 1798 3758 esse
1849 3701 2317 3772 rebaptizandos.
2369 3702 2440 3756 ad
2491 3702 2795 3772 antiquam
2848 3699 3332 3756 consuetudinem
3368 3699 3683 3767 revolutos,

265 3801 484 3842 novum
516 3788 782 3844 emisisse
825 3791 1146 3855 decretum,
1179 3805 1293 3862 quo
1327 3789 1589 3846 videlicet
1644 3791 2036 3846 damnabatur
2087 3791 2406 3864 superioris
2451 3790 2679 3848 concilii
2721 3790 2982 3845 doctrina
3012 3790 3082 3845 de
3127 3788 3418 3860 baptismo
3448 3788 3678 3846 haereti-

265 3890 495 3932 corum.

341 3965 486 4021 Huic
518 3965 849 4040 Hieronymi
881 3966 1138 4040 opinioni
1174 3967 1358 4024 multa
1387 3984 1712 4041 repugnare
1751 3969 2044 4027 videntur.
2094 3969 2359 4026 Primum
2389 3969 2568 4039 enim,
2602 3973 2834 4025 constat
2882 3967 3227 4023 auctoritate
3275 3965 3504 4022 concilii
3540 3973 3672 4024 Are-

270 4054 533 4121 latensis,
566 4055 824 4128 viguisse
858 4073 957 4126 per
987 4056 1177 4113 multa
1207 4063 1470 4130 tempora
1498 4062 1631 4130 post
1659 4057 2012 4130 Cyprianum
2063 4059 2390 4114 doctrinam
2425 4059 2496 4115 de
2544 4057 2997 4130 rebaptizatione
3029 4056 3181 4127 apud
3212 4056 3400 4110 Afros.
3437 4055 3672 4124 Deinde,

264 4143 429 4197 istud
479 4143 672 4215 ipsum
731 4145 1012 4216 probatur
1065 4146 1241 4201 etiam
1300 4162 1368 4201 ex
1423 4145 1668 4201 concilio
1726 4146 2073 4219 Carthagine
2128 4147 2328 4203 habito
2388 4148 2543 4220 apud
2597 4151 2837 4202 Gratum
2897 4145 3276 4218 episcopum;
3329 4144 3484 4217 quod
3541 4143 3678 4200 licet

263 4231 596 4288 constiterit
627 4249 693 4289 ex
723 4233 1014 4306 episcopis
1041 4251 1290 4306 quorum
1323 4236 1559 4291 animus
1591 4235 1911 4294 abhorrens
1962 4241 2087 4294 erat
2113 4255 2145 4294 a
2175 4237 2647 4310 rebaptizatione.
2698 4235 2909 4292 evincit
2939 4239 3133 4290 tamen
3187 4251 3314 4290 eam
3346 4234 3672 4290 doctrinam

263 4321 528 4377 nondum
577 4321 852 4378 abolitam
884 4321 1068 4378 fuisse
1114 4325 1268 4396 apud
1299 4323 1488 4395 Afros,
1538 4324 1772 4381 tametsi
1803 4325 2065 4397 plerique
2112 4331 2314 4383 contra
2355 4327 2660 4383 sentirent.
2722 4327 3023 4393 Praeterea,
3057 4321 3366 4378 concilium
3400 4321 3672 4394 Cypriani

259 4409 456 4465 adhuc
512 4427 628 4466 aevo
687 4411 974 4468 Vincentii
1035 4412 1359 4468 Lirinensis
1418 4413 1476 4468 in
1552 4414 1899 4469 auctoritate
1959 4413 2160 4483 fuisse,
2238 4415 2446 4486 probat
2501 4412 2832 4485 exemplum
2915 4411 3370 4478 Donatistarum,
3425 4411 3550 4480 qui,
3609 4414 3674 4465 ut

257 4496 346 4552 ait
376 4497 527 4555 idem
554 4499 916 4574 Vincentius,
951 4505 1008 4556 et
1037 4506 1268 4557 constat
1295 4517 1362 4556 ex
1393 4502 1576 4574 gestis
1605 4501 1934 4558 collationis
1965 4503 2445 4576 Carthaginensis
2484 4508 2540 4558 et
2569 4519 2636 4557 ex
2668 4501 2937 4573 pluribus
2970 4501 3282 4574 Augustini
3314 4499 3478 4565 locis,
3509 4498 3673 4556 illius

254 4587 606 4644 auctoritate
635 4589 865 4644 concilii
901 4589 1258 4662 rebaptizare
1290 4607 1352 4645 se
1393 4591 1764 4661 jactitabant.
1822 4591 2096 4664 Denique,
2149 4591 2380 4647 nullum
2434 4592 2563 4647 novi
2614 4590 2784 4646 istius
2834 4590 3049 4646 decreti
3093 4588 3493 4645 testimonium
3527 4589 3666 4645 alibi

253 4681 449 4732 exstat
476 4676 536 4732 in
569 4681 688 4734 tota
720 4678 1087 4750 antiquitate.
1115 4681 1274 4745 Quod
1308 4685 1504 4735 tamen
1537 4680 1586 4736 si
1619 4680 1844 4750 fuisset,
1893 4680 2048 4736 haud
2083 4681 2257 4737 dubie
2288 4698 2356 4737 eo
2401 4680 2491 4736 usi
2523 4680 2858 4752 frequenter
2886 4682 3083 4735 essent
3128 4677 3442 4734 adversarii
3474 4677 3663 4734 Dona-

251 4764 554 4821 tistarum.
587 4770 800 4823 Contra
826 4769 1196 4839 Augustinus
1227 4768 1285 4822 in
1318 4769 1562 4840 Epistoia
1593 4785 1764 4833 xnvn,
1813 4771 2056 4825 annotat
2104 4785 2217 4824 non
2249 4767 2494 4823 inveniri
2543 4767 2896 4839 Cyprianum
2931 4767 3278 4823 sententiam
3314 4767 3383 4822 de
3414 4766 3668 4838 rebapti-

249 4854 462 4909 zandis
494 4855 778 4912 hereticis
802 4873 969 4912 suam
999 4857 1354 4925 correxisse;
1391 4858 1546 4931 quod
1596 4857 1770 4913 etiam
1803 4856 1998 4930 colligi
2051 4859 2282 4913 abunde
2334 4861 2522 4929 potest
2572 4873 2640 4912 ex
2683 4873 2810 4928 cap.
2844 4858 2897 4924 8,
2943 4855 3044 4913 lib.
3079 4873 3141 4924 ιι,
3182 4865 3374 4912 contra
3404 4856 3669 4911 Gauden—

253 4944 425 4999 tium.
461 4943 656 5014 Itaque
688 4943 808 5000 fieri
836 4949 1028 5017 potest
1055 4950 1118 5000 ut
1146 4946 1556 5019 Hieronymus,
1605 4963 1737 5002 cum
1770 4947 1990 5001 videret
2035 4946 2548 5018 rebaptizationem
2584 4963 2616 5001 a
2646 4945 2959 5001 Catholicis
3003 4944 3157 5000 Afris
3188 4944 3370 5015 rejici,
3402 4943 3670 5000 fortassis

253 5031 396 5088 odio
425 5032 706 5088 adversus
735 5033 1090 5102 Donatistae,
1127 5035 1419 5106 putaverit
1471 5037 1632 5090 Atros
1660 5036 1732 5092 ad
1784 5035 2090 5107 antiquam
2125 5035 2610 5093 consuetudinem
2661 5034 2952 5090 revolutos
2984 5050 3110 5090 esse
3141 5034 3340 5089 statim
3373 5037 3503 5105 post
3533 5049 3667 5087 con-

249 5119 464 5177 cilium
496 5121 760 5178 habitum
793 5124 902 5179 sub
934 5123 1243 5196 Cypriano.
1296 5126 1793 5196 quemadmodum
1839 5125 2207 5197 Augustinus
2253 5124 2311 5179 in
2343 5125 2444 5180 lib.
2479 5143 2564 5194 ιιι,
2616 5123 2682 5180 de
2729 5125 3023 5195 Baptismo,
3056 5139 3185 5193 cap.
3235 5124 3290 5189 2,
3319 5121 3402 5177 ait
3433 5119 3564 5176 illos
3593 5121 3666 5176 ad

240 5208 564 5282 pristinam
597 5212 1080 5268 consuetudinem
1111 5213 1357 5269 rediisse
1388 5218 1518 5285 post
1551 5214 1958 5286 Agrippinum.
1989 5219 2191 5268 Srspn.
2222 5214 2526 5270 BALUZIUS.
2562 5215 2742 5285 (Nova
2771 5213 3034 5269 ϐοηθειίο
3066 5211 3297 5282 Cancri.)
