2049 3089
127 152 204 182 HI!)

623 153 724 184 PARS
747 154 772 184 Ῑ.
790 171 828 175 -
847 153 1098 184 MONUMENTA
1122 153 1325 184 VETERUM.

1749 157 1827 186 1150

581 296 792 327 liPISTOLA
811 295 843 327 S.
863 295 1068 327 CYPRIANI
1087 296 1144 326 AD
1161 296 1365 332 QUINTUM.

768 370 802 390 DE
817 369 972 390 HERBTICIS
994 369 1185 390 BAP‘I‘IZANDIS.

528 420 651 456 (Erasm.
668 429 697 456 p.
713 420 775 448 397.
793 420 901 448 Pamel.
918 419 1024 456 Rigalt.
1042 419 1135 447 Baluz.
1151 421 1239 448 Oxon.
1259 421 1332 455 Lips.
1350 422 1434 455 Lm.)

217 540 381 567 CYPRIANUS
405 541 414 558 ¹
432 540 537 572 Otum-0
552 540 590 576 (1)
605 548 705 568 FRATRI
726 548 859 568 sumam.

160 587 181 613 ι.
197 583 305 612 Retulit
315 584 350 611 ad
361 592 417 619 me,
430 584 518 612 frater
526 584 709 620 charissime,
718 585 862 612 Lucianus
874 591 950 611 com-

122 629 273 665 presbyter
300 631 409 656 noster.
426 631 453 656 te
477 628 658 656 desiderasse
669 631 701 656 ut
717 629 951 665 significaremus

119 674 171 701 tibi
195 673 265 709 quid
295 673 457 701 sentiamus
470 673 522 700 ’de
542 673 588 700 his
607 674 655 708 qui
672 673 748 708 apud
759 673 908 700 haereticos
924 675 952 700 et

127 717 332 745 schismaticos
342 717 483 753 baptizari
498 718 635 745 videntur
649 718 697 753 (2).
714 718 754 745 De
769 726 827 753 qua
838 726 867 745 re
882 717 950 752 quid

124 770 218 798 nuper
231 761 261 789 in
277 761 399 789 concilio
420 761 539 797 plurimi
557 762 719 798 coepiscopi
734 770 801 789 cum
821 770 952 797 compre-

123 806 251 842 sbyteris
266 806 317 841 qui
333 806 456 834 aderant
478 806 692 840 censuerimus,
709 809 741 834 ut
756 807 855 840 scires,
872 807 950 841 ejus-

127 851 192 879 dem
208 850 337 885 epistolae
352 850 518 886 exemplum
534 850 586 878 tibi
602 850 680 878 misi.
710 851 813 879 Nescio
842 851 950 878 etenim

123 904 181 931 qua
204 895 433 931 praesumptione
457 895 606 923 ducuntur
631 895 751 930 quidam
777 895 812 923 de
831 895 951 931 collegis

124 940 242 973 nostris,
261 942 294 966 ut
309 942 410 975 putent
426 948 476 967 eos
492 940 541 975 qui
559 940 636 975 apud
663 939 812 967 hereticos
827 940 837 956 ³
866 939 950 967 tincti

128 986 208 1016 sunt,
224 984 342 1020 quando
357 984 393 1011 ad
410 992 463 1012 nos
478 984 620 1018 venerint,
637 983 775 1020 baptizari
792 993 849 1011 non
866 992 949 1020 opor‘

134 1031 206 1062 tere,
223 1037 256 1056 eo
272 1028 350 1064 quod
372 1028 471 1056 dicant
487 1037 580 1056 unum
606 1029 754 1064 baptisma
781 1036 854 1061 esse,
872 1028 949 1064 quod

129 1080 222 1100 unum
239 1071 350 1100 scilicet
362 1071 391 1099 in
409 1072 533 1100 Ecclesia
547 1071 691 1100 catholica
701 1074 756 1100 est.
771 1073 838 1104 Qute
855 1071 951 1099 Eccle-

124 1118 170 1145 sia
184 1118 205 1150 ‘,
222 1117 246 1144 si
260 1125 318 1144 una
333 1119 387 1148 est.
417 1124 481 1144 esse
507 1117 655 1152 baptisma
683 1119 764 1144 extra
792 1116 949 1144 Ecclesiam

124 1169 183 1190 non
200 1163 310 1197 potest:
332 1169 410 1195 nam,
427 1169 495 1188 cum
524 1161 581 1189 duo
607 1160 783 1197 baplismata
812 1169 875 1189 esse
893 1170 950 1189 non
975 1175 977 1179 ι

124 1205 250 1241 possint,
281 1204 305 1232 si
335 1204 462 1232 haeretici
487 1212 554 1232 vere
579 1205 735 1240 baptizant,
762 1205 817 1241 ipsi
842 1204 952 1233 habent

126 1249 295 1285 baptisma;
312 1251 340 1276 et
355 1249 407 1285 qui
422 1248 476 1277 hoc
501 1249 560 1277 illis
580 1250 777 1285 patrocinium
803 1250 838 1277 de
862 1252 957 1277 auoto~

128 1293 215 1321 ritate
239 1301 293 1321 sua
305 1296 432 1329 praestat,
443 1294 519 1321 cedit
533 1293 591 1322 illis
606 1297 634 1322 et
647 1294 802 1330 consentit,
820 1294 952 1322 uthostes

963 541 991 573 Α
1005 542 1033 567 et
1047 540 1205 567 adversarii
1222 540 1328 568 Christi
1344 541 1353 557 ⁵
1378 540 1484 568 habere
1508 540 1663 568 videantur
1691 541 1828 568 abluendi

1006 586 1034 611 et
1048 584 1222 620 puriﬁcandi
1238 586 1266 612 et
1280 584 1483 612 sanctiﬁcandi
1500 584 1628 612 hominis
1644 587 1826 620 potestatem.

1007 629 1063 656 Nos
1079 631 1175 656 autem
1200 629 1326 656 dicimus
1342 637 1391 656 eos
1408 630 1457 664 qui
1474 629 1541 656 inde
1557 629 1686 660 veniunt,
1708 637 1764 656 non
1782 637 1827 656 re—

1007 673 1144 709 baptizari
1169 673 1246 709 apud
1272 681 1335 707 nos,
1362 673 1412 700 sed
1442 672 1592 708 baptizari.
1624 672 1722 708 Neque
1750 673 1828 700 enim

1004 717 1151 753 accipiunt
1177 717 1235 745 illic
1250 717 1360 753 aliquid
1377 717 1425 743 ubi
1443 717 1514 744 nihil
1538 719 1596 751 est;
1627 717 1676 744 sed
1707 717 1830 744 veniunt

1004 762 1039 788 ad
1058 770 1110 789 nos
1122 763 1153 788 ut
1170 761 1217 788 hic
1227 761 1371 797 accipiant
1382 761 1466 789 ubiet
1474 761 1568 797 gratia
1578 760 1721 789 etveritas
1732 761 1829 789 omnis

1005 809 1059 840 est,
1072 806 1140 841 quia
1155 808 1183 833 et
1195 806 1289 841 gratia
1303 808 1331 833 et
1343 806 1448 833 veritas
1466 814 1523 833 una
1547 807 1601 833 est.
1618 806 1705 833 Porro
1731 808 1829 833 autem

1005 850 1125 884 quidam
1141 850 1176 878 de
1187 850 1304 884 collegis
1316 849 1423 878 nostris
1439 850 1554 877 malunt
1567 849 1710 877 haareticis
1737 850 1828 877 hono-

1005 902 1066 922 rem
1082 895 1151 922 dare
1175 902 1264 929 quam
1284 894 1368 922 nobis
1381 894 1544 922 consentire
1558 903 1564 927 ;
1578 896 1617 928 et,
1645 894 1714 921 dum
1741 894 1829 921 unius

1006 939 1144 974 baptismi
1160 939 1373 966 asseveratione
1389 938 1535 974 baptizare
1549 938 1697 965 venientes
1714 938 1827 970 nolunt.

1005 984 1058 1016 sic,
1075 986 1125 1010 aut
1139 983 1196 1010 duo
1216 984 1394 1019 baptismata
1411 983 1465 1018 ipsi
1483 983 1604 1015 faciunt,
1621 983 1691 1010 dum
1707 985 1736 1010 et
1751 983 1829 1019 apud

1006 1028 1156 1055 haereticos
1171 1027 1319 1063 baptisma
1338 1035 1402 1055 esse
1420 1027 1531 1060 dicunt,
1562 1029 1613 1054 aut
1639 1029 1726 1060 certe,
1752 1026 1829 1062 quod

1005 1075 1050 1100 est
1073 1072 1201 1107 gravius,
1227 1072 1428 1099 haereticorum
1450 1072 1598 1099 sordidam
1630 1074 1658 1098 ct
1680 1071 1831 1107 profanam

1005 1116 1187 1150 tinctionem,
1212 1124 1279 1143 vero
1316 1119 1345 1143 et
1375 1116 1459 1143 unico
1485 1118 1514 1143 et
1542 1115 1669 1151 legitimo
1698 1115 1832 1143 Ecclesiae

1005 1160 1153 1188 catholicae
1169 1161 1315 1195 baptismo
1332 1160 1491 1196 praeponeri
1513 1162 1540 1187 et
1569 1160 1670 1187 1105
1700 1160 1833 1195 praeferre

1011 1205 1208 1233 contendunt:
1226 1213 1283 1232 non
1298 1205 1517 1232 considerantes
1533 1205 1676 1240 scriptum
1698 1212 1780 1232 esse:

1013 1250 1170 1285 baptizatur
1198 1258 1214 1276 a
1241 1253 1360 1284 mortuo,
1383 1249 1449 1284 quid
1471 1249 1578 1284 proﬁcit
1603 1249 1730 1276 lavatio6
1752 1249 1834 1284 ejus?

1007 1294 1101 1330 (Emit.
1118 1294 1157 1329 (3)
1173 1302 1269 1327 xxxiv,
1294 1294 1351 1328 30.)
1381 1293 1568 1320 Manifestum
1598 1295 1642 1320 est
1669 1295 1767 1320 autem
1784 1301 1834 1321 eos

853 1353 955 1383 Varia
970 1352 1130 1383 lectiones.

166 1405 173 1421 ¹
191 1403 328 1437 Quintino
344 1404 425 1431 fratri
443 1406 548 1432 Emam.
587 1405 598 1422 ²
614 1405 688 1438 Quid
705 1413 758 1433 nos
782 1405 944 1433 sentiamus
960 1406 1028 1432 Lam
1042 1405 1107 1432 Bod.
1124 1405 1160 1437 2;

1215 1405 1226 1421 ³
1248 1405 1280 1431 Et
1295 1404 1500 1431 schismaticos
1512 1405 1586 1431 Lam.
1615 1404 1697 1431 Ebor.
1726 1404 1779 1430 ΝΕ.
1809 1404 1835 1430 1.

130 1439 197 1476 Bod.
210 1440 237 1467 2.
259 1475 264 1476 γ
280 1440 292 1456 ¹’
306 1441 373 1476 Qua
388 1439 516 1468 Ecclesia
530 1440 601 1476 quia
625 1449 683 1468 una
698 1444 742 1468 est
759 1441 822 1469 80d.
840 1441 865 1476 1,
877 1442 905 1467 2.
924 1442 985 1468 Lin.
1000 1441 1055 1468 NG.
1073 1441 1097 1467 1.
1123 1440 1202 1467 Ebor.
1215 1440 1243 1467 Si
1260 1442 1382 1476 estuna,
1399 1442 1427 1466 et
1441 1447 1505 1467 esse
1531 1439 1609 1476 Corb.
1630 1439 1717 1476 Quod
1743 1446 1835 1476 unum

131 1475 243 1512 scilicet
258 1475 287 1502 in
299 1475 426 1512 Ecclesia
443 1484 500 1503 una
514 1475 568 1511 est,
585 1479 614 1504 et
628 1484 693 1504 esse
709 1477 856 1512 baptisma
871 1479 975 1512 praeter
990 1476 1147 1512 Ecclesiam
1164 1484 1220 1502 non

578 1512 588 1529 ⁵
618 1511 717 1540 Hostis
740 1509 768 1540 ét
796 1509 981 1540 adversarius
1006 1512 1112 1539 Christi
1142 1509 1249 1539 habere
1277 1511 1410 1538 videatur
1435 1511 1509 1538 Lam.
1538 1510 1617 1537 Ebor-
1648 1510 1739 1538 NCJ.
1769 1509 1835 1537 Bod.

130 1511 214 1539 Ebor.
242 1512 304 1538 Lin.
340 1511 394 1538 ΝΟ.
435 1512 461 1544 1,
499 1512 525 1538 2·

135 1547 161 1580 1,
180 1547 208 1574 2.
224 1547 285 1574 Lin.
297 1547 308 1564 ⁶
325 1547 481 1574 Lavatione
494 1547 561 1575 Bod.
583 1547 608 1575 1.
626 1548 687 1575 Lin.

1238 1477 1331 1511 potest
1350 1475 1384 1502 Μ.
1404 1476 1434 1502 R.
1454 1474 1731 1511 PraterrEcclesiam
1755 1475 1834 1511 Lam,

848 1592 1012 1622 Variorum
1030 1596 1123 1622 notae.

176 1644 329 1681 (“Quinto
342 1644 437 1681 fratri.
458 1644 539 1672 Hunc
555 1646 584 1672 et
597 1644 739 1681 collegam
762 1653 850 1672 suum
866 1648 959 1681 vocat,
974 1646 996 1678 ί]
1015 1645 1141 1681 aliquem
1180 1654 1214 1672 ex
1242 1645 1386 1681 ejusmodi
1416 1645 1536 1681 deorum
1555 1644 1757 1681 sacerdotibus
1777 1644 1836 1670 sive

130 1683 160 1716 et
174 1680 204 1706 in
220 1680 395 1707 Mauritania
404 1680 596 1707 constitutum
614 1681 703 1708 fuisse
715 1683 839 1708 testatur
853 1680 958 1716 episto-

131 1715 319 1779 ksequenti,
338 1716 387 1743 ubi
413 1715 500 1743 etiam
531 1716 667 1744 meminit
695 1716 784 1751 hujus
815 1715 956 1752 epistolas.

157 1760 244 1778 IGAL'I'.

157 1760 244 1778 IGAL'I'.

170 1787 207 1822 (2)
224 1787 295 1813 Dum
310 1789 336 1813 et
348 1786 422 1821 apud
448 1787 591 1815 haereticos
620 1787 755 1822 baptisma
771 1795 829 1814 esse
851 1786 956 1814 dicunt.

130 1822 227 1857 Atque
241 1822 319 1849 inter
338 1830 464 1858 canones
493 1823 543 1858 qui
573 1822 713 1850 dicuntur
741 1822 957 1858 Apostolorum,

129 1856 326 1902 disertissima
346 1857 478 1891 habetur,
492 1856 559 1902 febr;
664 1860 716 1885 τῶν
740 1856 881 1902 albaria/div
906 1856 958 1902 ρα-

132 1892 293 1930 πτισβὲντῗαις
313 1892 593 1930 ἢ-χειρᾳτονηθέντας,
610 1891 671 1920 (Sil-rs
686 1891 798 1923 πιστοὺς
814 1891 874 1920 οὔτε
888 1891 958 1928 κλη-

133 1928 309 1966 ρικᾳὺςγεῖναγι
326 1926 447 1956 dubitem
463 1926 531 1957 (ian.
557 1926 601 1956 68.
619 1930 731 1957 RIGALT.

170 1965 208 1997 (3)
224 1965 279 2001 Qui
294 1965 451 1999 baptizatur
464 1974 480 1993 α
494 1970 614 1999 mortuo,
640 1967 706 2000 quid
720 1966 828 2001 proﬁcit
854 1966 959 1993 lavatio

132 2001 194 2035 ejus
210 2002 222 2026 .9
236 2000 441 2037 Sapenrumero
456 2001 574 2037 quidem
592 2005 690 2028 noster
705 2002 864 2036 Cyprianus
876 2001 960 2029 etalii

131 2038 236 2063 Patres
252 2035 399 2070 arripiunt
415 2037 449 2064 de
464 2035 638 2072 ‘Scripturis
659 2035 800 2072 quidquid
827 2036 873 2064 vel
898 2038 960 2064 solo

132 2072 289 2108 verborum
306 2080 376 2108 seno
389 2072 483 2100 facere
498 2073 532 2099 ad
546 2073 725 2108 propositum
752 2072 876 2106 videtur,
893 2076 921 2100 et
936 2072 960 2100 si

130 2106 230 2144 longe,
242 2107 298 2134 alio
312 2107 350 2144 sit
366 2106 647 2135 audiendum’sensu
661 2117 666 2135 :
680 2109 846 2143 cujusmodi
863 2108 962 2144 aliqua

133 2142 302 2170 notavimus
319 2143 346 2169 in
374 2144 614 2178 praecedentibus.
644 2142 725 2175 Quod
755 2153 820 2172 vero
849 2144 896 2171 hic
914 2142 961 2171 'de

133 2178 284 2206 tricesimo
299 2178 495 2215 Ecclesiastici
512 2180 604 2214 capite
620 2179 739 2207 citatum
763 2180 893 2215 plerique
910 2188 962 2215 pu-

135 2216 208 2248 tant,
225 2214 344 2241 omnino
360 2214 472 2242 abludit
484 2215 519 2248 ab
535 2215 684 2250 Sapientia
694 2214 963 2243 Siracidiszectis-

133 2249 209 2277 sime
221 2252 318 2277 autem
331 2250 492 2285 Cyprianus
504 2251 544 2277 ait
554 2249 702 2278 haereticos
709 2253 737 2278 et
748 2251 962 2278 schismaticos.

136 2286 191 2322 qui
204 2288 284 2312 extra
299 2286 457 2313 Ecclesiam
478 2289 556 2319 sunt,
582 2287 656 2313 inter
681 2290 811 2314 mortuos
840 2295 961 2322 compu-

1014 1679 1186 1713 cultoribus,
1205 1680 1254 1716 qui
1279 1680 1366 1707 etiam
1393 1689 1408 1706 ι
1423 1679 1600 1707 Christianis
1616 1680 1691 1706 inter
1707 1682 1837 1716 mortuos

1013 1716 1116 1757 saeculi
1127 1715 1382 1757 computabantur.
1400 1716 1500 1750 Itaque
1515 1718 1621 1757 auctor
1641 1716 1740 1757 istius.
1755 1715 1835 1755 dicti,

1014 1755 1044 1779 ut
1059 1752 1147 1779 verba
1170 1750 1309 1779 Siracidis
1333 1752 1369 1778 ad
1390 1759 1476 1778 suum
1506 1751 1540 1778 de
1570 1753 1652 1778 extra
1678 1750 1836 1778 Ecclesiam

1014 1787 1167 1823 baptizatis
1182 1796 1301 1815 sensum
1317 1788 1497 1820 transferret,
1527 1786 1626 1814 omisit
1653 1787 1730 1822 quod
1759 1787 1835 1821 apud

1014 1823 1173 1851 Siracidem
1202 1823 1351 1858 sequitur:
1369 1823 1400 1849 Et
1423 1823 1526 1849 iterum
1552 1823 1639 1858 tangit
1664 1830 1750 1852 eum;
1779 1830 1836 1857 quo

1014 1862 1090 1887 certe
1106 1859 1226 1891 omisso,
1243 1861 1302 1886 tota
1319 1867 1401 1886 mens
1417 1858 1557 1885 Siracidis
1573 1858 1693 1885 eliditur
1710 1866 1760 1885 :ex
1788 1865 1836 1884 eo-

1014 1903 1070 1931 que
1086 1895 1164 1930 quod
1180 1903 1196 1921 a
1212 1894 1340 1922 Siracide
1355 1894 1467 1921 dictum
1494 1894 1596 1928 fuerat,
1614 1894 1668 1928 Qui
1680 1902 1702 1931 7a
1713 1930 1717 1931 ν
1729 1897 1837 1931 mortuo

1015 1929 1172 1965 baptiiatur
1192 1934 1217 1957 et
1232 1931 1333 1957 iterum
1349 1930 1436 1964 tangit
1450 1938 1523 1964 eum,
1540 1937 1594 1956 non
1619 1930 1727 1964 proﬁcit
1757 1929 1836 1955 lava-

1015 1967 1052 1994 tio
1067 1967 1137 2001 ejus,
1152 1966 1262 1993 dictum
1276 1974 1395 2001 prorsus
1411 1965 1488 1992 aliud
1505 1965 1662 2000 expressit:
1681 1965 1735 1998 Qui
1750 1965 1837 2001 (rapti;

1013 2003 1124 2029 matura
1149 2000 1350 2036 mortuofnon
1388 2001 1495 2036 proﬁcit
1519 2002 1621 2027 lavatio
1649 2001 1717 2034 ejus.
1755 2000 1837 2031 Quod

1015 2037 1114 2064 idiotis
1129 2037 1374 2070 Christianorum,
1399 2037 1435 2063 ob
1451 2044 1526 2070 eam,
1551 2044 1615 2071 quas
1631 2036 1685 2063 fuit
1700 2036 1772 2071 ipsis
1789 2044 1837 2062 n0-

1015 2072 1140 2107 tissima,
1158 2075 1339 2100 mortuorum
1354 2071 1588 2107 appellationem,
1610 2080 1674 2099 cum
1691 2072 1764 2098 mire
1775 2071 1839 2106 pla-

1015 2109 1135 2141 cuisset,
1148 2109 1277 2144 neglecto
1289 2108 1351 2143 jam
1369 2108 1508 2135 Siracidis
1538 2116 1637 2139 sensu,
1664 2108 1837 2144 iniprover—

1016 2144 1097 2171 bium
1113 2143 1199 2171 abiit:
1211 2145 1270 2171 Hoc
1278 2144 1366 2179 igitur
1377 2143 1563 2179 Cyprianum,
1577 2151 1634 2179 non
1651 2151 1684 2170 ex
1700 2143 1837 2179 Siracide.

1018 2180 1067 2207 sed
1083 2189 1117 2207 ex
1131 2179 1209 2215 vulgi
1228 2178 1377 2215 proverbio
1393 2179 1556 2214 sumpsisse
1572 2178 1672 2206 malim
1701 2178 1837 2215 equidem

1018 2213 1264 2250 arbitrari,quam
1281 2215 1376 2242 dicere
1393 2213 1485 2241 virum
1509 2216 1622 2241 tantum
1648 2222 1705 2241 non
1735 2213 1839 2250 legisse

1018 2254 1068 2278 aut
1096 2259 1153 2278 non
1184 2249 1372 2278 intellexisse
1406 2250 1574 2277 Siracidem.
1604 2250 1767 2284 Enimvero,
1798 2249 1840 2277 sic

1017 2286 1104 2327 etiam
1115 2286 1272 2327 lopina‘tum
1298 2293 1362 2327 esse
1379 2287 1584 2327 Augustinum.
1601 2293 1682 2327 ex‘eo
1692 2285 1840 2327 colligitur

135 2321 325 2359 tari,_nempe
336 2325 472 2359 mortuos
488 2322 668 2359 spiritaliter.
683 2322 803 2359 Atinihil
826 2322 882 2349 tale
907 2321 963 2349 sibi
979 2327 1001 2359 ι)
1018 2322 1141 2359 (ιιιοίῌῐι
1156 2322 1264 2359 prolixa
1281 2322 1419 2359 adversus
1431 2321 1617 2359 Cresconium
1630 2321 1838 2359 disputatione,

132 2356 229 2384 voluit
253 2356 406 2390 Siracides,
424 2358 474 2392 qui
505 2356 556 2385 hoc
569 2360 681 2384 tantum
698 2358 786 2385 dixit:
804 2359 871 2385 Eum
888 2359 963 2392 quia

133 2394 253 2425 mortuo,
284 2392 336 2418 ἀπὸ
360 2395 457 2428 νεκροῦ
474 2393 527 2420 hoc
556 2396 600 2420 est
629 2401 645 2420 a
671 2396 819 2420 contractu
857 2393 963 2421 mortui

130 2428 214 2460 lavit,
230 2431 258 2455 et
275 2428 368 2455 abluit
382 2430 460 2464 quod
475 2429 620 2456 immundi
636 2432 819 2456 contraxerat
834 2436 868 2456 ex
888 2437 958 2456 con-

131 2467 200 2499 tage
214 2463 373 2498 cadaveris,
390 2463 414 2491 si
430 2467 531 2499 postea
561 2467 722 2492 revertatur
745 2465 780 2492 ad
810 2464 958 2492 cadaveris

130 2502 312 2535 contactum,
325 2500 383 2533 iam
400 2500 478 2527 illam
496 2508 580 2527 suam
596 2500 767 2527 lavationem
786 2500 958 2535 perdidisse,

129 2534 202 2569 qaia
215 2543 287 2562 novo
303 2536 409 2562 mortui
426 2538 561 2563 contactu
574 2544 638 2563 sese
653 2534 875 2564 contaminavit.
892 2537 958 2568 Quas

130 2571 280 2607 sententia
310 2570 382 2607 nihil
399 2572 519 2599 omnino
535 2571 604 2598 facit
619 2571 654 2598 ad
672 2574 799 2599 mentem
813 2571 958 2607 Cypriani.

128 2606 208 2641 Ergo
225 2606 360 2642 quisquis
375 2610 476 2634 auctor
491 2607 545 2634 fuit
557 2606 643 2634 istius
660 2606 737 2639 dicti,
752 2607 807 2642 Qui
820 2606 842 2634 ό
853 2606 960 2634 inortuo

129 2642 302 2683 baptiaatur,
319 2642 508 2683 quidproﬁcit
536 2643 644 2683 lava-tio
673 2642 757 2683 eius?
786 2643 851 2677 (hoc
880 2643 959 2670 enim

130 2677 459 2714 primitusaCypriano
488 2680 661 2714 usurpatum
691 2678 780 2714 fuisse
808 2686 959 2714 nunquam

129 2713 540 2749 crediderim),appellatione
549 2714 654 2741 mortui
676 2713 804 2749 aliquem
820 2713 962 2741 intellexit

131 2748 246 2785 oxydiis
261 2748 405 2784 gentium,
429 2751 480 2785 qui
496 2749 630 2777 homines
660 2748 806 2785 quondam
835 2749 960 2782 fuerant,

129 2786 163 2812 et
176 2784 239 2819 jam
254 2792 321 2812 cum
338 2784 413 2812 inter
426 2784 495 2813 deos
519 2784 631 2813 censeri
660 2784 849 2820 incipiebant,
878 2787 962 2812 erant

131 2819 242 2848 mortui
258 2832 265 2854 ;
282 2822 342 2853 aut,
359 2820 451 2849 sinon
462 2820 590 2857 aliquem
605 2829 640 2848 ex
649 2819 758 2849 talibus
773 2820 839 2854 diis,
857 2820 960 2848 saltem

1018 2356 1075 2394 qua
1090 2356 1224 2393 Cypriani
1240 2357 1413 2385 sententiam
1426 2357 1497 2394 satis
1521 2357 1627 2384 acriter
1651 2356 1764 2394 refellit,
1779 2357 1840 2394 hac

1018 2392 1082 2428 ipsa
1097 2392 1183 2420 verba
1212 2402 1229 2420 α
1252 2393 1394 2428 Cypriane
1420 2393 1531 2428 prolata
1553 2401 1611 2420 non
1640 2393 1675 2420 ad
1702 2392 1839 2420 Siracidis

1014 2432 1143 2456 mentem
1160 2429 1291 2461 retrahit,
1305 2429 1355 2456 sed
1369 2437 1401 2455 ex
1424 2436 1472 2455 ore
1502 2428 1591 2463 vulgi,
1609 2429 1650 2455 uti
1680 2431 1742 2455 tum
1769 2429 1840 2455 fere-

1013 2466 1131 2498 bantur,
1141 2468 1259 2499 excepta
1269 2465 1310 2504 sic
1322 2464 1537 2504 interpretatur,
1551 2464 1737 2504 utdeﬁnitiat
1746 2463 1839 2504 bapti-

1014 2509 1111 2527 smum
1128 2509 1144 2528 a
1160 2503 1284 2533 mortuo,
1294 2500 1346 2527 hoc
1356 2503 1401 2527 est
1417 2500 1549 2527 heretico
1566 2499 1625 2526 sive
1638 2499 1836 2531 schismatico,

1014 2540 1095 2563 extra
1120 2536 1276 2563 Ecclesiam
1306 2536 1418 2569 datum,
1444 2538 1513 2562 tunc
1542 2535 1668 2570 incipere
1695 2534 1837 2569 baptizato

1015 2572 1154 2612 proiicere
1165 2580 1231 2612 cum
1248 2571 1345 2612 taliter
1356 2571 1524 2612 ‘bapti‘zatus
1539 2570 1646 2612 transit
1674 2571 1709 2612 ad
1732 2578 1837 2612 corpus

1015 2605 1131 2642 Christi,
1147 2607 1222 2642 quod
1240 2610 1285 2634 est
1301 2605 1428 2634 Ecclesia
1445 2606 1493 2633 1)θί
1519 2606 1583 2633 vivi.
1603 2606 1660 2633 Hoc
1675 2605 1716 2642 ita
1731 2605 1838 2642 citatur

1016 2616 1131 2642 LHI‘ISU,
1168 2616 1222 2634 uou
1240 2616 1285 2634 est
1301 2616 1428 2634 noctesxa
1445 2616 1493 2633 U61
1520 2616 1583 2633 vm.
1603 2616 1660 2633 noc
1675 2616 1716 2633 ita
1731 2616 1835 2633 citatur

1016 2643 1103 2670 etiam
1120 2616 1263 2674 aEuieto,
1291 2642 1427 2677 episcopo
1453 2641 1643 2673 Buruchensi,
1674 2641 1703 2668 in
1732 2641 1835 2669 concil.

1014 2678 1160 2714 Carthag.,
1177 2681 1206 2705 et
1222 2678 1257 2705 ab
1274 2676 1447 2714 Augustino2
1478 2677 1527 2704 lib.
1551 2686 1569 2704 ι.
1595 2679 1697 2714 contra
1722 2676 1835 2705 Petilia-

1016 2722 1097 2744 num.
1114 2712 1139 2741 ὁ.
1159 2714 1196 2741 9;
1224 2714 1290 2741 Item
1304 2722 1366 2740 cum
1390 2712 1523 2744 audierit,
1553 2713 1602 2747 qui
1631 2713 1792 2747 baptizatur
1820 2721 1836 2740 a

1015 2751 1130 2782 mortuo,
1147 2757 1203 2776 non
1228 2750 1255 2776 ei
1279 2749 1392 2783 prodest
1420 2749 1520 2775 lavatio
1547 2749 1615 2783 ejus,
1645 2749 1836 2783 respondebit:

1017 2786 1094 2813 Vivit
1110 2785 1237 2812 Christus
1252 2786 1307 2811 etc.
1334 2784 1522 2817 Baptizantur
1551 2787 1648 2811 autem
1668 2792 1684 2811 a
1701 2784 1835 2817 mortuis,

1016 2821 1066 2856 qui
1082 2820 1266 2856 baptizantur
1279 2820 1310 2847 in
1326 2819 1471 2848 idolorum
1483 2819 1617 2855 templis;
1635 2828 1692 2847 non
1708 2821 1787 2848 enim
1809 2823 1837 2847 et
