4098 6178
216 327 370 387 1157

1220 324 1422 385 PARS
1469 325 1518 386 Ι.
1550 356 1627 368 -
1655 322 2157 385 MONUMENTA
2202 324 2607 388 VETERUM.

3463 334 3620 394 1158

214 457 507 513 rationem
540 461 597 514 et
625 457 926 512 veritatem
955 456 1209 511 tenebat.
1244 454 1405 518 Quod
1438 455 1486 511 si
1517 455 1576 510 in
1604 453 1862 510 Ecclesia
1890 458 1946 524 Α
1977 453 2130 510 hunc
2159 455 2350 511 locum
2385 473 2500 512 non
2531 458 3020 529 putavi,maxime
3049 461 3252 516 cumiu
3286 464 3489 518 eadem
3503 465 3621 535 epi-

216 546 537 617 haptizatos
563 545 1008 617 rebaptizandos
1049 545 1188 600 foris
1221 549 1386 600 extra
1406 543 1725 599 Ecclesiam
1755 546 1864 598 No-

216 636 486 691 vatianus
517 634 833 699 existimat,
868 651 900 688 a
930 649 992 688 se
1013 632 1269 703 incipere
1290 633 1589 699 debuerat,
1625 637 1690 687 ut
1707 631 1865 702 prior

217 728 487 780 extraneo
517 723 627 793 (18)
651 730 705 777 et
743 721 1011 776 heretico
1040 720 1334 792 baptismo
1381 720 1860 792 rebaptizaretur,

215 813 310 884 qui
344 817 476 883 post
506 811 823 867 Ecclesiam
856 809 974 865 imo
1019 816 1076 865 et
1111 815 1326 865 contra
1382 808 1698 865 Ecclesiam
1759 809 1860 862 ba-

215 901 520 972 ptizandos
546 900 686 955 foris
717 899 1009 970 opinatur.
1043 897 1221 962 Quale
1251 902 1340 953 est
1380 902 1576 977 autem
1608 902 1690 962 ut,
1725 895 1863 968 quia

213 989 324 1046 hoc
354 988 709 1044 Novatianus
743 990 926 1042 facere
956 988 1148 1057 audet,
1169 1003 1274 1042 nos
1305 990 1581 1057 putemus
1606 1001 1718 1040 non
1734 999 1861 1040 esse

214 1080 546 1135 faciendum
577 1079 604 1134 ?
625 1080 768 1143 Quid
803 1095 940 1150 ergo
970 1078 997 1132 ?
1026 1079 1166 1148 quia
1190 1084 1248 1134 et
1265 1077 1539 1132 honorem
1572 1076 1858 1132 cathedras

221 1168 600 1224 sacerdotalis
623 1167 981 1222 Novatianus
1012 1171 1278 1238 usurpat,
1308 1182 1453 1220 num
1510 1165 1724 1220 idcirco
1755 1180 1864 1219 nos

213 1257 420 1313 catbed
430 1274 504 1312 rae
522 1257 858 1312 renuntiare
869 1255 1151 1311 debemus
1168 1255 1196 1309 Ἰ
1212 1259 1325 1310 Aut
1353 1255 1492 1326 quia
1502 1253 1782 1310 Novatian
1792 1269 1861 1308 us

215 1346 397 1402 altare
426 1344 706 1401 collocare
733 1350 791 1399 et
819 1344 1108 1399 sacriﬁcia
1138 1343 1343 1398 offerre
1373 1347 1577 1399 contra
1606 1342 1693 1397 fas
1725 1341 1860 1396 niti-

211 1441 332 1506 tur,
365 1435 436 1490 ab
469 1433 635 1490 altari
665 1438 721 1489 et
751 1432 1055 1489 sacriﬁciis
1089 1449 1318 1488 cessare
1375 1448 1482 1487 nos
1513 1435 1758 1503 oportet,
1792 1446 1864 1486 ne

215 1523 380 1596 paria
401 1528 459 1579 et
489 1521 705 1578 similia
735 1538 870 1577 cum
904 1521 1003 1576 illo
1036 1520 1330 1577 celebrare
1375 1519 1718 1576 videamur?
1747 1519 1860 1574 Va-

214 1630 362 1668 num
390 1629 630 1684 prorsus
661 1616 718 1667 et
743 1610 990 1666 stultum
1042 1615 1130 1666 est
1179 1615 1263 1675 ut,
1314 1610 1452 1680 quia
1506 1609 1864 1664 Novatianus

215 1706 382 1757 extra
414 1700 733 1757 Ecclesiam
755 1699 1016 1754 vindicat
1046 1698 1160 1754 sibi
1214 1698 1473 1753 veritatis
1526 1696 1861 1769 imaginem,

213 1789 616 1860 relinquamus
647 1786 908 1843 Ecclesia:
939 1788 981 1822 ²¹
1007 1787 1118 1858 (19)
1146 1785 1471 1843 veritatem.

291 1879 384 1932 lli.
416 1878 580 1949 Apud
616 1893 720 1932 nos
753 1880 948 1932 autem
979 1893 1090 1932 non
1124 1892 1272 1930 nova
1301 1879 1403 1930 aut
1431 1874 1733 1946 repentina
1774 1891 1867 1929 res

212 1972 326 2033 est,
352 1972 417 2021 ut
444 1967 824 2036 baptizandus
855 1981 1198 2020 censeamus
1228 1981 1326 2019 eos
1382 1965 1482 2036 qui
1515 1964 1586 2019 ab
1637 1964 1864 2019 haereti-

212 2057 301 2111 cis
332 2056 538 2111 “12
562 2055 630 2110 ad
657 2054 968 2109 Ecclesium
1000 2053 1259 2121 veniunt,
1280 2055 1514 2124 quando
1547 2051 1718 2107 multi
1740 2055 1866 2124 jam

211 2145 357 2200 anni
389 2149 505 2199 sint
533 2142 780 2215 etlonga
809 2149 946 2197 mtas
990 2144 1100 2212 (20)
1131 2159 1201 2196 ex
1243 2159 1358 2213 quo
1412 2143 1520 2197 sub
1551 2141 1867 2213 Agrippino

211 2234 380 2289 bonae
414 2233 705 2287 memoriae
736 2231 856 2286 viro
889 2231 1295 2286 convenientes
1315 2231 1374 2284 in
1407 2247 1588 2285 unum
1610 2229 1868 2302 episcopi

211 2320 455 2393 plurimi
488 2321 596 2375 hoc
628 2321 968 2383 statuerint,
992 2325 1169 2391 atque
1199 2320 1406 2375 exinde
1436 2320 1490 2373 in
1518 2319 1866 2374 hodiernum

211 2416 308 2464 tot
341 2409 522 2463 millia
544 2409 948 2463 haereticorum
976 2408 1033 2461 in
1069 2408 1380 2479 provinciis
1412 2407 1629 2463 nostris
1659 2408 1730 2462 ad
1763 2409 1865 2462 Ec-

217 2499 463 2554 clesiam
495 2498 757 2554 conversi
789 2499 855 2560 9’,
879 2514 993 2552 non
1031 2497 1321 2568 aspernati
1354 2496 1474 2552 sint
1504 2513 1694 2568 neque
1723 2513 1866 2551 cun-

222 2586 387 2651 ctati,
420 2587 602 2641 immo
661 2590 717 2640 et
773 2585 1198 2641 rationabiliter
1234 2590 1290 2640 et
1335 2584 1586 2640 libenter
1615 2585 1865 2656 amplexi

219 2676 346 2731 sint
377 2681 441 2730 ut
468 2675 679 2729 lavacri
707 2674 901 2730 vitalis
933 2679 988 2730 et
1018 2673 1292 2729 salutaris
1325 2672 1865 2745 baptismigratiam

214 2768 735 2836 consequerentur.
769 2764 967 2835 Neque
996 2763 1149 2819 enim
1211 2762 1446 2816 difficile
1503 2767 1592 2817 est
1643 2762 1865 2817 doctori

213 2873 356 2910 vera
385 2862 440 2911 et
470 2854 732 2926 legitima
763 2855 1062 2909 insinuare
1091 2855 1135 2888 ²³
1165 2856 1215 2909 ei
1274 2854 1374 2926 qui
1435 2853 1704 2909 haeretica
1734 2871 1864 2925 pra-

207 2945 394 2999 vitate
415 2944 710 3010 damnata,
744 2947 800 2997 et
856 2942 1250 2998 ecclesiastica
1279 2942 1518 2998 veritate
1547 2949 1862 3014 comperta,

209 3033 288 3088 ad
313 3031 422 3086 hoc
443 3032 599 3086 venit
621 3037 684 3086 ut
714 3032 903 3086 discat
932 3031 978 3065 ²⁴
1008 3032 1142 3102 (21),
1177 3031 1249 3086 ad
1299 3031 1408 3086 hoc
1465 3031 1638 3087 discit
1697 3035 1761 3086 ut
1787 3031 1866 3086 vi-

215 3126 340 3176 vat.
376 3120 493 3175 Nos
526 3137 638 3175 non
671 3120 952 3174 debemus
976 3125 1276 3191 stuporem
1310 3119 1420 3190 (22)
1453 3119 1736 3174 haereticis
1764 3137 1865 3190 pa-

1895 1834 1943 1898 B

1973 543 2121 600 stola
2152 545 2663 602 animadverterim
2693 547 2868 602 etiam
2901 548 3211 604 Marcionis
3238 549 3620 608 fierimentio-

1973 649 2129 700 nem,
2162 637 2226 688 ut
2256 651 2359 689 nec
2390 635 2462 689 ab
2493 635 2617 706 ipso
2647 635 2942 692 venientes
2959 637 3114 693 dicat
3137 638 3413 710 baptizari
3445 657 3614 712 opor-

1969 723 2271 792 tere,quod
2287 723 2412 792 jam
2437 723 2494 778 in
2513 724 2748 779 nomine
2777 725 2915 780 Jesu
2947 726 3158 782 Christi
3189 728 3466 799 baptizati
3489 746 3618 786 esse

1971 809 2896 885 videantur.Considerareitaque
2912 815 3195 870 debemus
3219 817 3389 872 fidem
3414 835 3617 874 eorum

1971 899 2072 968 qui
2105 899 2244 954 foris
2275 902 2540 965 credunt,
2573 919 2644 956 an
2660 903 2981 957 secundum
3005 905 3271 960 eamdem
3295 906 3469 962 fidem
3485 925 3616 979 pos-

1970 987 2089 1042 sint
2118 988 2338 1060 aliquid
2371 990 2568 1061 gratiae
2600 991 2899 1062 consequi.
2935 992 3079 1047 Nam
3108 993 3157 1048 si
3199 995 3343 1050 ﬁdes
3375 1012 3492 1051 una
3529 1001 3618 1052 est

1970 1077 2139 1132 nobis
2169 1083 2226 1133 et
2265 1077 2570 1150 haereticis,
2603 1086 2794 1150 potest
2849 1097 2974 1136 esse
3033 1086 3090 1135 et
3144 1083 3332 1153 gratia
3391 1101 3527 1140 una.
3555 1086 3614 1141 Si

1967 1166 2240 1220 eumdem
2262 1165 2790 1234 Patrem,eumdem
2815 1168 3311 1238 Filium,eumdem
3331 1171 3616 1242 Spiritum

1969 1258 2262 1324 sanctum,
2290 1256 2555 1310 eamdem
2588 1255 2901 1311 Ecclesiam
2925 1258 3277 1312 conﬁtentur
3309 1259 3615 1315 nobiscum

1969 1341 2412 1413 Patripassiani,
2471 1344 2853 1416 Anthropiani
2916 1346 3029 1416 (25)
3086 1344 3436 1413 Valentiani,
3491 1354 3616 1419 Ap-

1972 1430 2289 1501 pelletiani,
2321 1431 2567 1503 Ophites,
2604 1432 2978 1499 Marcionitaa,
3028 1437 3084 1488 et
3114 1439 3332 1489 caetera:
3391 1435 3615 1490 haereti-

1972 1535 2172 1574 corum
2207 1525 2399 1591 pestes
2442 1525 2498 1577 et
2535 1520 2710 1593 gladii
2743 1539 2810 1576 ac
2860 1539 3080 1578 venena
3131 1524 3174 1557 9‘
3220 1524 3335 1595 (26)
3376 1525 3614 1580 subver-

1971 1608 2160 1663 tenda
2189 1608 2468 1676 veritatis,
2502 1613 2692 1680 potest
2716 1608 2837 1665 illic
2867 1616 2923 1666 et
2950 1611 3244 1682 baptisma
3264 1629 3450 1668 unum
3467 1630 3616 1685 esse,

1975 1696 2024 1750 ei
2055 1700 2144 1751 est
2174 1701 2230 1752 et
2260 1696 2404 1752 fides
2436 1714 2572 1752 una.

2043 1785 2110 1838 V.
2140 1790 2236 1855 Ac,
2270 1802 2342 1840 ne
2370 1785 2610 1857 longum
2642 1787 2718 1841 sit
2763 1804 2865 1859 per
2893 1787 3142 1844 hereses
3176 1789 3479 1845 universas
3520 1790 3620 1846 de-

1975 1890 2208 1929 currere
2255 1883 2312 1930 et
2340 1874 2704 1947 singularum
2735 1877 2778 1910 ²⁷
2808 1875 2898 1932 vel
2945 1877 3193 1948 ineptias
3240 1878 3331 1933 vel
3362 1878 3622 1934 insanias

1977 1965 2066 2017 11
2089 1963 2182 2017 Ia
2215 1978 2535 2032 recensere,
2568 1963 2704 2034 quia
2734 1981 2839 2020 nec
2872 1964 3116 2021 delectat
3146 1967 3202 2021 id
3247 1967 3436 2023 dicere
3467 1968 3619 2040 quod

1977 2055 2079 2106 aut
2109 2051 2305 2107 horret
2345 2056 2445 2106 aut
2475 2053 2654 2123 pudet
2684 2069 2877 2117 nosse.
2928 2054 2996 2108 de
3050 2055 3341 2110 Marcione
3388 2055 3622 2110 interim

1978 2139 2121 2206 solo,
2157 2143 2326 2211 cujus
2359 2141 2576 2196 mentio
2608 2141 2667 2195 in
2685 2141 2977 2214 epistolae
2999 2148 3053 2198 te
3066 2145 3137 2198 ad
3157 2162 3262 2201 nos
3275 2145 3625 2200 transmissa

1978 2229 2127 2284 facta
2155 2234 2264 2294 est,
2299 2229 2700 2285 examinemus
2731 2248 2804 2285 an
2857 2231 3044 2303 possit
3096 2233 3468 2305 baptismatis
3496 2236 3625 2304 ejus

1977 2319 2120 2372 ratio
2153 2323 2438 2373 constare.
2472 2318 2758 2376 Dominus
2779 2319 2934 2375 enim
2976 2327 3108 2392 post
3138 2323 3621 2378 resurrectionem

1977 2407 2296 2476 discipulos
2327 2423 2466 2462 suos
2495 2408 2758 2479 mittens,
2785 2410 3284 2480 quemadmodum
3326 2411 3620 2482 baptizare

1976 2495 2254 2550 deberent
2287 2495 2564 2550 instruxit
2613 2501 2670 2551 et
2727 2497 2926 2552 docuit
2977 2498 3176 2554 dicens
3205 2500 3249 2534 θ’
3289 2502 3476 2556 :Data
3536 2509 3616 2554 est

1975 2583 2117 2638 mihi
2168 2585 2345 2638 omnis
2370 2592 2604 2654 potestas
2632 2587 2693 2638 in
2721 2589 2857 2641 casto
2886 2594 2938 2641 et
2966 2587 3030 2640 in
3061 2590 3228 2643 terra.
3264 2590 3340 2644 Ite
3395 2605 3520 2660 ergo
3569 2597 3621 2643 et

1974 2673 2153 2727 docete
2179 2689 2369 2729 omnes
2396 2678 2599 2744 gentes,
2632 2673 2970 2745 baptizantes
2996 2677 3041 2710 ²⁹
3058 2693 3150 2732 eos
3181 2679 3240 2732 in
3263 2681 3487 2733 nomine
3511 2679 3623 2733 Pa-

1976 2764 2098 2829 tris,
2129 2772 2179 2817 et
2207 2763 2357 2828 Filii,
2387 2768 2438 2817 et
2469 2762 2706 2834 Spiritus
2735 2766 2913 2818 sancti
2940 2765 3125 2820 Matth.
3160 2783 3354 2834 xxvm,
3390 2766 3484 2832 18,
3509 2766 3620 2837 19).

1977 2853 2238 2906 Insinuat
2269 2851 2637 2916 Trinitatem,
2667 2853 2833 2921 cujus
2865 2860 3234 2909 sacramento
3284 2854 3498 2910 Gentes
3524 2854 3622 2910 ba-

1973 2940 2483 3010 ptizarentur(2‘7).
2509 2940 2807 3012 Numquid
2821 2941 2972 2997 hanc
2999 2941 3340 2998 Trinitatem
3372 2942 3626 2999 Marcion

1974 3033 2134 3084 tenet
2161 3027 2189 3082 ?
2216 3027 2505 3098 numquid
2561 3029 2834 3084 eumdem
2889 3031 3098 3086 asserit
3125 3031 3170 3066 ³⁰
3199 3048 3373 3102 quem
3432 3036 3488 3088 et
3519 3048 3628 3087 nos

1978 3121 2205 3173 Patrem
2225 3117 2575 3172 creatorem?
2586 3117 2883 3189 Numquid
2901 3119 3174 3174 eumdem
3192 3120 3350 3175 novit
3372 3119 3626 3175 Filium"

213 3210 467 3265 trocinio
497 3225 822 3264 consensus
851 3209 1032 3264 nostri
1063 3209 1106 3243 ²⁵
1162 3208 1276 3280 (23)
1315 3225 1548 3279 augere,
1619 3226 1751 3264 cum
1801 3208 1864 3263 li-
1892 3193 1935 3259 C
1974 3207 2268 3262 Christum
2303 3207 2375 3261 de
2397 3206 2578 3260 Maria
2595 3206 2835 3278 Virgine
2852 3213 3078 3278 natum,
3107 3209 3206 3279 qui
3245 3209 3444 3264 Sermo
3493 3226 3627 3265 caro

216 3297 429 3351 benter
460 3312 525 3350 ac
560 3301 824 3366 prompte
855 3297 1260 3366 obtemperant
1302 3295 1548 3352 veritati.

295 3384 385 3438 lV.
410 3384 604 3454 Plane,
638 3385 918 3455 quoniam
941 3384 1134 3439 inveni
1154 3385 1211 3438 in
1234 3385 1482 3455 epistola
1498 3385 1666 3454 cujus
1684 3401 1871 3440 exem-

213 3473 385 3546 plum
419 3473 490 3528 ad
524 3490 616 3528 me
643 3472 1052 3542 transmisisti,
1077 3472 1360 3544 scriptum
1375 3488 1501 3528 esse
1534 3474 1687 3544 quod
1719 3491 1870 3544 quae-

216 3562 472 3618 rendum
504 3579 619 3617 non
660 3563 738 3616 sit
765 3563 894 3631 (24)
925 3562 1057 3633 quis
1107 3561 1506 3633 baptizaverit,
1557 3563 1790 3633 quando
1820 3562 1869 3615 is

214 3650 321 3720 qui
357 3650 686 3721 baptizatus
718 3651 796 3705 sit
825 3649 1084 3722 accipere
1133 3648 1440 3704 remissam
1500 3655 1868 3720 peccatorum

211 3738 477 3811 potuerit
531 3741 855 3795 secundum
915 3739 1068 3810 quod
1102 3738 1368 3807 credidit,
1402 3740 1868 3810 praetereundum

1979 3295 2170 3351 factus
2210 3295 2308 3362 sit,
2341 3295 2438 3367 qui
2476 3301 2708 3366 peccata
2740 3300 2939 3352 nostra
2968 3297 3298 3366 portaverit,
3337 3298 3438 3369 qui
3471 3315 3624 3353 mor-

1979 3389 2096 3440 tem
2121 3383 2418 3439 moriendo
2433 3383 2650 3448 vicerit,
2684 3384 2783 3456 qui
2808 3385 3292 3441 resurrectionem
3316 3387 3508 3440 carnis
3529 3402 3632 3457 per

1980 3472 2362 3543 semetipsum
2414 3472 2641 3543 primus
2669 3471 3003 3537 initiaverit,
3055 3478 3114 3527 et
3160 3473 3465 3544 discipulis
3505 3472 3630 3528 suis

1979 3561 2133 3632 quod
2196 3561 2254 3614 in
2299 3560 2499 3615 eadem
2560 3574 2733 3614 carne
2787 3562 3200 3617 resurrexisset
3255 3563 3631 3618 ostenderit?

1981 3651 2174 3721 Longe
2204 3647 2316 3703 alia
2345 3653 2434 3703 est
2464 3649 2616 3720 apud
2651 3649 3026 3718 Marcionem,
3063 3651 3165 3706 sed
3195 3655 3252 3706 et
3281 3652 3437 3724 apud
3472 3657 3636 3708 cwte-

1980 3755 2074 3794 ros
2111 3735 2408 3792 haereticos
2440 3737 2604 3792 ﬁdes.
2639 3738 2760 3792 Imo
2790 3737 2937 3792 nihil
2985 3743 3076 3795 est
3134 3740 3289 3812 apud
3333 3739 3463 3796 illos
3514 3740 3630 3797 nisi

1631 3858 1836 3919 Variae
1872 3857 2194 3919 lectiones.

288 3963 333 4033 ²ν¹
366 3960 682 4033 Relinquat
717 3961 976 4018 Ecclesiae
1000 3964 1152 4018 Lam.
1189 3963 1316 4018 Bod.
1355 3965 1405 4024 1.
1437 3964 1494 4025 2.
1527 3963 1630 4018 NG.
1667 3965 1718 4030 1,
1748 3965 1802 4018 2.
1838 3965 1961 4019 Lin.
1989 3963 2152 4018 Ebor.
2186 3959 2687 4033 "(Conversorum
2723 3967 2873 4018 Lam.
2934 3963 3063 4018 Bod.
3096 3966 3148 4016 2.
3201 3965 3367 4018 Ebor.
3429 3963 3538 4018 ΝΟ.
3572 3967 3622 4019 1-

207 4034 262 4068 ⁸³
297 4032 404 4088 Sic.
438 4032 594 4088 Lam.
629 4033 758 4088 Bod.
794 4035 844 4098 1,
873 4035 926 4088 2.
964 4035 1129 4090 Ebor.
1155 4035 1278 4088 Lin.
1321 4033 1428 4090 NG.
1465 4035 1516 4101 1,
1548 4038 1601 4088 2.
1627 4034 1720 4090 Eis
1750 4035 1923 4092 Oxon.
1957 4039 2012 4090 et
2039 4034 2168 4090 alii.
2233 4032 2280 4066 ³⁸
2309 4032 2419 4087 Sic.
2451 4033 2603 4086 Lam.
2642 4033 2811 4088 Ebor.
2846 4033 2977 4088 Bod.
3013 4035 3062 4102 1,
3096 4036 3150 4088 2.
3185 4036 3308 4090 Lin.
3343 4034 3449 4089 N0.
3488 4036 3539 4100 1,
3572 4038 3624 4090 2.

207 4103 478 4178 Veniunt
509 4110 573 4178 ut
594 4105 790 4160 dicant
821 4122 892 4178 an
919 4104 1093 4162 Oxon.
1115 4106 1181 4178 7’37
1203 4107 1316 4161 Nos
1347 4122 1462 4160 non
1497 4107 1703 4161 demus
1735 4111 2035 4178 stuporem
2070 4103 2359 4178 hiereticis
2391 4103 3050 4178 patrpc_ino_consensus
3069 4107 3274 4172 nostri,
3299 4123 3430 4178 cum
3467 4107 3623 4161 Lam.

213 4176 392 4230 Ebor.
428 4176 554 4231 Bod.
590 4178 641 4240 1,
672 4178 725 4229 2.
760 4177 863 4232 NG.
902 4179 951 4242 1,
995 4181 1046 4231 2.
1085 4177 1128 4212 ³⁸
1159 4177 1265 4232 Sic.
1303 4179 1452 4231 Lam.
1485 4179 1642 4233 Ebor.
1674 4179 1797 4232 Lm.
1831 4175 1937 4234 NG.
1972 4180 2024 4245 1,
2047 4179 2102 4231 2.
2138 4175 2272 4230 Bod.
2310 4176 2358 4242 1,
2390 4175 2444 4228 2.
2505 4175 2630 4228 Fab.
2687 4175 2910 4230 Gladiis
2963 4194 3030 4232 ac
3078 4178 3317 4233 venenis
3375 4175 3549 4233 Oxon.
3583 4179 3626 4212 ³⁷

205 4247 328 4320 Sic.
359 4246 516 4320 Ebor.
549 4248 663 4320 βοά
688 4248 743 4320 1,
767 4251 821 4302 2.
858 4249 978 4302 Lin.
1011 4249 1118 4304 NO.
1155 4250 1206 4313 1,
1239 4252 1288 4303 2.
1324 4248 1701 4320 Singulorum
1735 4249 1908 4306 Oxon.
1944 4250 1989 4284 "
2022 4247 2264 4304 Instruit
2294 4253 2350 4320 et
2380 4247 2571 4320 docet,
2591 4246 2799 4320 dicens
2816 4247 2968 4302 Lam.
2995 4249 3156 4304 Ebor.
3181 4249 3286 4303 N6.
3320 4249 3370 4315 1,
3404 4251 3458 4303 2.
3491 4249 3624 4303 Bod.

207 4319 237 4374 4
259 4361 277 4384 ,
308 4319 363 4371 2.
400 4318 518 4373 Lin.
557 4319 818 4393 Instituit
848 4322 1019 4393 Oxon.
1053 4321 1097 4354 ²⁹
1132 4320 1346 4393 Gentes
1377 4318 1580 4376 omnes
1612 4320 1906 4393 tingentes
1932 4322 2083 4376 Lam.
2111 4321 2287 4393 #Ebor.
2316 4319 2454 4393 Bodl
2481 4319 2530 4386 1,
2554 4319 2607 4371 2.
2641 4319 2756 4393 NO.
2787 4319 2837 4388 1,
2868 4320 2921 4393 2.
2954 4321 2998 4393 ἕο
3023 4319 3326 4393 Ναωῳιὶιι
3353 4321 3624 4393 eumdem

265 4405 397 4444 uem
430 4394 487 4444 et
520 4407 626 4444 nos
657 4391 814 4445 novit
842 4392 996 4446 Lam.
1033 4391 1162 4446 Bod.
1201 4393 1249 4458 1,
1280 4393 1334 4446 2.
1371 4394 1525 4448 Ebor.
1561 4388 1832 4449 Lin.'NC.
1869 4395 1920 4458 1,
1949 4393 2004 4448 2.
2031 4393 2074 4428 ⁸¹
2105 4391 2388 4445 Eumdem
2420 4389 2601 4444 Deum
2636 4388 2826 4444 ﬁlium
2858 4390 2990 4447 Bod.
3040 4393 3094 4446 2.
3147 4388 3251 4447 Lin
3280 4392 3344 4447 Ν.
3378 4390 3435 4446 C.
3482 4392 3535 4457 1,
3569 4392 3621 4446 2.

264 4463 387 4516 bar.
422 4461 702 4516 Eumdem
733 4462 890 4517 novit
921 4461 1106 4516 filium
1129 4465 1261 4519 Fab.

1421 4553 1718 4631 Stephani
1749 4551 1981 4612 Baluzii
2001 4519 2197 4610 ὶιοιεε.

293 4655 406 4731 (1ξ3)
437 4660 731 4731 Extremo.
766 4657 954 4713 Codex
985 4658 1044 4713 S.
1077 4658 1362 4731 Arnulphi
1393 4659 1657 4714 extrario.

214 4727 406 4854 8021(3)
426 4729 828 4809 .Relinquamus
855 4731 1110 4786 Ecclesia
1147 4727 1305 4786 Idem
1354 4731 1554 4797 codex,
1604 4729 1869 4800 relinquit

387 4815 490 4853 sta.

269 4813 490 4854 caesia.

295 4869 406 4939 (20)
442 4874 625 4939 Longa
652 4874 804 4926 aetas.
838 4871 981 4927 Vide
1040 4871 1466 4928 observationes
1523 4871 1754 4939 Rigaltii
1800 4871 1871 4926 ad

209 4940 385 5066 bigae
416 4941 628 5066 legum.
668 4941 802 4998 Vide
832 4943 1010 4999 etiam
1028 4943 1321 4999 Sirmondi
1355 4949 1520 4998 notas
1551 4940 1624 4998 ad
1654 4942 1870 4999 librum

209 5029 257 5066 x
324 5027 472 5066 acun
521 5030 559 5066 1.

205 5029 257 5068 x
281 5027 559 5068 r'acunm.

296 5083 512 5153 (21)Ad
542 5083 642 5139 hoc
669 5087 815 5140 venit
846 5090 908 5141 ut
954 5087 1146 5141 discat.
1194 5086 1279 5139 Ita
1333 5101 1445 5139 xvn
1506 5085 1638 5140 libri
1689 5085 1871 5141 nostri

201 5160 447 5229 yeteres
476 5160 533 5229 et
563 5172 638 5229 vn
663 5157 988 5228 Anglicani.
1013 5157 1210 5228 Neque
1235 5155 1487 5211 dubitari
1521 5161 1710 5228 potest
1731 5156 1869 5229 quin

203 5226 350 5300 haec
371 5225 550 5300 lectio
580 5228 657 5282 sit
685 5225 924 5300 optima.

298 5299 414 5367 (22)
437 5299 699 5354 Debemus
725 5297 1020 5369 stuporem.
1056 5297 1179 5352 Duo
1210 5297 1341 5352 libri
1372 5297 1873 5363 veteres,debemus

204 5371 452 5439 stupore
475 5371 721 5426 haeretici
763 5372 1111 5440 patrocinari
1145 5369 1428 5426 haereticos
1483 5373 1534 5424 et
1579 5385 1874 5424 consensus

204 5443 425 5507 nostri,
458 5447 568 5507 etc,
605 5443 709 5497 Sex
765 5441 1092 5512 Anglicani,
1150 5458 1260 5497 non
1310 5442 1569 5497 debemus
1599 5447 1874 5511 stuporem

207 5511 506 5584 hereticis
533 5515 846 5584 patrocinio
868 5529 1158 5568 consensus
1187 5517 1378 5579 nostri,
1415 5530 1558 5577 cum,
1619 5517 1726 5566 etc.
1748 5513 1874 5584 __Ita

207 5582 409 5656 etiam
431 5584 489 5638 in
522 5582 639 5656 uno
661 5600 729 5640 ex
760 5585 996 5639 nostris.
1031 5584 1314 5656 Stuporem
1358 5585 1686 5656 gentilitatis
1731 5582 1875 5638 dixit

211 5653 479 5711 Pontius
499 5655 784 5712 diaconus
806 5655 866 5710 in
901 5656 1026 5712 Vita
1045 5653 1338 5730 Cypriani.

2046 4655 2187 4729 (23),
2225 4655 2540 4729 Piatrocinio
2571 4671 2882 4712 consensus.
2943 4657 3131 4713 Codex
3206 4657 3265 4713 S.
3320 4655 3626 4729 Arnulphi,

1971 4727 2275 4799 patrocinii
2302 4731 2353 4781 et
2378 4742 2692 4799 consensus.

2048 4798 2160 4868 (23)
2193 4797 2570 4871 Quaerendum
2598 4815 2713 4853 non
2739 4799 2829 4871 sit.
2891 4799 3034 4855 Vide
3085 4799 3303 4856 librum
3353 4799 3627 4871 anonymi

1981 4869 2045 4925 de
2066 4871 2451 4939 Repatismate,
2485 4869 2636 4925 infra
2666 4887 2722 4941 p.
2751 4870 2877 4925 353.

2053 4941 2164 5012 (25)
2201 4941 2592 5012 Ant/trapiani.
2650 4940 2794 4996 Vide
2849 4941 3172 4998 doctissimi
3219 4941 3328 4997 viri
3380 4940 3626 4997 Joannis

1981 5012 2252 5084 Baptista
2275 5012 2537 5067 Cotelerii
2568 5017 2735 5068 notas
2752 5013 2823 5068 ad
2857 5012 3072 5070 librum
3100 5018 3326 5070 sextum
3360 5014 3625 5069 Constitu-

1982 5087 2199 5156 tionum
2231 5084 2681 5156 apostolicarum,
2703 5100 2828 5156 cap.
2864 5084 2951 5139 10.

2053 5155 2163 5238 (26)
2194 5155 2374 5236 Gtadij
2397 5171 2461 5238 ac
2510 5170 2721 5238 venena
2750 5155 2835 5209 Ita
2871 5156 3300 5238 .reponenduin
3331 5171 3466 5238 esse.
3488 5170 3622 5235 cen-

1981 5226 2233 5297 suimus,
2258 5226 2395 5297 quia
2424 5226 2507 5280 ita
2535 5226 2820 5297 scriptum
2869 5226 3202 5282 invenimus
3239 5227 3298 5280 in
3347 5226 3624 5297 tredecim

1981 5296 2148 5353 libris
2186 5296 2403 5353 nostris
2435 5296 2726 5369 veteribus
2757 5302 2814 5352 et
2860 5297 2920 5352 in
2977 5304 3196 5369 septem
3263 5296 3618 5369 Anglicanis.

1981 5369 2168 5424 Gladii
2198 5373 2393 5424 autem
2426 5368 2505 5423 illi
2540 5373 2596 5423 et
2623 5386 2844 5424 venena
2865 5367 3193 5425 referuntur
3222 5370 3291 5423 ad
3325 5367 3625 5423 haereticos

1981 5440 2111 5564 ihllo:
2143 5445 2423 5523 tanquam
2447 5440 2721 5512 epitheta,
2757 5446 2820 5496 ut
2851 5458 3000 5514 sape
3048 5441 3199 5512 apud
3251 5445 3509 5495 oratores
3566 5443 3626 5495 et

2023 5529 2072 5564 ιε
2103 5528 2309 5564 oricos.

2023 5513 2309 5567 istoricos.

2050 5584 2164 5653 (27)
2194 5583 2845 5652 Baptizarenturﬂodex
2872 5581 3060 5640 sancti
3088 5581 3376 5654 Arnulphi
3403 5582 3628 5653 tingue-

1979 5661 2197 5711 rentur.
