4098 6178
492 354 648 412 1159

1536 345 1639 404 DE
1684 343 2276 407 HEBETICORUM
2319 343 2846 409 BAPTISMATE.

3680 356 3804 418 1160

485 482 732 555 perﬁdia
762 484 818 535 et
848 478 1215 550 blasphemia
1228 486 1281 532 et
1310 476 1607 532 contentio
1620 474 2008 531 sanctitatis”
2024 474 2134 546 (28)
2165 478 2220 542 Α
2251 475 2406 544 dare,
2441 477 2581 533 foris
2613 483 2808 535 autem
2850 477 3140 551 necligari
3173 478 3380 550 aliquid
3403 496 3554 552 posse
3582 498 3667 538 nec
3694 482 3804 541 solvi

487 576 543 627 et
570 569 832 625 veritatis
867 567 1125 622 inimica.
1178 566 1479 631 Quomodo
1510 581 1647 638 ergo
1712 569 1905 636 potest
1962 563 2146 618 videri

484 660 587 732 qui
608 660 759 732 apud
774 657 904 713 illos
926 656 1252 728 baptizatur
1269 658 1618 711 consecutus
1633 668 1760 711 esse
1775 658 2145 725 peccatorum

485 748 816 816 remissam,
847 750 904 802 et
934 743 1532 816 divinseindulgentiaa
1565 743 1815 815 gratiam
1854 759 1956 814 per
1976 757 2145 798 suam

488 839 686 903 fidem,
719 836 818 908 qui
860 835 1049 907 ipsius
1099 834 1234 888 fidei
1283 850 1399 889 non
1446 831 1719 887 habuerit
1775 831 2075 887 veritatem
2118 829 2147 885 ?

482 926 542 981 Si
569 926 749 993 enim,
787 924 941 980 sicut
964 923 1319 995 quibusdam
1338 922 1588 990 videtur,
1610 922 1936 976 secundum
1970 919 2145 974 fidem

489 1034 659 1075 suam
692 1014 827 1086 quis
859 1013 1122 1083 accipere
1153 1010 1372 1082 aliquid
1437 1009 1576 1065 foris
1609 1014 1772 1065 extra
1826 1007 2145 1064 Eoclesiam

489 1105 698 1180 potuit,
730 1102 937 1173 utique
992 1100 1051 1155 id
1100 1099 1321 1170 accepit
1380 1098 1535 1169 quod
1587 1096 1846 1152 credidit.
1910 1095 2142 1150 Falsum

488 1200 683 1251 autem
716 1191 957 1247 credens
989 1205 1188 1244 verum
1220 1187 1482 1259 accipere
1512 1203 1628 1242 non
1662 1186 1871 1258 potuit,
1908 1185 2007 1241 sed
2042 1200 2145 1256 po-

483 1284 608 1340 tius
638 1279 903 1338 adultera
932 1284 989 1334 et
1013 1278 1276 1349 profana,
1311 1276 1633 1332 secundum
1664 1275 1818 1345 quod
1852 1274 2141 1341 credebat,

494 1370 736 1443 accepit.

563 1463 662 1515 VI.
695 1462 877 1525 Quem
910 1457 1101 1511 locum
1119 1454 1345 1527 profani
1377 1452 1693 1510 etadulteri
1716 1450 2145 1523 baptismisub-

492 1550 673 1606 tiliter
701 1546 987 1604 Jeremias
1010 1543 1293 1616 prepbeta
1315 1541 1900 1615 perstringitdicens:
1939 1543 2001 1599 Ut
2014 1540 2146 1612 quid

491 1641 589 1711 qui
613 1638 939 1693 contr-istaut
966 1650 1052 1689 me
1079 1633 1391 1704 praevalent
1418 1635 1442 1685 .7
1472 1632 1648 1702 Plaga
1684 1647 1805 1685 mea
1837 1630 2013 1686 solida
2041 1639 2143 1695 est,

492 1729 633 1785 unde
663 1726 946 1783 sanabor?
976 1725 1111 1778 Dum
1140 1724 1222 1793 ﬁt,
1266 1724 1415 1793 facta
1457 1725 1539 1776 cst
1595 1720 1738 1775 mihi
1783 1720 1942 1791 quasi
1995 1736 2145 1791 aqua

494 1817 739 1874 mendax
769 1831 878 1870 non
910 1815 1120 1869 habens
1146 1811 1305 1881 ﬁdem
1337 1812 1556 1881 (larem.
1589 1827 1681 1879 xv,
1734 1811 1842 1878 18).
1897 1808 2140 1864 Mentio-

493 1923 625 1962 nem
662 1905 800 1960 facit
825 1919 926 1975 per
979 1899 1321 1974 prophetam
1381 1898 1636 1970 Spiritus
1692 1902 1933 1955 sanctus
1982 1914 2145 1969 aqua;

488 1992 789 2051 mendacis
818 1996 875 2048 et
902 1991 1076 2046 ﬁdem
1111 2006 1225 2043 non
1255 1988 1546 2043 habentis.
1572 1989 1710 2053 Quae
1730 1991 1819 2042 est
1849 1986 1971 2041 haec
1993 2003 2145 2058 aqua

489 2083 740 2139 mendax
770 2086 827 2136 et
858 2079 1077 2152 perﬁda
1102 2079 1129 2131 ?
1157 2077 1368 2148 Utique
1398 2093 1465 2131 ea
1486 2092 1614 2146 quae
1636 2074 1910 2147 baptismi
1934 2075 2142 2147 imagi-

493 2188 628 2229 nem
660 2171 943 2226 mentitur
967 2171 1023 2223 et
1054 2166 1306 2238 gratiam
1341 2163 1471 2219 ﬁdei
1507 2164 1860 2219 adumbrata
1897 2162 2140 2219 simula-

493 2265 651 2317 tione
681 2259 727 2295 ³³
749 2254 1263 2318 frustratur.0uod
1293 2253 1340 2307 si
1355 2252 1678 2308 secundum
1703 2268 1941 2323 pravam
1966 2251 2139 2306 fidem

496 2348 777 2420 baptizari
823 2345 1037 2415 aliquis
1096 2343 1238 2398 foris
1297 2346 1351 2395 et
1398 2340 1708 2395 remissam
1767 2345 2137 2412 peccatorum

496 2435 775 2507 consequi
807 2433 1015 2505 potuit,
1040 2431 1363 2488 secundum
1404 2431 1605 2485 1114
1646 2429 1912 2485 eamdem
1963 2429 2134 2483 fidem

496 2523 776 2596 consequi
806 2526 864 2578 et
891 2522 1176 2593 Spiritum
1201 2523 1472 2575 sanctum
1501 2517 1776 2589 potuit,et
1801 2535 1917 2574 non
1939 2522 2029 2574 est
2045 2534 2140 2574 ne-

492 2632 656 2672 cesse
684 2614 735 2670 ei
766 2610 1017 2668 venienti
1046 2625 1285 2664 manum
1331 2607 1553 2679 imponi
1585 2612 1649 2661 ut
1679 2607 1963 2679 Spiritum
1997 2624 2134 2663 san-

434 2746 437 2747 ν
490 2709 651 2761 ctum
682 2703 1072 2770 consequatur
1099 2700 1159 2752 et
1178 2697 1462 2768 signetur.
1495 2699 1609 2750 Aut
1640 2700 1958 2768 utrumque
1979 2696 2136 2751 enim

488 2794 603 2849 fide
633 2807 740 2847 sua
759 2789 899 2846 foris
923 2789 1033 2861 (29)
1064 2785 1339 2855 consequi
1368 2785 1416 2820 ³⁸
1460 2785 1669 2856 potuit,
1715 2789 1818 2840 aut
1865 2789 2137 2841 neutrum

490 2898 691 2940 eorum
724 2880 824 2952 qui
856 2877 998 2934 toris
1027 2876 1217 2931 fuerat
1247 2874 1488 2946 accepit.

559 2971 680 3026 VII.
714 2969 1091 3025 Manifestum
1114 2968 1205 3021 est
1227 2968 1424 3019 autem
1454 2963 1551 3019 ubi
1575 2969 1633 3019 et
1650 2980 1748 3034 per
1775 2982 1919 3036 quos
1932 2965 2140 3020 remis.

492 3078 558 3117 ea
589 3063 960 3132 peccatorum
991 3055 1115 3110 dari
1147 3053 1354 3124 possit,
1379 3069 1506 3124 quae
1528 3051 1587 3107 in
1607 3053 1896 3125 baptismo
1920 3053 2141 3111 scilicet

494 3152 685 3205 datur.
720 3147 867 3201 Nam
904 3150 1067 3199 Petro
1099 3143 1355 3214 primum
1404 3140 1707 3208 Dominus,
1743 3159 1920 3213 super
1965 3159 2139 3214 quem

2256 564 2354 619 ubi
2388 581 2501 620 non
2533 567 2609 621 sit
2632 568 2729 638 qui
2761 573 2865 623 aut
2897 566 3078 639 ligare
3109 567 3292 639 possit
3345 568 3541 641 aliquid
3594 576 3676 624 aut
3721 573 3804 628 sol-

2256 669 2384 709 vere
2414 654 2477 709 ⁸⁸.

2324 744 2471 799 VIII.
2497 744 2611 800 Nec
2637 744 2764 812 hoc,
2799 745 2975 801 frater
3011 744 3368 814 charissima,
3420 745 3534 802 sine
3560 746 3808 820 Scriptura

2254 831 2462 887 divinis
2492 833 2836 889 auctoritate
2858 834 3257 906 proponimus,
3276 838 3339 888 ut
3358 834 3598 889 dicamus
3616 837 3811 893 certale-

2254 936 2324 993 ge
2346 937 2411 976 ac
2440 923 2677 994 propria
2705 923 3071 979 ordinatione
3103 922 3379 978 divinitus
3404 928 3590 978 cuncta
3608 940 3713 979 esse
3730 926 3814 981 dis-

2255 1010 2467 1081 posita,
2516 1027 2619 1066 nec
2646 1028 2815 1082 posse
2872 1028 3221 1083 quemquam
3274 1016 3465 1066 contra
3518 1012 3817 1083 episcoposﬂ

2254 1101 2311 1151 et
2340 1099 2669 1154 sacerdotes
2701 1115 2985 1170 usurpare
3017 1098 3128 1154 sibi
3142 1097 3353 1170 aliquid
3387 1099 3528 1170 quod
3557 1116 3654 1154 non
3676 1099 3817 1156 sitsui

2246 1185 2400 1256 juris
2431 1192 2487 1242 et
2517 1187 2842 1259 potestatis.
2881 1188 3022 1243 Nam
3054 1193 3111 1244 et
3138 1187 3321 1244 Cbore
3349 1195 3403 1243 et
3425 1187 3623 1243 Datban
3650 1192 3697 1243 et
3716 1189 3818 1244 Abi-

2254 1290 2357 1329 ron
2372 1284 2573 1330 contra
2585 1276 2818 1348 Moysen
2850 1281 2908 1332 et
2937 1279 3121 1332 Aaron
3152 1276 3500 1332 sacerdotem
3521 1276 3819 1332 sacrificandi

2254 1363 2367 1419 sibi
2402 1363 2698 1420 licentiam
2730 1381 3015 1437 usurpare
3071 1365 3262 1422 conati
3320 1369 3451 1421 sunt
3477 1364 3581 1437 (31)
3610 1383 3623 1433 ;
3653 1382 3736 1420 nec
3760 1371 3820 1421 ta-

2256 1468 2386 1507 men
2419 1454 2573 1525 quod
2606 1453 2805 1509 illicito
2830 1454 2956 1509 ausi
2988 1459 3148 1521 sunt,
3186 1454 3420 1525 impune
3450 1454 3677 1508 fecerunt
3710 1470 3721 1508 :
3767 1457 3815 1507 Et

2253 1541 2356 1596 filii
2387 1545 2598 1613 Aaron,
2631 1544 2729 1615 qui
2761 1543 3017 1600 alienum
3050 1543 3245 1616 ignem
3275 1541 3433 1598 altari
3462 1541 3822 1614 imposuerunt,

2251 1631 2308 1686 in
2334 1637 2649 1703 conspectu
2684 1633 2881 1687 statim
2932 1631 3159 1687 Domini
3219 1631 3569 1704 indignantis
3614 1630 3821 1685 exstincti

2255 1725 2395 1775 sunt
2419 1721 2485 1776 ³³.
2513 1721 2674 1788 Quod
2720 1720 3076 1793 supplicium
3111 1727 3310 1777 manet
3361 1737 3455 1776 eos
3510 1720 3601 1791 qui
3627 1719 3821 1775 alienam

2253 1826 2466 1880 aquam
2498 1810 2788 1882 baptismo
2808 1811 3066 1867 inferunt
3094 1810 3237 1866 falso
3271 1811 3415 1881 “,ut
3443 1808 3623 1864 divina
3639 1825 3825 1864 censura

2254 1898 2575 1955 ulciscatur
2603 1906 2659 1956 et
2686 1898 2941 1955 vindicet
2962 1900 3017 1954 id
3051 1900 3559 1955 hmreticoscontra
3577 1896 3826 1954 Ecclesium

2252 2004 2450 2059 gerere
2480 1989 2630 2058 quod
2665 2006 2778 2044 non
2812 1988 2923 2044 nisi
2964 1988 3073 2044 soli
3105 1987 3279 2044 liceat
3308 1987 3584 2043 Ecclesia.

2326 2078 2417 2133 IX.
2447 2078 2609 2143 Quod
2645 2086 2837 2132 autem
2871 2077 3074 2133 dicunt
3106 2077 3345 2149 quidam
3377 2076 3446 2132 de
3475 2076 3552 2131 eis
3573 2075 3727 2147 quiin
3752 2074 3825 2130 Sa-

2252 2166 2437 2221 maria
2464 2166 2738 2238 baptizati
2758 2166 3007 2235 fuerant,
3026 2165 3474 2222 advenientibus
3496 2162 3737 2235 apostolis
3755 2162 3826 2217 Pe.

2250 2262 2340 2312 tro
2370 2260 2427 2310 et
2454 2255 2698 2322 Joanne,
2732 2259 2965 2310 tantum
2979 2270 3268 2325 supereos
3292 2268 3524 2309 manum
3558 2249 3825 2323 impositam

2248 2361 2397 2411 esse,
2440 2349 2503 2399 ut
2533 2343 2862 2415 acciperent
2892 2343 3175 2415 Spiritum
3191 2348 3481 2407 sanctum,
3505 2340 3824 2412 rebaptizatos

2246 2439 2442 2489 tamen
2472 2449 2588 2487 non
2619 2448 2767 2499 esse,
2790 2432 2983 2487 locum
3017 2432 3197 2487 istum
3237 2433 3284 2467 ‘0
3313 2432 3445 2503 (32),
3469 2430 3633 2484 frater
3653 2425 3819 2483 charis-

2246 2523 2491 2589 sime,ad
2522 2522 3088 2593 ilIEpraasentem
3116 2538 3359 2576 causam
3375 2521 3623 2574 videmus
3637 2516 3822 2572 omnino

2246 2630 2363 2669 non
2395 2610 2986 2684 pertinere.Illienim
3016 2608 3115 2682 qui
3144 2608 3204 2664 in
3239 2608 3502 2665 Samaria
3527 2604 3823 2662 crediderant

2245 2702 2359 2756 ﬁde
2380 2717 2514 2756 vera
2559 2690 2955 2767 crediderant,
2997 2704 3053 2754 et
3100 2698 3266 2755 intus
3323 2699 3385 2753 in
3441 2695 3690 2762 Ecclesia,
3730 2707 3821 2763 qus

2247 2807 2365 2845 una
2393 2794 2500 2856 est,
2534 2793 2590 2845 et
2617 2790 2710 2843 cui
2743 2787 2849 2844 soli
2882 2786 3130 2859 gratiam
3144 2786 3426 2860 baptismi
3457 2786 3585 2841 dare
3599 2784 3635 2819 “
3664 2786 3711 2837 et
3729 2795 3823 2851 pec-

2246 2889 2372 2935 cala
2423 2877 2645 2934 solvere
2702 2876 3056 2949 permissum
3115 2880 3227 2943 est,
3262 2894 3297 2932 a
3338 2874 3593 2947 Philippo
3620 2872 3825 2932 diacono,

2247 2984 2423 3040 quem
2454 2967 2629 3022 iidem
2661 2966 2907 3039 apostoli
2958 2966 3268 3036 miserant,
3302 2964 3571 3036 baptizati
3599 2964 3751 3016 erant.
3782 2955 3828 3009 Et

2246 3057 2463 3113 idcirco
2478 3056 2618 3128 quia
2642 3054 2801 3127 legiti
2812 3071 2973 3110 mum
2993 3060 3049 3110 et
3058 3054 3523 3111 ecclesiasticum
3536 3049 3827 3123 baptismum

2249 3146 2547 3204 consecuti
2581 3144 2832 3210 fuerant,
2865 3143 3146 3217 baptizari
3181 3160 3284 3199 eos
3339 3142 3489 3199 ultra
3520 3157 3623 3196 non
3650 3140 3825 3208 oporte-

494 3236 801 3294 zedificavit
832 3233 1244 3298 Ecclesiam,et
1277 3231 1430 3285 unde
1450 3232 1691 3286 unitatis
1724 3231 2006 3303 originem
2030 3233 2142 3304 (30)
2173 3218 2215 3284 C
2255 3236 2373 3301 bat,
2406 3235 2508 3290 sed
2530 3234 2937 3289 tantummodo
2998 3232 3150 3304 quod
3184 3234 3406 3303 deerat,
3452 3230 3507 3286 id
3565 3246 3595 3285 a
3639 3226 3768 3282 Petro
3789 3224 3827 3275 et

490 3325 749 3383 instituit
778 3328 835 3380 et
862 3322 1137 3389 ostendit,
1188 3322 1538 3392 potestatem
1572 3319 1745 3375 istam
1804 3320 1959 3376 dedit
1991 3327 2055 3375 ut
2083 3321 2141 3376 id

489 3416 810 3474 solveretur
838 3415 897 3469 in
930 3412 1091 3469 ccelis
1113 3411 1269 3483 quod
1297 3409 1394 3465 ille
1421 3410 1695 3467 solvisset
1749 3411 1806 3467 in
1852 3412 2044 3468 terris.
2079 3417 2145 3467 Et

492 3510 625 3579 post
646 3503 1131 3560 resurrectionem
1177 3515 1409 3571 quoque
1454 3500 1525 3554 ad
1556 3500 1850 3571 apostolos
1889 3500 2147 3572 loquitur

493 3597 694 3651 dicens
729 3611 741 3648 :
769 3593 922 3648 Sicut
954 3590 1108 3646 misit
1128 3604 1213 3643 me
1265 3592 1449 3654 Pater,
1491 3592 1545 3642 et
1574 3606 1669 3659 ego
1697 3591 1855 3645 mitto
1886 3606 1995 3646 vos.
2031 3596 2146 3646 Hoc

494 3701 621 3740 cum
648 3682 901 3749 dixisset,
937 3680 1262 3751 inspiravit,
1310 3686 1363 3732 et
1397 3679 1481 3731 ait
1510 3679 1663 3733 illis:
1697 3680 1939 3750 Accipite
1966 3680 2141 3751 Spiri-

495 3780 613 3829 tum
639 3780 911 3827 sanctum.
946 3769 1005 3823 Si
1030 3768 1183 3835 cuius
1211 3768 1542 3821 remiscritis
1596 3776 1827 3837 peccata,
1861 3770 2143 3825 remitten—

491 3869 586 3916 tur
613 3861 701 3915 illi
733 3878 745 3926 ;
778 3861 828 3914 si
846 3859 1004 3928 cujus
1060 3856 1345 3912 tenueritis
1372 3855 1436 3922 ³⁵,
1468 3855 1795 3910 tenebuntur
1839 3857 2018 3928 (Joan.
2049 3875 2144 3915 xx.

489 3952 603 4019 21).
640 3949 800 4005 Unde
832 3946 1222 4020 intelligimus
1252 3960 1367 4001 non
1400 3943 1513 3999 nisi
1544 3944 1603 3999 in
1634 3944 1889 4002 Ecclesia
1920 3963 2148 4018 priapo-

490 4041 622 4095 sitis
650 4044 707 4096 et
738 4039 797 4094 in
822 4035 1157 4109 evangelica
1184 4034 1308 4105 lege
1339 4049 1405 4088 ac
1440 4034 1740 4090 Dominica
1779 4035 2146 4091 ordinatione

492 4127 751 4183 fundatis
786 4126 958 4182 licere
989 4125 1283 4196 baptizare
1312 4127 1372 4177 et
1428 4120 1737 4178 remissam
1773 4128 2145 4196 peccatorum

2250 3326 2474 3380 Joanne
2507 3323 2719 3378 factum
2746 3327 2855 3388 est,
2889 3326 2953 3378 ut
2984 3322 3252 3377 oratione
3275 3338 3378 3393 pro
3408 3320 3491 3375 eis
3521 3317 3696 3373 habita
3720 3313 3770 3381 ",
3793 3312 3831 3363 et

2249 3430 2426 3469 manu
2458 3411 2736 3483 imposita
2784 3410 3154 3466 invocaretur
3184 3409 3656 3466 etint‘underetur
3700 3413 3827 3471 super

2252 3518 2350 3558 eos
2380 3500 2631 3574 Spiritus
2662 3503 2922 3556 sanctus.
2958 3499 3117 3563 Quod
3154 3517 3315 3555 nunc
3347 3512 3570 3571 quoque
3597 3492 3726 3564 apud
3751 3502 3824 3541 nos

2253 3592 2495 3664 geritur,
2519 3596 2586 3645 ut
2615 3590 2714 3661 qui
2746 3590 2804 3643 in
2840 3588 3092 3644 Ecclesia
3142 3589 3537 3661 baptizantur,
3568 3574 3825 3656 pmpositis

2254 3681 2368 3753 (33)
2398 3677 2662 3733 Ecclesiae
2692 3679 3030 3749 offerantur,
3065 3681 3122 3733 et
3152 3695 3257 3750 per
3288 3682 3546 3732 nostram
3578 3670 3826 3728 orationem

2254 3785 2320 3824 ac
2346 3784 2556 3823 manus
2607 3767 3041 3838 impositionem
3075 3766 3365 3837 Spiritum
3400 3768 3650 3821 sanctum
3677 3766 3827 3812 conse-

2255 3862 2515 3929 quantur
2542 3860 2599 3911 et
2628 3855 2927 3929 signaculo
2959 3855 3267 3911 Dominico
3300 3854 3758 3912 consummentur.

2322 3945 2389 4001 X.
2421 3944 2545 4002 Non
2579 3949 2671 4001 est
2686 3926 2857 4018 ergo.
2890 3944 3067 4001 frater
3096 3944 3467 4011 charissima,
3500 3938 3639 4012 quod
3668 3926 3830 3990 hereti-

2254 4034 2337 4092 cis
2367 4034 2691 4090 cedendum
2724 4033 3133 4089 existimemus
3154 4040 3223 4089 ut
3254 4033 3564 4105 baptisma,
3594 4024 3723 4098 quod
3754 4032 3833 4074 non

2255 4124 2368 4180 nisi
2388 4122 2489 4178 uni
2520 4126 2577 4178 et
2606 4122 2714 4179 soli
2746 4121 3015 4178 Ecclesiae
3046 4123 3255 4178 datum
3288 4121 3388 4187 sit,
3421 4115 3747 4193 prodendum
3765 4121 3835 4180 pu-

1919 4223 2125 4286 Variaa
2160 4222 2483 4286 lectiones.

565 4340 611 4375 ⁸²
651 4336 956 4395 Contentio
996 4334 1267 4391 vanitatis
1298 4336 1426 4391 Bod.
1461 4337 1510 4391 1.
1544 4336 1590 4371 ⁸³
1616 4336 2037 4391 Adumbratam
2065 4334 2439 4392 simulatione
2464 4334 2601 4391 Bod.
2630 4336 2738 4389 2.“
2766 4335 2925 4391 Foris
2954 4335 3236 4408 consequi
3252 4335 3385 4393 Bod.
3419 4334 3470 4400 1,
3500 4332 3550 4386 2.
3584 4329 3696 4383 Lam
3717 4322 3831 4379 Ebor-

501 4438 608 4494 NC.
646 4441 697 4506 1,
728 4440 782 4492 2.
816 4438 861 4472 ³⁵
891 4432 1284 4492 detinueritiis
1336 4433 1466 4489 Bod.
1502 4436 1552 4489 1.
1585 4434 1629 4468 ⁸⁸
1673 4434 1870 4506 Ligare
1928 4436 2114 4506 possit
2144 4439 2245 4489 aut
2305 4433 2525 4489 solvere
2555 4435 2708 4489 Lam.
2744 4434 2877 4489 Bod.
2936 4435 2988 4506 1,
3022 4436 3077 4492 2.
3108 4437 3284 4492 Ebur.
3345 4436 3466 4491 Lin.
3500 4430 3597 4487 NG.
3654 4428 3696 4506 1,

499 4493 708 4573 Contra
742 4517 1080 4573 Ecclesium.
1118 4514 1430 4585 Episcopos
1456 4515 1579 4570 Lin.
1621 4515 1666 4549 ³⁸
1700 4493 2065 4587 Indignantis
2096 4515 2356 4587 percussi
2390 4514 2513 4570 Lin.
2547 4513 2592 4548 ³⁸
2649 4519 2713 4571 ln
2775 4493 3068 4586 baptismo
3126 4517 3383 4571 oﬁ‘erunt
3433 4512 3587 4568 Ebor.
3618 4504 3709 4562 ΝΟ.
3736 4501 3774 4552 1·
3810 4493 3837 4524 ⁸⁸

499 4617 715 4671 Locum
751 4614 1138 4683 istum,frater
1171 4613 1318 4666 Lam.
1353 4611 1488 4666 Bod.
1552 4613 1602 4678 1,
1633 4613 1690 4667 2.
1722 4614 1845 4667 Lin.
1878 4614 1984 4670 ΝΟ.
2018 4614 2068 4667 1.
2102 4614 2155 4666 2.
2191 4612 2232 4646 ⁴¹
2256 4611 2455 4667 Gratia
2483 4615 2572 4667 est
2592 4610 2872 4686 baptismi
2932 4612 3067 4668 data
3094 4614 3250 4671 Lam.
3302 4613 3411 4670 NG.
3457 4612 3505 4664 1.
3560 4602 3676 4660 Bod.
3726 4600 3768 4650 2-
3810 4592 3839 4627 ⁸¹

497 4712 771 4768 Oratione
810 4728 987 4783 super
1006 4727 1104 4766 eos
1134 4710 1258 4763 Lin.

1817 4808 2113 4886 Stephani
2146 4807 2376 4867 Baluzii
2407 4816 2591 4867 notae.

575 4908 686 4981 (28)
720 4907 1003 4981 Contentio
1027 4907 1355 4981 sanctitatis.
1380 4977 1389 4981 _
1418 4904 1578 4981 Idem
1637 4906 1834 4977 codex,
1883 4880 2152 4961 contentio
2184 4911 2230 4974 D
2262 4904 2387 4981 d_i_ce
2418 4904 2606 4961 sancti
2635 4906 2947 4981 Arnulphi,
2981 4907 3076 4963 ubi
3108 4906 3324 4981 legitur
3352 4898 3592 4976 usurpati
3615 4898 3740 4959 sunt,
3765 4880 3833 4939 ιδ’

504 4977 771 5036 vanitatis
803 4979 983 5033 amica
1012 4986 1063 5033 et
1080 4979 1336 5034 veritatis
1367 4977 1620 5032 inimica.

576 5052 692 5121 (29)
727 5051 861 5105 Fide
879 5066 980 5105 sua
999 5051 1154 5121 foris.
1201 5050 1283 5106 Ita
1340 5047 1783 5103 emendavimus
1808 5050 1865 5103 et
1920 5046 2162 5121 supple-

507 5119 701 5176 vimus
722 5138 790 5176 ex
812 5122 925 5176 fido.
957 5119 1398 5194 quatuordecim
1432 5125 1693 5174 veterum
1739 5119 2164 5194 exemplarium

507 5199 846 5266 nostrorum
872 5197 935 5266 et
962 5191 1063 5249 sex
1091 5193 1550 5266 Anglicanorum
1596 5200 1721 5246 tum
1738 5191 1925 5247 etiam'
1946 5208 2015 5247 ex
2037 5191 2163 5247 edi-

507 5267 666 5320 tione
710 5264 951 5320 Morelli.

576 5336 692 5408 (30)
746 5337 981 5393 Unitatis
1038 5336 1350 5408 originem._
1383 5332 1677 5388 Unitatem
1723 5332 2162 5408 Ecclesim_fre-

507 5403 757 5481 quenter
784 5403 1159 5481 commendat
1186 5406 1529 5481 Cyprianus,
1571 5406 1891 5477 praesertim
1924 5405 1981 5459 in
2014 5403 2162 5460 libro

508 5479 576 5535 de
610 5480 872 5535 Unititate
893 5480 1167 5535 Ecclesiae.

582 5551 692 5635 (31)
712 5552 989 5635 ρίανρανς
1005 5550 1213 5635 conati.
1226 5623 1238 5635 _
1258 5552 1343 5635 ρει
1362 5547 1539 5603 editio
1572 5547 1927 5635 ltisputi‘ana
1940 5546 2159 5635 et‘d‘uo-

508 5617 699 5677 decim
730 5617 863 5678 libri
905 5628 1145 5678 veteres.
1173 5621 1246 5675 At
1260 5620 1542 5675 Erasmus
1560 5622 1618 5672 et
1642 5617 1937 5673 Morellius
1962 5622 2019 5673 et
2041 5621 2161 5673 tres

510 5693 645 5749 libri
672 5698 895 5751 veteres
924 5694 1144 5750 habent
1171 5691 1476 5755 vindicare,
1510 5690 1716 5745 eodem
1739 5705 1937 5745 sensu.
1968 5688 2031 5743 In
2065 5703 2161 5743 co-

2272 4975 2429 5031 ditur
2457 4993 2601 5031 ausu
2621 4975 2909 5047 sacrilebo.
3171 4975 3193 4981 ⁷
3433 5045 3443 5047 ᾉ
3516 5043 3527 5047 _
3636 5036 3649 5047 ,
3716 5029 3725 5041 .

2340 5048 2464 5120 (32)
2484 5050 2683 5104 Locum
2712 5036 2899 5106 istum.
2934 5050 3016 5106 De
3045 5067 3179 5107 vero
3220 5064 3400 5105 sensu
3432 5043 3598 5120 huju}
3624 5036 3730 5120 .119?
3742 5038 3837 5120 Pf‘f'

2269 5096 2392 5173 lix};
2400 5096 3527 5189 ἶίίᾖξτῖῐῖῐὸῖιῖὶζέῐοὶήὲιῖε,Ἶίῑίἶιζῶ
3547 5096 3760 5169 cultibus'
3771 5096 3838 5151 La-

2270 5192 2535 5265 tinorum,
2570 5208 2696 5263 cap.
2720 5193 2807 5259 12,
2832 5211 2897 5265 p.
2927 5194 3067 5265 156.,
3174 5263 3181 5265 _
3614 5238 3765 5265 ,ΛΔ-ε
3797 5232 3807 5265 ε

2342 5262 2456 5334 (33)
2486 5247 3014 5334 [ίνκρόδιϊίέΪΗαόό
3057 5263 3389 5334 lectionem,
3421 5268 3585 5334 quem
3613 5247 3836 5334 ίὲξῖξῗκξξ

2270 5316 2546 5407 omnibus
2567 5316 2831 5407 sanguis
2851 5316 3293 5407 mitissima
3303 5316 3360 5389 in
3374 5316 3839 5407 'qrietuqylji’iifff

2268 5384 3839 5489 {gessissemusa'a_;;.“.'pg.'muiqgratiast;

2270 5476 2443 5531 unico
2473 5457 3160 5552 ani’égiiiéiibadé,‘if
3177 5457 3293 5549 quo
3307 5457 3839 5552 Rppqpffﬁff

2270 5492 2443 5531 unico
2476 5488 2671 5533 codice
2692 5488 3033 5552 Anglicano,
3066 5488 3127 5536 in
3177 5493 3293 5549 quo
3343 5490 3449 5531 scr:
3497 5488 3611 5525 tum
3637 5488 3827 5542 ,σιιυινν

2264 5550 2603 5630 ΡνκΡοδίιοδ-
2637 5549 2823 5615 Quam
2848 5551 3175 5620 lectionem,
3210 5565 3285 5605 ne
3334 5488 3491 5620 quiti)
3526 5524 3838 5595 dissimulem.

2268 5619 2545 5676 exhibent
2570 5637 2777 5677 novem
2809 5628 3008 5683 vetera
3034 5617 3411 5695 exemplaria.
