4098 6178
220 375 366 435 1161

1223 366 1425 434 PARS
1467 367 1516 434 l.
1548 405 1627 418 —-—
1655 362 2156 436 MONUMENTA
2198 363 2606 436 VETERUM.

3467 369 3619 434 1162

217 511 429 563 temus.
463 504 606 560 Boni
637 503 843 559 militis
872 508 960 559 est
987 505 1267 560 adversus
1299 504 1543 561 rebelles
1569 508 1630 560 et
1662 505 1861 560 hostes
1893 507 1948 573 Α
1975 508 2210 560 etatem.
2236 503 2296 559 In
2322 505 2430 560 hac
2444 504 2848 577 praesidentium
2869 515 2973 575 pro
2995 503 3212 559 honore
3232 504 3276 538 ι’
3297 504 3423 574 ejue
3445 505 3622 575 atque

219 594 587 667 imperatoris
610 595 697 649 sui
734 598 925 649 castra
983 594 1310 649 defendere.
1341 594 1589 649 Gloriosi
1624 594 1710 649 sui
1773 598 1863 649 est

215 685 501 740 commisa
547 683 657 738 sibi
684 685 856 754 signa
891 698 1138 737 servare.
1177 682 1476 754 Scriptum
1515 688 1602 739 est
1633 701 1644 738 :
1678 684 1866 738 Domi-

212 789 315 828 nus
345 775 485 829 Deus
513 778 638 827 tuus
667 773 806 826 Deus
835 772 1019 826 celans
1065 773 1144 824 est
1200 772 1382 841 (Deut.
1443 788 1520 841 1v,
1581 773 1692 840 24).
1752 771 1863 836 Qui

216 862 496 934 Spiritum
530 861 629 915 Dei
662 861 1016 930 accepimus,
1036 859 1224 914 zelum
1248 859 1454 914 divinae
1488 860 1614 915 fidei
1651 860 1863 915 habere

215 951 518 1005 debemus.
552 950 676 1013 Quo
696 947 814 1002 zelo
834 947 1078 1002 Phineas
1098 946 1332 1014 placuit,
1356 951 1413 1001 et
1433 947 1615 1001 Deum
1634 962 1860 1018 prome-

220 1040 372 1093 ritus
402 1037 769 1108 indignantis
799 1037 944 1090 iram
973 1036 1019 1069 ‘3
1074 1035 1288 1106 populo
1320 1039 1597 1106 pereunte
1641 1034 1858 1089 lenivit.

210 1128 362 1194 Quid
396 1125 719 1181 adulteram
745 1126 855 1196 (34)
890 1130 945 1179 et
979 1123 1366 1194 alienigenam
1399 1129 1456 1178 et
1482 1123 1689 1179 divinae
1729 1125 1861 1178 uni-

207 1216 353 1271 tatis
386 1214 687 1269 inimicam
747 1214 807 1267 in
841 1216 1144 1282 acceptum
1173 1212 1481 1267 referimus
1529 1212 1592 1278 “,
1653 1213 1860 1268 IIIB

209 1305 313 1377 qui
334 1320 449 1358 non
476 1302 589 1358 nisi
607 1319 790 1357 unum
814 1301 1107 1358 Christum
1126 1307 1182 1356 et
1213 1317 1388 1357 unam
1402 1303 1530 1372 eius
1544 1301 1859 1357 Ecclesium

219 1391 540 1448 novimus?
570 1389 825 1445 Ecclesia
857 1389 1111 1460 paradisi
1144 1389 1331 1444 instar
1377 1391 1485 1460 (35)
1528 1390 1862 1460 exprimens

213 1483 456 1538 arbores
475 1480 804 1535 fructiferas
832 1479 988 1534 intra
1009 1494 1210 1533 muros
1241 1493 1380 1532 suos
1411 1478 1570 1533 intus
1593 1478 1858 1549 includit,

203 1588 279 1626 ex
296 1569 512 1642 quibus
525 1585 653 1640 quae
675 1584 786 1623 non
811 1568 948 1622 facit
962 1567 1210 1621 fructum
1230 1567 1444 1621 bonum
1462 1567 1862 1639 exciditur(36)

203 1659 351 1715 etin
383 1659 577 1730 ignem
612 1657 882 1712 mittitur.
937 1655 1052 1710 Has
1110 1655 1346 1710 arbores
1392 1656 1549 1726 rigas
1607 1661 1864 1725 quatuor

208 1747 580 1811 ﬂuminibus,
615 1745 672 1799 id
719 1749 826 1811 est,
852 1743 1178 1815 Evangeliie
1208 1747 1477 1812 quatuor,
1513 1744 1727 1813 quibus
1758 1745 1861 1799 ba-

202 1835 410 1908 ptismi
432 1834 679 1908 gratiam
701 1834 976 1889 salutaris
997 1831 1210 1887 caelesti
1229 1819 1734 1903 (37)inundatione
1751 1832 1862 1888 lar—
1890 1871 1938 1940 Β

197 1925 382 1996 gitur.
416 1922 693 1993 Nunquid
726 1921 797 1976 de
827 1919 1096 1976 Ecclesiae
1147 1920 1401 1974 fontibus
1428 1919 1617 1992 rigare
1670 1925 1860 1991 potest

198 2014 306 2085 qui
329 2018 487 2068 totus
511 2012 572 2066 in
601 2010 980 2066 Ecclesianon
1008 2016 1096 2064 est
1117 2009 1144 2062 ‘?
1171 2009 1449 2080 Nunquid
1477 2010 1730 2080 paradisi
1757 2025 1858 2080 ρο-
1893 2073 1896 2076 ,

196 2107 302 2158 tus
315 2101 578 2156 salubres
592 2098 1257 2168 etsalutaresimpertire
1268 2098 1541 2169 cuiquam
1557 2099 1860 2170 potestqui

197 2205 517 2262 perversus
545 2194 601 2244 et
631 2205 664 2244 a
684 2188 998 2258 semeptiso
1028 2188 1342 2242 damnatus
1356 2191 1412 2242 et
1431 2192 1591 2242 extra
1603 2187 1859 2258 paradisi

201 2279 403 2334 fontes
416 2279 709 2348 relegatus
723 2277 877 2331 aruit
901 2282 1197 2330 διέξιθι-ηδε
1214 2276 1344 2330 sitis
1357 2274 1854 2331 siccitatedel‘ecit.

283 2369 378 2422 XI.
401 2367 622 2421 Clamat
659 2367 945 2420 Dominus
985 2369 1047 2418 ut
1078 2365 1172 2434 qui
1207 2365 1332 2418 sitit
1376 2363 1571 2418 veniat
1611 2370 1669 2419 et
1700 2364 1861 2420 bibat

200 2457 282 2511 de
313 2455 658 2509 ﬂuminibus
681 2469 846 2524 aquae
878 2454 1015 2507 vivae
1044 2469 1170 2523 quae
1201 2452 1270 2507 de
1301 2455 1424 2522 ejus
1449 2459 1648 2509 ventre
1683 2458 1856 2508 ﬂuxe-

199 2548 346 2598 runt
378 2547 561 2612 (Joan.
593 2558 718 2612 vm,
751 2541 863 2612 37).
906 2543 1028 2605 Quo
1059 2548 1338 2596 venturus
1369 2545 1457 2596 est
1513 2543 1612 2611 qui
1671 2543 1800 2597 sitit
1834 2547 1858 2598 ?

196 2638 487 2686 utrumne
503 2631 572 2684 ad
592 2630 913 2696 haereticos,
937 2630 1038 2683 ubi
1075 2630 1200 2684 fons
1223 2635 1277 2684 et
1295 2630 1505 2684 fluvius
1522 2647 1685 2701 aqua!
1710 2631 1857 2686 vita-

207 2720 291 2774 lis
320 2721 558 2774 omnino
593 2735 705 2774 non
737 2723 845 2781 est,
880 2735 951 2772 an
988 2718 1058 2772 ad
1091 2717 1428 2784 Ecclesium,
1461 2735 1587 2789 qua:
1621 2735 1736 2773 una
1773 2724 1862 2774 est

194 2825 384 2880 super
416 2825 598 2862 unum
629 2808 759 2878 (38),
795 2807 894 2878 qui
945 2813 1000 2861 et
1035 2805 1225 2862 claves
1255 2808 1384 2877 ejus
1445 2809 1665 2876 accepit
1719 2808 1854 2879 (39),

200 2897 438 2954 Domini
470 2913 607 2952 voce
640 2896 882 2951 fundata
912 2894 1038 2950 est?
1069 2895 1198 2950 Haec
1246 2900 1335 2950 est
1385 2912 1500 2949 una
1560 2897 1672 2967 (40)
1730 2914 1858 2968 qua:

1971 593 2192 648 unitate
2224 607 2578 665 pugnamus,
2610 594 2791 663 hujus
2817 597 2873 647 et
2902 592 3149 664 gratiam
3177 592 3393 663 pariter
3423 598 3478 647 et
3505 593 3624 664 glo-

1970 682 2118 737 riam
2155 682 2307 737 fideli
2358 683 2660 738 devotione
2693 683 2738 716 ‘9
2767 681 2882 753 (41)
2937 681 3328 737 defendimus.
3390 682 3507 737 Nos
3554 685 3624 738 de

1969 771 2165 826 divino
2197 771 2456 842 permisu
2490 771 2754 843 rigamus
2809 770 3111 826 sitientem
3162 770 3264 826 Dei
3313 767 3621 842 populum:

1969 876 2076 914 nos
2100 859 2467 914 custodimus
2495 859 2782 914 terminos
2815 857 3036 913 vitalim
3093 859 3372 915 fontium.
3407 860 3463 914 Si
3488 877 3622 931 pos-

1970 948 2251 1004 sessionis
2281 964 2417 1020 ergo
2447 950 2489 983 ιτ
2515 952 2726 1003 nostrai
2750 949 2852 1018 jus
2881 952 3156 1003 tenemus
3184 948 3318 1018 (45),
3353 948 3400 1004 si
3434 965 3623 1004 sacra-

1972 1041 2236 1092 mentum
2271 1037 2514 1092 unitatis
2537 1035 2933 1108 agnoscimus,
2985 1051 3090 1091 cnr
3144 1038 3618 1107 praevaricatores

1968 1125 2248 1191 veritatis,
2268 1141 2372 1180 cur
2387 1126 2709 1196 proditores
2729 1125 2971 1180 unitatis
2989 1125 3319 1180 existimem
3332 1127 3454 1180 ur“?
3467 1127 3621 1198 (43)?

1970 1218 2140 1284 Aqua
2169 1213 2434 1269 Ecclesiae
2458 1213 2574 1282 (44)
2603 1215 2804 1268 1117
2865 1212 3064 1268 ﬁdelis
3111 1219 3168 1269 et
3226 1214 3501 1270 salutaris
3562 1220 3616 1270 et

1971 1309 2173 1358 sancta
2202 1302 2497 1373 corrumpi
2529 1308 2590 1357 et
2612 1303 2681 1357 ad
2693 1302 2928 1357 ulterari
2952 1319 3065 1357 non
3089 1307 3278 1373 potest
3304 1302 3442 1374 (45),
3467 1305 3618 1359 sicut

1969 1397 2026 1447 et
2055 1392 2185 1462 ipsa
2211 1391 2464 1447 Ecclesia
2494 1391 2832 1462 incorrupta
2856 1396 2914 1445 et
2929 1395 3090 1446 casta
3111 1396 3166 1446 et
3195 1393 3408 1462 pudica
3429 1397 3539 1447 est.
3559 1392 3618 1445 Si

1970 1480 2238 1536 Ecclesia;
2277 1481 2462 1536 devoti
2493 1479 2603 1551 (46)
2637 1483 2694 1535 et
2722 1481 2780 1534 in
2814 1479 3070 1534 Ecclesia
3128 1479 3429 1535 constituti
3481 1486 3622 1535 sunt

1968 1567 2244 1633 haeretici,
2278 1573 2529 1641 possunt
2557 1574 2615 1624 et
2646 1568 2938 1640 baptismo
2959 1569 3087 1640 ejus
3117 1571 3174 1623 et
3206 1571 3434 1624 casteria
3463 1569 3620 1624 salu-

1968 1658 2196 1712 taribus
2226 1658 2396 1712 bonis
2422 1659 2526 1712 uti.
2554 1656 2614 1711 Si
2665 1661 2858 1712 autem
2889 1655 2949 1711 in
3007 1655 3265 1712 Ecclesia
3323 1673 3436 1712 non
3457 1662 3617 1725 sunt,

1970 1747 2157 1801 imoet
2176 1749 2380 1801 contra
2402 1743 2719 1808 Ecclesium
2739 1744 2979 1810 faciunt,
3005 1747 3301 1816 quomodo
3324 1746 3621 1817 baptizare

1967 1835 2259 1907 baptismo
2299 1834 2565 1889 Ecclesia:
2596 1833 2894 1905 possunt?
3186 1852 3188 1854 ν

2039 1923 2155 1979 Xll.
2209 1923 2408 1994 Neque
2439 1923 2596 1978 enim
2631 1937 2808 1994 parva
2839 1939 2933 1977 res
2961 1921 3250 1978 haereticis
3283 1927 3339 1978 et
3384 1925 3617 1980 modica

1968 2005 2326 2080 conceditur,
2351 2012 2588 2084 quando
2616 2027 2649 2066 a
2683 2011 2852 2067 nobis
2886 2011 3176 2083 baptisma
3197 2027 3402 2067 eorum
3423 2013 3483 2068 in
3516 2029 3614 2068 ac-

1968 2108 2205 2172 ceptum
2253 2102 2520 2167 refertur,
2553 2115 2686 2154 cum
2745 2099 2881 2154 inde
2937 2100 3179 2171 incipiat
3226 2101 3422 2157 omnis
3482 2102 3613 2157 ﬁdei

1968 2189 2149 2259 origo,
2175 2191 2234 2242 et
2263 2188 2333 2241 ad
2366 2201 2532 2257 spem
2563 2187 2690 2240 vitae
2712 2191 2937 2240 aeternae
2988 2187 3263 2242 salutaris
3300 2188 3610 2260 ingressio,

1967 2283 2028 2331 et
2080 2275 2462 2348 puriﬁcandis
2491 2289 2560 2329 ac
2612 2273 2976 2330 viviﬁcandis
3033 2275 3133 2330 Dei
3185 2277 3369 2331 servis
3420 2277 3617 2333 divina

1969 2365 2250 2437 dignatio.
2285 2363 2429 2418 Nam
2463 2364 2512 2418 si
2577 2362 2853 2434 baptizari
2903 2363 3036 2434 quis
3094 2365 3250 2434 apud
3312 2363 3617 2421 hereticos

1966 2453 2177 2524 potuit,
2211 2452 2414 2523 utique
2441 2455 2500 2507 et
2541 2451 2850 2506 remissam
2907 2457 3279 2522 peccatorum
3329 2454 3610 2526 consequi

1967 2542 2175 2614 potuit.
2210 2541 2268 2596 Si
2302 2545 2669 2610 peccatorum
2706 2540 3014 2595 remissam
3045 2546 3396 2598 consecutus
3419 2549 3527 2610 est,
3555 2549 3614 2598 et

1967 2630 2370 2686 sanctiﬁcatus
2385 2634 2492 2693 est,
2521 2627 2879 2698 ettemplurn
2907 2628 3001 2683 Dei
3035 2630 3224 2684 factus
3255 2638 3376 2698 est;
3408 2631 3454 2687 si
3482 2649 3616 2687 san-

1967 2718 2258 2775 ctificatus
2288 2721 2380 2773 est
2404 2719 2470 2781 ‘9,
2497 2717 2546 2771 si
2577 2717 2866 2788 templum
2891 2717 2991 2772 Dei
3038 2720 3227 2772 factus
3258 2723 3385 2787 est;
3419 2735 3616 2791 quaero

1967 2809 2139 2876 cujus
2170 2805 2320 2861 Dei?
2349 2805 2404 2859 Si
2436 2805 2744 2870 Creatoris,
2777 2821 2890 2859 non
2925 2806 3136 2876 potuit,
3178 2806 3318 2877 quia
3363 2808 3422 2863 in
3481 2825 3616 2864 eum

1966 2911 2081 2952 non
2141 2894 2410 2950 credidit.
2467 2894 2525 2947 Si
2567 2893 2802 2963 Christi,
2863 2909 2966 2949 nec
3014 2893 3193 2964 hujus
3257 2897 3378 2951 fieri
3431 2899 3618 2968 potuit

195 2993 368 3042 tenet
397 2990 454 3040 et
475 2985 735 3056 possidet
757 3000 990 3039 omnem
1006 2983 1214 3054 Sponsi
1248 2983 1340 3038 sui
1371 2987 1428 3038 et
1457 2983 1685 3039 Domini
1720 2992 1854 3056 pote
1886 2971 1928 3036 C
1967 2983 2276 3056 templum,
2307 2982 2408 3053 qui
2438 2986 2615 3054 negat
2640 2982 2824 3037 Deum
2853 2981 3175 3037 Christum.
3242 2985 3301 3039 Si
3363 2986 3617 3056 Spiritus

1635 3099 1836 3162 Variae
1875 3102 2192 3164 lectiones.

283 3199 326 3232 ‘3
348 3197 413 3252 Et
443 3197 661 3252 Domini
689 3213 792 3267 pro
826 3196 1029 3251 merito
1061 3195 1423 3266 indignantis
1448 3196 1592 3253 iram
1627 3200 1751 3253 Lin.
1785 3199 1894 3254 MC.
1925 3200 1980 3254 2.
2028 3199 2074 3232 “
2104 3196 2252 3260 Quid
2285 3195 2549 3250 adultera
2578 3197 2634 3250 et
2656 3193 2844 3267 aliena
2901 3203 2956 3251 et
2987 3194 3191 3252 divinae
3232 3199 3474 3255 unitatis
3505 3201 3615 3256 ini-

199 3271 365 3324 mica
387 3270 444 3322 in
476 3275 777 3339 acceptum
820 3268 1163 3338 perferimus
1186 3270 1339 3322 Lam.
1373 3269 1530 3324 Ebor.
1557 3269 1684 3324 Bod.
1707 3273 1760 3324 2.
1793 3271 1900 3326 NG.
1934 3271 1984 3325 1.
2014 3270 2150 3324 ΤΙιιι.
2175 3268 2220 3302 ⁴⁶
2250 3268 2317 3322 Et

2348 3283 2448 3338 pro
2481 3267 2698 3322 honore
2720 3265 2991 3338 Bod.r2.‘°
3024 3267 3178 3326 Fidei
3203 3271 3416 3326 virtute
3440 3270 3613 3328 Oxon.

203 3341 368 3396 Fidei
402 3337 769 3395 devote—80d.
804 3337 854 3394 l.
890 3339 1061 3394 Fideli
1093 3339 1395 3394 devotione
1424 3340 1554 3395 Bod.
1585 3343 1637 3393 2.
1675 3342 1822 3395 Lam.
1862 3342 2018 3398 Ebor.
2055 3339 2246 3395 Bened.
2275 3337 2376 3393 Lin
2405 3337 2513 3394 ΝΕ.
2548 3339 2598 3404 1,
2631 3342 2683 3392 2.
2720 3337 2877 3392 Fidei
2918 3339 3220 3397 devotione
3275 3341 3405 3397 Tha.
3439 3343 3617 3399 Fideli

198 3414 428 3467 virtute
462 3413 622 3468 Corb.
671 3412 713 3445 ‘7
745 3413 799 3464 Si
821 3428 958 3482 ergo
991 3410 1378 3480 possessionis
1408 3411 1566 3466 Ebor.
1595 3411 1704 3467 ΝΟ.
1728 3415 1776 3467 1.
1810 3413 1852 3447 ⁴³
1885 3413 2134 3468 Unitatis
2163 3410 2506 3482 exstitimus
2546 3411 2706 3482 Lam.
2737 3412 2866 3464 Lin.
2894 3410 2998 3464 ΝΟ.
3043 3412 3095 3466 1.
3132 3415 3262 3468 Bod.
3302 3416 3354 3469 2.
3409 3417 3617 3471 Existi-

197 3501 350 3540 mus
425 3483 551 3538 Bod.
634 3485 682 3536 1.

193 3556 470 3611 tiﬁcatus
502 3557 590 3609 est
612 3554 786 3609 Oxon.

737 3481 868 3536 Tha.
894 3480 964 3516 πθ
1006 3483 1071 3536 Et
1146 3483 1548 3538 sanctiﬁcatus
1580 3489 1686 3551 est,
1723 3485 1772 3539 si
1799 3485 2218 3540 sanctiﬁcalus.
2278 3487 2368 3537 est
2398 3480 2512 3536 Bod
2532 3481 2585 3551 l,
2619 3483 2670 3535 '2.
2710 3481 2832 3536 Lin.
2862 3482 3020 3537 Ebor.
3047 3483 3152 3540 ΝΟ.
3191 3487 3242 3554 1,
3272 3486 3326 3539 2.
3357 3486 3426 3540 Et
3454 3503 3617 3543 sanc-

1536 3626 1755 3705 Steph.
1805 3625 2042 3686 Baluzii
2084 3629 2271 3685 notae.

285 3723 398 3792 (34)
430 3721 569 3790 Quid
599 3719 935 3776 adulteram.
967 3720 1182 3775 Novem
1215 3719 1343 3774 libri
1406 3722 1592 3776 nostri
1637 3728 1860 3778 veteres

193 3799 262 3850 et.
308 3800 516 3864 quater
563 3792 865 3863 Anglicani
916 3793 1262 3863 praeferunt:
1311 3793 1451 3860 Quid
1503 3793 1754 3848 adultera
1811 3802 1862 3849 et

191 3867 419 3921 divina:
450 3865 654 3920 unitati
683 3865 908 3918 inimica
957 3865 1016 3917 in
1041 3871 1318 3933 acceptum
1376 3866 1670 3934 referimus
1699 3869 1724 3918 .9
1775 3865 1862 3920 Ita

193 3939 392 3994 etiam
424 3935 483 3989 in
515 3934 838 4006 Anglicana
866 3951 972 3990 suo
1005 3933 1232 4006 legebat
1261 3933 1701 3992 Pamelius.Sed
1735 3937 1852 4006 qui.

196 4010 352 4064 dam
389 4006 515 4061 libri
547 4013 770 4062 veteres
802 4007 1014 4060 habent
1049 4006 1322 4060 veritatis.

287 4079 402 4148 (35)
433 4079 675 4133 Ecclesia
707 4077 952 4146 paradisi
972 4078 1174 4132 instar.
1209 4077 1457 4131 Sanctus
1479 4078 1858 4148 Augustinus,

192 4152 320 4215 lib,
355 4167 428 4216 ιν,
468 4149 530 4204 de
560 4150 839 4220 Baptismo
862 4157 1054 4220 contra
1085 4149 1420 4220 Donatistas,
1477 4165 1606 4220 cap.
1651 4149 1702 4214 1,
1761 4166 1861 4204 ex-

198 4223 393 4295 ponit
413 4293 418 4295 Α
435 4219 1060 4295 paraphrasticehunc
1079 4219 1304 4295 locum,
1358 4228 1412 4273 et
1443 4219 1586 4295 aitz’A
1609 4220 1864 4295 Ecclesia

242 4291 476 4348 aradiso
524 4301 840 4362 comparata
872 4293 1086 4346 indicat
1114 4292 1268 4346 nobis
1295 4306 1446 4361 posse
1490 4291 1710 4362 quidem
1747 4293 1864 4360 eius

242 4313 476 4348 araatso
524 4313 840 4362 comparata
872 4313 1086 4346 mazcat
1114 4313 1268 4346 71001-5
1295 4313 1446 4361 ρσεδσ
1490 4313 1710 4362 quidem
1747 4313 1864 4360 (ηαδ

191 4313 550 4434 ἔαριὶετηαγη
579 4365 820 4418 homines
850 4367 1020 4416 etiam
1049 4364 1185 4432 foris
1232 4364 1497 4432 accipere,
1526 4363 1629 4418 sed
1666 4363 1864 4417 salutis

194 4434 554 4493 beatitudem
591 4443 747 4489 extra
801 4449 943 4504 eam,
975 4436 1249 4488 neminem
1299 4434 1380 4487 vel
1447 4437 1726 4504 percipere
1780 4434 1864 4489 vel

193 4517 422 4564 tenere.
451 4505 518 4560 Et
564 4505 726 4560 addit
762 4521 775 4559 :
815 4507 894 4560 lla
914 4503 973 4574 ﬁt
1011 4507 1068 4558 ut
1105 4521 1228 4559 cum
1281 4502 1533 4575 paradisi
1581 4502 1727 4575 aqua
1793 4507 1868 4558 szt
1979 4505 2201 4560 beiensi
2225 4502 2434 4575 legitur
2466 4502 2914 4575 ﬁdei_virtute,in
2944 4504 3136 4559 tribus
3153 4502 3284 4560 aliis

1968 3723 2133 3792 regni
2161 3722 2421 3776 arctorum
2445 3721 2842 3795 clavicularius
2863 3729 2939 3795 est
2960 3721 3057 3795 qui
3072 3721 3257 3795 dignis
3300 3741 3400 3795 per
3425 3743 3616 3782 veram

1967 3791 2260 3848 scientiam
2290 3794 2472 3859 aperit
2501 3799 2552 3846 et
2573 3791 2816 3862 indignis
2836 3791 3063 3847 claudit.
3098 3793 3228 3847 Haec
3258 3791 3614 3854 insinuanda

1969 3863 2421 3920 suntRomanis.
2457 3862 2623 3917 Multi
2639 3863 2796 3918 enim
2827 3863 3398 3923 RomaniPontiﬁces
3412 3869 3484 3924 ab
3502 3869 3609 3923 hac

1970 3935 2174 4009 regula
2200 3935 2612 4009 discesserunt.
2648 3934 3294 4009 H_ue_referripossunt
3351 3953 3477 4009 qua)
3538 3940 3610 3994 de

1971 4004 2120 4062 Petri
2143 4005 2454 4080 privilegio
2487 4004 2723 4080 disserit
2754 4005 2945 4060 Marca
2973 4004 3073 4080 liii.
3115 4023 3170 4060 ιν
3194 4007 3258 4064 de
3281 4004 3606 4080 Concordia,

1970 4094 2098 4147 cap.
2129 4075 2182 4139 ὃ,
2217 4081 2274 4132 et
2303 4093 2428 4148 quae
2461 4093 2570 4132 nos
2591 4075 2708 4130 illic
2739 4077 3172 4132 annotavimus.

2042 4149 2154 4220 (40)
2175 4149 2302 4204 H.130
2347 4157 2602 4220 estguna.
2655 4148 2847 4203 Refert
2895 4148 3052 4202 hunc
3121 4148 3311 4204 locum
3370 4155 3610 4208 sanctus

1969 4221 2355 4344 Atugustinu13,
2389 4219 2488 4274 lib.
2532 4236 2609 4281 ιν,
2641 4220 2711 4274 de
2742 4220 3041 4290 Baptismo
3071 4221 3330 4276 adversus
3386 4224 3610 4278 Donati-

1971 4309 1996 4344 ,ς
2023 4309 2104 4344 as.
2129 4307 2256 4344 can.
2331 4331 2342 4342 .

1971 4298 2104 4355 stas,
2129 4307 2256 4355 cap.
2293 4298 2342 4344 1.

2047 4361 2363 4436 (4|)_Fideli
2380 4361 2681 4436 devotione.
2710 4361 2818 4436 ita
2851 4361 3157 4436 posuimus
3185 4379 3286 4433 pro
3345 4380 3411 4418 eo
3459 4366 3614 4436 quod

1974 4432 2147 4490 antea
2174 4433 2474 4558 lelgebatur
2503 4432 2634 4500 ﬁdei
2661 4433 2884 4487 virtute.
2926 4433 3078 4487 Sane
3134 4432 3199 4487 in
3225 4436 3421 4490 codice
3476 4432 3612 4491 Cor-

1979 4505 2201 4576 beiensi
2244 4503 2434 4576 egitur
2466 4502 2914 4576 ﬁdeiyirtuteﬁn
2944 4504 3136 4559 tribus
3153 4502 3284 4560 aliis
3313 4505 3440 4576 ﬁdei
3466 4508 3612 4564 deum

3389 4509 3440 4563 ei
3466 4508 3620 4564 devo-

190 4576 748 4651 extraparadisum,
791 4573 1062 4651 beatitudo
1092 4573 1403 4651 tamennon
1444 4577 1514 4631 sit
1567 4573 1682 4631 nisi
1712 4578 1867 4630 intra
1976 4573 2511 4651 tione._S_etfo_mne_s
2551 4573 2649 4628 alii
2706 4579 2764 4629 et
2820 4579 3040 4646 septem
3083 4573 3386 4648 Anglicam
3419 4579 3614 4651 prafe-

182 4644 562 4723 paradisum.
596 4648 684 4723 Sic
723 4663 852 4716 ergo
916 4647 1182 4718 baptisma
1227 4647 1507 4723 Ecclesiae
1531 4653 1700 4717 potest
1756 4662 1873 4723 esse
1977 4645 2292 4723 run_t_ﬁd_eli
2319 4644 2611 4723 devotione.

191 4719 377 4777 extra
419 4720 730 4788 Ecclesium,
761 4735 962 4774 munus
999 4727 1183 4773 autem
1233 4719 1402 4775 beata?
1452 4720 1577 4773 vitae
1620 4719 1874 4788 nonnisi

189 4799 370 4848 intra
398 4791 697 4846 Ecclesium
717 4787 1012 4861 reperitur.
1044 4789 1188 4844 Vide
1217 4789 1370 4844 intra
1425 4789 1495 4844 ad
1529 4787 1870 4861 Epistolam.

189 4881 383 4928 Lxxv,
416 4863 489 4917 ab
511 4880 653 4933 aqua
686 4864 893 4917 aliena.

288 4934 404 5005 (36)
444 4930 746 4989 Exciditur.
777 4933 864 4988 Ita
911 4933 1198 5005 editiones
1229 4931 1573 5005 Manutii_et
1630 4930 1868 5005 Morellii

2049 4714 2164 4790 (42⁷)
2192 4717 2250 4771 Si
2276 4716 2840 4790 possession.is.t.‘odex
2889 4714 3190 4772 Remensis
3247 4720 3433 4775 sancti
3490 4721 3622 4778 Dio-

1981 4787 2154 4862 nysii,
2177 4790 2229 4843 si
2253 4787 2521 4862 pastionis
2549 4795 2744 4842 nostrae
2774 4792 2983 4842 terram
3023 4795 3286 4862 tenemus.
3317 4790 3479 4854 Quod
3502 4792 3616 4848 for-

1985 4859 2138 4917 tasse
2169 4859 2379 4914 melius
2404 4863 2492 4913 est
2521 4864 2757 4931 prepter
2789 4874 3027 4931 eaquae
3051 4861 3403 4931 praecedunt.

2054 4931 2168 5004 (43)
2200 4928 2965 5004 Exist_imaniur."l‘redecim_
2984 4928 3131 5004 libri
3154 4933 3334 4987 nostri
3373 4938 3430 4988 et
3461 4951 3616 4989 unus

186 5011 268 5064 et
296 4999 646 5076 quindecim
671 5005 801 5060 libri
831 5008 1074 5059 veteres.
1102 5003 1204 5057 Alii
1230 5007 1348 5057 tres
1379 5006 1434 5076 e_t
1465 5001 1742 5076 Erasmus
1775 5001 1870 5057 ha-
1901 5013 1948 5076 D
1980 4999 2332 5059 Bodleianus
2355 5001 2572 5056 habent
2589 4999 3012 5076 existimas,alii
3039 5003 3298 5073 quinque
3316 5004 3620 5076 Anglicani

186 5074 364 5135 ben‘t
409 5077 686 5132 excidatur
713 5087 763 5132 et
789 5077 850 5130 in
881 5078 1063 5144 ignem
1091 5076 1359 5130 mittetur.
1381 5074 1684 5141 Fuxensis,
1736 5090 1869 5129 exu-

185 5153 371 5206 ritur
398 5152 450 5203 et
479 5150 542 5204 in
568 5149 752 5216 ignem
779 5148 1042 5202 mittitur.

289 5220 404 5292 (37)
433 5214 708 5276 Salutaris
735 5220 952 5274 caelesti.
989 5216 1182 5273 Codex
1211 5214 1401 5272 sancti
1446 5214 1732 5288 Arnulphi
1781 5233 1873 5272 sa-

180 5293 402 5350 lutari
413 5296 462 5346 et
491 5291 711 5346 caelesti.

286 5363 403 5432 (38)
437 5364 610 5433 Super
665 5377 856 5416 unum.
897 5360 954 5414 id
980 5362 1068 5415 est
1099 5374 1277 5430 super
1304 5356 1566 5412 Petrum.
1619 5357 1764 5413 Vide
1800 5357 1869 5412 li-

176 5439 392 5493 brum
425 5437 493 5488 de
542 5435 765 5490 Unitate
795 5433 1069 5488 Ecclesiae.

285 5506 402 5575 (39)
435 5505 620 5560 Claves
649 5507 871 5574 accepit.
898 5503 1148 5558 Sanctus
1179 5499 1574 5555 Columbanus
1632 5499 1726 5575 in_
1744 5499 1868 5575 Epi-

171 5571 467 5636 sto'la'ad
495 5593 698 5648 papam
727 5571 1074 5648 Boni/actum
1103 5589 1236 5628 eum
1269 5576 1467 5626 monet
1490 5577 1554 5625 ut
1575 5572 1674 5642 qui
1699 5571 1870 5648 P_etri,

1985 5076 2292 5145 extitimus,
2327 5089 2480 5128 unus
2522 5089 2687 5145 meus
2731 5075 3007 5139 timemus,
3041 5090 3257 5145 magno
3311 5073 3463 5130 inter
3518 5073 3624 5130 has

1982 5145 2175 5201 varias
2205 5143 2481 5200 lectiones
2505 5143 2862 5200 discrimine.

2053 5218 2184 5289 (44)
2221 5217 2375 5289 Aqua
2425 5216 2699 5289 Ecclesia.
2761 5215 2948 5270 Codex
3017 5213 3619 5289 Gratianopolitanua:

1983 5285 2421 5369 {hiqua-Ecclesia
2449 5289 2501 5341 et
2529 5285 2706 5369 fidelis
2734 5289 2784 5342 et
2813 5303 2946 5369 vera
2985 5293 3036 5341 et
3087 5285 3356 5369 salutaris
3387 5291 3620 5369 sancta:

1981 5355 2130 5414 Citat
2150 5355 2535 5431 Augustinus
2573 5356 2778 5412 inloco
2809 5355 2984 5430 paulo
3027 5362 3160 5412 ante
3202 5357 3460 5430 laudato,
3520 5357 3622 5414 sed

1982 5449 2097 5486 non
2131 5431 2307 5486 habet
2335 5434 2386 5484 et
2415 5446 2568 5484 vera.

2053 5503 2165 5572 (45)
2193 5501 2507 5556 Adulterarz‘
2542 5515 2652 5572 non
2679 5504 2874 5570 potest.
2914 5497 3053 5553 Vide
3077 5503 3244 5572 notas
3286 5504 3522 5557 nostras
3550 5501 3622 5557 ad

1978 5571 2377 5645 Agobardum,
2405 5587 2533 5642 pag.
2559 5571 2657 5645 45,
2690 5575 2921 5645 et___qua3
2956 5587 3062 5645 nos
3095 5571 3380 5645 “dicimus
3441 5573 3512 5645 de
3561 5591 3627 5630 eo

170 5647 324 5722 qui
351 5640 800 5722 clavesgaccepit,
823 5640 1130 5722 successor
1150 5648 1259 5722 est,
1291 5659 1358 5697 ea
1380 5640 1697 5715 postestate
1717 5645 1871 5722 bene
1981 5640 2331 5722 argumenti)
2453 5640 2622 5722 notis
2637 5642 2708 5696 ad
2731 5640 2958 5722 librum
2990 5641 3069 5722 de_
3089 5642 3307 5722 Unilate
3356 5643 3628 5722 Ecclesiae,

179 5714 452 5778 ﬁtatur:
534 5714 742 5775 Τανιιίίά
801 5720 969 5784 enim,
1020 5715 1230 5789 inquit,
1290 5714 1526 5789 potestas
1583 5714 1731 5789 apud
1780 5731 1870 5770 vos

2053 5711 2166 5789 (46)
2199 5715 2259 5789 Si
2289 5714 2559 5789 Ecclesiae
2587 5711 2996 5789 de_voti._Velus
3024 5713 3450 5789 gemigianus:
3494 5711 3637 5772 Nam

166 5792 330 5854 erit
352 5790 598 5863 quandiu
627 5798 780 5847 recta
809 5791 952 5846 ratio
971 5784 1359 5862 permanserit.
1383 5787 1482 5842 Ille
1510 5786 1663 5841 enim
1689 5791 1870 5842 certus
1979 5789 2028 5842 si
2059 5784 2163 5844 ista.
2193 5787 2405 5842 devotio
2435 5785 2700 5843 Ecclesiae
2733 5784 2812 5840 est
2842 5787 2896 5838 et
2927 5787 2989 5840 in
3019 5784 3277 5853 Ecclesia,
3308 5793 3418 5841 etc.

544 5918 806 5979 Panos.
856 5913 965 5976 III.

3244 5913 3318 5971 3'1
