2049 3089
138 186 215 217 1165

640 185 740 214 PARS
762 184 786 213 Ι.
802 200 842 207 --
863 183 1113 215 MONUMENTA
1135 183 1337 214 VETERUM.

1766 183 1844 213 1166

137 251 247 279 tionem
263 251 378 279 sincera
399 252 427 278 et
450 250 586 286 religiosa
611 250 667 286 (58)
691 250 748 278 ﬁde
771 252 961 285 revertamur,
977 251 1004 283 Α
1019 251 1108 277 noster
1123 250 1191 285 (Act.
1210 258 1240 283 ir,
1266 250 1321 285 38).
1348 249 1419 276 Jesu
1445 249 1551 276 Christi
1574 249 1753 276 mentionem
1774 249 1842 276 facit

136 295 335 332 intelligemus
347 294 420 322 nihil
436 296 477 323 eis
490 295 526 322 ad
539 294 662 331 gratiam
683 294 910 322 ecclesiasticam
932 296 961 321 et

137 340 296 368 salutarem
310 339 397 367 licere
408 340 458 375 qui
469 341 640 376 spargentes
652 341 738 374 atque
752 339 960 374 impugnantes

137 384 294 412 Ecclesiam
319 384 437 417 Christi,
463 392 480 411 a
503 383 618 411 Christo
644 383 707 419 ipso
732 383 900 415 adversarii,
924 384 959 410 ab

136 428 277 465 apostolis
292 436 359 456 vero
374 428 439 462 eius
455 427 624 455 Antichristi
641 427 832 455 nominantur
845 428 879 454 ⁶¹.

172 473 243 500 XVI.
259 472 321 500 Non
336 474 381 500 est
396 474 493 500 autem
514 472 592 508 quod
615 471 723 507 aliquis
747 472 782 499 ad
799 472 959 499 circumve-

135 517 273 545 niendam
290 517 487 544 Christianam
497 517 649 544 veritatem
662 516 769 544 Christi
785 524 890 543 nomen
907 524 958 551 op-

135 563 225 597 ponat
240 566 272 588 ut
286 561 373 589 dicat.
390 561 422 588 In
438 561 557 588 nomine
577 560 646 588 Jesu
670 560 778 588 Christi
794 560 960 595 ubicunque

134 607 163 633 et
192 606 457 641 quomodocunque
490 605 544 640 (54)
581 604 718 640 baptizati
753 604 878 640 gratiam
908 605 957 632 ba-

135 650 235 686 ptismi
252 652 323 678 sunt
334 649 494 683 consecuti,
506 650 623 684 quando
639 649 701 685 ipse
711 649 844 677 Christus
859 648 959 683 loqua-

134 698 183 722 tur
198 697 225 722 et
251 694 347 722 dicat:
373 696 436 722 Non
464 695 553 721 omnis
582 694 630 729 qui
651 693 718 720 dicit
746 693 818 721 mihi
833 694 955 726 Domine,

132 740 257 772 Domine,
274 739 390 766 intrabit
418 739 450 766 in
477 746 595 772 regnum
622 738 752 765 caelorum
778 738 890 772 (Matth.
905 746 956 773 vn,

131 784 190 819 21),
207 785 236 811 et
249 783 356 811 iterum
372 784 550 818 praemoneat
565 784 653 818 atque
667 782 795 810 instruat
810 790 845 809 ne
860 782 925 818 quis
941 790 958 810 a

134 827 397 864 pseudoprophetis
414 829 442 854 et
467 826 698 862 pseudochristis
724 826 755 854 in
772 826 889 854 nomine
904 835 957 854 suo

132 872 217 900 facile
233 871 368 900 fallatur:
384 872 472 906 Multi,
490 871 596 906 inquit,
611 872 721 898 venient
736 872 766 898 in
780 871 891 898 nomine
899 878 957 899 meo

132 916 271 944 dicentes:
286 916 340 951 Ego
362 924 424 943 sum
449 915 581 950 Christus,
611 917 636 943 et
660 916 760 943 multos
786 916 905 950 fallent;
930 917 958 943 et

133 963 236 997 postea
264 960 347 988 addit
382 960 501 987 dicens:
535 962 587 988 Vos
627 962 721 987 autem
756 963 857 988 cavete.
891 961 957 987 Ecce

130 1006 255 1041 praedixi
269 1004 343 1033 vobis
356 1005 453 1033 omnia
475 1004 577 1040 (Marc.
601 1012 662 1039 xm,
677 1004 715 1040 6).
741 1004 822 1031 Unde
837 1006 957 1040 apparet

133 1058 192 1077 non
208 1057 243 1077 ea
257 1049 356 1077 statim
381 1048 567 1085 suspicienda
591 1051 619 1076 et
641 1049 819 1076 assumenda
834 1057 899 1084 quae
909 1049 955 1084 ja-

133 1096 253 1122 ctentur
266 1093 296 1121 in
321 1093 439 1121 nomine
465 1093 585 1128 Christi,
605 1093 655 1121 sed
684 1101 748 1128 quae
771 1095 913 1129 geruntur
927 1092 956 1119 in

132 1138 240 1166 Christi
255 1138 386 1166 veritate.

168 1183 257 1210 XVII.
275 1182 356 1214 Quod
367 1182 446 1210 enim
457 1182 486 1210 in
500 1181 665 1218 Evangeliis
677 1181 748 1209 etin
759 1181 956 1217 apostolorum

133 1226 272 1263 Epistolis
281 1227 350 1254 Jesu
363 1226 470 1255 Christi
477 1234 582 1254 nomen
590 1226 758 1254 insinuatur
768 1227 803 1253 ad
812 1226 959 1254 remissio-

132 1279 202 1299 nem
211 1273 407 1306 peccatorum,
416 1279 473 1298 non
480 1270 521 1298 ita
527 1273 571 1298 est
580 1270 664 1306 quasi
672 1273 723 1298 aut
730 1271 792 1298 sine
805 1272 899 1305 Patre,
909 1272 960 1298 aut

132 1318 236 1344 contra
242 1317 357 1343 Patrem
367 1315 504 1351 prodesse
513 1315 651 1350 cuiquam
663 1315 744 1342 solus
754 1315 843 1342 Filius
855 1315 959 1351 possit,

134 1360 187 1387 sed
200 1362 231 1387 ut
241 1359 362 1392 Judaeis,
374 1359 423 1394 qui
431 1359 607 1394 jactitabant
616 1367 647 1387 se
659 1359 770 1386 Patrem
780 1359 899 1393 habere,
911 1367 958 1386 os—

134 1405 304 1432 tenderetur
319 1404 395 1440 quod
417 1403 490 1431 nihil
514 1403 556 1431 eis
580 1403 662 1431 Pater
687 1403 857 1438 profuturus
872 1405 959 1435 esset,

136 1448 195 1476 nisi
210 1448 240 1476 in
255 1448 359 1476 Filium
375 1448 538 1481 crederent,
555 1456 642 1483 quem
662 1447 710 1475 ille
732 1447 870 1475 misisset.
887 1448 960 1476 Nam

137 1493 190 1529 qui
206 1495 296 1520 Deum
313 1492 427 1520 Patrem
438 1492 602 1520 Creatorem
616 1492 757 1525 sciebant,
770 1492 875 1520 Filium
892 1500 963 1528 quo-

138 1545 196 1572 que
211 1536 358 1565 Christum
375 1536 449 1564 scire
462 1536 616 1570 debebant,
634 1545 670 1564 ne
685 1536 740 1564 sibi
757 1536 963 1564 blandirentur

137 1584 168 1609 et
179 1581 349 1617 plauderent
360 1581 395 1608 de
409 1581 471 1608 solo
481 1583 566 1608 Patre
577 1581 640 1608 sine
650 1580 713 1608 Filii
725 1581 789 1616 ejus
802 1581 960 1617 agnitione,

138 1614 190 1661 qui
205 1628 234 1653 et
247 1625 381 1653 dicebat:
398 1626 483 1653 Nemo
507 1626 581 1653 venit
593 1625 628 1652 ad
652 1614 763 1653 Patrem
785 1614 843 1653 mir
855 1633 905 1661 per
919 1633 963 1652 me
977 1614 998 1648 (ἶ

136 1670 222 1706 (Joan
244 1678 302 1705 nv,
326 1670 365 1705 6).
395 1672 524 1697 Duorum
554 1671 653 1697 autem
683 1670 878 1705 cognitionem
898 1677 963 1697 esse

137 1723 203 1750 qua
219 1714 310 1742 salvet
323 1714 401 1742 idem
429 1714 491 1750 ipse
517 1713 686 1741 manifestat
710 1714 826 1741 dicens:
844 1715 911 1741 Hice
924 1714 963 1741 est

134 1761 230 1786 autem
244 1759 301 1786 vita
315 1763 419 1786 wterna
434 1763 465 1785 ut
489 1760 651 1793 cognoscant
678 1760 705 1785 te
724 1759 813 1786 solum
828 1761 854 1786 et
872 1766 964 1786 verum

137 1803 234 1837 Deum,
249 1807 274 1831 et
289 1810 368 1838 quem
382 1803 485 1830 misisti
496 1803 600 1831 1120
610 1803 857 1832 Jesum'christum
873 1804 962 1839 (Joan.

137 1855 208 1880 xvn,
224 1847 263 1883 3).
280 1847 352 1874 Cum
367 1855 435 1883 ergo
448 1855 481 1874 ex
492 1847 585 1883 ipsius
600 1847 705 1875 Christi
721 1847 926 1883 praedicatione
936 1849 965 1876 et

141 1892 352 1920 contestatione
363 1892 447 1919 Pater
458 1893 524 1919 ante
530 1892 751 1927 cognoscendus
758 1891 806 1927 sit,
814 1891 863 1927 qui
873 1891 965 1926 misit,

141 1938 213 1963 tunc
229 1935 333 1963 deinde
357 1935 502 1970 Christus,
528 1935 576 1970 qui
601 1936 710 1963 missus
731 1938 785 1970 est,
806 1944 858 1964 nec
874 1937 968 1972 possit

161 1988 208 2008 sse
224 1988 291 2016 spes
306 1979 410 2007 salutis
436 1979 492 2007 nisi
508 1980 624 2008 duobus
639 1980 729 2008 simul
741 1981 877 2017 cognitis,
894 1990 965 2017 quo-

144 2025 232 2052 modo
248 2032 306 2052 non
323 2024 438 2059 cognito
461 2024 519 2051 imo
535 2026 563 2052 et
577 2024 779 2060 blasphemato
795 2026 853 2053 Deo
875 2026 966 2060 Patre,

144 2069 195 2105 qui
211 2069 288 2105 apud
300 2068 450 2096 haereticos
464 2068 572 2096 Christi
584 2069 701 2096 nomine
714 2070 853 2105 baptizati
864 2070 966 2097 dicun-

140 2116 192 2141 tur
213 2115 399 2149 peccatorum
424 2113 579 2141 remissam
605 2113 751 2141 consecuti
772 2114 969 2149 judicantur?

142 2157 207 2185 Alia
222 2157 301 2185 enim
317 2157 371 2185 fuit
385 2157 553 2185 Judaeorum
577 2158 631 2185 sub
656 2158 795 2193 apostolis
811 2159 895 2191 ratio,
912 2158 969 2186 alia

143 2203 188 2228 est
203 2201 357 2237 gentilium
373 2201 509 2228 conditio.
526 2200 579 2234 Illi,
592 2200 662 2236 quia
673 2201 735 2236 jam
748 2201 819 2237 legis
834 2204 862 2229 et
877 2201 968 2237 Moysi

143 2246 384 2280 antiquissimum
397 2246 544 2281 baptisma
555 2245 671 2273 fuerant
682 2245 789 2282 adepti,
806 2246 833 2273 in
850 2246 969 2274 nomine

1015 294 1128 326 Petrus,
1148 302 1203 321 non
1222 294 1305 329 quasi
1332 294 1414 321 Pater
1430 294 1621 326 omitteretur,
1639 293 1689 320 sed
1718 296 1748 320 ut
1763 293 1841 322 Patri

1016 346 1130 374 quoque
1148 339 1237 366 Filius
1254 340 1473 374 adjungcretur.

1050 383 1136 410 XVIII
1166 384 1295 418 Denique
1321 384 1368 410 ubi
1395 386 1461 418 post
1486 383 1727 410 resurrectionem
1752 391 1768 409 a
1785 385 1838 409 Do-

1015 427 1094 455 mino
1111 427 1235 463 apostoli
1252 429 1286 455 ad
1303 431 1405 463 gentes
1422 428 1587 460 mittuntur,
1606 428 1633 454 in
1653 427 1770 454 nomine
1786 427 1838 454 Pa-

1014 473 1067 499 tris
1087 474 1115 500 et
1136 472 1199 499 Filii
1225 475 1253 499 et
1279 473 1404 507 Spiritus
1430 472 1522 499 sancti
1548 472 1694 507 baptizare
1716 471 1838 507 gentiles

1010 516 1161 551 jubentur.
1179 517 1327 547 Quomodo
1344 525 1410 551 ergo
1423 517 1542 551 quidam
1561 516 1662 543 dicunt
1678 516 1747 543 foris
1760 518 1838 544 extra

1014 560 1172 588 Ecclesium
1190 561 1247 587 imo
1264 564 1291 588 et
1312 563 1412 588 contra
1437 560 1607 593 Ecclesium,
1634 561 1719 587 modo
1738 561 1765 587 in
1782 569 1836 588 no-

1014 604 1092 633 mine
1106 607 1175 633 Jesu
1193 606 1309 638 Christi,
1333 606 1499 640 ubicunque
1520 608 1548 632 et
1573 606 1837 641 quomodocumque

1013 649 1150 685 gentilem
1166 650 1343 685 baptizatum
1357 650 1557 677 remissionem
1571 652 1754 684 peccatorum
1769 658 1836 676 con-

1012 695 1096 730 sequi
1112 703 1207 730 possc.
1220 695 1336 730 quando
1354 695 1415 729 ipse
1431 695 1562 721 Christus
1579 696 1677 729 gentes
1693 694 1835 730 Baptizari

1008 738 1112 774 jubeat
1127 739 1155 766 in
1173 739 1257 774 plena
1272 742 1300 766 ct
1326 740 1454 766 adunata
1478 739 1643 765 ’l‘rinitate?
1666 738 1726 766 Nisi
1743 738 1767 766 si
1785 738 1835 774 qui

1012 783 1159 811 Christum
1176 786 1260 817 negat
1277 786 1399 819 negatur
1410 792 1426 810 a
1441 783 1565 815 Christo,
1579 783 1628 817 qui
1640 785 1755 810 Patrem
1771 785 1835 818 ejus

1013 830 1108 864 negat,
1127 837 1214 863 quem
1228 829 1288 863 ipse
1302 828 1435 855 Christus
1448 829 1599 855 confessus
1615 828 1662 861 sit,
1675 836 1732 854 non
1747 836 1834 863 nega-

1012 873 1070 904 tur,
1087 874 1115 899 et
1131 873 1179 907 qui
1196 873 1224 898 in
1241 881 1305 899 eum
1324 872 1510 907 blasphemat
1526 880 1611 907 quem
1631 872 1762 899 Christus
1779 872 1834 899 Do-

1013 916 1125 943 minum
1151 920 1179 943 et
1208 917 1299 943 Deum
1330 925 1416 943 suum
1446 917 1559 950 dixerit,
1590 919 1793 943 remuneratus
1817 924 1834 943 a

1010 960 1123 988 Christo
1141 961 1343 988 remissionem
1356 964 1539 996 peccatorum
1553 963 1580 988 et
1592 960 1728 995 baptismi
1746 969 1832 987 sanc-

1010 1005 1197 1032 tificationcm
1228 1006 1425 1040 consequitur.
1462 1006 1522 1037 Qua
1562 1007 1658 1032 autem
1689 1007 1832 1040 potestate

1011 1050 1151 1085 consequi
1181 1050 1207 1076 in
1239 1050 1383 1085 baptismo
1411 1050 1613 1077 remissionem
1647 1051 1830 1084 peccatorum

1012 1096 1109 1129 potest
1134 1103 1242 1129 negans
1271 1095 1359 1121 Deum
1390 1096 1552 1121 Creatorem
1578 1095 1691 1121 Patrem
1717 1094 1834 1128 Christi,

1012 1139 1129 1174 quando
1146 1139 1240 1173 ipsam
1257 1141 1429 1174 potestatem
1447 1148 1504 1174 qua
1516 1139 1698 1174 baptizamur
1708 1140 1736 1165 et
1752 1146 1835 1165 sanc-

1012 1183 1160 1211 tiﬁcamur
1175 1184 1209 1210 ab
1222 1184 1320 1210 eodem
1335 1184 1415 1210 Patre
1426 1183 1559 1211 Christus
1576 1182 1735 1217 acceperit;
1750 1190 1836 1217 quem

1013 1228 1154 1263 majorem
1171 1228 1284 1259 dixerit,
1309 1237 1324 1254 a
1349 1236 1404 1262 quo
1430 1227 1581 1254 clarilicari
1609 1227 1734 1261 petierit,
1752 1226 1838 1261 cujus

1013 1271 1192 1299 voluntatem
1209 1280 1302 1307 usque
1319 1272 1353 1298 ad
1372 1272 1545 1307 obsequium
1563 1271 1678 1298 bibendi
1697 1270 1796 1298 calicis
1812 1272 1840 1297 et

1014 1317 1173 1344 subeunda;
1191 1317 1292 1343 mortis
1309 1316 1471 1351 impleverit
1482 1317 1495 1342 ’ἲ
1511 1316 1583 1349 Quid
1595 1318 1638 1343 est
1654 1316 1743 1350 igitur
1758 1315 1836 1342 aliud

1016 1369 1103 1397 quam
1121 1361 1292 1396 participem
1310 1361 1449 1388 haereticis
1474 1359 1747 1395 blusphemantibus
1763 1358 1836 1392 fieri,

1015 1405 1169 1433 defendere
1186 1405 1255 1432 velle
1272 1408 1299 1432 et
1316 1413 1443 1432 asserere
1466 1405 1542 1440 quod
1565 1405 1717 1431 remissam
1736 1411 1839 1438 pecca-

1016 1452 1112 1477 torum
1130 1450 1260 1484 accipere
1277 1450 1304 1476 in
1328 1450 1434 1477 Christi
1453 1449 1569 1476 nomine
1594 1448 1686 1484 possit
1701 1448 1837 1483 blasphe-

1017 1502 1100 1522 mans
1121 1494 1247 1530 graviter
1262 1497 1288 1521 et
1304 1502 1427 1529 peccans
1452 1494 1480 1520 in
1504 1493 1618 1520 Patrem
1635 1495 1664 1520 et
1684 1492 1839 1519 Dominum

1020 1540 1048 1566 et
1064 1538 1155 1565 Deum
1180 1538 1308 1564 Christi?
1331 1538 1404 1569 Quid
1430 1537 1532 1564 deinde
1553 1536 1625 1562 illud
1650 1535 1735 1570 quale
1752 1537 1796 1562 est
1811 1537 1843 1561 ut

1015 1577 1067 1618 qui
1090 1582 1191 1609 Filium
1218 1582 1267 1609 Dei
1296 1582 1393 1609 Il‘ll
1420 1584 1505 1616 negat
1530 1589 1622 1616 neque
1650 1580 1763 1607 Patrem
1788 1579 1841 1607 ha-

1018 1627 1093 1661 beat,
1110 1629 1136 1653 et
1154 1627 1201 1662 qui
1220 1627 1329 1654 Patrem
1346 1628 1440 1661 negat,
1459 1625 1563 1652 Filium
1576 1625 1681 1651 habere
1698 1623 1840 1656 videatur,

1018 1679 1084 1699 cum
1102 1671 1191 1698 Filius
1209 1672 1269 1706 ipse
1295 1673 1472 1698 contestetur
1493 1672 1520 1697 et
1544 1670 1631 1701 dicat,
1656 1672 1739 1697 Nemo
1755 1670 1841 1703 potest

1017 1716 1111 1743 venire
1139 1716 1172 1742 ad
1203 1724 1254 1749 me,
1292 1716 1349 1742 nisi
1376 1716 1460 1749 fuerit
1497 1713 1544 1741 itlz'
1572 1714 1668 1740 datum
1705 1722 1723 1740 α
1759 1714 1841 1740 Patre

1019 1760 1151 1795 (Joan.v1
1176 1760 1242 1794 ϋ5);
1270 1762 1301 1786 ut
1325 1759 1514 1786 manifestum
1540 1759 1577 1786 sit
1602 1758 1712 1785 nullam
1739 1756 1841 1784 remis-

1018 1804 1130 1832 sionem
1162 1807 1346 1839 peccatorum
1374 1804 1403 1830 in
1432 1803 1578 1839 baptismo
1608 1803 1698 1838 accipi
1727 1811 1743 1829 a
1774 1801 1844 1828 Filio

1021 1857 1105 1885 posse
1120 1857 1207 1884 quam
1225 1851 1339 1876 constet
1354 1850 1469 1875 Patrem
1498 1856 1553 1875 non
1576 1848 1701 1879 dedisse,
1718 1847 1843 1873 maxime

1020 1893 1137 1929 quando
1151 1893 1245 1920 adhuc
1262 1893 1339 1920 idem
1356 1895 1467 1928 repetat
1492 1895 1520 1919 ct
1537 1893 1632 1919 dicat:
1650 1892 1748 1919 Omnis
1763 1891 1844 1926 plan-

1021 1939 1091 1966 tatio
1105 1946 1187 1974 quam
1202 1946 1255 1965 non
1272 1938 1408 1972 plantavit
1421 1939 1503 1964 Pater
1518 1945 1593 1963 meus
1618 1937 1734 1963 caelestis
1749 1935 1842 1962 eradi-

1021 1982 1129 2010 cabilur
1143 1982 1254 2016 (Matth.
1271 1990 1316 2014 xv,
1334 1983 1387 2015 13).

1058 2026 1128 2053 XIX.
1146 2027 1224 2058 Quod
1243 2026 1266 2052 si
1284 2025 1390 2052 Christi
1417 2025 1551 2060 discipuli
1574 2025 1684 2051 discere
1700 2033 1715 2051 a
1731 2023 1845 2051 Christo

1022 2070 1126 2098 nolunt
1142 2072 1283 2105 quantum
1304 2070 1499 2097 venerationis
1526 2072 1553 2096 et
1580 2068 1698 2096 honoris
1727 2071 1845 2103 paterno

1022 2115 1132 2143 nomini
1151 2115 1299 2145 debeatur,
1316 2113 1358 2141 vel
1382 2115 1416 2140 de
1439 2113 1579 2148 exemplis
1605 2113 1728 2140 terrenis
1744 2121 1776 2139 ac
1793 2121 1845 2139 saa-

1023 2158 1578 2187 cularibusdiscantetsciantchristum
1587 2166 1643 2184 non
1652 2158 1714 2184 sine
1722 2157 1849 2183 maxima

1022 2204 1244 2239 exprobratione
1261 2203 1412 2238 posuisse:
1431 2203 1496 2229 Filii
1510 2203 1606 2230 διῑιηιίί
1628 2202 1708 2237 hujus
1727 2201 1849 2236 pruden—

1024 2250 1106 2276 tiores
1118 2250 1179 2275 sunt
1196 2249 1262 2283 [iliis
1280 2249 1348 2274 lucis
1364 2248 1438 2282 (Luc.
1456 2256 1512 2279 xvx,
1529 2249 1566 2281 8).
1584 2247 1613 2274 In
1633 2246 1736 2273 saeculo
1753 2246 1808 2273 isto
1825 2245 1849 2272 si

144 2298 263 2326 quoque
276 2290 347 2317 Jesu
371 2289 477 2317 Christi
498 2291 581 2317 erant
603 2290 778 2325 baptizandi,
807 2291 968 2318 secundum
986 2296 1009 2327 D
1027 2292 1111 2336 cujus
1129 2291 1201 2326 patri
1218 2291 1324 2326 aliquis
1340 2291 1496 2317 convitium
1520 2290 1628 2324 iecerit,
1656 2291 1679 2317 si
1696 2293 1849 2317 contume-

146 2334 222 2370 quod
240 2334 269 2361 in
286 2334 364 2361 Actis
380 2333 580 2369 apostolorum
596 2336 699 2361 Petrus
714 2335 749 2362 ad
775 2343 824 2363 eos
840 2336 970 2370 loquitur

146 2381 175 2407 et
203 2379 290 2406 dicit:
318 2379 508 2413 Paenitemini,
537 2380 563 2406 et
600 2379 752 2414 baptizetur
784 2382 971 2415 unusquisque

146 2428 264 2451 vestrum
280 2424 310 2450 in
325 2425 435 2451 nomine
454 2424 564 2451 Domini
585 2424 649 2451 Jesu
673 2424 776 2451 Christi
790 2424 817 2451 in
834 2425 971 2452 remissio-

146 2476 210 2495 nem
218 2472 402 2503 peccatorum,
418 2469 443 2495 et
456 2468 597 2503 accipietis
611 2468 714 2495 donum
734 2468 857 2504 Spiritus
870 2470 970 2497 sancti.

149 2513 227 2540 Vobis
242 2513 316 2539 enim
329 2514 370 2540 est
384 2512 443 2540 haec
452 2513 598 2548 promissio
614 2515 638 2540 et
653 2512 723 2547 ﬁliis
733 2514 830 2541 vestris
845 2516 871 2541 et
885 2515 972 2542 omni-

146 2557 197 2584 bus
219 2556 346 2592 deinceps
369 2565 540 2592 quoscunque
563 2556 734 2585 advocaverit
758 2559 889 2585 Dominus
905 2559 972 2586 Deus

1025 2333 1116 2363 Iiosus
1133 2344 1164 2362 ac
1182 2343 1287 2370 procax
1310 2335 1451 2370 pudorem
1469 2335 1532 2369 ejus
1550 2337 1578 2362 ct
1603 2335 1741 2361 honorem
1760 2333 1848 2361 male-

1025 2381 1090 2408 dico
1106 2388 1154 2407 ore
1167 2379 1345 2411 laceraverit,
1362 2379 1533 2414 indignatur
1553 2379 1631 2406 ﬁlius
1656 2381 1683 2406 et
1704 2379 1850 2410 irascitur,

1026 2427 1054 2453 et
1069 2424 1129 2451 laesi
1148 2424 1237 2459 patris
1252 2424 1392 2458 injuriam
1405 2424 1513 2459 quibus
1525 2426 1621 2459 potest
1632 2424 1743 2450 viribus
1757 2423 1852 2450 vindi—

1026 2478 1091 2498 care
1109 2472 1241 2497 conatur.
1259 2470 1301 2496 Tu
1318 2470 1465 2497 Christum
1482 2472 1566 2505 putas
1581 2470 1680 2505 impiis
1692 2472 1719 2496 et
1734 2468 1851 2495 sacrile—

1027 2515 1072 2551 gis
1087 2517 1116 2542 et
1132 2515 1159 2541 in
1186 2514 1298 2541 Patrem
1327 2523 1412 2541 suum
1439 2514 1620 2550 blasphemis
1646 2513 1852 2549 impunitatem

1028 2559 1099 2587 dare
1118 2561 1145 2586 et
1160 2559 1201 2586 eis
1216 2559 1245 2586 in
1258 2559 1402 2594 baptismo
1413 2561 1530 2594 peccata
1539 2558 1685 2585 dimittere
1699 2565 1772 2593 quos
1784 2564 1854 2584 con-

857 2629 959 2659 Variae
981 2629 1139 2661 lectiones.

183 2678 205 2697 ει
222 2676 417 2705 Nominentur
432 2677 501 2705 Bod.
521 2677 547 2712 1,
562 2677 589 2703 2-

829 2722 938 2761 Steph.
954 2722 1075 2753 Baluzii
1089 2726 1182 2753 notae.

185 2783 241 2820 (53)
258 2784 373 2811 Sincera
388 2787 413 2820 et
428 2783 569 2817 religiosa.
587 2782 682 2810 Editio
697 2782 866 2820 Morelliana
881 2785 909 2811 et
918 2786 977 2812 tres

154 2819 222 2846 libri
245 2822 367 2850 veteres,
383 2819 491 2845 sincera
506 2820 532 2846 et
547 2826 612 2846 vera
625 2820 651 2845 et
666 2819 804 2854 religiosa.

187 2854 244 2891 (54)
262 2855 418 2890 Ubicunque
433 2858 460 2881 et
475 2854 726 2891 quomodocunque.
751 2854 816 2891 Ilaec
836 2856 885 2891 est
908 2862 975 2883 vera

150 2888 239 2919 lectio
253 2898 317 2927 quis
332 2888 452 2918 rursum
468 2888 612 2926 reperitur
626 2888 702 2918 intra
716 2890 747 2918 in
764 2889 819 2918 hac
834 2889 899 2925 ipsa
914 2890 974 2926 epi-

1032 2784 1116 2812 stola.
1129 2785 1272 2811 Putarunt
1284 2783 1476 2820 autem‘Angli
1488 2784 1548 2810 haec
1560 2785 1648 2811 verba
1658 2792 1722 2812 esse
1733 2784 1855 2820 Stepha—

1030 2820 1069 2856 ni,
1085 2820 1154 2856 quia
1165 2820 1250 2856 infra,
1264 2818 1344 2845 utilli
1362 2818 1454 2852 aiunt,
1465 2820 1660 2847 traducuntur
1671 2829 1687 2847 a
1698 2818 1853 2856 Cypriane-

1030 2855 1167 2891 Poterant
1192 2855 1298 2891 addere
1327 2863 1361 2882 ea
1387 2861 1452 2882 vere
1482 2856 1619 2891 imputari
1644 2856 1796 2890 Stephano
1826 2855 1855 2880 in

1030 2890 1161 2928 Epistola
1178 2890 1347 2925 Firmiliani,
1365 2898 1432 2926 pag.
1451 2892 1514 2919 HS.
