2049 3089
146 164 224 196 1169
653 166 755 197 PARS
775 166 801 196 1.
816 182 854 188 υ·-
874 165 955 196 MON

1047 166 1125 196 NTA
1148 166 1352 197 VETERUM.
1775 169 1853 199 1170

144 229 280 258 haeretica
296 230 414 266 prodest
423 230 492 266 (58),
505 231 640 266 quamvis
655 231 803 259 Christum
819 231 971 259 confessus
987 234 1013 265 Α
1030 232 1095 266 quis
1110 239 1144 259 ex
1159 232 1215 265 his,
1237 234 1393 267 antequam
1423 232 1449 259 in
1470 232 1597 260 Ecclesia
1625 233 1797 268 baptizetur,
1824 235 1853 262 in

146 277 174 301 et
190 276 271 302 extra
284 274 442 302 Ecclesiam
474 275 562 302 fuerit
586 276 720 310 occisus;
741 276 797 303 nisi
822 276 975 303 hmretico~
1032 276 1213 303 confessione
1228 277 1355 303 nominis
1368 277 1568 312 apprehensus
1585 278 1709 305 iueritet
1726 279 1852 312 occisus,

146 327 210 346 rum
233 319 345 354 patroni
357 321 386 346 et
401 319 531 347 advocati
543 319 694 348 haereticos
719 321 747 348 in
775 320 847 348 falsa
862 320 974 347 confes-
1030 329 1066 347 an
1080 329 1160 356 spem
1178 321 1282 348 salutis
1298 323 1326 348 et
1343 322 1492 356 prmmium
1523 322 1713 349 confessionis
1730 324 1854 357 amittat,

146 363 229 391 sione
239 363 348 391 Christi
364 363 530 392 interfectos
542 367 683 400 martyres
700 365 853 400 prmdicant
868 366 896 392 et
907 372 973 392 con-
1029 373 1062 391 eo
1073 365 1148 400 quod
1166 374 1199 392 ex
1210 374 1286 400 aqua
1300 366 1381 400 prius
1399 367 1453 400 [60)
1471 375 1526 393 non
1553 367 1591 393 sit
1608 369 1735 394 renatus.
1755 368 1854 396 Sciant

146 409 192 434 tra
207 407 337 443 Apostoli
355 408 608 442 contestationem,
621 409 671 445 qui
683 409 755 437 nihil
768 418 826 443 eos,
840 408 974 445 quamvis
1029 409 1119 445 igitur
1132 410 1301 445 hujusmodi
1319 410 1452 437 homines
1470 411 1673 446 suifragatores
1690 412 1853 440 etfautores

144 454 264 479 exustos
279 454 307 479 et
323 451 443 487 occisos,
462 452 532 480 dicit
545 461 631 488 posse
646 453 817 490 proﬁcere(l
834 453 893 480 Cor.
909 461 971 486 xm,
1028 452 1228 480 haereticorum
1245 453 1468 480 catechumenos
1498 453 1562 481 illos
1587 454 1680 488 primo
1710 455 1852 490 integram

142 497 181 530 3),
211 495 335 532 gloriam
366 497 409 524 eis
448 505 585 525 coronam
628 499 775 535 passionis
810 499 970 535 assignant.
1029 497 1115 524 ﬁdem
1132 497 1301 524 etEcclesiae
1316 498 1536 531 veritatemtlil}
1565 502 1662 526 tenere
1687 502 1714 526 et
1738 500 1772 527 ad
1803 500 1852 527 de-

141 541 225 574 Quod
241 541 265 568 si
282 541 420 569 haeretico
442 550 493 569 nec
510 542 660 578 baptisma
691 543 814 579 publica:
829 543 973 571 confessio
1027 541 1194 569 bellandum
1206 541 1355 569 diabolum
1373 542 1521 569 rledivinis
1533 543 1636 569 castris
1649 552 1714 570 cum
1731 544 1815 579 plcna
1826 547 1855 572 et

142 586 190 613 nis
207 587 236 612 et
252 586 407 622 sanguinis
422 586 562 622 proﬁcere
590 587 625 614 ad
644 586 769 615 salutem
785 588 839 623 (59)
864 590 971 623 potest,
1028 586 1142 613 sincera
1167 586 1216 613 Dei
1232 585 1325 613 Patris
1342 589 1369 613 et
1399 587 1503 613 Christi
1520 590 1547 613 et
1562 587 1688 622 Spiritus
1703 589 1796 615 sancti
1808 597 1855 616 co-

142 629 214 666 quia
229 629 309 657 salus
325 632 406 657 extra
427 631 585 658 Ecclesium
601 640 659 659 non
682 634 735 667 est,
753 635 862 668 quanto
879 631 973 668 magis
1027 630 1156 666 gnitione
1187 631 1351 665 procedere,
1378 631 1482 658 deinde
1508 639 1558 658 nec
1584 632 1688 666 privari
1716 633 1854 667 baptismi

143 674 171 702 ei
187 673 260 701 nihil
277 674 415 710 proderit,
429 674 453 702 si
474 675 504 702 in
525 675 638 703 latebra
652 678 680 704 et
694 676 725 703 in
741 676 888 704 latronum
904 684 973 712 spe-
1027 676 1220 709 sacramento,
1235 676 1336 710 utpote
1352 675 1401 710 qui
1414 675 1598 710 baptizentur
1614 675 1805 711 glorisissime
1825 680 1854 704 et

139 718 469 755 Iuncaadulterazaquae
477 720 649 757 contagione
662 721 844 755 tinctus,non
857 723 972 748 tantum
1027 718 1154 746 maxime
1170 719 1324 755 sanguinis
1341 719 1499 754 baptismo,
1530 720 1565 747 de
1585 729 1642 755 quo
1658 723 1685 747 et
1711 721 1853 749 Dominus

142 765 266 799 peccata
281 764 405 799 antiqua
419 772 478 791 non
494 766 670 800 exposuerit,
694 766 743 793 sed
764 765 859 793 adhuc
873 765 972 801 potius
1026 763 1140 791 dicebat
1154 763 1261 791 habere
1286 772 1316 791 se
1346 764 1423 791 aliud
1454 764 1600 799 baptisma
1620 765 1758 800 baptizari
1776 766 1851 801 (Luc.

140 815 217 835 nova
230 810 258 835 et
274 808 384 844 majora
397 808 714 842 cumulaverit?Quare
724 809 871 845 baptisma
887 809 972 837 nobis
1026 816 1076 841 xu,
1092 808 1148 844 50).
1166 807 1313 844 Sanguine
1329 810 1425 835 autem
1438 817 1490 835 suo
1505 809 1665 844 baptizatos
1676 812 1703 836 et
1719 811 1853 845 passione

140 854 171 879 et
184 851 327 879 haereticis
343 860 499 880 commune
514 861 578 880 esse
595 862 650 880 non
663 855 768 888 potest,
780 861 847 880 cum
864 853 972 889 quibus
1026 852 1224 880 sanctiﬁcatos
1237 853 1436 880 consummari
1452 856 1480 879 ct
1506 853 1609 880 divinae
1635 854 1852 888 pollicitationis

142 903 198 923 nec
212 896 298 923 Pater
318 896 407 929 Deus,
430 904 481 923 nec
508 896 597 924 Filius
617 897 761 932 Christus,
778 905 831 925 nec
846 897 972 933 Spiritus
987 917 1011 949 Β
1026 897 1149 933 gratiam
1166 896 1304 932 consequi
1321 897 1448 924 declarat
1473 898 1500 924 in
1526 897 1679 933 Evangelio
1701 898 1778 925 idem
1798 901 1852 926 Do-

139 942 274 974 sanctus,
289 948 341 968 nec
365 940 448 974 fides,
481 948 534 968 nec
561 941 691 969 Ecclesia
718 942 783 978 ipsa
806 940 1011 970 communis”
1028 940 1266 977 minus,quando
1278 941 1312 968 ad
1333 941 1475 969 latronem
1492 942 1546 976 (62)
1573 942 1600 968 in
1631 942 1694 977 ipsa
1717 944 1853 978 passione

140 987 196 1012 est.
213 985 249 1012 Et
264 984 329 1012 ideo
347 984 489 1020 baptizari
515 993 564 1013 eos
593 988 706 1021 oportet
728 987 777 1022 qui
807 986 842 1014 de
867 983 971 1014 heresi
1028 985 1192 1013 credentem
1209 988 1236 1012 ut
1250 985 1436 1013 conﬁtentem
1463 986 1562 1014 1125
1586 986 1715 1021 loquitur
1729 990 1758 1014 et
1773 988 1851 1023 quod

142 1029 250 1057 1124
266 1029 301 1056 ad
318 1028 476 1056 Ecclesiam
501 1030 645 1064 veniunt;
662 1032 694 1057 ut
716 1030 764 1066 qui
792 1030 919 1066 legitimo
944 1033 972 1058 et
1025 1038 1124 1057 secum
1142 1030 1258 1058 futurus
1270 1030 1308 1057 sit
1323 1030 1350 1056 in
1377 1030 1513 1065 paradiso
1543 1030 1704 1065 pollicetur.
1726 1032 1853 1067 Quapro-

139 1082 208 1101 vero
221 1076 310 1109 atque
325 1073 411 1101 unico
426 1076 532 1101 sanctae
548 1073 680 1102 Ecclesiae
697 1074 842 1110 baptismo
862 1075 897 1102 ad
926 1083 970 1103 re-
1025 1076 1089 1110 pter
1104 1074 1152 1110 qui
1168 1074 1235 1102 ﬁdei
1251 1076 1279 1102 et
1293 1074 1406 1101 veritati
1418 1083 1580 1109 praesumus
1602 1075 1668 1109 (65),
1685 1084 1734 1102 eos
1750 1076 1799 1111 qui
1815 1077 1851 1104 ad

138 1126 231 1155 gnum
243 1117 293 1145 Dei
324 1118 544 1154 regeneratione
571 1118 669 1146 divina
698 1123 907 1155 praeparantur,
925 1128 970 1147 sa-
1026 1119 1113 1147 ﬁdem
1129 1121 1156 1146 et
1170 1118 1321 1147 veritatem
1333 1120 1461 1150 veniunt,
1475 1122 1503 1146 et
1514 1122 1632 1155 agentes
1649 1120 1850 1154 paenitentiam

137 1165 289 1190 cramento
305 1164 428 1197 utroque
443 1164 613 1195 nascantur,
629 1163 699 1198 quia
724 1163 868 1198 scriptum
897 1166 942 1191 est
961 1172 969 1191 :
1026 1163 1135 1190 remitti
1151 1163 1206 1190 sibi
1224 1165 1341 1198 peccata
1358 1163 1529 1198 deposcunt,
1542 1163 1673 1198 decipere
1690 1172 1747 1191 non
1764 1164 1849 1191 debe-

137 1206 204 1234 Niai
218 1206 279 1241 quis
291 1209 405 1233 renatus
418 1207 505 1241 fuerit
515 1214 550 1233 ea:
564 1215 634 1242 aqua
651 1208 675 1234 et
687 1207 802 1243 Spiritu,
818 1215 873 1235 non
884 1210 972 1243 potest
1026 1216 1093 1235 mus
1105 1210 1131 1234 et
1148 1207 1255 1242 fallere,
1269 1207 1318 1235 sed
1335 1210 1479 1234 correctos
1496 1217 1511 1234 a
1527 1208 1611 1235 nobis
1623 1216 1654 1235 ac
1680 1209 1852 1237 rel'ormatos

138 1252 249 1278 intrare
265 1250 294 1276 in
307 1258 423 1285 regnum
435 1251 483 1277 Dei
498 1251 587 1286 (Joun,
602 1260 633 1278 ιιι
647 1251 686 1286 3).
1026 1252 1060 1279 ad
1074 1260 1199 1288 regnum
1216 1251 1355 1279 cceIorum
1372 1251 1535 1287 disciplinis
1549 1252 1715 1279 caelestibus
1725 1253 1853 1281 erudire.

176 1294 262 1322 XXII.
278 1295 339 1326 Quo
354 1294 384 1321 in
400 1294 463 1322 loco
489 1295 620 1330 quidam,
649 1295 732 1331 quasi
748 1303 887 1323 evacuare
903 1305 970 1332 pos-
1060 1295 1156 1323 XXIII.
1176 1296 1231 1323 Sed
1248 1295 1319 1323 dicit
1336 1295 1442 1330 aliquis
1458 1305 1464 1322 :
1478 1296 1551 1327 Quid
1561 1305 1628 1331 ergo
1642 1297 1691 1323 fiet
1702 1297 1736 1323 de
1752 1297 1797 1324 his
1805 1297 1856 1332 qui

141 1339 205 1367 sint
220 1338 350 1366 humana
361 1339 615 1374 argumentatione
626 1339 840 1375 praedicationis
853 1348 972 1377 evange-
1026 1341 1055 1368 in
1073 1340 1251 1376 praeteritum
1268 1340 1302 1367 de
1330 1339 1431 1366 haeresi
1455 1340 1489 1367 ad
1519 1340 1678 1367 Ecclesium
1705 1341 1854 1369 venientes

142 1383 208 1411 licia
224 1383 387 1417 veritatem,
405 1383 630 1411 catechumenos
654 1384 739 1412 nobis
766 1387 928 1421 opponunt,
947 1386 971 1413 si
1026 1385 1089 1413 sine
1105 1384 1236 1420 baptimo
1259 1383 1380 1411 admissi
1396 1387 1464 1411 sunt
1482 1386 1611 1411 PPotens
1638 1387 1682 1411 est
1711 1385 1853 1413 Dominus

824 1440 933 1479 Steph.
949 1440 1067 1470 Baluzii
1091 1439 1182 1469 noles.

135 1487 296 1523 Baptismo;
312 1486 383 1514 item
403 1486 481 1523 apud
501 1486 642 1523 >Ruﬁnum
658 1486 687 1513 in
699 1487 876 1522 Expositione
888 1489 967 1523 Sym-
1024 1487 1063 1514 ris
1074 1487 1141 1514 libri
1156 1487 1190 1514 de
1205 1487 1397 1514 cardinalious
1415 1487 1519 1514 Christi
1533 1488 1675 1522 Operibus,
1704 1488 1753 1522 qui
1764 1488 1851 1523 vulgo

136 1494 296 1549 ualptumo;
312 1494 383 1514 item
403 1494 481 1522 apud
507 1494 642 1514 animum
658 1495 687 1513 in
699 1494 876 1522 expositione
888 1494 967 1523 bym-
1024 1496 1063 1514 I‘lS
1074 1494 1141 1514 IIDt‘l
1156 1494 1190 1514 ae
1205 1494 1397 1514 caramanous
1415 1494 1517 1514 Lnrzstt
1533 1494 1675 1522 Upcrtfms,
1704 1496 1753 1522 qui
1764 1494 1851 1523 vulgo

136 1523 169 1550 bo
183 1523 204 1549 i.
222 1525 258 1549 De
273 1522 328 1549 bac
343 1521 466 1549 materia
482 1521 579 1557 plures
595 1522 806 1550 disseruerunt.
984 1543 1004 1558 ,π
1024 1523 1069 1550 edi
1087 1523 1160 1550 solet
1175 1530 1242 1549 cum
1264 1523 1401 1557 operibus
1421 1523 1564 1558 Cypriani.
1595 1523 1641 1549 Ait
1669 1523 1743 1550 enim
1760 1524 1794 1551 de
1810 1524 1851 1551 Ia-

175 1558 230 1593 (58)
246 1559 386 1585 Haretico
401 1543 524 1591 prodiit.
542 1560 667 1585 Rursum
684 1558 762 1585 istud
787 1561 901 1585 mutare
918 1558 967 1586 ha—
984 1543 1004 1575 Ο
1024 1561 1106 1586 trone
1122 1558 1244 1593 loquens
1260 1566 1266 1584 :
1283 1543 1395 1585 Ιίτιιξιιίιηι
1411 1543 1528 1585 militauit
1558 1559 1586 1585 in
1614 1560 1784 1594 marlyrium
1799 1568 1805 1592 ;
1823 1562 1851 1587 et

136 1594 271 1625 buimus,
286 1596 403 1628 propter
411 1601 588 1620 consensum
612 1596 742 1621 veterum
757 1594 968 1629 exemplarium
1025 1594 1100 1621 infra
1116 1602 1123 1620 '.
1140 1595 1236 1621 Factus
1249 1595 1289 1621 est
1302 1595 1437 1628 particeps
1467 1595 1556 1627 regni,
1578 1602 1626 1629 per
1653 1596 1851 1629 confessionem

140 1631 310 1657 nostrorum
326 1631 355 1656 et,
369 1637 430 1665 sex
445 1628 684 1663 Anglicanorum.
711 1630 745 1657 Et
764 1628 970 1665 hanc’quoqne
1023 1632 1110 1665 factus
1125 1630 1227 1662 collega
1244 1630 1384 1663 martyrii.
1402 1628 1582 1656 Ilumbertus'
1605 1630 1773 1662 curdinalis,
1790 1631 1850 1665 epi-

138 1665 296 1701 lectionem
314 1664 418 1700 probat
430 1664 577 1701 Pamelius
593 1666 622 1692 in
639 1666 701 1692 suis
718 1664 968 1693 annotationibus.
1024 1673 1092 1701 scop
1104 1674 1138 1692 us
1153 1665 1242 1701 Sylva;
1258 1665 1462 1701 Candidmﬂib.
1481 1674 1510 1696 ιι,
1528 1666 1655 1692 (nlrersus
1672 1664 1850 1698 Simoniacos,

139 1700 318 1728 Conﬁrmant
332 1702 430 1736 autem
447 1700 525 1726 illam
555 1709 588 1727 ea
614 1709 677 1735 quin
702 1709 767 1728 mox
796 1704 969 1736 sequuntur.
1026 1700 1090 1736 cap.
1103 1700 1200 1733 4‘2,ait
1214 1700 1356 1727 latronem
1378 1700 1458 1727 illum
1475 1701 1521 1734 qui
1551 1702 1667 1734 agnovit
1692 1701 1849 1735 Christum,

139 1736 222 1763 Vitio
238 1744 294 1763 non
313 1738 391 1772 caret
403 1735 456 1772 hoc
478 1740 683 1771 argumentum
712 1745 769 1771 quo
785 1735 861 1772 saepe
878 1737 971 1764 utitur
1024 1735 1160 1772 ex’pmna
1176 1735 1297 1772 latronis
1312 1736 1448 1763 meritum
1470 1744 1532 1763 esse
1547 1736 1729 1771 triumphum
1743 1740 1849 1772 marty-

141 1771 387 1808 Cyprianus.‘Hi_cr
396 1771 473 1808 enim
491 1773 616 1799 maxime
643 1772 738 1808 valent
766 1771 896 1799 adhibita
912 1781 928 1799 a
940 1775 968 1799 S.
1025 1771 1228 1804 rii,’Cznsarius
1245 1771 1542 1804 Heistcrbachcensis,
1565 1772 1615 1798 lib.
1632 1780 1692 1803 Vlll,
1710 1781 1772 1808 cap.
1788 1771 1826 1799 (lli
1841 1781 1847 1799 :

141 1806 346 1843 Augustinoin
358 1806 442 1834 libris
453 1807 486 1834 de
498 1809 638 1842 Baptismo
650 1807 797 1835 rationum
811 1810 969 1841 momenta,
1023 1809 1124 1842 Causa,
1139 1815 1194 1835 non
1209 1815 1299 1840 poena.
1315 1809 1382 1842 facit
1401 1810 1549 1842 martyres.
1580 1808 1636 1835 Duo
1662 1809 1735 1834 enim
1745 1806 1753 1808 ⁷
1766 1808 1849 1835 latro-

141 1851 213 1883 cu_m
230 1843 469 1883 manifestumet
490 1843 688 1883 perspicuum
710 1843 752 1883 si_t_
775 1843 849 1883 nihil
873 1852 896 1883 _a
917 1846 968 1879 Cy-
1024 1851 1070 1883 ne:
1087 1843 1192 1883 Christo
1207 1843 1289 1883 afﬂati
1315 1845 1379 1883 sunt
1400 1843 1509 1883 ΔΙιίησρι
1525 1843 1599 1883 _ind_e
1618 1851 1631 1883 :_
1649 1851 1721 1883 unus
1742 1848 1851 1883 martyr

138 1878 245 1915 priano
261 1878 296 1915 de
308 1877 455 1915 haereticis
471 1877 706 1915 etschismaticis
725 1878 788 1915 dici?
804 1879 881 1914 quod
912 1877 969 1907 non
1024 1880 1133 1913 effectus
1143 1882 1181 1906 est
1195 1880 1305 1913 propter
1321 1879 1452 1905 virtutem
1466 1880 1653 1912 confessionis,
1669 1879 1752 1915 alteri
1765 1877 1849 1914 paena

136 1913 248 1950 pariter
258 1913 319 1950 dici
330 1913 424 1949 possit
438 1914 473 1940 de
488 1913 585 1950 iisqui
601 1914 630 1941 in
648 1915 712 1950 ipsa
729 1913 853 1942 Ecclesia
869 1915 966 1942 occul-
1023 1922 1075 1941 sua
1086 1915 1141 1949 fuit
1162 1915 1278 1950 initium
1291 1917 1405 1942 aeternae
1437 1914 1633 1941 damnationis.
1663 1914 1733 1941 Vide
1760 1915 1849 1942 etiam

137 1949 202 1986 tam
219 1949 353 1986 heresim
370 1950 475 1986 fovent.
491 1949 552 1977 Illis
570 1950 648 1977 enim
661 1949 717 1977 nec
733 1951 970 1986 baptismussan-
1023 1950 1152 1986 glossam
1164 1949 1267 1985 capitis
1287 1950 1452 1984 lmportuno.
1470 1951 1537 1977 dist.
1556 1950 1581 1981 l,
1610 1950 1642 1976 dc
1671 1951 1848 1983 Pwnitentia,

137 1985 241 2022 guinis
252 1985 383 2022 proderit
399 1985 455 2022 nisi
471 1985 781 2022 errorem_deponant.:
809 2021 812 2022 ν
1024 1989 1051 2013 et
1064 1985 1205 2012 Rutilium
1222 1985 1409 2017 Benzonium,
1427 1986 1476 2012 lib.
1495 1995 1524 2016 ιι,
1555 1994 1617 2020 cap.
1648 1986 1690 2016 43,
1709 1986 1753 2022 ille
1776 1994 1850 2013 anno

175 2021 232 2055 (59)
247 2020 388 2056 Proﬁcerc
402 2021 444 2047 ad
455 2021 583 2048 salutem.
602 2020 682 2048 Unus
702 2021 891 2056 Remigianus
908 2022 967 2049 :Ad
1022 2021 1142 2049 Jubilzi.
1160 2023 1248 2048 Fuere
1264 2024 1358 2047 tamen
1376 2021 1423 2055 qui
1442 2024 1581 2056 negarent
1603 2021 1690 2048 istum
1709 2021 1847 2049 honorem

135 2057 255 2084 salutem
276 2056 400 2092 prodesse
423 2061 509 2091 potest
535 2057 600 2092 quia
621 2057 698 2084 salus
719 2061 797 2084 extra
820 2057 968 2084 Ecclesium
1023 2057 1046 2084 ei
1064 2056 1151 2083 tribui
1171 2064 1265 2091 posse,
1282 2056 1360 2119 quia,
1383 2059 1413 2083 ut
1442 2057 1482 2083 ait
1513 2057 1593 2089 llugo
1610 2057 1846 2091 archiepiscopus

135 2100 196 2119 esse
209 2100 264 2119 non
273 2093 368 2119 potest.
385 2093 424 2118 Ita
439 2091 527 2119 etiam
544 2093 633 2119 ferme
651 2092 841 2119 Divionensis.
1024 2092 1275 2119 ﬂothomanensis.
1300 2092 1338 2119 ib.
1356 2101 1380 2119 v.
1406 2100 1467 2119 can.
1484 2094 1500 2116 εἰ
1518 2093 1695 2119 Dialooorum
1713 2101 1845 2119 suorum.

135 2100 196 2120 esse
209 2093 368 2127 nonpolest.
385 2091 527 2128 Itaqetiam
544 2093 633 2119 ferme
651 2092 841 2120 Divionensis.
1024 2092 1275 2128 ﬂothomagensis,
1289 2091 1338 2119 lib.
1356 2101 1380 2123 v,
1406 2100 1467 2123 cap.
1484 2094 1500 2116 tt
1518 2093 1695 2123 Dialogorum
1713 2101 1845 2128 suorum,

176 2128 232 2162 (60)
247 2128 288 2154 Ex
307 2136 379 2162 aqua
395 2127 482 2161 prius.
500 2128 595 2155 Codex
607 2128 764 2163 Eligianus,
795 2136 824 2155 eo
846 2127 918 2163 quod
932 2136 970 2155 ex:
1024 2136 1117 2163 neque
1132 2127 1279 2163 baptismo
1295 2131 1483 2161 regeneratus
1499 2131 1569 2157 erat.
1582 2136 1632 2153 nec
1641 2136 1729 2154 causa
1738 2127 1843 2154 Christi

136 2171 211 2199 aqua
223 2165 249 2190 et
260 2163 369 2198 Spiritu
383 2164 463 2197 prius
477 2171 532 2190 non
546 2165 584 2191 sit
597 2166 718 2191 renatus.
1022 2164 1051 2191 in
1068 2172 1153 2191 cruce
1169 2164 1263 2190 fuerat
1278 2163 1392 2190 afﬁxus.
1406 2163 1486 2190 Unde
1503 2163 1679 2197 sequebatur
1694 2163 1773 2190 illum
1786 2171 1843 2190 non

175 2199 232 2235 (61)
247 2199 538 2235 Ecclesiaeveritatem.
558 2199 604 2227 Sic
633 2200 724 2227 edidit
750 2201 897 2235 Erasmus.
926 2199 966 2226 Ita
982 2228 1000 2235 ἢ
1023 2208 1087 2227 esse
1116 2202 1283 2235 martyrem.
1312 2199 1344 2225 Et
1368 2201 1463 2235 tamen
1495 2199 1650 2233 Rnpertus,
1676 2198 1726 2235 lib.
1757 2207 1798 2225 ιιι.
1816 2199 1844 2226 in

139 2228 230 2262 etiam
250 2234 308 2261 vidi
324 2234 466 2270 scriptum
483 2234 511 2261 in
528 2235 666 2262 tredecim
682 2234 896 2270 exemplaribus
913 2243 963 2261 no-
980 2228 1003 2260 D
1019 2228 1203 2268 Evangelium'
1212 2235 1334 2265 Joannis,
1351 2234 1465 2260 videtur
1488 2228 1672 2261 existimasse
1694 2234 1777 2270 illum
1794 2234 1845 2261 ba-

137 2270 209 2298 stris
221 2272 248 2297 et
262 2270 291 2297 in
307 2278 357 2297 sex
371 2269 547 2304 Anglicanis.
568 2271 645 2298 Infra
660 2271 690 2298 in
705 2269 839 2305 hac’ipsa
853 2270 962 2305 episto-
1018 2271 1158 2305 plizatum
1181 2269 1307 2297 fuissein
1315 2278 1391 2304 aqua
1407 2278 1470 2304 qua:
1488 2270 1569 2296 tluxit
1580 2271 1615 2296 de
1626 2269 1714 2296 latere
1725 2269 1842 2297 Christi.

135 2306 175 2340 la,
191 2306 248 2333 nisi
261 2306 340 2340 prius
356 2310 488 2333 venerunt
509 2306 545 2333 ad
555 2306 687 2334 Ecclesia
709 2307 866 2334 veritatem.
885 2305 963 2332 Hanc
1018 2306 1053 2333 Β.
1075 2306 1104 2333 Ρ.
1126 2305 1296 2333 Edmundus
1312 2305 1441 2332 Martene
1471 2305 1498 2331 in
1523 2306 1717 2340 descriptione
1732 2306 1844 2333 Itineris

136 2341 292 2370 lectionem
307 2340 482 2368 conﬁrmant
503 2341 560 2368 alia
584 2350 701 2377 quoque
726 2341 871 2377 Cypriani
889 2340 959 2368 loca.
1016 2343 1062 2369 sui
1074 2349 1124 2376 per
1137 2341 1249 2373 Gallias,
1263 2348 1328 2376 pag.
1345 2341 1525 2373 24,1estatur
1541 2341 1679 2377 singulis
1693 2341 1778 2368 annis
1797 2350 1842 2369 ce-

172 2350 292 2369 :uonem
307 2350 482 2368 conurmant
503 2350 560 2368 ana
584 2350 701 2377 quoque
726 2350 746 2369 υ
768 2350 861 2376 priam
889 2350 959 2368 loca.
1016 2350 1060 2369 sui
1074 2350 1124 2376 per
1137 2350 1249 2373 ualuas,
1263 2350 1328 2376 pag.
1345 2350 1525 2373 mqesrarur
1541 2350 1665 2375 singulis
1693 2350 1778 2368 annis
1797 2350 1840 2369 ce-

172 2377 228 2411 (62)
255 2377 373 2411 Quando
401 2376 436 2404 ad
460 2377 607 2404 latronem.
639 2378 715 2405 Citat
748 2350 829 2404 ζυηο
867 2376 963 2403 locum
1017 2377 1123 2404 lebrari
1139 2377 1260 2404 missam
1277 2377 1312 2402 de
1327 2379 1426 2402 sancto
1443 2376 1562 2403 Latrone
1578 2377 1607 2403 in
1625 2376 1745 2403 ecclesia
1764 2377 1840 2403 Bitu-

136 2416 259 2440 sanctus
274 2412 455 2447 Augustinus
471 2412 520 2439 lib.
538 2421 573 2446 IV,
589 2421 652 2447 cap.
669 2414 713 2445 22,
743 2413 778 2439 de
804 2412 886 2439 unico
909 2413 962 2439 Ba-
1017 2412 1122 2440 ricensi
1139 2412 1167 2439 in
1180 2412 1225 2439 die
1241 2411 1470 2439 Sabbatisancti.
1494 2412 1640 2447 Reliquias
1656 2411 1844 2439 sanctilatro-

135 2449 246 2484 ptismo,
263 2448 392 2476 adversus
407 2449 573 2475 Donatistas.
592 2449 673 2476 Hunc
690 2448 830 2475 latronem
843 2447 962 2484 quidam
1018 2449 1062 2476 nis
1078 2448 1224 2476 exstitisse
1235 2447 1303 2475 olim
1320 2450 1348 2474 et
1368 2448 1500 2474 fortassis
1518 2448 1612 2474 adhuc
1628 2450 1741 2484 exstare
1757 2448 1784 2473 in
1800 2456 1843 2484 ec-

136 2482 241 2512 vocant
253 2486 420 2519 martyrem.
438 2483 507 2518 quia
522 2483 671 2511 Christum
683 2484 834 2511 confessus
846 2486 900 2515 est,
913 2483 962 2518 qui
1017 2484 1104 2511 clesia
1119 2484 1341 2511 Carcassonensi
1359 2483 1442 2509 docet
1465 2486 1546 2509 vetus
1567 2483 1760 2519 inventarium
1777 2482 1842 2509 reli-

136 2520 162 2548 ei
184 2519 319 2547 morienti
332 2518 491 2555 pollicitus
521 2522 565 2547 est
589 2519 768 2555 paradisum.
798 2519 863 2546 Fuit
893 2526 963 2546 sane
1017 2520 1151 2555 quiarum
1168 2528 1231 2554 qua:
1247 2519 1276 2545 in
1288 2527 1321 2546 ea
1336 2519 1537 2552 servabantur,
1553 2519 1662 2555 editum
1680 2527 1695 2545 a
1711 2518 1838 2555 Ge‘t'ardo

139 2557 260 2595 martyr,
272 2555 300 2595 i_d
317 2553 361 2595 est
374 2554 459 2595 testis
475 2553 620 2595 passionis
635 2555 752 2595 Christi.
769 2555 963 2595 Hieronymus
1017 2553 1052 2595 (ξε
1068 2556 1119 2582 Vic
1135 2553 1321 2595 in_;Ch‘ronico
1336 2555 1537 2595 episcoporum
1551 2553 1837 2595 Carcassonensium.

135 2591 165 2618 in
182 2589 305 2626 epistola
320 2590 355 2618 ad
369 2591 522 2618 Paulinum
537 2591 572 2618 de
596 2590 782 2618 Institutione
807 2589 940 2617 monachi
955 2598 960 2617 :
1019 2592 1118 2618 Petrus
1130 2599 1146 2617 a
1160 2590 1253 2621 Valle,
1271 2590 1409 2623 patricius
1427 2590 1583 2626 Romanus.
1600 2589 1628 2615 in
1650 2589 1773 2626 epistola
1785 2597 1838 2626 xui

136 2627 158 2654 E
173 2624 314 2654 contrario
326 2626 401 2654 latro
415 2634 521 2653 crucem
535 2627 624 2653 mutat
642 2626 776 2661 paradiso
791 2628 816 2653 et
830 2626 899 2661 facit
915 2626 962 2652 ho-
1020 2626 1284 2661 peregrinationum
1293 2625 1510 2652 suarumtradit
1522 2627 1670 2652 ostensum
1680 2625 1733 2651 sibi
1750 2624 1841 2651 fuisse

135 2661 244 2689 micitlii
257 2670 366 2698 pzcnum
376 2662 556 2698 martyrium.
573 2661 674 2689 Avitus
703 2663 857 2697 episcopus
872 2661 962 2688 Vien-
1018 2662 1095 2690 haud
1113 2661 1213 2697 procul
1229 2662 1321 2688 Rama
1337 2661 1440 2698 vicum
1455 2661 1613 2698 quemdam
1641 2668 1746 2698 ex_quo
1761 2663 1842 2687 ortus

137 2696 262 2730 nensisf
281 2697 366 2733 epist.
396 2705 427 2724 ιιι
446 2696 458 2725 ξ
480 2698 583 2725 Horum
605 2698 693 2730 igitur
717 2696 788 2724 unus
826 2698 963 2724 latranum
1019 2701 1080 2726 erat
1095 2696 1190 2725 bonus
1206 2698 1279 2724 latro
1299 2696 1347 2731 qui
1365 2696 1520 2722 cruciﬁxus
1537 2698 1656 2733 estcum
1672 2696 1796 2733 Christo.

135 2734 213 2767 longi
223 2733 333 2761 sceleris
348 2734 436 2760 vitam
452 2733 539 2761 brevis
568 2733 722 2768 compendii
737 2734 792 2767 ﬁne
804 2736 964 2766 permutans
1054 2734 1109 2768 (63)
1123 2732 1199 2760 Fidei
1209 2735 1237 2759 et
1251 2733 1373 2759 veritatis
1398 2740 1556 2765 praesumus.
1587 2732 1666 2768 Hanc
1689 2732 1842 2768 lectionem

133 2778 171 2796 es:
185 2766 358 2804 interfectore
371 2768 501 2800 medicus,
525 2766 635 2804 martyr"
660 2777 694 2796 er
720 2769 794 2802 fure.
810 2768 844 2804 Et
872 2767 963 2802 Epist.
1021 2766 1177 2804 praeierunt
1192 2768 1333 2795 editiones
1350 2768 1469 2804 Manutii
1486 2770 1514 2793 et
1529 2767 1680 2804 Morelliret
1691 2775 1796 2804 rnovem
1813 2766 1845 2792 Ii—

137 2812 181 2831 1v:
199 2805 279 2833 Latro
295 2805 343 2832 ille
359 2812 409 2838 pro
424 2804 567 2832 subsecuta
594 2803 760 2839 con/essione
787 2803 900 2830 additur
913 2811 961 2838 pa-
1020 2803 1063 2831 bri
1080 2807 1200 2831 veteres.
1218 2804 1355 2830 Erasmus
1373 2805 1400 2828 et
1416 2803 1463 2829 alii
1480 2804 1608 2837 quinque
1632 2803 1695 2829 libri
1713 2805 1844 2839 veteres:

136 2840 238 2873 radice,
254 2848 304 2875 per
318 2836 451 2875 injustam
466 2840 598 2868 deductus
619 2836 658 2868 est
685 2848 772 2867 aevum
791 2841 827 2875 ut
844 2839 877 2866 de
887 2836 966 2873 juxta
1020 2842 1068 2875 qui
1083 2839 1134 2875 ﬁde
1149 2841 1174 2866 et
1188 2840 1299 2867 veritate
1314 2836 1517 2874 przcsumimus.
1531 2836 1611 2866 Unus
1628 2846 1710 2865 meus
1727 2846 1733 2865 2
1751 2838 1799 2873 qui
1813 2836 1846 2863 de

137 2874 534 2911 raperet'morle’martyrium.
551 2876 658 2904 Eadem
682 2875 737 2902 fuit
752 2874 849 2910 opinio
866 2876 965 2902 aucto-
1021 2874 1085 2909 ﬁdei
1097 2876 1211 2902 veritate
1224 2875 1433 2910 przsumimus.
