4098 6178
453 294 607 355 ΗΉ

1499 293 1602 353 DE
1645 291 2238 356 HIERETICORUM
2280 290 2810 353 BAPTISMATE.

3643 303 3771 364 H7!

456 426 857 482 misericordia
887 443 993 482 sua
1017 424 1447 498 indulgentiam
1480 427 1617 482 dare
1647 430 1704 482 et
1761 443 1860 482 eos
1903 426 2002 498 qui
2034 427 2104 481 ad
2137 427 2191 493 Α
2222 426 2476 497 quadarn
2513 425 2684 497 quasi
2707 424 3108 497 rebaptizandi
3154 424 3434 498 baptizare
3487 434 3600 501 post
3621 431 3775 492 hostes

454 513 773 569 Ecclesium
807 515 1152 587 simpliciter
1183 514 1447 582 admissi,
1477 515 1535 568 in
1569 515 1822 570 Ecclesia
1850 514 2102 570 dormie-

457 608 614 671 runt,
648 603 718 658 ab
752 603 1016 658 Ecclesiae
1049 621 1170 658 suae
1185 604 1528 658 muneribus
1551 621 1664 659 non
1681 609 2102 676 separare.Non

453 697 651 747 tamen
685 693 822 763 quia
838 691 1156 762 aliquando
1181 698 1438 747 erratum
1461 697 1570 760 est,
1603 693 1732 747 ideo
1761 709 1993 764 semper
2017 709 2105 748 er-

456 781 710 835 randum
740 786 850 849 est,
879 797 1011 836 cum
1041 783 1230 853 magis
1249 780 1610 852 sapientibus
1627 781 1879 836 etDeum
1895 781 2105 836 timen-

454 868 616 924 tibus
648 875 931 942 congruat
958 871 1257 941 patefactaa
1314 876 1370 925 et
1426 875 1739 941 perspectas
1784 869 2009 924 veritati
2041 870 2108 924 li-

456 958 662 1012 benter
691 962 864 1030 atque
893 958 1300 1013 incunctanter
1330 959 1570 1029 obsequi
1592 975 1768 1029 quam
1801 958 2108 1029 pertinaci-

459 1048 548 1099 ter
567 1051 743 1116 atque
781 1045 1073 1101 obstinate
1129 1052 1331 1101 contra
1363 1047 1570 1102 fratres
1590 1051 1645 1101 et
1671 1048 2111 1102 consacerdotes

460 1151 565 1205 pro
596 1134 879 1190 haereticis
901 1133 1193 1189 reluctari.

535 1222 724 1278 XXIV.
745 1223 858 1278 Nec
880 1223 1194 1294 quisquam
1219 1222 1512 1278 existimet
1533 1223 1853 1294 haereticos,
1869 1241 1934 1279 eo
1958 1225 2110 1296 quod

466 1311 584 1366 illis
630 1311 926 1382 baptisma
973 1311 1291 1383 opponitur
1317 1313 1451 1380 (64),
1513 1313 1678 1382 quasi
1721 1313 1961 1367 secundi
2016 1313 2114 1367 ba-

463 1399 666 1470 ptismi
696 1400 975 1455 vocabulo
998 1400 1422 1455 scandalizatos
1449 1405 1509 1455 ut
1569 1402 1639 1455 ad
1672 1400 1986 1456 Ecclesiam
2023 1418 2115 1457 ve-

465 1489 634 1542 niant
665 1489 966 1543 retardari.
994 1491 1114 1543 Imo
1144 1505 1276 1543 vero
1308 1488 1416 1543 hoc
1446 1489 1574 1560 ipso
1598 1491 1786 1560 magis
1818 1491 1886 1544 ad
1924 1505 2118 1544 neces-

463 1575 694 1631 sitatem
719 1576 983 1631 veniendi
1017 1577 1352 1631 testimonio
1383 1581 1632 1632 ostensa:
1667 1578 1778 1632 sibi
1809 1583 1868 1632 et
1909 1580 2120 1649 proba-

459 1659 536 1718 tas
557 1663 816 1719 veritatis
840 1665 1162 1737 adiguntur
1194 1681 1205 1720 :
1240 1682 1377 1720 nam
1419 1665 1468 1720 si
1519 1665 1771 1720 viderint
1791 1666 2018 1736 judicio
2049 1683 2115 1722 ac

463 1753 755 1809 sententia
785 1759 986 1808 nostra
1015 1753 1072 1808 id
1103 1753 1335 1809 decerni
1366 1758 1421 1809 et
1473 1754 1651 1809 statui
1714 1760 1776 1810 ut
1825 1755 2117 1826 baptisma

458 1842 690 1914 justum
723 1846 780 1898 et
807 1842 1132 1913 legitimum
1158 1848 1650 1914 computeturquo
1682 1842 1800 1898 illic
1816 1843 2112 1915 baptizan-

465 1934 584 1997 tur,
621 1931 910 2001 putabunt
936 1947 998 1985 se
1021 1930 1334 1986 Ecclesiam
1361 1947 1592 2002 quoque
1621 1937 1677 1986 et
1699 1936 1902 1986 caetera
1927 1931 2112 1988 Eccle-

466 2018 566 2074 siae
598 2035 841 2074 munera
862 2020 1026 2090 juste
1068 2024 1125 2074 et
1183 2019 1436 2091 legitime
1495 2020 1793 2091 possidere
1827 2038 1839 2087 ;
1872 2037 1979 2075 nec
2007 2021 2118 2076 erit

468 2123 646 2162 causa
666 2107 938 2163 veniendi
969 2108 1040 2162 ad
1075 2125 1201 2175 nos,
1223 2109 1477 2179 quando,
1497 2107 1778 2164 habentes
1801 2109 2112 2179 baptisma,

475 2194 692 2250 habere
718 2195 1031 2251 videantur
1058 2201 1115 2250 et
1143 2201 1369 2252 cetera.
1393 2197 1564 2252 Porro
1614 2213 1684 2252 au
1697 2201 1832 2268 tem,
1865 2213 1998 2252 cum
2021 2213 2115 2253 co-

471 2288 765 2356 gnoscunt
794 2283 1092 2356 baptisma
1120 2283 1347 2339 nullum
1381 2285 1520 2341 foris
1542 2301 1669 2341 esse
1685 2301 1791 2340 nec
1807 2286 2124 2348 remissam.

464 2375 842 2443 peccatorum
871 2379 1035 2428 extra
1062 2371 1375 2428 Ecclesiam
1395 2373 1520 2428 dari
1544 2389 1738 2445 posse,
1761 2373 1990 2429 avidius
2009 2374 2115 2444 (65)

463 2460 537 2517 ad
596 2477 702 2516 nos
779 2465 838 2516 et
913 2465 1243 2533 promptius
1373 2467 1689 2534 properant
1755 2468 1812 2518 et
1877 2478 2120 2519 munera

463 2565 530 2604 ac
560 2548 713 2604 dona
751 2548 1015 2604 Ecclesiae
1067 2549 1271 2605 matris
1332 2550 1671 2622 implorant,
1721 2551 1863 2607 certi
1920 2567 2118 2622 perve-

471 2635 598 2690 nire
655 2653 715 2692 se
746 2637 985 2693 omnino
1019 2654 1133 2693 non
1164 2655 1336 2710 posse
1364 2639 1436 2694 ad
1468 2655 1662 2694 veram
1685 2639 1891 2694 divina
1921 2642 2119 2712 gratiae

466 2723 946 2796 pollicitationem
968 2727 1081 2781 nisi
1114 2727 1280 2798 prius
1300 2729 1562 2783 venerint
1583 2728 1652 2782 ad
1676 2728 1946 2784 Ecclesiae
1971 2730 2117 2784 veri-

459 2815 640 2868 tatem
675 2815 783 2886 (66)
808 2816 878 2868 τι
892 2817 928 2869 1
944 2815 1154 2871 26nec
1174 2815 1822 2893 recusabuntbaptizari
1845 2819 1998 2889 apud
2014 2836 2120 2874 nos

464 2899 718 2956 hmretici
750 2901 1010 2973 legitimo
1032 2937 1036 2940 -
1056 2909 1114 2958 et
1143 2920 1276 2960 vero
1297 2905 1564 2960 Ecclesiae
1595 2905 1909 2977 baptismo,
1943 2923 2122 2977 quan-

467 2990 540 3045 do
574 3006 643 3045 ex
675 2990 844 3046 nobis
908 2992 1223 3047 didicerint
1271 2993 1594 3064 baptizatos
1623 3010 1854 3066 quoque
1883 3011 1916 3048 a
1944 2995 2121 3051 Paulo

470 3093 570 3134 eos
610 3079 711 3150 qui
731 3081 854 3150 jam
887 3080 1178 3152 baptismo
1236 3081 1482 3136 Joannis
1541 3081 1813 3153 baptizati
1849 3083 2118 3162 fuissent,

489 3167 643 3222 sicut
672 3167 922 3240 legimus
952 3169 1012 3223 in
1051 3169 1297 3225 Actibus
1327 3169 1722 3242 apostolorum
1753 3173 1888 3243 (Act.
1919 3172 2058 3243 xix).

550 3255 716 3310 XXV.
745 3257 811 3311 Et
844 3273 999 3313 nunc
1026 3259 1181 3329 apud
1227 3260 1512 3329 quosdam
1544 3259 1614 3314 de
1646 3259 1864 3314 nostris
1895 3260 2120 3317 haereti-

473 3359 675 3400 corum
707 3345 1002 3417 baptisma
1032 3351 1382 3418 occupatum
1443 3348 1747 3418 asseritur,
1811 3351 1868 3403 et
1904 3349 2123 3404 invidia

2212 514 2314 568 Dei
2338 515 2504 568 nefas
2537 515 2797 579 ducitur,
2825 531 2960 569 cum
2991 513 3778 592 baptizatosinveniamusquos

2212 602 2469 658 Joannes
2492 603 2906 673 baptizaverat,
2939 602 3035 658 ille
3055 604 3304 657 Joannes
3336 606 3505 674 major
3530 607 3657 662 inter
3678 627 3778 680 pro-

2216 690 2424 763 phetas
2451 692 2564 760 (67)
2596 690 2860 758 habitus,
2888 690 2984 746 ille
3014 690 3213 745 divina
3228 691 3406 763 gratia
3426 693 3591 748 adhuc
3617 696 3664 749 in
3683 703 3778 753 ute-

2218 795 2280 834 ro
2325 778 2531 833 matris
2578 778 2878 850 impletus,
2911 779 3009 834 ille
3065 777 3239 834 Heliae
3297 779 3490 850 spiritu
3525 787 3574 836 et
3619 783 3785 842 virtute

2219 867 2526 933 subnixus,
2561 867 2661 939 qui
2694 885 2810 922 non
2829 867 3200 923 adversarius
3217 866 3559 936 Domini,sed
3587 887 3785 942 praecur-

2219 972 2318 1010 sor
2343 973 2406 1010 ac
2439 956 2780 1027 prmdicator
2810 956 2940 1021 fuit,
2972 955 3073 1027 qui
3103 955 3407 1011 Dominum
3451 961 3684 1014 nostrum
3702 979 3788 1017 non

2219 1049 2451 1099 tantum
2483 1044 2674 1099 verbis
2711 1044 3148 1115 praenuntiavit,
3172 1045 3271 1099 sed
3293 1050 3347 1099 et
3374 1046 3542 1100 oculis
3569 1049 3790 1114 ostendit,

2222 1133 2320 1203 qui
2352 1132 2546 1204 ipsum
2580 1133 2897 1203 Christum,
2931 1149 3032 1204 per
3061 1149 3235 1204 quem
3260 1133 3602 1204 baptizantur
3627 1137 3792 1204 cet-eri,

2224 1221 2556 1291 baptizavit.
2591 1222 2753 1285 Quod
2785 1222 2835 1277 si
2866 1221 3083 1276 idcirco
3115 1221 3413 1277 haereticus
3455 1224 3546 1292 jus
3574 1224 3795 1295 baptismi

2226 1310 2486 1364 obtinere
2519 1310 2875 1382 potuit,quia
2890 1310 3047 1382 prior
3078 1309 3406 1381 baptizavit,
3425 1327 3530 1366 non
3559 1312 3800 1383 possiden-

2225 1398 2302 1453 tis
2331 1399 2442 1453 erit
2464 1400 2591 1469 jam
2624 1399 2942 1468 baptisma,
2975 1399 3076 1453 sed
3111 1399 3444 1468 occupantis
3475 1423 3488 1466 ;
3520 1405 3707 1454 etcum
3732 1418 3800 1456 se-

2230 1487 2422 1559 parari
2453 1504 2486 1541 a
2513 1504 2575 1542 se
2605 1495 2656 1542 et
2690 1487 2869 1541 dividi
2892 1485 3132 1542 omnino
3165 1503 3281 1541 non
3316 1487 3526 1558 possint
3571 1488 3804 1560 baptisma

2230 1579 2287 1629 et
2316 1576 2593 1645 Ecclesia,
2627 1576 2725 1646 qui
2757 1591 3042 1646 occupare
3073 1575 3366 1646 baptisma
3396 1575 3542 1647 prior
3567 1577 3741 1647 potuit,
3765 1585 3805 1632 et

2230 1664 2545 1719 Ecclesiam
2579 1664 2798 1736 pariter
2827 1664 3151 1735 occupavit,
3182 1667 3240 1718 et
3261 1663 3463 1734 incipis
3491 1670 3544 1719 tu
3571 1664 3641 1719 illi
3666 1665 3804 1720 haere-

2233 1753 2385 1808 ticus
2414 1753 2528 1824 (68)
2557 1753 2741 1809 videri
2772 1753 2870 1823 qui
2901 1758 3230 1825 praeventus
3281 1755 3552 1824 posterior
3591 1771 3700 1809 esse
3724 1771 3804 1809 cae-

2226 1842 2383 1913 pisti,
2416 1842 2518 1913 qui
2550 1843 2807 1897 cedendo
2839 1859 2903 1897 ac
2938 1858 3149 1897 manus
3173 1843 3364 1897 dando
3404 1843 3501 1912 jus
3530 1843 3661 1913 quod
3689 1859 3806 1898 acce-

2225 1945 2394 2000 peras
2424 1929 2732 2001 reliquisti.
2785 1930 2969 1993 Quam
3012 1929 3406 2001 periculosum
3455 1931 3526 1985 sit
3566 1935 3731 1986 autem
3766 1931 3808 1985 in

2223 2018 2435 2073 divinis
2466 2019 2640 2074 rebus
2671 2024 2736 2072 ut
2766 2019 2899 2091 quis
2929 2019 3095 2074 cedat
3133 2020 3271 2089 jure
3336 2036 3437 2074 suo
3488 2024 3540 2073 et
3585 2023 3810 2090 potestate

2222 2107 2524 2178 Scriptura
2553 2112 2753 2162 sancta
2783 2107 3058 2174 declarat,
3092 2124 3227 2162 cum
3260 2107 3318 2162 in
3351 2107 3549 2163 Genesi
3578 2108 3704 2162 Esau
3728 2106 3811 2178 pri-

2227 2199 2424 2251 matus
2455 2213 2595 2251 suos
2613 2196 2750 2251 inde
2781 2196 3234 2267 perdiderit,nec
3257 2196 3504 2268 recipere
3533 2195 3585 2250 id
3608 2198 3810 2266 postmo-

2225 2285 2368 2339 dum
2401 2285 2657 2356 potuerit
2685 2285 2839 2356 quod
2873 2283 3054 2340 semel
3087 2285 3266 2340 cessit
3303 2287 3451 2355 (Gen.
3491 2301 3589 2339 xxv
3625 2283 3805 2352 ;Hebr.,

2224 2391 2332 2443 ιιι,
2395 2375 2505 2446 16).

2297 2462 2490 2519 XXVI.
2523 2463 2654 2518 Haec
2685 2462 2790 2518 tibi
2814 2462 3065 2518 breviter
3099 2463 3233 2534 (69),
3297 2478 3398 2534 pro
3437 2463 3620 2516 nostra
3645 2457 3812 2515 medio-

2229 2551 2452 2622 critate,
2502 2551 2938 2624 rescripsimus,
3006 2552 3185 2606 frater
3245 2549 3598 2614 charissima,
3644 2546 3811 2602 nemini

2229 2641 2672 2713 prescribentes
2746 2644 2847 2695 aut
2895 2639 3344 2711 praejudicantes
3407 2639 3512 2710 (70)
3560 2635 3812 2709 quominus

2228 2728 3052 2800 unusquisqueepiscoporum
3069 2728 3222 2799 quod
3260 2732 3425 2800 putat
3453 2726 3629 2790 faciat,
3645 2724 3814 2778 habens

2229 2818 2454 2873 arbitrii
2492 2819 2582 2874 sui
2613 2817 2855 2872 liberam
2889 2821 3266 2888 potestatem.
3301 2817 3436 2887 Nos,
3484 2818 3734 2887 quantum
3772 2812 3814 2866 in

2230 2908 2400 2963 nobis
2431 2911 2537 2974 est,
2564 2911 2799 2978 propter
2829 2907 3130 2961 haereticos
3177 2923 3316 2962 cum
3351 2904 3575 2977 collegis
3601 2908 3649 2957 et
3676 2898 3816 2970 coepi-

2232 2997 2425 3067 scopis
2446 2997 2665 3051 nostris
2699 3012 2812 3050 non
2836 2995 3272 3062 contendimus,
3301 2995 3499 3049 1127
3527 2988 3818 3061 cumquibus

2232 3085 2488 3140 divinam
2513 3083 2882 3140 concordiam
2899 3089 2955 3139 et
2979 3083 3345 3139 Dominicam
3360 3098 3555 3154 pacem
3585 3085 3817 3140 tenemus;

2163 3174 2206 3240 C
2245 3174 2496 3228 maxime
2525 3190 2659 3228 cum
2692 3177 2748 3228 et
2776 3171 3084 3243 Apostolus
3115 3172 3277 3227 dicat
3301 3190 3314 3227 :
3348 3171 3408 3226 Si
3434 3173 3551 3242 quis
3577 3175 3731 3223 nullam
3749 3182 3818 3236 pu-

2233 3271 2384 3317 tatur
2406 3263 2774 3318 contentiosus
2805 3261 2910 3333 (7i)
2961 3277 3091 3329 esse,
3149 3276 3249 3315 nos
3309 3260 3472 3315 talem
3523 3254 3817 3314 consuetudi-

2230 3367 2357 3406 nem
2388 3367 2496 3407 non
2525 3351 2782 3406 habemus
2811 3366 2982 3422 neque
3048 3350 3298 3404 Ecclesia
3329 3350 3426 3404 Dei
3467 3348 3510 3417 (ι
3539 3346 3646 3401 Cor.
3676 3342 3816 3412 11,6).

1812 3527 2030 3606 Steph.
2064 3527 2302 3590 Baluzii
2344 3538 2530 3591 notae.

535 3698 649 3769 (64)
671 3699 950 3823 Baptism
979 3700 1299 3768 opponitur.
1324 3699 1410 3754 Ita
1439 3699 1720 3756 Erasmus
1760 3707 1818 3757 et
1847 3707 2124 3772 quatuor-

535 3769 659 3823 ecim
707 3767 747 3821 li
795 3768 842 3822 ri
885 3768 1118 3823 viteres.
1170 3770 1464 3823 Manutius
1521 3773 1716 3823 nosuit
1773 3789 2122 3823 BAPTISMATA

471 3767 659 3842 decim
707 3767 842 3842 libri
885 3767 1118 3842 viteres.
1170 3770 1464 3825 Manutius
1521 3773 1716 3842 posuit
1772 3767 2124 3828 ΒΑιΞτιεΜΑΤΑ

469 3839 680 3921 litlgris
711 3839 1076 3921 majuscu‘ljs.
1113 3842 1236 3921 Quo
1251 3839 1638 3921 etiammde
1671 3843 1958 3921 scriptum
2009 3844 2124 3921 vidi

467 3912 530 3985 in
564 3911 834 3985 Fuxensi.
859 3911 1184 3985 Editionem
1217 3912 1457 3967 Manutii
1494 3914 1613 3985 scio
1665 3911 1952 3985 placuisse
1981 3915 2126 3971 viris

467 3982 738 4056 doctis;et
751 3981 1134 4056 nihilominus
1151 3999 1287 4056 ergo
1301 3981 2120 4056 putoi‘alsam—esse.Nuspiam

467 4053 623 4128 enim
647 4054 800 4128 apud
832 4053 1324 4128 Cyprianum,qui'
1345 4054 1544 4110 multis
1572 4057 1632 4110 in
1665 4056 1808 4112 locis
1860 4053 2125 4128 disputat

466 4127 759 4198 adversus
777 4125 1077 4195 baptisma
1112 4125 2124 4198 haereticorummuspiam,inquam,

467 4195 714 4270 inveniri
746 4195 805 4270 in
838 4213 904 4250 eo
937 4213 1124 4270 sensu
1142 4213 1337 4252 vocem
1367 4195 1697 4270 baptismatis
1741 4195 1965 4254 certum
2016 4204 2122 4254 est.

469 4271 537 4321 In
566 4265 814 4337 epistola
871 4284 993 4342 Lxxl
1029 4285 1040 4322 :
1075 4268 1234 4342 Nam,
1288 4265 1446 4342 cum'
1471 4270 1576 4324 duo
1627 4272 1957 4342 baptismala
2015 4287 2129 4326 esse

466 4354 576 4412 non
605 4343 848 4412 possunt,
883 4339 941 4412 si
960 4339 1215 4412 heretici
1240 4353 1364 4394 vere
1395 4339 1706 4412 baptisant,
1769 4344 1878 4412 ipsi
1928 4341 2126 4397 habent

470 4410 755 4484 baptisma.
776 4410 859 4484 _Et
880 4409 937 4462 in
971 4409 1218 4484 epistola
1250 4428 1410 4484 Lxxiv
1440 4409 1702 4484 scribens
1733 4409 2012 4467 adversus
2031 4431 2126 4484 pa-

512 4497 605 4536 am
635 4479 1135 4554 Stephanum,qui
1167 4481 1462 4552 baptisma
1485 4482 1886 4538 haereticorum
1923 4479 2127 4554 proba-

513 4556 590 4626 at,
617 4552 697 4626 ait
724 4551 1033 4626 :_01_nnium
1060 4551 1450 4626 lugereticornm
1494 4554 1824 4622 baptismota
1871 4551 2028 4626 justa
2074 4563 2124 4610 et

471 4624 719 4697 legitima
741 4623 1031 4697 judigavit.
1064 4623 1450 4697 Hieronymus
1507 4626 1560 4678 in
1621 4632 1797 4697 caput
1846 4623 2123 4697 quartum

469 4691 833 4766 epistolm’ad
866 4694 1147 4766 Ephesios
1185 4713 1197 4749 :
1236 4691 1411 4752 Unum
1433 4691 1710 4766 baptisma
1729 4701 1780 4751 et
1799 4691 1993 4751 contra
2017 4702 2121 4752 Va-

2305 3705 2418 3782 (67)
2460 3705 2607 3782 Inter
2653 3705 2981 3782 prophetas._
3021 3704 3215 3782 Unus,
3246 3706 3428 3760 codex
3486 3697 3826 3782 regiusuinte"

2231 3779 2388 3847 natos
2417 3775 2727 3830 mulierum
2752 3787 2803 3830 et
2821 3776 3132 3846 prophetas.
3154 3778 3225 3830 At
3248 3783 3488 3832 sanctus
3510 3775 3822 3847 Augustinus.

2231 3846 2334 3972 ἓὲή
2367 3845 2559 3929 locum
2593 3846 2772 3901 istum
2805 3840 3084 3902 describit
3114 3847 3170 3929 ip
3206 3847 3362 3904 libro
3387 3840 3735 3918 quartofcap.
3764 3840 3822 3904 12,

2320 3919 2598 3972 Baptismo
2621 3919 2902 3972 adversus
2943 3919 3306 3972 Donatistas.
3362 3937 3474 3972 non
3513 3917 3671 3972 habet
3711 3916 3822 3966 nam

2320 3919 2902 3995 Baptismoadversus
2943 3918 3306 3995 Donatistas,
3362 3916 3474 3974 non
3506 3916 3825 3995 habetunam

2233 3984 2534 4043 mulierum
2564 3993 2640 4060 et,
2672 4005 2800 4060 quae
2821 3991 3033 4044 desunt
3059 3990 3236 4045 etiam
3273 3984 3334 4046 in
3368 3989 3626 4047 omnibus
3648 3984 3825 4042 aliisve-

2233 4060 2458 4115 teribus
2495 4059 2678 4114 libris.

2306 4132 2417 4200 (68)
2456 4133 2531 4185 Tu
2560 4132 2650 4185 illi
2687 4130 2997 4187 haereticus.
3034 4131 3347 4186 Salvianus
3405 4131 3502 4186 lib.
3560 4148 3605 4183 ν.
3643 4123 3823 4200 οερλξ

2234 4191 2502 4256 Ηεὲινεὶίσὶ
2530 4217 2658 4271 ergo
2687 4206 2838 4270 sunt,
2870 4202 2961 4256 sed
3015 4220 3128 4258 non
3172 4206 3425 4258 scientes.
3483 4191 3826 4271 Denique-apud

2231 4289 2330 4328 nos
2347 4277 2472 4328 sunt
2491 4274 2759 4339 haeretici,
2791 4273 2938 4344 apud
2966 4289 3022 4328 se
3068 4291 3178 4329 non
3209 4280 3367 4329 sunt.
3398 4276 3534 4331 Nam
3584 4275 3637 4326 in
3662 4272 3824 4344 tanturn

2233 4359 2288 4398 se
2315 4345 2615 4399 catholicos
2637 4361 2748 4399 esse
2769 4341 3021 4415 judicent
3049 4349 3110 4398 ut
3163 4362 3266 4402 nos
3295 4349 3439 4409 ipsos
3477 4343 3628 4403 titulo
3655 4341 3821 4396 hereti-

2233 4430 2317 4471 σεε
2372 4416 2758 4485 appellationis
2789 4418 3088 4484 infament.

2305 4475 2416 4556 (69)
2443 4475 2587 4542 Ἠέεσ
2617 4487 2718 4540 tibi
2741 4475 2991 4541 breviter.
3045 4487 3238 4558 Supra
3261 4487 3319 4540 in
3352 4485 3504 4542 calce
3533 4475 3822 4558 epistoleiad

2233 4547 2548 4633 Donatum,
2584 4574 2716 4633 pag.
2747 4559 2799 4611 7.
2832 4560 2951 4612 Haec
2993 4547 3221 4633 interim
3245 4547 3823 4633 brevivusﬂ'onalethd'

2230 4629 2464 4682 rissime.
2499 4625 2883 4683 Ita—Erasmus
2913 4634 2971 4683 et
3003 4629 3302 4684 Morellius
3327 4635 3385 4684 et
3406 4630 3595 4683 decem
3625 4625 3735 4680 libri
3760 4632 3821 4696 te;

2232 4704 2398 4754 teres.
2431 4699 2537 4772 Alii
2565 4701 2822 4772 quinque
2847 4702 3080 4754 brevius.
3114 4702 3281 4772 Apud
3315 4707 3575 4772 sanctum
3609 4693 3821 4772 Augusti-

471 4765 746 4820 lentinum
773 4765 930 4841 facit,
959 4768 1055 4834 qui
1079 4765 1184 4841 duo
1216 4765 1548 4841 baptismata
1596 4785 1724 4841 esse
1749 4768 2042 4841 contendit,
2075 4777 2126 4824 et
2155 4771 2200 4835 D
2233 4765 2661 4840 num,quisatis
2677 4765 3008 4841 frequenter
3025 4765 3822 4841 referthunclocumﬁcriptum

469 4846 660 4891 contra
689 4851 873 4909 omnes
909 4836 1278 4909 haereticosmt
1297 4839 1476 4892 sciant
1503 4854 1610 4893 non
1633 4839 1832 4894 habere
1858 4856 1914 4894 se
1947 4840 2122 4909 bapti-

470 4911 675 4972 smata,
690 4907 786 4961 sed
808 4907 867 4978 in
894 4923 1010 4960 una
1033 4907 1236 4962 Christi
1257 4909 1490 4963 Ecclesia
1514 4913 1717 4978 fontem
1741 4927 1852 4965 esse
1869 4907 2115 4966 vitalem.

543 4978 656 5048 (65)
689 4977 932 5032 Avidius.
971 4977 1057 5032 Ita
1086 4979 1373 5034 editiones
1406 4977 1650 5034 Manutii
1705 4986 1762 5036 et
1790 4981 2029 5037 Morellii
2065 4987 2122 5036 et

473 5048 673 5104 decem
706 5047 842 5102 libri
874 5053 1118 5106 veteres.
1151 5050 1428 5106 Erasmus
1451 5056 1509 5106 et
1550 5053 1730 5107 codex
1758 5053 2120 5108 Corbeiensis

476 5119 696 5193 habent
711 5119 996 5193 audacius.
1030 5121 1136 5176 Pro
1176 5137 1241 5176 eo
1299 5128 1493 5177 autem
1541 5124 1694 5193 quod
1748 5123 2035 5180 editiones
2067 5129 2123 5179 et

472 5189 649 5265 iidem
683 5189 1072 5265 libriveteres
1103 5193 1419 5264 praeferunt
1443 5189 1764 5265 promptius,
1789 5212 1941 5249 unus
1956 5212 2122 5250 meus

474 5259 650 5316 habet
677 5263 976 5332 pernicius.

547 5334 656 5404 (66)
695 5335 1004 5406 Veritatem.
1040 5334 1122 5406 Ita
1149 5335 1590 5404 quatuordecim
1613 5333 1743 5390 libri
1779 5340 1997 5391 veteres
2021 5352 2122 5406 pro

475 5418 541 5456 eo
578 5405 731 5478 quod
764 5405 1050 5462 editiones
1082 5405 1299 5478 habent
1329 5408 1618 5461 unitatem.
1639 5407 1779 5461 Vide
1794 5423 1919 5478 quas
1951 5405 2123 5477 paulo

473 5479 608 5530 ante
629 5476 793 5548 dicta
815 5479 1026 5531 suntin
1047 5477 1225 5531 simili
1249 5494 1445 5532 causa.
1481 5480 1691 5533 Contra
1711 5476 1864 5548 apud
1915 5476 2122 5533 Jonam

470 5546 947 5621 Aurelianensem
980 5550 1062 5621 de
1081 5548 1248 5621 Cultu
1274 5548 1619 5621 imaginum,
1654 5546 1784 5621 pag.
1817 5551 1883 5603 24
1915 5550 2123 5605 editio-

475 5617 564 5672 nis
595 5617 970 5692 Plantipnianae
997 5638 1010 5686 ;
1049 5619 1358 5692 legendum
1390 5617 1518 5692 esse
1550 5617 1816 5675 unitatém
1846 5638 1949 5692 pro
1981 5639 2124 5676 veri-

473 5692 641 5744 tatem
670 5690 881 5762 probat
902 5693 1082 5746 codex
1112 5691 1561 5764 antiquissimus
1581 5699 1640 5747 et
1663 5690 1942 5764 optimus.

2233 4832 2575 4916 estsemper
2606 4832 2863 4916 breviter.
2894 4844 3128 4916 Antiqui
3163 4843 3436 4916 dicebant
3458 4832 3602 4916 brevi
3626 4832 3714 4916 prd
3732 4832 3820 4916 ρης

2227 4914 2394 4990 viter,
2427 4903 2668 4990 utnotat
2697 4903 3206 4990 Charisiusdujus
3229 4915 3389 4968 modi
3411 4903 3678 4990 scribendi
3699 4903 3824 4990 p.195?

2229 4973 2460 5059 exstant
2481 4988 2783 5059 exempla
2806 4986 2960 5056 apud
2982 5055 2994 5059 _
3023 4973 3357 5059 Ciceronem
3418 4973 3823 5059 et__alibi..’Vide

2230 5054 2494 5179 Iﬁpmbini
2527 5054 2935 5110 annotationes
2980 5055 3037 5110 in
3089 5057 3412 5111 orationem
3463 5054 3722 5108 Ciceronis
3748 5056 3819 5114 ρτο

2299 5143 2486 5179 ancuo.

2231 5127 2486 5179 Plancio.

2301 5197 2413 5266 (70)
2437 5198 2723 5252 Nemini...
2757 5197 3103 5268 praejudican
3115 5205 3206 5253 tes.
3267 5197 3656 5265 Hieronymus,
3679 5187 3766 5268 lib.
3793 5199 3817 5268 ις

2229 5251 2495 5323 adversus
2514 5251 2770 5336 Rufinum
2805 5251 3068 5325 :vll'emini
3093 5251 3522 5340 pra’judicantes
3550 5251 3687 5340 sequi
3709 5251 3818 5340 θυοδ

2230 5340 2380 5407 velit,
2409 5355 2505 5394 nec
2533 5329 2766 5394 alterius
2795 5339 3075 5394 decretum
3097 5329 3292 5395 nostra
3341 5329 3620 5393 sententia
3642 5329 3817 5386 subver-

2229 5413 2423 5465 tentes.

2305 5481 2416 5552 (71)
2449 5484 2684 5534 Putatur
2712 5484 3094 5536 contentiosus.
3128 5480 3396 5552 Quinque
3443 5475 3568 5533 libri
3621 5475 3810 5552 veteres.

2225 5540 2884 5622 putaveritcontenliosus
2915 5569 3045 5608 esse.
3077 5540 3186 5606 Alii
3219 5540 3486 5620 quatuor,
3517 5561 3635 5602 cum
3663 5540 3812 5622 aliqqu

2230 5620 2428 5695 tamen
2458 5623 2568 5678 levi
2591 5622 3225 5695 diserimine,putaverit
3251 5622 3626 5677 contentiowm
3644 5620 3806 5667 see“!-

2231 5694 2393 5751 Unus
2423 5710 2607 5761 meus,
2635 5702 2796 5767 putat
2824 5698 3216 5751 contentiosum
3243 5709 3301 5748 se
3323 5708 3453 5750 esse.
