4098 6178
289 252 441 312 M73
1281 254 1484 314 PARS
1530 253 1579 312 Ι.
1616 285 1694 298 -
1729 250 2236 313 MONUMENTA
2285 250 2695 312 VETERUM.
3543 250 3700 310 1174

286 387 556 440 Servatur
584 401 618 440 a
648 384 813 439 nobis
843 384 1131 456 patienter
1169 389 1226 440 et
1271 385 1484 442 leniter
1511 387 1622 458 (72)
1668 384 1925 441 charitas
1958 387 2012 453 Α
2043 381 2416 454 permittente
2447 383 2695 438 Domino
2724 386 2782 439 et
2824 382 3166 454 inspirante,
3212 383 3700 455 conscripsimus,

285 472 1504 545 animi,collegiihonor,vinculumﬁdei,et
1526 474 1933 530 concordiasa-
2045 488 2219 542 quem
2251 472 2321 526 ad
2369 475 2424 526 te
2473 488 2573 543 pro
2623 476 2829 526 mutua
2871 472 3181 527 dilectione
3228 471 3671 527 transmisimus

283 563 1383 634 cerdotii.Propterhocetiamlibellum
1400 565 1680 636 nunc(73)
1694 564 1764 618 de
1788 568 1933 618 Bono
2045 560 2191 633 Opto
2223 565 2299 630 te,
2339 560 2513 616 frater
2541 559 2908 628 charissima,
2940 577 3173 632 semper
3204 562 3351 617 bene
3380 561 3590 617 valere.

282 653 579 708 Patientia?
605 653 742 724 (74),
774 656 1060 723 quantum
1093 651 1277 708 valuit
1306 658 1506 708 nostra
1538 651 1929 707 mediocritas.

795 937 1117 994 EPISTULA
1163 938 1218 993 S.
1263 937 1581 995 CYPRIANI
1621 939 1708 993 AD
1746 936 2103 994 POMPEIUM
2141 935 2398 992 CONTRA
2438 934 2813 992 EPISTOLAM
2844 936 3174 992 STEPHANI

1486 1081 1558 1117 ne
1596 1079 1907 1118 HERBTICIS
1941 1078 2304 1118 BAPTIZANDIS
2342 1060 2475 1133 (75).

1131 1189 1356 1250 (Erasm.
1380 1203 1430 1252 p.
1464 1190 1554 1239 332
1589 1188 1782 1239 Pamel.
1815 1188 2006 1251 Rigalt.
2043 1187 2214 1238 Baluz.
2251 1188 2422 1237 Oxon.
2453 1186 2593 1250 Lips.
2628 1185 2817 1242 Lnlv).

266 1434 675 1486 ARGUMENTUM
714 1429 877 1501 hujus
907 1429 1171 1500 Epistolas
1203 1430 1348 1485 istud
1375 1437 1453 1485 est
1480 1429 1629 1497 apud
1677 1431 1740 1484 ι).
1775 1430 2029 1498 August.,
2060 1428 2188 1483 libr.
2247 1446 2302 1499 v,
2327 1435 2514 1484 contra
2561 1429 2863 1496 Donatist.,
2894 1443 3011 1497 cap.
3061 1427 3169 1480 23:
3205 1449 3232 1476 ‹‹
3260 1425 3338 1481 Ad
3367 1427 3686 1498 Pompeium

343 1521 542 1590 inquit,
575 1520 742 1573 etiam
793 1519 987 1573 scribit
1035 1521 1346 1591 Cyprianus
1392 1519 1457 1574 de
1505 1521 1604 1573 hac
1650 1517 1836 1573 eadem
1883 1535 1980 1579 re;
2028 1519 2129 1573 ubi
2173 1524 2366 1588 aperte
2421 1516 2629 1572 indicat
2678 1515 3032 1588 Stephanum,
3077 1531 3234 1586 quem
3283 1516 3539 1571 Romanae
3582 1518 3682 1571 Ec.

341 1609 531 1664 etesiae
558 1611 867 1679 episcopum
898 1612 1026 1662 tunc
1054 1609 1226 1672 luisse
1255 1607 1566 1673 didicimus,
1598 1623 1706 1661 non
1738 1607 1919 1661 solum
1946 1606 2057 1661 sibi
2086 1606 2154 1660 ad
2185 1608 2288 1660 ista
2315 1620 2427 1660 non
2473 1606 2827 1672 consensisse,
2877 1619 3067 1658 verum
3113 1605 3287 1658 etiam
3333 1612 3518 1658 contra
3547 1609 3682 1659 scri-

341 1698 514 1767 psisse
547 1701 712 1767 atque
740 1698 1080 1767 pracepisse.
1116 1717 1144 1745 ››
1175 1697 1250 1750 De
1295 1713 1404 1766 qua
1435 1713 1662 1750 rursum
1711 1711 1832 1766 cap.
1864 1696 1970 1749 25:
2010 1715 2034 1745 α
2086 1695 2209 1750 Jam
2250 1694 2354 1748 illa
2399 1708 2524 1764 quae
2550 1694 2612 1747 in
2666 1692 3000 1764 Stephanum
3030 1694 3204 1747 iratus
3249 1692 3466 1763 eﬂudit,
3501 1696 3680 1748 retra-

342 1792 489 1838 ctare
520 1785 672 1849 nolo,
703 1785 837 1854 quia
865 1792 915 1838 et
944 1800 1075 1854 opus
1103 1799 1216 1838 non
1243 1789 1339 1839 est.
1369 1783 1570 1838 Eadem
1599 1785 1796 1854 quippe
1824 1785 1946 1852 ipsa
1994 1783 2256 1838 dicuntur
2283 1799 2404 1854 quae
2424 1784 2548 1854 jam
2597 1784 2731 1837 satis
2777 1781 3026 1837 discussa
3071 1789 3245 1843 sunt;
3276 1787 3328 1836 et
3355 1797 3420 1836 ea
3446 1791 3680 1853 praeter-

347 1875 431 1927 ire
459 1873 654 1928 melius
679 1881 760 1927 est
805 1887 930 1943 quae
973 1874 1286 1943 periculum
1327 1874 1652 1942 perniciosa:
1701 1873 2059 1927 dissensionis
2107 1871 2437 1927 habuerunt.
2489 1871 2795 1944 Stephanus
2840 1875 3023 1925 autem
3074 1879 3123 1926 et
3153 1871 3499 1926 abstinendos
3528 1880 3686 1942 puta-

348 1970 507 2016 verat
537 1963 633 2032 qui
661 1961 726 2015 de
753 1961 1115 2032 suscipiendis
1158 1962 1437 2018 haereticis
1482 1963 1723 2032 priscam
1769 1962 2219 2017 consuetudinem
2267 1961 2572 2016 convellere
2616 1968 2995 2020 corarentur;
3044 1961 3140 2015 iste
3188 1973 3370 2015 autem
3400 1962 3690 2030 quastioni

345 2052 519 2122 ipsius
544 2051 872 2121 difﬁcultate
896 2061 1194 2122 permotus,
1225 2061 1279 2106 et
1315 2053 1522 2106 sanctis
1549 2050 1836 2106 charitatis
1882 2052 2174 2106 visceribus
2225 2051 2534 2122 largissime
2575 2049 2865 2121 praeditus,
2903 2053 2959 2103 in
3008 2052 3214 2104 unitate
3241 2050 3321 2104 eis
3351 2050 3686 2105 manendum

343 2142 442 2210 qui
471 2140 683 2194 diversa
712 2142 999 2195 sentirent.
1033 2144 1144 2208 Ita,
1195 2142 1444 2211 quamvis
1475 2142 1800 2196 commotius
1845 2141 1940 2195 sed
1965 2147 2148 2195 tamen
2191 2141 2437 2210 fraterne
2479 2138 2832 2212 indignetur,
2866 2140 2996 2193 vicit
3039 2148 3220 2192 tamen
3249 2155 3362 2209 pax
3393 2139 3597 2194 Christi
3625 2142 3685 2192 in.

344 2227 602 2282 cordibus
631 2243 842 2298 eorum,
894 2236 954 2283 ut
1001 2230 1193 2283 intuli
1239 2228 1639 2298 discrepatione
1684 2229 1902 2282 nullum
1931 2232 2074 2283 inter
2119 2243 2205 2283 eos
2251 2229 2460 2282 malum
2505 2225 2812 2282 schismatis
2859 2229 3122 2282 oriretur.
3163 2248 3189 2274 »
3235 2231 3512 2281 Hactenus
3543 2227 3688 2295 ille;

339 2330 468 2386 qua:
492 2317 774 2387 prolixius
801 2317 1095 2370 citavimus
1123 2331 1184 2371 eo
1211 2315 1350 2386 quod
1395 2316 1639 2370 antidoti
1685 2318 1798 2371 sint
1828 2316 1960 2384 loco,
2011 2315 2269 2372 adversus
2298 2331 2385 2372 eos
2410 2317 2509 2388 qui
2553 2316 2682 2370 hinc
2727 2316 2960 2371 schisma
3011 2331 3174 2368 suum
3208 2331 3242 2368 a
3271 2317 3508 2370 Romano
3538 2316 3687 2370 Pon-

339 2405 485 2475 tiﬁce
511 2405 843 2475 conﬁrmare
869 2405 1144 2459 nituntur.

338 2547 546 2603 1128
585 2547 917 2602 Cvpmmus
942 2547 1202 2602 POMPEIO
1243 2547 1351 2615 (76)
1392 2561 1600 2602 sum
1640 2563 1918 2602 SALUTEM.
1952 2549 1999 2615 B
2029 2546 2402 2618 exemplum:
2463 2562 2579 2618 quo
2651 2545 2821 2617 lecto,
2901 2546 3088 2617 magis
3163 2561 3227 2600 ac
3305 2545 3494 2617 magis
3553 2546 3682 2616 ejus

341 2636 384 2690 Ι.
421 2637 764 2706 Quanquam
809 2652 954 2706 pene
999 2652 1065 2691 ea
1115 2653 1242 2707 quae
1293 2635 1364 2691 de
1414 2635 1699 2690 haereticis
1729 2635 1922 2707 bapti-
2033 2651 2290 2691 errorem
2337 2635 2666 2699 denotabis,
2697 2635 2796 2706 qui
2833 2633 3236 2689 haereticorum
3283 2651 3517 2688 causam
3547 2651 3682 2688 con-

263 2724 473 2780 zandis
505 2725 754 2780 dicenda
786 2728 925 2780 sunt
973 2724 1260 2796 complexi
1314 2741 1522 2780 sumus
1554 2725 1610 2778 in
1663 2724 1929 2796 epistolis
2034 2730 2126 2780 tra
2156 2723 2518 2779 Christianos
2565 2728 2623 2778 et
2667 2725 2869 2778 contra
2915 2722 3228 2777 Ecclesiam
3282 2723 3376 2777 Dei
3425 2739 3686 2778 asserere

265 2829 520 2885 quarum
555 2814 626 2868 ad
660 2818 715 2868 te
737 2813 1000 2885 exempla
1020 2813 1482 2879 transmisimus,
1507 2813 1686 2868 frater
1705 2812 1928 2868 charis-
2037 2817 2298 2868 conatur.
2332 2812 2476 2867 Nam
2511 2810 2664 2867 inter
2689 2815 2897 2867 caetera
2925 2811 3012 2865 vel
3041 2811 3293 2882 superba
3323 2812 3456 2882 (78),
3490 2811 3581 2864 vel
3612 2811 3682 2866 ad

265 2903 418 2958 sime
442 2919 456 2969 ;
487 2906 684 2956 tamen
710 2905 849 2973 quia
869 2901 1213 2956 desiderasti
1237 2901 1296 2955 in
1323 2901 1588 2957 notitiam
1612 2905 1773 2956 tuam
1798 2917 1926 2972 per-
2038 2918 2158 2957 rem
2182 2917 2298 2956 non
2321 2899 2694 2972 pertinentia,
2713 2899 2804 2956 vel
2823 2899 2934 2956 sibi
2956 2900 3069 2969 ipsi
3093 2899 3401 2964 contraria,
3427 2916 3551 2968 quae
3573 2901 3682 2953 im-

263 2992 405 3047 ferri
440 2991 577 3062 quid
613 2990 757 3045 mihi
787 2990 857 3045 ad
882 2989 1111 3046 litteras
1135 2995 1366 3046 nostras
1389 2990 1721 3062 Stephanus
1751 2989 1928 3044 frater
2037 2988 2220 3059 perite
2241 2993 2416 3059 atque
2435 2986 2758 3058 improvide
2775 2986 3030 3058 scripsit,
3052 2987 3228 3042 etiam
3251 2985 3393 3040 illud
3420 2984 3689 3057 adjunxit

261 3079 384 3151 (77)
438 3083 636 3134 noster
687 3077 1072 3150 rescripserit,
1125 3078 1259 3133 misi
1317 3079 1422 3132 tibi
1471 3078 1739 3149 rescripti
1798 3079 1926 3148 ejus
2036 3080 2102 3130 ut
2130 3076 2384 3132 diceret:
2433 3075 2494 3131 Si
2535 3077 2659 3147 quis
2704 3090 2832 3144 ergo
2880 3076 2994 3146 (79)
3043 3093 3078 3129 a
3123 3091 3446 3148 quacunque
3489 3070 3689 3130 heresi

1598 3230 1819 3310 Steph.
1866 3229 2102 3290 Baluzii
2146 3233 2337 3290 notat.

336 3364 448 3434 (72)
481 3364 716 3417 Leniter.
752 3363 842 3416 Ita
888 3367 1128 3418 sanctus
1173 3361 1562 3434 Augustinus.
1608 3362 1711 3418 lib.
1745 3379 1822 3430 IV,
1855 3361 1920 3417 de

2029 3360 2314 3433 scriptum
2344 3359 2521 3416 estin
2569 3359 2630 3415 in
2680 3358 2878 3433 codice
2931 3358 3320 3433 Floriacensi:
3378 3359 3593 3430 Oportet
3623 3369 3686 3416 ut

255 3436 543 3506 Baptismo
565 3439 767 3506 contra
791 3434 1144 3506 Donatistae,
1169 3450 1295 3506 cap.
1318 3436 1373 3506 8,
1390 3434 1573 3506 etlib.
1599 3451 1654 3496 v.
1676 3450 1803 3506 cap.
1831 3434 1917 3500 17,

2028 3430 2340 3488 Ραιένηίιαε
2377 3434 2584 3498 Vestra,
2608 3447 2741 3486 cum
2771 3430 2944 3502 vulgo
2970 3435 3121 3485 recte
3149 3431 3374 3502 legatur
3394 3433 3682 3486 Fraterni-

260 3504 357 3563 Ita
384 3506 558 3560 etiam
591 3505 769 3559 editio
803 3504 1070 3567 Morellii,
1101 3504 1301 3560 decem
1344 3505 1474 3559 libri
1505 3505 1710 3572 nostri,
1743 3504 1800 3560 et
1829 3521 1918 3560 se-

303 3585 421 3632 tem
461 3576 781 3648 Anglicani.
816 3577 1117 3640 Erasmus,
1150 3577 1464 3646 Manutius,
1489 3582 1547 3631 et
1575 3577 1757 3632 codex
1784 3580 1917 3631 Cor-

303 3597 421 3632 tem
461 3597 781 3648 angucani.
817 3597 832 3630 ι

259 3597 544 3718 Εθίθηεὶε,
577 3649 832 3718 ﬁrmiter.

339 3720 451 3790 (73)
481 3716 654 3772 Nunc.
701 3719 816 3773 Hoc
861 3716 1230 3790 vocabulum,
1273 3717 1426 3790 quod
1478 3717 1538 3772 in
1583 3717 1919 3790 posteriori-

339 3734 451 3790 (ιδ)
481 3734 654 3772 nunc.
701 3734 816 3773 noc
861 3734 1230 3788 vocabulum,
1273 3734 1426 3843 Ἑιοα
1478 3734 1538 3772 1n
1583 3734 1919 3789 poeteriori-

261 3793 379 3847 bus
408 3789 763 3844 editionibus
792 3788 1103 3856 exciderat,
1135 3805 1265 3844 cum
1342 3789 1585 3844 abeatur
1615 3789 1673 3842 in
1715 3788 1919 3844 editio-

263 3863 444 3918 nibus
474 3861 700 3916 Erasmi
746 3865 802 3916 et
834 3859 1079 3925 Morelli,
1127 3877 1232 3915 nos
1263 3861 1658 3915 revocavimus
1701 3877 1770 3915 ex
1809 3860 1920 3915 fide

261 3932 550 3989 tredecim
573 3931 991 4003 exemplarium
1013 3936 1346 3987 nostrorum
1369 3935 1427 3986 et
1449 3936 1700 4002 quatuor
1720 3931 1918 4003 Angli—

261 4021 568 4060 canorum.
606 4004 762 4058 Idem
794 4003 1164 4068 vocabulum,
1199 4004 1350 4074 quod
1394 4020 1428 4056 a
1461 4003 1920 4074 Lovaniensibus

261 4092 500 4148 quoque
531 4077 823 4148 omissum,
864 4073 1241 4148 erat,_sancto
1291 4075 1618 4145 Augustino
1650 4073 1917 4128 reddide-

261 4145 757 4273 rgntdoctissimi
775 4145 882 4200 viri
906 4145 1123 4217 quibus
1147 4147 1429 4201 debemus
1450 4161 1654 4200 novam
1678 4162 1918 4217 operum

261 4236 292 4273 e
345 4218 604 4272 itionem.

261 4218 604 4274 editionem.

336 4288 449 4359 (74)
482 4288 750 4343 Libellum
775 4287 842 4342 de
872 4290 1022 4343 Bono
1054 4289 1368 4359 patientiae.
1419 4287 1615 4342 Refert
1645 4288 1801 4342 hunc
1831 4285 1912 4342 lo-

261 4376 400 4416 cum
433 4365 672 4414 sanctus
695 4359 1079 4430 Augustinus,
1104 4359 1203 4414 lib.
1229 4377 1304 4427 1v,
1335 4359 1400 4413 de
1423 4361 1698 4429 Raptis-mo
1724 4367 1915 4414 contra

265 4432 619 4496 Donatistae,
655 4447 779 4501 cap.
807 4431 862 4502 β,
890 4436 952 4502 et
975 4430 1164 4502 libav,
1197 4447 1325 4502 cap.
1365 4431 1450 4484 16.

342 4503 455 4573 (75)
488 4503 674 4557 Εριετ.
709 4500 944 4556 LXXIV.
975 4534 1042 4542 —
1073 4501 1232 4556 Hanc
1271 4500 1602 4571 epistolam,
1644 4516 1769 4570 quae
1802 4500 1916 4571 pri-

267 4589 366 4628 mo
400 4573 556 4628 edita
586 4578 674 4627 est
697 4575 768 4626 ah
793 4573 1053 4637 Erasmo,
1081 4573 1261 4628 citant
1281 4578 1519 4628 sanctus
1552 4573 1918 4642 Augustinus

266 4645 370 4698 lib.
426 4661 457 4696 v
504 4645 568 4698 de
611 4645 891 4714 Baptismo
934 4645 1192 4699 adversus
1245 4645 1574 4706 Donatistas.
1623 4659 1748 4713 cap.
1809 4645 1917 4710 23;

269 4720 328 4771 et
358 4715 455 4770 lib.
491 4732 568 4781 v1,
619 4728 745 4786 cap.
778 4715 849 4779 7;
901 4720 956 4769 et
997 4715 1325 4783 Facundus,
1376 4715 1476 4770 lib.
1508 4733 1562 4781 χ,
1613 4731 1740 4786 cap.
1772 4715 1826 4781 3,
1860 4715 1918 4768 in

266 4787 422 4842 libro
452 4796 646 4842 contra
676 4785 998 4841 Mocianum.

347 4858 465 4929 (76)
489 4859 764 4928 Pompeio.
817 4858 1097 4929 Episcopo
1146 4855 1487 4929 Sabratensi
1532 4856 1589 4910 in
1625 4855 1920 4929 provincia

269 4927 653 4999 Tripolitana.
681 4927 946 4984 interfuit
966 4927 1210 4984 concilio
1225 4927 1662 4998 Carthaginensi
1688 4927 1798 4999 sub
1818 4930 1920 4998 Cy-

267 4998 494 5072 priano.
529 4999 1302 5072 ConcilioqCaharsussitano
1328 5005 1383 5054 et
1411 4999 1721 5072 Bagalensi
1741 4998 1920 5072 inter-

267 5068 380 5154 l‘uit
414 5071 670 5154 Donatus
718 5070 1026 5154 episcopus
1074 5068 1922 5154 Sabratensis.-'ln‘collatione

268 5143 460 5214 prima
489 5141 1044 5223 carthagine-nsil'c:
1069 5141 1778 5223 133_,__nominatur_Nados
1801 5141 1920 5223 epi-

268 5213 485 5285 scopus
516 5214 905 5268 Sabratensis.
938 5213 1082 5268 Vide
1113 5215 1427 5269 editionem
1462 5218 1720 5267 nostram
1754 5213 1925 5267 istius

268 5284 624 5348 collationis,
661 5301 790 5356 pag.
823 5286 949 5339 215.

345 5358 461 5423 (77)
477 5353 783 5427 Stephanus
804 5358 995 5425 frater.
1023 5356 1082 5409 In
1107 5371 1222 5409 uno
1245 5355 1443 5410 codice
1466 5355 1623 5424 regio
1641 5353 1753 5410 scri
1763 5360 1925 5424 ptum

277 5433 368 5482 est
394 5433 570 5498 pater.
607 5427 673 5481 Et
704 5427 855 5481 infra
887 5428 944 5481 in
977 5427 1124 5481 libro
1150 5427 1596 5498 Compendiensi
1630 5432 1687 5481 et
1719 5427 1775 5480 in
1813 5441 1928 5479 uno

281 5515 412 5553 meo
445 5499 722 5570 Stephano
754 5504 918 5554 Patre
945 5501 1148 5564 nostro,
1185 5499 1306 5570 pari
1339 5514 1531 5553 errore
1563 5513 1677 5570 quo
1711 5498 1925 5551 factum

2031 3508 2111 3558 tas
2145 3508 2362 3559 Vestra.
2396 3507 2461 3557 Β.
2496 3504 2552 3558 Ρ.
2603 3502 2937 3557 Harduinus
2969 3503 3028 3556 in
3081 3509 3237 3558 tomo
3270 3503 3525 3557 secundo
3557 3503 3678 3558 edi-

2027 3574 2204 3630 tionis
2235 3591 2354 3629 suaz
2381 3572 2791 3645 Conciliorum,
2814 3589 2945 3645 pag.
2975 3575 3133 3640 4203,
3157 3574 3338 3628 tradit
3367 3574 3672 3644 epistolam

2029 3646 2260 3702 concilii
2294 3644 2607 3700 Milevitani
2639 3645 2709 3700 ad
2734 3644 3117 3700 Innocentium
3139 3647 3348 3715 Papam
3379 3645 3593 3700 habere
3617 3647 3673 3699 in

2029 3717 2225 3773 codice
2269 3715 2498 3772 Justelli
2544 3717 2993 3772 reverendissimo
3039 3719 3208 3772 Patre
3252 3719 3586 3772 Innocentio.
3620 3717 3679 3770 Si

2027 3788 2114 3844 haa
2147 3787 2448 3858 scripturae
2471 3804 2585 3843 non
2607 3791 2805 3844 essent
2829 3787 3007 3855 falsas,
3034 3788 3336 3843 habuisset
3368 3787 3677 3858 Gregorius

2029 3876 2182 3932 papa
2211 3859 2285 3932 IV
2324 3859 2583 3932 aliquam
2616 3860 2875 3932 justam_
2895 3876 3131 3913 causam
3184 3860 3574 3932 conquerendi
3609 3860 3679 3914 de

2028 3930 2318 4004 episcopis
2346 3930 2815 4004 Gallicanishqui
2850 3930 3107 4004 Romano
3141 3930 3394 4000 pontiﬁci
3428 3931 3682 3985 scriben-

2030 4001 2118 4058 tes
2140 4001 2305 4057 illum
2328 4009 2670 4058 vocaverant
2690 4001 2948 4068 fratrem,
2969 4003 3095 4056 dum
3112 4004 3503 4070 congruentius
3523 4008 3678 4066 esset,

2029 4074 2241 4145 inquit,
2272 4074 2447 4145 solum
2476 4075 2527 4128 ei
2555 4075 2917 4128 reverentiam
2947 4077 3232 4145 paternam
3269 4074 3544 4145 exhibere.
3581 4075 3680 4126 ln-

2029 4143 2126 4200 ter'
2151 4144 2438 4216 Epistolas
2467 4145 2705 4199 Adriani
2734 4161 2894 4216 papae
2927 4144 2998 4197 IV
3029 4145 3314 4214 reperitur
3337 4160 3454 4197 una
3484 4143 3542 4198 in
3567 4159 3680 4216 qua

1947 4222 1990 4287 α
2028 4214 2437 4288 imperatorem
2473 4214 2827 4271 Fridericum
2861 4217 3054 4286 arguit
3083 4216 3236 4288 quod
3258 4216 3335 4288 ad
3369 4231 3500 4269 eum
3535 4214 3677 4268 scri-

2028 4285 2174 4344 bene
2203 4305 2377 4343 suum
2411 4304 2622 4343 nomen
2647 4285 3028 4358 praeposuerit
3049 4285 3271 4340 nomini
3295 4302 3478 4357 papae,
3502 4288 3678 4356 inquo

2025 4361 2359 4428 insolentiae,
2420 4375 2489 4412 ne
2529 4358 2709 4413 dicam
2757 4360 3116 4428 arrogantiae,
3170 4361 3356 4411 notam
3412 4359 3674 4412 incurris.

2027 4431 2132 4487 Illa
2164 4447 2332 4502 porro
2363 4429 2622 4501 Gregorii
2659 4429 2730 4484 IV
2754 4430 2999 4502 epistola
3021 4433 3211 4502 exstat
3241 4428 3393 4502 apud
3416 4428 3678 4502 egobar-

2028 4499 2192 4572 dum,
2217 4507 2273 4558 et
2291 4499 2572 4572 putabatu
2584 4518 2611 4554 r
2625 4516 2753 4554 esse
2774 4499 3285 4572 Agobardi,qdonec
3301 4500 3389 4554 vir
3409 4499 3681 4572 illustris-

2028 4570 2217 4628 simus
2250 4570 2450 4628 Petrus
2472 4573 2542 4625 de
2567 4577 2755 4627 Marca
2773 4570 3028 4627 ostendit
3051 4570 3206 4626 illam
3241 4588 3368 4627 esse
3394 4570 3676 4643 Gregorii,

2030 4645 2343 4725 subcuitus
2365 4642 2774 4725 nominefdi'ta
2795 4661 2831 4725 ει
2860 4643 3026 4725 nobis
3048 4643 3308 4725 estinter
3335 4642 3678 4725 opera’Ago-

2030 4715 2216 4797 bardi.
2250 4716 2400 4797 Tum
2425 4731 2566 4797 γει-ο
2599 4714 2759 4797 ῌέοΡ.
2795 4713 3250 4797 Lahbeusillam
3274 4715 3331 4768 in
3364 4713 3680 4797 appendice

2029 4786 2171 4841 tomi
2203 4786 2437 4856 septimi
2470 4785 2858 4840 Conciliorum
2892 4786 3103 4857 posuit,
3131 4790 3187 4840 et
3214 4785 3682 4841 monuit'exstare

2031 4831 2184 4929 assa
2203 4831 2619 4930 Χὲᾰῷἷὲἀῖιῑὲἱξ
2627 4831 3680 4930 istaistam".3.313553335137535

2032 4927 2238 4998 quarto
2262 4927 2544 4984 editionis
2575 4945 2715 5001 suae,
2748 4945 2879 5001 pag.
2914 4931 3072 4994 4275,
3103 4927 3681 5001 suppressonomine

2032 5001 2344 5071 Agobardi,
2397 5000 2625 5056 monuit
2673 4998 2943 5056 se'illam
2994 5002 3162 5055 edere
3211 5017 3279 5054 ex
3327 4998 3684 5071 bibliotheca

2035 5068 2409 5135 Fl'oriacensi.
2435 5072 2532 5127 ubi
2557 5089 2671 5127 non
2695 5076 2902 5128 exstat.
2927 5072 3070 5127 Vide
3093 5076 3259 5126 notas
3282 5071 3352 5124 ad
3376 5068 3682 5141 epistolam

2033 5144 2515 5297 inli‘si'sgpfrﬁ,
2547 5214 2846 5297 Erasmus,
2877 5218 2996 5268 tres
3029 5212 3161 5297 libri
3197 5211 3401 5278 nostri,
3436 5216 3689 5297 quatuor

2035 5282 2337 5358 Anglicani
2371 5287 2682 5358 praeferunt
2730 5301 3086 5358 supervacua.
3117 5285 3177 5339 ln
3236 5282 3690 5358 uno_regiolegi-

2036 5356 2231 5412 tur—ad
2257 5359 2595 5428 superbiam.
2629 5357 2957 5412 Lectionem
2991 5362 3253 5411 nostram
3285 5356 3500 5413 habent
3529 5359 3690 5412 caete-

2037 5446 2102 5484 ra
2136 5428 2511 5500 exemplaria.

2111 5501 2220 5569 (79)
2250 5496 2464 5571 Siquis
2492 5513 2638 5567 ergo.
2689 5497 2898 5571 Verba
2926 5503 3067 5571 sunt
3110 5515 3176 5554 ex
3229 5496 3479 5571 epistola
3525 5513 3691 5571 papa

281 5575 373 5644 est
404 5580 464 5624 ul
495 5568 549 5624 in
586 5570 841 5644 Epistola
871 5571 1056 5644 sancti
1089 5568 1343 5644 Gregorii
1370 5568 1628 5644 papagad
1667 5570 1931 5644 Victorem
2040 5571 2318 5644 Siephani
2338 5568 2517 5626 relata
2537 5587 2717 5643 supra
2736 5571 2796 5625 in
2815 5570 3065 5644 epistola
3079 5571 3146 5625 ad
3174 5568 3688 5643 Pompeium,pag.

282 5643 596 5714 episcopum
623 5638 1108 5711 Panormitanum,
1155 5638 1256 5698 lib.
1287 5638 1387 5712 vn;
1434 5638 1636 5695 i‘ndict.
1673 5642 1723 5708 1,
1758 5638 1928 5711 epist.

2003 5643 2164 5714 iss.
