4098 6178
512 285 668 344 11Ἷ5

1545 288 1646 348 DE
1690 287 2285 351 HERETICORUM
2332 286 2859 349 BAPTISMATE.

3688 299 3805 360 H76

489 419 717 472 -venerit
770 415 841 471 ad
867 432 958 472 vos
1014 417 1148 488 (80),
1199 420 1350 476 nihil
1395 423 1685 476 innovatur
1713 423 1826 493 (81)
1872 424 1991 477 nisi
2017 423 2159 492 quod
2188 425 2237 489 Α
2272 421 2499 477 nientes
2529 437 2643 475 non
2700 419 3088 491 baptizentur,
3134 421 3235 476 sed
3281 425 3488 478 tantum
3531 442 3704 483 manus
3725 431 3810 488 illis

506 506 781 560 traditum
814 511 913 575 est,
943 511 1005 560 ut
1049 524 1248 561 manus
1287 510 1380 563 illi
1428 512 1749 580 imponatur
1795 513 1855 565 in
1881 512 2155 582 paeniten-

507 596 666 664 tiam,
697 610 821 650 cum
851 597 958 666 ipsi
985 595 1232 652 haeretici
1252 602 1478 669 proprie
1524 601 1856 655 alterutrum
1880 603 1954 655 ad
1981 616 2041 654 se
2068 615 2158 656 ve-

506 685 721 739 nientes
763 700 871 740 non
931 685 1208 757 baptizent
1258 687 1392 758 (82),
1441 689 1535 743 sed
1581 691 1983 744 communicent
2029 693 2157 743 tan-

509 776 644 828 tum.

582 862 785 918 1129
820 863 884 916 ΙΙ.
917 865 963 917 Α
994 879 1343 934 quacunque
1374 863 1578 921 haeresi
1604 866 1934 921 venientem
1965 866 2155 938 bapti-

507 950 624 1005 zari
656 950 714 1006 in
747 951 1004 1006 Ecclesia
1049 953 1254 1019 vetuit,
1291 954 1346 1009 id
1379 960 1488 1024 est,
1539 956 1802 1012 omnium
1855 955 2160 1011 haeretico-

507 1057 638 1094 rum
661 1041 771 1112 (83)
795 1041 1323 1112 baptismatajusta
1344 1059 1472 1098 esse
1492 1050 1550 1098 et
1574 1043 2156 1116 legitimajudicavit.

505 1129 727 1183 Etcum
758 1129 1000 1201 singulas
1037 1130 1284 1185 haereses
1316 1130 1549 1203 singula
1601 1133 1954 1204 baptismate
1983 1137 2038 1187 et
2071 1133 2156 1186 di-

503 1235 668 1274 versa
698 1227 932 1288 peccata
965 1218 1238 1287 habeant,
1278 1219 1370 1274 hic
1398 1237 1531 1274 cum
1573 1221 1836 1275 omnium
1871 1220 2158 1292 baptismo

501 1306 948 1362 communicans
979 1307 1382 1362 universorum
1419 1308 1630 1364 delicta
1659 1309 1718 1364 in
1751 1311 1946 1365 sinum
1981 1327 2158 1364 suum

499 1401 838 1450 coacervata
851 1397 1237 1468 congessit.Et
1260 1399 1531 1468 praecepit
1554 1398 1697 1452 nihil
1717 1397 1873 1453 aliud
1895 1383 2158 1454 innovari

499 1482 614 1537 nisi
645 1484 799 1556 quod
833 1483 1114 1538 traditum
1143 1489 1230 1540 est
1256 1503 1268 1551 ;
1295 1485 1462 1556 quasi
1499 1485 1548 1540 is
1575 1486 1809 1541 innovet
1839 1487 1937 1558 qui
1970 1486 2158 1541 unita-

497 1576 618 1627 tem
649 1576 875 1639 tenens,
911 1588 1095 1627 unum
1121 1573 1416 1645 baptisma
1448 1575 1548 1629 uni
1579 1575 1848 1630 Ecclesiae
1876 1575 2156 1645 vindicatg

499 1665 555 1716 et
588 1677 700 1716 non
737 1659 834 1717 ille
863 1637 1071 1735 utique
1101 1637 1475 1734 qui-unitatis
1515 1663 1737 1719 oblitus
1767 1663 2075 1718 mendacia
2105 1637 2163 1718 et

2270 510 2607 581 imponatur
2637 509 2694 562 in
2744 509 3172 579 pmnitentiam,
3205 511 3518 568 observetur
3542 513 3702 572 divina
3725 519 3810 576 hec

2269 604 2327 653 et
2356 604 2560 652 sancta
2608 597 2865 652 traditio.
2916 598 2974 653 Si
3023 615 3160 653 vero
3211 600 3416 670 ubique
3459 601 3672 658 heretici
3708 609 3814 664 nihil

2268 685 2427 742 aliud
2462 701 2642 756 quam
2674 686 2992 740 adversarii
3028 692 3086 740 et
3130 687 3457 744 Antichristi
3495 692 3814 767 nominantur,

2267 776 2316 831 si
2351 775 2572 832 vitandi
2609 781 2666 830 et
2696 774 2947 849 perversi
2977 780 3034 830 et
3065 792 3098 830 a
3129 777 3449 850 semetipsis
3479 778 3697 835 damnati
3723 801 3818 855 pro-

2269 864 2636 934 nuntiantur,
2670 862 2838 932 quale
2868 869 2958 918 est
2988 869 3051 918 ut
3072 864 3374 919 videantur
3403 867 3675 922 damnandi
3702 888 3728 924 a
3750 888 3817 927 no-

2267 954 2358 1010 bis
2389 969 2504 1009 non
2536 969 2664 1008 esse
2695 969 2845 1024 quos
2877 956 3108 1009 constat
3137 953 3448 1024 apostolica
3483 960 3822 1017 contestatione

2267 1061 2300 1099 a
2329 1045 2663 1117 semetipsis
2718 1045 3026 1098 damnatos
3075 1047 3251 1099 esse?
3297 1044 3365 1100 Ut
3411 1061 3563 1101 nemo
3607 1048 3822 1106 infamare

2267 1133 2562 1206 apostolos
2621 1135 2820 1189 "30
2874 1134 3102 1202 debeat,
3152 1135 3321 1205 quasi
3368 1135 3446 1190 illi
3498 1137 3822 1196 haereticorum

2269 1225 2622 1294 baptismata
2670 1225 3064 1294 probaverint,
3099 1229 3202 1278 aut
3249 1225 3333 1280 eis
3362 1226 3479 1281 sine
3507 1228 3730 1283 Ecclesia
3754 1233 3822 1284 ba-

2271 1313 2484 1384 ptismo
2511 1313 3098 1376 communicaverint,
3127 1315 3356 1383 quando
3378 1314 3507 1369 talia
3525 1317 3588 1370 de
3605 1316 3826 1377 hareticis

2268 1401 2515 1474 apostoli
2546 1402 2908 1472 scripserint,
2941 1407 2998 1457 et
3027 1401 3136 1456 hoc
3167 1418 3299 1456 cum
3346 1404 3584 1458 nondum
3614 1405 3825 1462 haeretica

2270 1495 2461 1562 pestes
2492 1491 2742 1545 acriores
2775 1491 3200 1562 prorupissent,
3226 1492 3468 1546 necdum
3494 1509 3696 1565 quoque
3719 1494 3828 1550 Mar-

2270 1580 2354 1634 cis
2386 1578 2658 1633 Ponticus
2689 1578 2801 1649 (85)
2851 1579 2920 1634 de
2970 1579 3152 1634 Ponto
3202 1581 3547 1645 emersisset,
3575 1583 3720 1651 cujus
3743 1600 3828 1638 ma-

2268 1667 2450 1740 gister
2473 1665 2694 1720 Cerdon
2745 1667 2854 1722 sub
2905 1667 3128 1740 Hygino
3159 1668 3272 1738 (86)
3304 1674 3441 1723 tunc
3484 1669 3737 1741 episcopo,
3759 1673 3828 1742 qui

499 1750 767 1822 contagia
797 1749 1052 1850 profante
1077 1750 1400 1851 .tinctionis
1433 1751 1545 1823 (84)
1575 1757 1846 1824 usurpat.
1879 1753 2031 1808 Nihil
2063 1754 2156 1806 in-
2187 1787 2232 1851 Β
2269 1756 2328 1810 in
2361 1755 2503 1810 urbe
2534 1772 2724 1810 nonus
2757 1756 2867 1810 fuit
2897 1757 3027 1825 (87),
3063 1757 3310 1812 Romam
3339 1758 3524 1825 venit;
3555 1775 3705 1829 quem
3730 1759 3830 1815 Mar-

497 1845 747 1903 novetur,
780 1837 996 1909 inquit,
1027 1837 1139 1892 nisi
1159 1841 1307 1910 quod
1329 1840 1596 1894 traditum
1616 1849 1709 1894 est.
1739 1840 1899 1895 Unde
1931 1845 2020 1896 est
2039 1840 2152 1895 ista
2187 1837 2231 1851 “’
2261 1844 2390 1900 cion
2423 1848 2682 1911 secutus,
2717 1844 2934 1899 additis
2963 1845 3036 1899 ad
3069 1845 3293 1900 crimen
3328 1847 3654 1919 augmentis,
3683 1847 3828 1919 impu-

497 1926 781 1982 traditio?
812 1928 1092 1984 Utrumne
1136 1928 1206 1983 de
1237 1927 1539 1983 Dominica
1569 1934 1625 1984 et
1675 1929 2008 2001 evangelica
2037 1946 2146 1984 au—

497 2017 765 2071 ctoritate
794 2015 1173 2087 descendens,
1206 2034 1277 2071 an
1311 2018 1381 2072 de
1412 2016 1810 2088 apostolorum
1848 2017 2145 2072 mandatis

496 2110 670 2177 atque
701 2103 962 2176 epistolis
983 2105 1218 2160 veniens
1238 2105 1266 2160 ?
1288 2106 1365 2160 Ea
1385 2107 1540 2161 enim
1576 2107 1840 2162 facienda
1867 2123 1995 2162 esse
2019 2123 2144 2178 qua:

495 2195 712 2268 scripta
739 2197 880 2248 sunt
911 2197 1062 2248 Deus
1103 2197 1352 2250 testatur
1389 2200 1446 2251 et
1493 2199 1809 2266 praemonet
1840 2195 1907 2249 ad
1941 2195 2144 2251 Jesum

490 2285 644 2340 Nave
673 2283 910 2339 dicens:
944 2287 1066 2339 Non
1120 2285 1325 2340 recedet
1370 2285 1514 2340 liber
1572 2286 1702 2356 legis
1749 2284 1911 2356 hujus
1950 2302 2020 2341 ex
2055 2301 2148 2341 ore

490 2383 602 2437 tuo,
633 2373 722 2427 sed
751 2372 1104 2428 meditaberis
1151 2375 1210 2427 in
1239 2389 1299 2428 eo
1347 2373 1436 2429 die
1463 2391 1534 2430 ac
1582 2378 1754 2443 nocte,
1799 2382 1858 2428 ut
1905 2376 2148 2430 observes

487 2464 675 2532 facere
706 2463 890 2516 omnia
920 2476 1045 2531 qua?
1063 2463 1272 2531 scripta
1299 2470 1430 2517 sunt
1449 2465 1507 2517 in
1535 2478 1595 2517 eo
1625 2464 1808 2530 (Josue
1827 2480 1866 2533 1,
1898 2463 1974 2530 8).
2004 2466 2144 2519 Item

489 2548 775 2606 Dominus
805 2548 1105 2621 apostolos
1135 2566 1273 2606 suos
1305 2552 1545 2608 mittens
1589 2551 1832 2608 mandat
1862 2551 2144 2625 baptizari

491 2642 694 2708 gentes
742 2646 798 2692 et
843 2637 1035 2693 doceri
1086 2642 1152 2694 ut
1196 2639 1505 2696 observent
1552 2638 1751 2695 omnia
1789 2655 2147 2712 quaecunque

491 2725 588 2783 ille
619 2725 889 2798 praseepit
917 2728 1129 2792 (Matth.
1181 2745 1378 2794 xxvm,
1415 2729 1499 2797 19,
1549 2729 1661 2798 20).
1694 2728 1752 2785 Si
1784 2744 1921 2800 ergo
1953 2735 2055 2784 aut
2085 2728 2146 2785 in

494 2814 803 2885 Evangelio
833 2815 1168 2887 prmoipitur
1205 2823 1307 2873 aut
1336 2818 1394 2874 in
1441 2816 1836 2888 apostolorum
1868 2816 2145 2888 Epistolis

493 2904 583 2961 vel
614 2904 857 2962 Actibus
883 2905 1216 2963 continetur
1244 2910 1310 2962 ut
1346 2923 1380 2964 a
1410 2921 1762 2978 quacunque
1809 2905 2017 2963 haeresi
2047 2923 2144 2964 ve-

2255 1933 2489 1987 dentius
2519 1933 2746 1988 caeteris
2777 1937 2834 1988 et
2863 1933 3173 2005 abruptius
3195 1933 3255 1988 in
3282 1939 3457 1989 Deum
3485 1935 3688 1990 Patrem
3710 1939 3828 1990 Crea-

2255 2027 2439 2077 torem
2465 2020 2873 2092 blaspbemare
2895 2021 3169 2092 instituit,
3193 2028 3274 2091 et,
3294 2022 3614 2078 haereticum
3638 2024 3827 2078 furorem

2255 2110 2554 2184 sacrilegis
2586 2112 2764 2165 armis
2795 2116 2996 2166 contra
3027 2110 3344 2166 Ecclesiam
3375 2111 3717 2167 rebellantem
3745 2129 3829 2167 sce-

2254 2198 2499 2254 leratius
2530 2203 2586 2253 et
2613 2200 2848 2266 gravius
2880 2202 3149 2254 armavit.

2329 2288 2422 2343 Ill.
2447 2287 2607 2350 Quod
2632 2287 2679 2342 si
2704 2287 2952 2343 haereses
2976 2293 3204 2344 constat
3226 2289 3592 2360 postmodum
3615 2288 3772 2361 plures
3788 2305 3832 2343 ac

2256 2377 2480 2448 pejores
2506 2375 2819 2442 exstitisse,
2846 2382 2902 2430 et
2931 2377 2977 2431 si
3004 2381 3156 2430 retro
3189 2393 3485 2448 nusquam
3508 2377 3716 2432 omnino
3736 2394 3833 2449 pra»

2255 2472 2488 2537 ceptum
2521 2469 2610 2520 est
2642 2482 2830 2536 neque
2865 2465 3266 2536 conscriptum
3302 2470 3367 2520 ut
3398 2465 3644 2522 haeretlco
3662 2472 3832 2521 tantum

2258 2571 2468 2610 manus
2487 2553 2547 2609 in
2573 2553 2976 2626 paenitentiam
3007 2553 3369 2625 imponatur,
3392 2560 3446 2609 et
3465 2555 3546 2612 sic
3573 2554 3619 2609 ei
3638 2571 3833 2611 commu-

2256 2642 2501 2708 nicatur,
2518 2647 2575 2697 et
2595 2641 2643 2698 si
2667 2641 2961 2716 baptisma
2977 2658 3092 2698 non
3121 2641 3235 2698 nisi
3260 2648 3560 2712 unumest,
3581 2644 3710 2715 quod
3723 2643 3830 2716 apud

2257 2747 2363 2788 nos
2374 2736 2482 2798 est,
2498 2730 2726 2786 etintus
2739 2736 2920 2798 est,et
2940 2730 3046 2787 soli
3061 2729 3332 2786 Ecclesia
3345 2733 3414 2788 de
3427 2731 3834 2802 divinadignatio-

2255 2835 2327 2877 ne
2339 2835 2684 2877 concessum
2706 2825 2812 2890 est,
2829 2820 3083 2892 quaaista
3096 2820 3416 2877 obstinatio
3436 2825 3540 2886 est,
3554 2836 3724 2891 quaeve
3736 2835 3832 2890 pra-

2255 2907 2536 2980 sumptio,
2561 2906 2879 2964 humanam
2913 2906 3289 2966 traditionem
3314 2908 3522 2966 divina:
3540 2905 3832 2982 dispositioni

1842 3023 2064 3102 Steph.
2109 3023 2346 3086 Baluzii
2389 3028 2578 3083 notae.

568 3125 679 3201 (80)
707 3126 785 3181 Ad
810 3143 920 3183 vos.
956 3131 1140 3184 Antea
1189 3126 1489 3200 legebatur
1516 3128 1586 3184 ad
1631 3145 1746 3201 nos.
1783 3129 2151 3185 Retinuimus
2182 3133 2225 3198 C
2265 3128 2517 3201 colaum,
2550 3143 2797 3201 eamque
2827 3129 3053 3185 refellit.
3103 3131 3313 3186 Nescio
3363 3147 3436 3186 an
3483 3134 3642 3184 recte.
3670 3126 3831 3201 Etenim

500 3199 807 3272 lectionem
845 3204 1074 3272 septem
1122 3199 1382 3272 veterum
1428 3200 1870 3272 exemplarium.
1913 3202 2152 3257 Constat

501 3269 716 3341 quippe
743 3285 812 3342 ex
842 3269 1005 3325 initio
1035 3270 1208 3326 istius
1236 3271 1492 3342 epistolae
1523 3279 1578 3327 et
1602 3269 1675 3326 ex
1704 3273 2150 3328 commonitorio

497 3341 785 3415 Yincentii
843 3342 1181 3415 Lirinensis
1215 3341 1523 3414 epistolam
1579 3343 1855 3415 Stephani
1905 3344 2148 3399 missam

495 3413 681 3469 fuisse
711 3414 782 3469 ad
814 3413 1088 3469 Africam.
1118 3413 1263 3469 Vide
1310 3419 1478 3470 notas
1515 3413 1748 3471 nostras
1797 3415 1867 3471 ad
1897 3415 2148 3473 Vincen-

493 3484 664 3552 tium,
703 3500 829 3553 pag.
864 3485 987 3553 445,
1022 3486 1143 3540 447.

563 3556 678 3639 (81)
709 3554 872 3639 Nihil
891 3558 1202 3639 innnovetur.
1235 3554 1539 3639 leestini
1588 3573 1752 3629 papas
1800 3555 2046 3639 epistola
2076 3558 2146 3613 ad

495 3626 1153 3699 episcbposGalliarum
1181 3643 1193 3684 :
1227 3628 1452 3699 Desinat
1498 3626 1763 3683 incessere
1803 3626 2027 3684 novitas
2055 3645 2148 3684 ve-

495 3698 766 3754 tustatem.
804 3698 1202 3755 Tertullianus
1230 3699 1288 3754 in
1338 3698 1483 3754 libro
1513 3700 1577 3755 de
1609 3700 1928 3769 Virginibus
1956 3701 2146 3754 vetan-

495 3770 580 3843 dis
605 3788 623 3824 :
656 3774 910 3843 Imeses,
941 3787 1052 3826 non
1083 3779 1193 3843 tam
1221 3771 1432 3827 novitas
1471 3787 1635 3843 quam
1663 3772 1866 3825 veritas
1895 3773 2144 3827 revincit.

497 3840 764 3913 Optatus,
796 3840 898 3896 lib.
932 3859 1032 3910 v11,
1066 3842 1213 3897 dixit
1234 3840 1533 3898 novitatem
1560 3859 1810 3914 quaerere
1841 3845 1902 3897 in
1933 3844 2149 3898 visceri-

497 3915 594 3968 bus
621 3914 920 3968 vetustatis.

567 3985 676 4057 (82)
709 3986 826 4041 Non
871 3984 1162 4055 baptixent.
1214 3983 1404 4040 Codex
1454 3983 1713 4039 Lamonii
1744 3984 1908 4040 addit
1945 3985 2006 4038 in
2032 4000 2144 4054 pte-

493 4059 748 4126 nitentia,
782 4061 838 4110 et
864 4072 998 4111 mox
1026 4058 1329 4111 venientem
1370 4058 1642 4128 baptizari
1671 4058 1730 4128 in
1774 4071 2004 4111 manum
2031 4072 2145 4128 pact

493 4129 742 4184 nitentia
776 4129 834 4181 in
863 4129 1103 4183 Ecclesia
1140 4129 1335 4183 vetuit.
1380 4127 1529 4182 sunt
1576 4127 1761 4183 multa
1807 4127 2144 4198 hujusmodi

493 4199 758 4273 exempla
787 4199 845 4254 in
877 4200 1073 4273 codice
1104 4199 1387 4273 Lemonii,
1412 4200 1482 4254 de
1513 4199 1729 4272 quibus
1757 4198 2144 4273 disseruimus

492 4271 677 4343 supra
700 4272 760 4343 in
793 4271 945 4325 notis
978 4271 1057 4343 ad
1081 4271 1384 4340 epistolam
1420 4287 1611 4337 Lxxui,
1641 4288 1768 4343 pag.
1801 4271 1925 4324 502.

586 4343 678 4410 83)
732 4342 991 4398 Omnium
1039 4341 1418 4397 ha’reticorum
1464 4340 1708 4398 Exstant
1755 4343 1906 4410 apud
1970 4340 2142 4395 Nico-

492 4413 651 4470 laum
711 4413 995 4486 Eymerici
1044 4413 1507 4486 Vinudirectorio
1583 4413 1994 4486 inquisitorum
2054 4427 2140 4486 re-

2263 3200 2583 3273 Cyprianus
2614 3195 2935 3272 ait‘papani
2968 3203 3336 3273 Stephanum
3371 3202 3652 3256 censuisse
3669 3195 3832 3273 hereti-

2259 3269 2465 3344 corum,
2514 3269 2868 3342 baptismata
2917 3289 3044 3328 esse
3070 3269 3254 3344 _justa
3302 3280 3361 3328 et
3410 3273 3670 3344 legitima.
3711 3269 3834 3344 Porro

2260 3343 2552 3416 Benedicti
2589 3340 2998 3416 responsiones
3028 3340 3316 3416 adversus
3349 3340 3690 3416 Frat'ricellos
3715 3340 3833 3416 refert

2258 3415 2434 3472 etiam
2474 3407 2840 3472 Abrahamus
2872 3415 3115 3471 Bzovius
3160 3416 3218 3470 in
3256 3417 3384 3473 suis
3433 3413 3743 3474 Annalibus,
3766 3407 3832 3464 scd

2257 3490 2449 3560 mutat
2476 3486 2652 3540 verba
2700 3486 3015 3560 directorii.
3064 3488 3211 3544 Nam
3246 3488 3352 3543 ubi
3404 3488 3554 3560 apud
3604 3483 3832 3560 Nicolaum

2257 3557 2542 3630 scriptum
2575 3561 2702 3630 est:
2737 3557 2828 3630 Ad
2852 3558 3000 3612 istud
3022 3560 3343 3630 respondet
3389 3552 3630 3613 dominus
3654 3552 3831 3630 uenerii-

2255 3625 2395 3705 c_tusI
2423 3627 2666 3705 Bzovius
2691 3627 2860 3705 ponit
2888 3646 2900 3684 :
2951 3629 3033 3705 Αᾴ
3080 3625 3226 3705 istud
3258 3630 3542 3705 respondet
3574 3633 3640 3705 (Ρ.
3666 3625 3833 3705 Jacobs:

2253 3702 2545 3756 Fornerius
2565 3697 2894 3770 cardinalis,
2920 3701 3059 3772 quia
3080 3701 3308 3758 sciebat
3338 3697 3419 3757 ita
3438 3700 3678 3758 locutum
3705 3697 3832 3750 fuisse

2255 3777 2566 3844 antequam
2601 3776 2755 3844 esset
2784 3788 2953 3844 papa.

2326 3836 2436 3911 (84)
2463 3843 2771 3919 Tinctionis.
2785 3836 2994 3899 'Codex
3013 3843 3592 3919 Gratianopolitanus
3619 3836 3833 3895 tindioni:

2253 3917 2304 3969 et
2333 3915 2633 3970 unctionis.

2324 3985 2436 4058 (85)
2486 3986 2785 4058 Ponticus.‘
2822 3985 2980 4040 Hanc
3032 3999 3231 4058 vocem
3294 3983 3623 4040 addidimus
3664 3989 3831 4058 ex‘au-

2252 4053 2518 4114 ctoritate
2546 4055 2852 4112 duodecim
2885 4054 3312 4114 exemplarium
3363 4061 3678 4112 nostrorum
3703 4053 3746 4104 et
3767 4061 3832 4100 sex

2253 4073 2518 4114 ctoritate
2546 4073 2852 4112 uuooeclm
2885 4073 3046 4111 exem
3095 4073 3312 4110 larium
3363 4073 3678 4112 nosrrorum
3703 4073 3746 4104 ει
3767 4073 3832 4100 su

2253 4127 2730 4210 Anglicanorum.
2765 4127 2844 4210 E‘a
2874 4143 2999 4210 quae
3030 4073 3190 4210 illam
3217 4144 3345 4210 non
3397 4128 3605 4210 habent
3630 4121 3833 4210 videatut

2252 4192 2381 4273 esse
2412 4200 2716 4254 decurtata
2763 4199 2836 4252 ab
2886 4192 3170 4269 imperitis
3217 4197 3484 4273 librariis
3518 4192 3834 4273 credentibus

2252 4270 2418 4343 illam,
2462 4286 2589 4326 esse
2637 4265 3145 4343 supervacaneam,
3198 4271 3344 4342 quia
3396 4265 3833 4343 stetimuseguitur

2251 4342 2598 4397 Marsionem
2633 4335 2944 4396 emersisse
2973 4357 3002 4395 ρ
3030 4335 3232 4395 Ponto:
3261 4343 3535 4405 lrenaaus,
3563 4337 3652 4392 lib.
3685 4335 3718 4398 l,
3744 4345 3832 4400 εει).

2251 4415 2340 4479 21,
2373 4413 2609 4484 scripsit
2637 4411 2874 4484 Marcion
2909 4414 3192 4467 Ponticus.
3224 4414 3543 4484 Ponticum
3565 4410 3830 4484 lupumjo:

489 4470 835 4558 sponsion'es
868 4484 1288 4566 Benedictith
1317 4501 1496 4555 papas.
1523 4470 2142 4566 tumcardinalis,ﬁad-
2172 4501 2218 4566 υ
2251 4470 2344 4566 cat
2374 4470 2772 4566 Ruli‘nus,llib.
2813 4500 2872 4566 v,_
2899 4500 3038 4566 cap;
3082 4485 3168 4564 13,
3201 4489 3340 4554 post
3389 4470 3830 4566 Eusebiumglllﬂ

488 4553 690 4613 versus
723 4574 945 4614 errores
996 4553 1484 4612 Fratricello—ru‘m.
1537 4556 1596 4612 in
1646 4555 1861 4628 quibus
1905 4555 1986 4609 ait
2015 4553 2140 4628 Ste-

491 4628 752 4702 phanum
786 4645 992 4699 papam
1027 4629 1449 4702 determinasse
1475 4628 1630 4702 quod
1663 4625 1861 4702 nullus
1890 4625 2142 4702 baptiza-

489 4697 587 4755 tus
621 4715 722 4770 per
751 4697 1126 4770 quoscunque
1150 4699 1449 4754 haereticos
1466 4697 1703 4754 veniens
1725 4699 1795 4754 ad
1822 4697 2138 4770 Ecclesiam

492 4769 836 4826 catholicam
870 4771 1324 4852 rebaptizaretur
1347 4788 1359 4852 ξ
1384 4775 1652 4852 sanctum
1687 4774 1884 4852 autem
1912 4769 2140 4852 Cypria-

492 4859 669 4914 num,
684 4858 824 4914 cum
858 4841 1059 4896 multis
1086 4842 1396 4914 _episcopis
1426 4841 1484 4897 in
1529 4842 1720 4897 Africa
1750 4841 2138 4914 celebrantem

491 4912 825 4986 concilium,
859 4911 1275 4986 determinasse
1304 4911 1660 4986 oppositum,
1689 4911 2138 4986 videlicet_qu_od

493 4985 773 5058 baptizati
814 5001 874 5058 a_
899 4981 1359 5058 quibuscunque'
1383 4981 1702 5058 'hmreticis,
1747 4984 1817 5058 si
1845 4984 1915 5038 ad
1949 4981 2136 5037 Eccle-

490 5055 637 5114 sia’m
665 5056 1010 5129 catholicam
1045 5055 1296 5129 veniant.
1322 5062 1459 5112 sunt
1489 5055 1845 5129 baptizandi,
1868 5061 1924 5109 et
1949 5070 2141 5129 repro-

487 5129 660 5184 basse
695 5129 746 5181 in
773 5127 889 5199 hoc
911 5127 1270 5197 Stephanum
1297 5144 1528 5199 papam.
1557 5125 1624 5182 ut
1647 5131 1802 5198 patet
1823 5127 1880 5180 in
1911 5125 2133 5199 Cypria-

489 5198 842 5272 nipepistolis
873 5200 943 5272 ad
974 5198 1450 5272 Jubaianumitad
1491 5199 1849 5270 Stephanum
1884 5203 1941 5254 et
1971 5198 2138 5272 Pom-

487 5268 704 5343 peiu'm,
738 5269 1050 5343 concilium
1085 5277 1280 5343 autem
1324 5268 1619 5343 Nicmnum
1669 5275 1980 5339 utramque
2012 5268 2137 5343 opi-

487 5340 715 5398 nionem
745 5342 928 5398 sancti
953 5342 1222 5415 Cypriani
1255 5346 1310 5415 et
1333 5341 1608 5415 Stephani
1637 5359 1805 5415 papae
1820 5340 2140 5395 correxisse

489 5415 928 5469 determinando
957 5412 1108 5483 qi]in
1143 5413 1416 5484 baptizati
1445 5412 1522 5467 ab
1555 5412 1842 5468 haereticis
1875 5429 1986 5484 non
2019 5427 2140 5484 ser-

490 5487 762 5542 vantibus
795 5482 1038 5540 formam
1074 5482 1339 5540 Ecclesiae
1371 5485 1666 5539 venientes
1715 5485 1786 5538 ad
1821 5482 2138 5538 Ecclesium

492 5557 877 5629 baptizentur,
911 5558 983 5611 ab
1033 5556 1163 5612 aliis
1204 5573 1336 5611 vero
1364 5555 1672 5629 haereticis
1718 5554 1993 5624 baptizati
2026 5569 2140 5629 non

493 5624 948 5699 rebaptizentur.
983 5631 1143 5683 Hanc
1163 5627 1458 5683 Benedicti
1485 5626 1832 5682 solutionem
1866 5641 2000 5699 esse
2027 5624 2140 5699 {al-

493 5695 734 5755 eam—ait
765 5699 1106 5754 Franciscus
1138 5704 1332 5771 Pegna
1375 5700 1435 5754 in
1465 5699 1904 5754 commentariis
1934 5697 2007 5754 ad
2043 5695 2142 5751 Ni-

2251 4555 2441 4610 dicere
2483 4554 2684 4630 voluit.
2715 4560 2952 4630 sanctus
2974 4553 3352 4630 Cyprianus,
3403 4553 3739 4630 Marcion-em,
3765 4557 3831 4630 qu}

2249 4630 2373 4682 erat
2399 4625 2631 4681 natione
2657 4625 2951 4690 Ponticus,
2974 4641 3004 4679 e
3032 4618 3269 4695 regione
3290 4618 3484 4681 ortum
3509 4622 3781 4694 longinqua
3795 4618 3830 4666 et

2249 4696 2796 4764 barbara,videlicet
2815 4713 2846 4751 e
2869 4698 3046 4752 Ponto
3068 4697 3313 4766 Euxino,
3333 4698 3566 4753 tandem
3588 4698 3830 4766 emersisse

2247 4786 2278 4824 e
2310 4757 2514 4837 Ponto,
2545 4769 2644 4824 ubi
2675 4767 2906 4832 latebat,
2933 4769 3193 4823 nondum
3217 4757 3453 4824 venisse
3476 4769 3712 4823 Romam.
3741 4757 3832 4837 Era-

2248 4857 2415 4895 smus
2448 4827 2644 4895 tamen
2677 4840 2850 4894 habet
2897 4827 3094 4895 vocem
3145 4843 3428 4905 Ponticus,
3461 4839 3555 4893 sed
3604 4850 3702 4888 non
3729 4827 3827 4905 sub-

2241 4911 2439 4982 junxit
2467 4911 2532 4966 de
2561 4913 2750 4966 Ponto.
2784 4909 3202 4973 Tertullianus,
3237 4910 3342 4965 lib.
3401 4899 3439 4975 ι’,
3473 4909 3707 4966 adversus
3731 4899 3828 4953 [lar-

2248 4984 2462 5038 cionem
2491 5001 2511 5036 .·
2544 4983 2746 5056 Pontus
2774 4985 2872 5056 qui
2916 4983 3120 5056 dicitur
3158 4985 3439 5056 Earinus,
3483 4987 3668 5034 natura
3695 4985 3827 5056 ,ηςοῆις

2247 5058 2359 5119 tur,
2393 5057 2622 5109 nomine
2669 5047 2944 5108 ittuditur.
2995 5053 3318 5119 Ennodius,
3354 5047 3457 5115 lib,
3507 5067 3598 5122 xii,
3631 5047 3826 5122 epistzli

2253 5113 2368 5181 Etsi
2395 5135 2444 5181 te
2470 5127 2842 5180 immemorem
2875 5127 2982 5178 mei
3029 5113 3460 5195 Pontiﬁca'facit
3498 5113 3827 5195 inhumanitas.

2250 5198 2530 5253 Famosus
2563 5196 2730 5251 locus
2755 5195 2956 5251 exsilio
2983 5183 3296 5250 Ovidii.'De
3325 5183 3701 5266 temporequo
3726 5183 3830 5266 Mar

2249 5269 2378 5323 cion
2401 5269 2561 5333 vixrt,
2586 5268 2716 5322 vide
2738 5267 2950 5321 Petavii
2977 5263 3514 5322 animadversiones
3537 5263 3601 5318 ad
3622 5263 3826 5312 haeream!

2249 5357 2397 5406 xuvr,
2430 5339 2586 5410 apud
2620 5338 3030 5410 Epiphanium.
3122 5409 3136 5410 ί
3171 5408 3213 5410 _
3310 5407 3364 5410 μ
3550 5403 3582 5410 _,
3627 5398 3660 5410 ,,

2320 5395 2429 5481 (δίδ)
2465 5395 2798 5466 δενάυηέἱιι)
2833 5411 3071 5481 Hygino.
3117 5408 3257 5462 Vide
3286 5403 3583 5481 AMassueti
3612 5395 3828 5454 disserta-

2249 5479 2434 5536 tiones
2465 5483 2535 5536 ad
2574 5479 2889 5541 Irenaeum,
2911 5479 3040 5552 pag.
3070 5481 3160 5542 68,
3193 5483 3218 5548 §
3252 5479 3374 5533 155.

2321 5553 2434 5624 (87)
2463 5557 2652 5609 Nonus
2682 5555 2812 5621 fuit.
2851 5543 3017 5607 Idem“
3047 5543 3296 5606 testatur
3345 5552 3575 5624 sanctus
3613 5543 3824 5624 Irenuusk.

2379 5600 2432 5707 μί
2460 5600 2584 5696 cap.
2611 5600 2701 5694 28',
2735 5624 2897 5679 aiens
2918 5624 3230 5680 Cerdonem
3260 5620 3487 5676 venisse
3509 5617 3717 5670 Romam
3742 5600 3823 5657 sub

2301 5713 2494 5751 vumo.

2300 5713 2494 5769 ygmo.
