4098 6178
254 307 403 367 ΗἸἸ

1254 306 1451 366 PARS
1499 305 1552 366 1.
1586 337 1661 349 —-
1694 301 2198 366 MONUMENTA
2238 300 2643 364 VETERUM.

3486 308 3646 368 H78

249 445 616 510 anteponere,
649 457 753 498 nec
793 441 1253 498 animadvertere
1301 438 1595 511 indignari
1630 440 1686 491 et
1713 435 1885 491 irasci
1919 439 1971 502 Α
2003 434 2282 505 expositis
2311 435 2714 490 sanctificatus
2742 437 2834 492 est
2879 439 2934 490 et
2983 435 3044 490 in
3095 453 3309 494 novum
3341 437 3641 496 hominem

247 529 428 584 Deum
471 530 695 600 quoties
756 531 953 586 divina
1006 535 1293 604 precepts.
1347 526 1517 583 solvit
1546 531 1603 582 et
1634 525 1892 597 praeterit

245 616 508 672 humana
535 618 791 685 traditio,
833 619 987 674 sicut
1013 635 1117 691 per
1157 618 1362 673 Isaiam
1395 613 1735 688 prOphetam
1769 612 1887 667 cla-

248 712 368 759 mat
397 709 454 760 et
482 705 660 761 dicit:
695 708 933 779 Populus
963 709 1063 762 iste
1114 707 1278 761 labiis
1308 703 1633 774 honori/teat
1659 718 1765 770 me,
1797 716 1890 755 cor

246 809 370 848 vero
419 810 608 849 eorum
653 796 812 866 longe
859 800 1173 868 separatum
1212 803 1290 850 est
1317 810 1357 849 α
1384 808 1489 846 me.
1547 791 1679 847 Sine
1725 805 1889 844 causa

243 884 430 937 autem
488 883 675 938 colunt
726 899 830 953 me,
887 883 1149 939 mandata
1187 886 1240 938 et
1285 881 1561 937 doctrinas
1605 879 1889 934 hominum

238 972 484 1028 docentes
516 973 639 1043 (Isa.
673 991 825 1044 xxxx,
856 974 964 1041 13).
993 974 1137 1028 Item
1172 971 1452 1026 Dominus
1483 969 1543 1024 in
1576 967 1888 1039 Evangelio

239 1060 551 1132 increpans
586 1062 857 1117 similiter
886 1067 943 1117 et
972 1062 1290 1132 objurgans
1313 1059 1476 1133 ponit
1498 1062 1553 1113 et
1583 1057 1758 1113 dicit:
1792 1058 1887 1112 Re-

225 1151 406 1220 jicitis
430 1150 756 1205 mandatum
785 1153 887 1206 Dei
915 1161 976 1205 ut
1019 1151 1370 1205 traditionem
1406 1155 1645 1202 vestram
1677 1150 1884 1200 statua-

235 1241 308 1293 tis
340 1242 533 1309 (Marc.
567 1257 667 1305 vn,
702 1241 809 1312 13).
857 1242 1034 1310 Cujus
1090 1237 1357 1312 precepti
1407 1253 1646 1303 memor,
1679 1237 1886 1291 beatus

238 1329 554 1399 Apostolus
585 1335 916 1385 commonet
940 1330 1065 1400 ipse
1087 1343 1319 1399 quoque
1341 1332 1399 1382 et
1417 1326 1659 1381 instruit
1687 1325 1887 1382 dicens

235 1416 303 1472 Si
331 1419 451 1490 quis
479 1419 641 1473 aliter
669 1418 842 1485 docet,
905 1421 957 1472 et
1012 1433 1123 1472 non
1181 1417 1474 1488 acquiescit
1514 1417 1671 1470 sanis
1709 1417 1886 1471 verbis

236 1507 465 1560 Domini
493 1507 671 1561 nostri
696 1508 824 1562 Iesu
851 1506 1066 1563 Christi
1109 1509 1159 1560 et
1206 1505 1468 1560 doctrine
1504 1504 1646 1574 ejus,
1677 1505 1880 1559 1181

232 1597 456 1666 stupore
482 1595 659 1649 elatus
687 1600 790 1663 est,
819 1595 964 1650 nihil
991 1595 1186 1664 sciens,
1220 1593 1438 1649 discede
1475 1592 1541 1648 ab
1571 1587 1890 1664 hujusmodi

233 1684 303 1755 (I.
340 1684 474 1738 Tim.
510 1701 584 1751 γι,
616 1685 692 1753 3).

310 1771 401 1827 IV.
438 1772 722 1827 Preclara
752 1788 893 1827 sane
923 1776 980 1827 et
1006 1771 1270 1843 legitima
1297 1770 1556 1837 traditio,
1590 1771 1886 1864 Stephano
1914 1799 1962 1864 Β

230 1861 412 1918 fratre
433 1865 635 1916 nostro
655 1861 916 1929 docente,
937 1860 1303 1932 proponitur,
1326 1875 1453 1931 que
1477 1859 1876 1915 auctoritatem

227 1949 403 2004 nobis
433 1949 702 2004 idoneam
738 1949 1008 2021 prebeat.
1041 1949 1187 2002 Nam
1237 1947 1297 2002 in
1347 1949 1548 2003 eodem
1601 1947 1727 2003 loco
1759 1949 1880 2020 epi-

222 2038 390 2094 stole
421 2055 540 2093 sue
572 2038 798 2093 addidit
821 2042 880 2093 et
908 2037 1119 2108 adjecit
1145 2055 1157 2092 :
1194 2036 1329 2092 Cum
1350 2038 1458 2107 ipsi
1486 2037 1738 2094 haeretici
1753 2055 1881 2110 pro-

215 2129 352 2198 prie
379 2127 708 2181 alterutrum
756 2126 826 2182 ad
881 2143 938 2182 se
984 2129 1258 2182 venientes
1304 2141 1414 2180 non
1454 2127 1743 2196 baptizent,
1775 2128 1881 2184 sed

219 2217 628 2271 communicent
657 2219 894 2270 tantum.
935 2216 1018 2271 Ad
1061 2216 1168 2270 hoc
1198 2215 1354 2270 enim
1385 2213 1676 2270 malorum
1709 2217 1878 2272 devo-

221 2303 357 2358 luta
385 2308 474 2359 est
502 2303 760 2360 Ecclesia
789 2305 886 2360 Dei
921 2309 977 2359 et
1021 2305 1248 2376 Sponsa
1291 2303 1505 2358 Christi
1556 2309 1624 2359 ut
1649 2304 1876 2360 hereti-

222 2409 433 2448 corum
466 2393 730 2464 exempla
759 2398 1032 2460 sectetur,
1067 2398 1132 2447 ut
1174 2394 1246 2448 ad
1299 2392 1646 2448 celebranda
1683 2410 1876 2449 sacra-

221 2486 430 2536 menta
450 2480 704 2536 coelestia
723 2481 1093 2553 disciplinam
1111 2481 1208 2535 lux
1221 2481 1556 2536 detenebris
1577 2485 1879 2538 mutuetur

220 2575 283 2624 et
316 2570 370 2624 id
407 2571 621 2624 faciant
657 2570 966 2626 Christiani
1029 2571 1184 2642 quod
1243 2569 1570 2626 antichristi
1633 2571 1869 2626 faciunt.

219 2658 365 2722 Quae
394 2676 526 2714 vero
557 2664 645 2715 est
704 2659 886 2714 animi
945 2661 1193 2729 cecitas,
1239 2676 1367 2732 que
1431 2658 1704 2730 pravitas,
1742 2660 1873 2715 fidei

218 2748 513 2804 unitatem
546 2749 616 2803 de
643 2748 757 2804 Deo
792 2749 956 2804 Patre
1003 2753 1060 2804 et
1109 2749 1179 2803 de
1221 2749 1357 2804 Jesu
1393 2748 1610 2803 Christi
1645 2748 1872 2804 Domini

213 2841 277 2890 et
300 2836 399 2891 Dei
425 2836 604 2892 nostri
626 2837 938 2892 traditione
965 2837 1291 2892 venientem
1316 2836 1467 2892 nolle
1492 2841 1876 2908 cognoscere?

213 2924 367 2979 Nam
398 2925 448 2980 si
497 2925 711 2981 idcirco
762 2926 917 2997 apud
970 2925 1275 2982 haereticos
1319 2925 1575 2980 Ecclesia
1616 2942 1730 2980 non
1761 2931 1872 2994 est,

213 3013 361 3084 quia
390 3030 506 3069 una
536 3021 624 3069 est
653 3019 710 3069 et
758 3014 939 3069 dividi
991 3031 1103 3070 non
1158 3018 1371 3086 potest,
1427 3019 1483 3069 et
1513 3014 1559 3068 si
1592 3013 1720 3070 ideo
1753 3015 1871 3072 illic

212 3101 472 3170 Spiritus
501 3106 744 3158 sanctus
783 3119 899 3158 non
948 3107 1055 3167 est,
1112 3102 1248 3175 quia
1295 3119 1449 3157 unus
1496 3107 1605 3172 est,
1656 3108 1713 3160 et
1740 3120 1870 3160 esse

211 3191 374 3262 apud
405 3192 680 3262 profanos
707 3197 763 3248 et
793 3196 1098 3249 extraneos
1127 3191 1239 3262 (88)
1278 3207 1392 3246 non
1423 3195 1631 3264 potest,
1664 3193 1869 3264 utique

211 3284 276 3334 et
307 3279 617 3351 baptisma,
651 3280 806 3351 quod
829 3280 886 3336 in
918 3281 1120 3336 eadem
1155 3280 1376 3336 unitate
1420 3280 1709 3348 consistit,
1742 3295 1871 3337 esse

211 3368 375 3438 apud
407 3367 710 3424 hereticos
736 3385 848 3423 non
887 3374 1095 3441 potest,
1129 3367 1268 3439 quia
1298 3369 1555 3440 separari
1579 3385 1766 3440 neque
1796 3369 1867 3424 ab

208 3455 474 3510 Ecclesia
505 3472 694 3526 neque
726 3474 759 3511 ιι
788 3457 1004 3526 Spiritu
1030 3461 1231 3512 sancto
1267 3461 1472 3528 potest.

289 3543 351 3599 V'
383 3545 496 3601 Aut
527 3544 575 3599 si
607 3543 877 3600 effectum
929 3544 1207 3617 baptismi
1267 3545 1556 3617 majestati
1611 3544 1868 3602 nominis

205 3631 507 3698 tribuunt,
540 3637 604 3687 ut
632 3632 731 3703 qui
763 3634 820 3688 in
846 3634 1082 3690 nomine
1113 3634 1251 3690 Jesu
1281 3633 1499 3690 Christi
1530 3634 1866 3705 ubicunque

202 3724 270 3775 et
302 3722 834 3794 quomodocunque
861 3721 1250 3793 baptizantur,
1276 3721 1532 3777 innovati
1555 3728 1614 3777 et
1644 3723 1863 3780 sancti-

205 3808 855 3880 ﬁcatijudicentur,cur
880 3827 993 3864 non
1017 3809 1077 3866 in
1101 3810 1364 3880 ejusdem
1390 3809 1603 3865 Christi
1625 3811 1862 3866 nomine

204 3895 331 3951 illic
360 3901 416 3952 et
445 3913 656 3954 manus
687 3898 976 3971 baptizato
1001 3897 1326 3970 imponitur
1355 3899 1424 3952 ad
1457 3898 1858 3972 accipiendum

202 3983 490 4053 Spiritum
511 3991 802 4055 sanctum,
826 4002 930 4042 cur
952 3987 1154 4042 eadem
1180 3987 1442 4056 ejusdem
1467 3987 1860 4057 majestas(89)

204 4074 471 4128 nominis
503 4091 615 4128 non
649 4074 918 4146 praevalet
949 4077 1007 4129 in
1040 4091 1250 4130 manus
1280 4074 1654 4146 impositione
1681 4091 1857 4147 quam

200 4161 464 4219 valuisse
523 4163 881 4218 contendunt
911 4163 968 4219 in
1019 4163 1296 4235 baptismi
1355 4164 1860 4221 sanctificatione?

199 4250 354 4309 Nam
379 4252 428 4306 si
451 4256 641 4322 potest
665 4251 799 4324 quis
819 4255 979 4308 extra
1001 4251 1318 4308 Ecclesiam
1352 4259 1546 4322 natus,
1570 4255 1854 4328 templum

207 4339 307 4394 Dei
343 4339 487 4409 ﬁeri,
520 4356 624 4394 cur
652 4356 766 4396 non
800 4339 987 4411 possit
1008 4357 1184 4411 super
1215 4342 1500 4412 templum
1525 4348 1581 4400 et
1601 4343 1855 4414 Spiritus

200 4433 448 4484 sanctus
476 4427 752 4485 infundi?
809 4429 914 4495 Qui
968 4429 1125 4484 enim
1174 4431 1428 4501 peccatis
1469 4432 1528 4486 in
1560 4433 1852 4504 baptismo

1999 523 2344 594 spiritaliter
2375 523 2746 594 reformatus,
2793 527 2864 580 ad
2910 526 3315 597 accipiendum
3357 528 3641 599 Spiritum

1999 617 2266 667 sanctum
2298 612 2544 668 idoneus
2575 613 2764 668 factus
2793 619 2881 670 est
2907 615 3036 685 (90),
3070 616 3304 686 quando
3332 617 3646 687 Apostolus

1998 701 2187 755 dicat:
2221 701 2487 771 Quotquot
2513 703 2574 756 in
2606 702 2821 757 Christo
2851 704 3117 773 baptimti
3163 706 3313 768 estis,
3363 705 3647 761 Christum

1998 789 2258 844 induistis
2285 790 2486 857 (Galat.
2522 807 2605 860 ιιι,
2635 791 2750 863 27),
2784 792 2883 862 qui
2919 796 3108 864 potest
3139 793 3294 863 apud
3342 793 3644 850 haereticos

1998 878 2322 950 baptizatus
2351 878 2652 935 Christum
2705 880 2967 947 induere,
3022 880 3206 936 multo
3237 883 3424 954 magis
3457 888 3647 953 potest

1995 968 2276 1039 Spiritum
2309 973 2600 1036 sanctum,
2631 984 2805 1039 quem
2835 969 3103 1025 Christus
3143 969 3326 1038 misit,
3357 972 3638 1042 accipere.

1996 1057 2282 1112 Ceterum
2304 1059 2494 1127 major
2513 1057 2625 1112 erit
2646 1062 2913 1112 mittente
2930 1057 3031 1128 qui
3049 1058 3266 1114 missus
3287 1064 3397 1123 est.
3419 1066 3483 1114 ut
3504 1061 3643 1116 inci-

1997 1147 2121 1217 piat
2150 1146 2291 1201 foris
2315 1146 2642 1217 baptizatus
2662 1146 2957 1201 Christum
2980 1146 3218 1218 quidem
3249 1147 3640 1218 induisse,sed

1995 1235 2282 1306 Spiritum
2313 1240 2582 1290 sanctum
2615 1237 2821 1291 1182
2854 1252 2969 1291 non
3004 1236 3264 1306 potuisse
3305 1238 3639 1307 percipere;

1997 1325 2164 1395 quasi
2193 1324 2381 1395 possit
2409 1329 2510 1379 aut
2557 1324 2685 1379 sine
2719 1324 2938 1395 Spiritu
2965 1323 3231 1381 Christus
3262 1325 3448 1390 indui,
3480 1331 3582 1381 aut
3611 1345 3646 1382 a

1997 1413 2226 1468 Christo
2257 1412 2511 1484 Spiritus
2551 1415 2828 1483 separari.
2863 1412 3009 1468 Illud
3042 1430 3272 1485 quoque
3309 1431 3486 1486 quam
3517 1415 3641 1471 ine-

1997 1505 2163 1574 ptum
2197 1505 2307 1567 est,
2340 1505 2404 1556 ut
2431 1517 2567 1556 cum
2613 1501 2884 1557 nativitas
2931 1503 3188 1558 secunda
3225 1502 3508 1573 spiritalis
3539 1505 3638 1572 sit,

1996 1608 2111 1661 qua
2141 1591 2200 1645 in
2231 1591 2460 1646 Christo
2491 1607 2594 1662 per
2621 1590 2916 1646 lavacrum
2947 1593 3402 1664 regenerationis
3443 1596 3640 1649 nasci-

1997 1695 2152 1747 mur,
2185 1680 2382 1735 dicant
2411 1681 2565 1752 quod
2597 1680 2783 1751 possit
2810 1680 2945 1750 quis
2989 1681 3142 1752 apud
3185 1680 3485 1736 hereticos
3516 1684 3635 1754 spi-

1997 1768 2244 1823 ritaliter
2272 1769 2456 1838 nasci,
2494 1769 2591 1823 ubi
2636 1769 2924 1840 Spiritum
2972 1774 3188 1840 negant
3216 1786 3362 1825 esse.
3395 1775 3641 1828 Peccuta

1992 1858 2148 1912 enim
2181 1873 2429 1930 purgare
2479 1862 2537 1912 et
2587 1857 2881 1912 hominem
2932 1858 3296 1914 sanctificars
3334 1876 3486 1930 aqua
3515 1861 3640 1917 sola

1991 1964 2106 2003 non
2139 1951 2353 2013 potest,
2384 1945 2499 2002 nisi
2531 1945 2744 2002 habeat
2761 1950 2818 2000 et
2837 1945 3119 2017 Spiritum
3149 1951 3636 2014 sanctum.0uare

1990 2041 2090 2092 aut
2127 2036 2407 2109 Spiritum
2439 2040 2708 2090 sanctum
2741 2051 2977 2091 necesse
3022 2040 3112 2091 est
3159 2038 3480 2094 concedant
3507 2055 3636 2095 esse

1987 2125 2108 2181 illic
2138 2127 2236 2181 ubi
2269 2124 2562 2196 baptisma
2608 2141 2735 2180 esse
2787 2125 3008 2191 dicunt,
3062 2129 3164 2180 aut
3202 2143 3309 2182 nec
3340 2128 3720 2199 baptismo...

1986 2231 2113 2271 esse
2143 2215 2270 2270 sine
2295 2214 2515 2286 Spiritu
2548 2219 2747 2269 sancto
2782 2230 2895 2269 non
2936 2219 3148 2285 potest.

2055 2349 2148 2408 Vl.
2181 2347 2362 2415 Quale
2389 2352 2479 2406 est
2507 2352 2700 2416 autem
2727 2364 2988 2406 asserere
3017 2353 3073 2405 et
3097 2350 3447 2407 contendere
3474 2351 3631 2423 quod

1985 2453 2113 2496 esse
2144 2437 2372 2509 possint
2401 2437 2504 2495 lilii
2535 2437 2636 2496 Dei
2667 2437 2767 2510 qui
2801 2455 2915 2494 non
2949 2437 3147 2495 sintin
3177 2437 3434 2495 Ecclesia
3463 2440 3582 2497 nati
3608 2443 3632 2498 Ρ

1986 2526 2280 2598 baptisma
2307 2527 2464 2585 enim
2495 2543 2622 2585 esse
2651 2527 2709 2583 in
2741 2543 2856 2599 quo
2888 2527 3060 2584 homo
3091 2531 3252 2584 vetus
3297 2528 3545 2585 moritur
3571 2534 3629 2586 et

1985 2633 2170 2674 novus
2202 2616 2464 2673 nascitur
2487 2615 2822 2673 manifestat
2841 2620 2897 2672 et
2921 2617 3128 2688 probat
3151 2617 3359 2674 beatus
3379 2619 3625 2688 Aposto-

1981 2704 2077 2762 lus
2107 2705 2306 2763 dicens
2330 2720 2343 2762 :
2373 2705 2625 2763 Servavit
2651 2705 2764 2778 (91)
2793 2722 2896 2762 nos
2928 2722 3031 2777 per
3080 2706 3364 2762 lavacrum
3389 2723 3624 2777 regene-

1981 2795 2213 2850 rationis
2241 2795 2377 2862 (Tit.
2415 2811 2497 2860 Ill,
2523 2794 2601 2861 5).
2635 2794 2694 2850 Si
2726 2798 2923 2850 autem
2973 2797 3030 2850 in
3068 2793 3318 2860 lavacro,
3351 2795 3408 2851 id
3441 2801 3529 2850 est
3560 2796 3619 2850 in

1984 2881 2294 2955 baptismo,
2326 2886 2416 2940 est
2443 2883 2822 2955 regeneratio,
2846 2883 3138 2956 quomodo
3164 2899 3440 2956 generare
3472 2883 3623 2940 ﬁlios

1981 2971 2097 3028 Deo
2158 2970 2393 3026 heresis
2451 2987 2552 3042 per
2605 2970 2899 3026 Christum
2967 2975 3177 3043 potest,
3231 2989 3353 3043 que
3411 2972 3623 3028 Christi

1977 3061 2201 3130 Sponsa
2231 3074 2346 3114 non
2379 3058 2512 3114 est?
2541 3057 2796 3114 Ecclesia
2827 3063 2917 3113 est
2947 3059 3103 3113 enim
3143 3058 3270 3114 sola
3297 3077 3425 3130 que
3455 3061 3621 3116 Chri-

1898 3159 1941 3226 α
1977 3151 2067 3203 sto
2098 3149 2407 3219 conjuncta
2438 3151 2494 3202 et
2521 3148 2781 3206 adunata
2810 3147 3153 3218 spiritaliter
3181 3147 3333 3206 ﬁlios
3362 3154 3620 3221 generat,

1980 3237 2184 3292 eodem
2234 3235 2510 3306 Apostolo
2559 3253 2768 3292 rursus
2816 3237 3078 3292 dicente:
3131 3237 3374 3293 Christus
3424 3239 3623 3296 dilexit

1977 3327 2274 3385 Ecclesium
2297 3334 2349 3384 et
2375 3328 2616 3397 seipsum
2645 3324 2876 3382 tradidit
2899 3341 3000 3397 pro
3031 3342 3096 3380 ea
3145 3334 3202 3383 ut
3247 3343 3374 3384 eam
3418 3331 3621 3383 sancti-

1975 3415 2195 3483 ﬁcaret,
2224 3430 2476 3486 purgans
2531 3431 2662 3472 eam
2716 3414 2934 3472 lavacro
2989 3431 3146 3485 aquae
3197 3415 3408 3486 (Ephes.
3440 3434 3496 3483 v,
3528 3419 3620 3485 25,

1975 3502 2088 3572 26).
2117 3503 2175 3557 Si
2208 3502 2387 3574 igitur
2416 3503 2536 3558 hec
2565 3506 2655 3559 est
2684 3502 2894 3560 dilecta
2921 3508 2981 3561 et
3009 3503 3236 3575 Sponsa
3262 3520 3392 3574 que
3429 3505 3554 3561 sola
3585 3522 3619 3563 ι

1975 3591 2206 3648 Christo
2235 3591 2634 3647 sanctiﬁcatur
2664 3596 2720 3647 et
2749 3591 2976 3647 lavacro
3007 3593 3134 3663 ejus
3165 3593 3290 3648 sola
3311 3599 3616 3666 purgatur,

1978 3679 2353 3738 manifestum
2385 3685 2473 3734 est
2501 3679 2790 3752 heresim,
2823 3698 2951 3751 que
2996 3681 3223 3756 Sponsa
3251 3681 3463 3738 Christi
3501 3701 3617 3739 non

1974 3768 2072 3838 sit,
2107 3785 2210 3825 nec
2241 3770 2478 3842 purgari
2511 3785 2616 3828 nec
2645 3770 3000 3828 sanctiﬁcari
3031 3771 3256 3830 lavacro
3287 3773 3416 3845 ejus
3445 3791 3618 3847 posse

1971 3856 2126 3914 ﬁlios
2154 3859 2269 3914 Deo
2298 3874 2576 3930 generare
2604 3875 2720 3914 non
2747 3876 2938 3930 posse.

2041 3990 2162 4046 VII.
2199 3992 2369 4050 Porro
2403 3997 2594 4050 autem
2641 4009 2755 4050 non
2805 4009 2907 4065 per
2936 4009 3148 4050 manus
3180 3993 3613 4063 impositionem

1969 4079 2101 4150 quis
2129 4081 2391 4135 nascitur
2411 4083 2647 4152 quando
2669 4081 2876 4152 accipit
2898 4081 3180 4153 Spiritum
3213 4084 3613 4145 sanctum,sed

1967 4168 2024 4222 in
2063 4170 2330 4227 Ecclesie
2378 4169 2691 4241 baptismo,
2741 4175 2808 4224 ut
2858 4169 3140 4240 Spiritum
3191 4171 3612 4240 sanctumjam

1967 4263 2141 4313 natus
2172 4259 2436 4329 accipiat,
2454 4257 2607 4312 sicut
2626 4258 2684 4312 in
2709 4257 2896 4329 primo
2927 4256 3163 4313 homine
3186 4257 3370 4313 Adam
3393 4258 3612 4314 factum

1964 4352 2054 4404 est
2079 4347 2234 4416 (Gen.
2279 4347 2363 4418 ιι).
2409 4349 2559 4402 Ante
2606 4347 2761 4403 enim
2806 4346 2960 4402 Deus
3006 4362 3142 4402 eum
3192 4344 3522 4418 plaemavit,
3556 4353 3612 4403 et

1962 4441 2101 4491 tunc
2133 4435 2456 4491 insulﬂavit
2483 4435 2595 4506 (92)
2628 4434 2684 4488 in
2709 4434 2912 4489 faciem
2936 4435 3064 4505 ejus
3089 4434 3292 4489 flatum
3315 4437 3426 4508 (93)
3457 4437 3604 4492 vite.

1553 4595 1770 4673 Steph.
1807 4595 2041 4660 Baluzii
2076 4603 2261 4658 note.

277 4721 390 4793 (88)
411 4722 687 4800 ΔΡνοζιιιιοε
720 4727 770 4800 et
796 4732 1110 4800 extraneos.
1131 4723 1322 4800 Codex
1351 4726 1538 4800 sancti
1568 4725 1854 4798 Arnulphi
1884 4730 1930 4793 D
1963 4727 2168 4784 Caelius
2200 4728 2607 4800 Calcagninus,
2661 4726 2762 4782 lib.
2813 4745 2877 4794 ιι,
2926 4729 3102 4800 epist,
3149 4729 3203 4796 9,
3238 4735 3434 4786 censet
3465 4733 3608 4787 scri-

201 4797 497 4849 extrarios.
531 4793 626 4849 Sic
657 4797 833 4850 etiam
867 4795 1118 4850 habebat
1146 4794 1517 4851 Veronensis.

275 4865 389 4935 (89)
424 4866 536 4939 pur
560 4865 754 4939 eadem
772 4867 1046 4939 majestas.
1083 4867 1228 4939 Lege
1256 4884 1356 4922 cur
1381 4885 1491 4923 non
1521 4868 1713 4924 eadem
1740 4884 1853 4922 ma-

187 4935 387 5005 jestas.
422 4936 582 5012 Istud
638 4935 871 5012 excidit:
891 4939 1084 5012 _Error
1114 4935 1391 5012 inductus
1419 4945 1506 4994 est
1536 4956 1569 4994 a
1599 4939 1849 5012 Rigaltio

199 5014 250 5061 et
280 5007 654 5080 continuatus
682 5007 738 5062 in
766 5008 1020 5080 editione
1045 5009 1383 5080 Anglicana.

270 5077 385 5151 (90)
419 5080 606 5132 Factus
631 5088 727 5151 est.
763 5079 824 5134 In
857 5077 1212 5135 editionibus
1246 5080 1466 5135 Erasmi
1497 5085 1554 5136 et
1583 5079 1848 5137 Morellii.

197 5149 330 5224 que
364 5149 552 5221 magis
609 5149 983 5224 placuerunt“
1016 5152 1264 5224 Pamelio
1297 5169 1473 5224 quam
1530 5152 1846 5221 Mantiana,

199 5221 417 5291 legitur
440 5224 617 5289 [actus
645 5238 754 5276 non
797 5231 896 5276 est.
938 5222 1150 5277 Verum
1184 5221 1326 5278 libri
1346 5229 1567 5279 veteres
1599 5240 1712 5278 non
1745 5224 1848 5279 ha-

197 5295 342 5364 bent
372 5293 758 5358 negationem,
793 5311 920 5364 que
971 5296 1224 5362 proiecto
1273 5293 1498 5351 videtur
1542 5311 1671 5352 esse
1711 5312 1847 5350 con-

197 5363 384 5438 traria
413 5363 923 5438 sententiefancti
949 5365 1243 5438 Cypriani.

271 5434 383 5500 (91)
419 5433 681 5508 Servavit.
718 5433 1012 5491 Erasmus
1026 5433 1220 5508 posuit
1245 5435 1502 5491 salvavit.
1527 5439 1661 5502 Que
1681 5436 1850 5492 lectio

201 5511 394 5559 exstat
423 5507 482 5560 in
515 5507 746 5561 duobus
775 5508 1206 5564 exemplaribus
1249 5509 1465 5563 nostris
1497 5513 1554 5562 et
1584 5508 1642 5562 in
1677 5508 1848 5564 Cam-

199 5577 534 5639 beronensi,
573 5583 636 5632 ut
666 5583 915 5634 testatur
944 5577 1255 5635 Pamelius.
1309 5582 1378 5634 At
1428 5579 1541 5634 alia
1570 5580 1846 5635 tredecim

203 5655 406 5703 nostra
437 5649 656 5704 habent
683 5651 939 5706 servavit.
975 5653 1043 5706 Et
1083 5660 1273 5706 tamen
1311 5651 1474 5706 lectio
1504 5652 1746 5706 inducta
1775 5652 1845 5706 ab

151 5718 419 5776 Erasmo
443 5719 749 5791 prevaluit
769 5719 1054 5779 hactenus
1075 5725 1134 5779 in
1158 5722 1433 5779 omnibus
1454 5721 1840 5777 editionibus.

1961 4800 2220 4854 bendum
2253 4817 2380 4855 esse
2411 4805 2787 4865 servatorem,
2824 4817 2938 4855 non
2972 4800 3337 4857 salvatorem.

2031 4871 2142 4940 (92)
2175 4872 2502 4944 Insufﬂavit.
2537 4871 2638 4925 Hic
2670 4870 2832 4944 locus
2878 4889 2946 4926 ex
2995 4875 3183 4944 capite
3215 4874 3470 4928 secundo
3500 4877 3605 4929 Ge-

1961 4957 2168 4997 neseos
2199 4942 2548 5008 desUmptus
2599 4942 2846 4997 refertur
2901 4942 3228 4999 secundum
3273 4947 3605 5000 versionem

1960 5013 2262 5086 antiquam
2322 5032 2437 5085 qua
2492 5017 2730 5069 sanctus
2783 5014 3108 5086 Cyprianus
3165 5016 3455 5083 utebatur,
3492 5033 3608 5086 qua

1960 5083 2132 5158 etiam
2171 5083 2353 5140 usum
2371 5103 2499 5141 esse
2529 5086 2760 5158 Avitum
2780 5083 3183 5158 (Viennensem
3206 5087 3393 5158 liquet
3423 5104 3491 5141 ex
3510 5083 3605 5142 se-

1960 5157 2150 5210 cunda
2180 5158 2307 5230 ejus
2339 5157 2596 5230 Epistola
2641 5157 2710 5230 ad
2762 5157 3172 5212 Gundobadum.
3212 5157 3607 5230 Reprehendit

1959 5235 2153 5300 autem
2184 5227 2401 5283 Avitus'
2432 5227 2560 5282 illos
2598 5228 2701 5300 qui
2745 5231 3060 5284 utebantur
3098 5245 3164 5283 ea
3194 5227 3457 5286 versione
3488 5247 3606 5300 qua

1959 5316 2064 5353 nos
2094 5299 2265 5354 hodie
2297 5299 2536 5354 utimur.
2570 5299 2640 5352 Et
2669 5305 2864 5354 tamen
2905 5301 3301 5356 Tertullianus
3333 5299 3603 5356 bunclo-

1959 5387 2091 5425 cum
2124 5374 2298 5444 refert
2327 5387 2392 5426 eo
2426 5371 2597 5444 modo
2631 5386 2746 5444 quo
2769 5371 2853 5426 illi
2879 5373 3192 5426 utebantur
3223 5390 3367 5444 quos
3400 5374 3601 5428 Avitus

1958 5442 2316 5514 perstringit.
2354 5444 2414 5500 In
2447 5441 2692 5514 epistola
2732 5444 3039 5513 cujusdam
3089 5441 3309 5500 Otberti
3341 5446 3411 5571 (llic
3443 5447 3603 5527 obitu

3397 5534 3603 5571 ueoms

3397 5535 3426 5569 ιι
3438 5534 3606 5590 gonis

2027 5654 2137 5732 (93)
2172 5656 2399 5732 Flatum.
2429 5655 2594 5732 _Unus
2627 5657 2807 5712 codex
2837 5658 3035 5732 regius
3065 5659 3421 5731 spiraculum,
3452 5661 3611 5718 sicut

1956 5723 2015 5778 in
2040 5723 2279 5798 vulgata
2305 5726 2558 5783 editione
2580 5732 2896 5786 Genescos.
