  <div class='ocr_page' id='page_1' title='image "/cluster/home/n/w/nwhite01/storage/ocr_20150623/3/hvd.32044073549586/644.png"; bbox 0 0 4098 6178; ppageno 0'>
   <div class='ocr_carea' id='block_1_1' title="bbox 206 322 335 381">
    <p class='ocr_par' dir='ltr' id='par_1_1' title="bbox 206 322 335 381">
     <span class='ocr_line' id='line_1_1' title="bbox 206 322 335 381; baseline 0 0"><span class='ocrx_word' id='word_1_1' title='bbox 206 322 335 381; x_wconf 87' lang='grc'><strong>1181</strong></span> 
     </span>
    </p>
   </div>
   <div class='ocr_carea' id='block_1_2' title="bbox 1181 317 2588 382">
    <p class='ocr_par' dir='ltr' id='par_1_2' title="bbox 1181 317 2588 382">
     <span class='ocr_line' id='line_1_2' title="bbox 1181 317 2588 382; baseline -0.001 -3"><span class='ocrx_word' id='word_1_2' title='bbox 1181 319 1388 380; x_wconf 80' lang='lat' dir='ltr'>PARS</span> <span class='ocrx_word' id='word_1_3' title='bbox 1431 319 1481 379; x_wconf 83' lang='grc' dir='ltr'>Ι.</span> <span class='ocrx_word' id='word_1_4' title='bbox 1513 352 1593 365; x_wconf 88' lang='lat'>-—</span> <span class='ocrx_word' id='word_1_5' title='bbox 1633 318 2140 380; x_wconf 80' lang='lat' dir='ltr'><strong>MONUMENTA</strong></span> <span class='ocrx_word' id='word_1_6' title='bbox 2182 317 2588 382; x_wconf 82' lang='lat' dir='ltr'>VETERUM.</span> 
     </span>
    </p>
   </div>
   <div class='ocr_carea' id='block_1_3' title="bbox 3439 319 3594 380">
    <p class='ocr_par' dir='ltr' id='par_1_3' title="bbox 3439 319 3594 380">
     <span class='ocr_line' id='line_1_3' title="bbox 3439 319 3594 380; baseline 0 -2"><span class='ocrx_word' id='word_1_7' title='bbox 3439 319 3594 380; x_wconf 75' lang='grc'><strong>1182</strong></span> 
     </span>
    </p>
   </div>
   <div class='ocr_carea' id='block_1_4' title="bbox 201 446 3594 522">
    <p class='ocr_par' dir='ltr' id='par_1_4' title="bbox 201 446 3594 522">
     <span class='ocr_line' id='line_1_4' title="bbox 201 446 3594 522; baseline -0.001 -17"><span class='ocrx_word' id='word_1_8' title='bbox 201 449 402 506; x_wconf 79' lang='lat' dir='ltr'>Christi</span> <span class='ocrx_word' id='word_1_9' title='bbox 437 452 746 522; x_wconf 68' lang='lat' dir='ltr'>praecepta,</span> <span class='ocrx_word' id='word_1_10' title='bbox 802 449 851 505; x_wconf 90' lang='lat' dir='ltr'>si</span> <span class='ocrx_word' id='word_1_11' title='bbox 912 449 1306 521; x_wconf 82' lang='lat' dir='ltr'>incorruptam</span> <span class='ocrx_word' id='word_1_12' title='bbox 1367 454 1542 521; x_wconf 83' lang='lat' dir='ltr'>atque</span> <span class='ocrx_word' id='word_1_13' title='bbox 1589 447 1832 504; x_wconf 85' lang='lat' dir='ltr'>inviola-</span> <span class='ocrx_word' id='word_1_14' title='bbox 1862 452 1916 517; x_wconf 78' lang='grc' dir='ltr'><strong>Α</strong></span> <span class='ocrx_word' id='word_1_15' title='bbox 1947 446 2127 519; x_wconf 82' lang='lat' dir='ltr'>plices</span> <span class='ocrx_word' id='word_1_16' title='bbox 2161 453 2383 504; x_wconf 88' lang='lat' dir='ltr'>mentes</span> <span class='ocrx_word' id='word_1_17' title='bbox 2415 453 2471 504; x_wconf 90' lang='lat' dir='ltr'>et</span> <span class='ocrx_word' id='word_1_18' title='bbox 2502 465 2758 504; x_wconf 89' lang='lat' dir='ltr'>errorem</span> <span class='ocrx_word' id='word_1_19' title='bbox 2791 449 3080 520; x_wconf 84' lang='lat' dir='ltr'>deponere</span> <span class='ocrx_word' id='word_1_20' title='bbox 3124 449 3203 520; x_wconf 84' lang='lat'>(5)</span> <span class='ocrx_word' id='word_1_21' title='bbox 3231 451 3288 503; x_wconf 91' lang='lat' dir='ltr'>et</span> <span class='ocrx_word' id='word_1_22' title='bbox 3338 447 3594 502; x_wconf 83' lang='lat' dir='ltr'>invenire</span> 
     </span>
    </p>
   </div>
   <div class='ocr_carea' id='block_1_5' title="bbox 203 537 1833 611">
    <p class='ocr_par' dir='ltr' id='par_1_5' title="bbox 203 537 1833 611">
     <span class='ocr_line' id='line_1_5' title="bbox 203 537 1833 611; baseline -0.002 -17"><span class='ocrx_word' id='word_1_23' title='bbox 203 545 308 594; x_wconf 89' lang='lat' dir='ltr'>tam</span> <span class='ocrx_word' id='word_1_24' title='bbox 336 539 414 611; x_wconf 85' lang='lat'>(2)</span> <span class='ocrx_word' id='word_1_25' title='bbox 435 538 673 609; x_wconf 71' lang='lat' dir='ltr'>Sponsa:</span> <span class='ocrx_word' id='word_1_26' title='bbox 705 539 834 608; x_wconf 82' lang='lat' dir='ltr'>ejus</span> <span class='ocrx_word' id='word_1_27' title='bbox 865 537 1237 593; x_wconf 78' lang='lat' dir='ltr'>sanctitatem</span> <span class='ocrx_word' id='word_1_28' title='bbox 1272 539 1585 602; x_wconf 91' lang='lat' dir='ltr'>tuemur,si</span> <span class='ocrx_word' id='word_1_29' title='bbox 1619 537 1833 592; x_wconf 78' lang='lat' dir='ltr'>habent</span> 
     </span>
    </p>
   </div>
   <div class='ocr_carea' id='block_1_6' title="bbox 199 625 1827 683">
    <p class='ocr_par' dir='ltr' id='par_1_6' title="bbox 199 625 1827 683">
     <span class='ocr_line' id='line_1_6' title="bbox 199 625 1827 683; baseline -0.002 -1"><span class='ocrx_word' id='word_1_30' title='bbox 199 627 457 683; x_wconf 81' lang='lat' dir='ltr'>sensibus</span> <span class='ocrx_word' id='word_1_31' title='bbox 489 631 545 681; x_wconf 90' lang='lat' dir='ltr'>et</span> <span class='ocrx_word' id='word_1_32' title='bbox 570 627 843 681; x_wconf 80' lang='lat' dir='ltr'>cordibus</span> <span class='ocrx_word' id='word_1_33' title='bbox 876 626 1092 682; x_wconf 80' lang='lat' dir='ltr'>nostris</span> <span class='ocrx_word' id='word_1_34' title='bbox 1116 627 1288 681; x_wconf 89' lang='lat' dir='ltr'>verba</span> <span class='ocrx_word' id='word_1_35' title='bbox 1310 626 1535 680; x_wconf 85' lang='lat' dir='ltr'>Domini</span> <span class='ocrx_word' id='word_1_36' title='bbox 1553 625 1827 680; x_wconf 82' lang='lat' dir='ltr'>dicentis:</span> 
     </span>
    </p>
   </div>
   <div class='ocr_carea' id='block_1_7' title="bbox 199 714 1834 785">
    <p class='ocr_par' dir='ltr' id='par_1_7' title="bbox 199 714 1834 785">
     <span class='ocr_line' id='line_1_7' title="bbox 199 714 1834 785; baseline -0.001 -15"><span class='ocrx_word' id='word_1_37' title='bbox 199 718 350 772; x_wconf 90' lang='lat' dir='ltr'>Putas</span> <span class='ocrx_word' id='word_1_38' title='bbox 370 732 495 772; x_wconf 87' lang='lat' dir='ltr'>cum</span> <span class='ocrx_word' id='word_1_39' title='bbox 528 717 738 771; x_wconf 88' lang='lat' dir='ltr'>venerit</span> <span class='ocrx_word' id='word_1_40' title='bbox 767 717 942 771; x_wconf 83' lang='lat' dir='ltr'>Filius</span> <span class='ocrx_word' id='word_1_41' title='bbox 972 717 1235 781; x_wconf 87' lang='lat' dir='ltr'>hominis,</span> <span class='ocrx_word' id='word_1_42' title='bbox 1278 717 1521 770; x_wconf 77' lang='lat' dir='ltr'>inveniet</span> <span class='ocrx_word' id='word_1_43' title='bbox 1567 714 1732 785; x_wconf 85' lang='lat' dir='ltr'>ﬁdem</span> <span class='ocrx_word' id='word_1_44' title='bbox 1774 717 1834 768; x_wconf 85' lang='lat' dir='ltr'>in</span> 
     </span>
    </p>
   </div>
   <div class='ocr_carea' id='block_1_8' title="bbox 196 802 1829 875">
    <p class='ocr_par' dir='ltr' id='par_1_8' title="bbox 196 802 1829 875">
     <span class='ocr_line' id='line_1_8' title="bbox 196 802 1829 875; baseline -0.001 -17"><span class='ocrx_word' id='word_1_45' title='bbox 196 808 331 860; x_wconf 86' lang='lat' dir='ltr'>terra</span> <span class='ocrx_word' id='word_1_46' title='bbox 361 803 514 874; x_wconf 90' lang='lat' dir='ltr'>(Luc.</span> <span class='ocrx_word' id='word_1_47' title='bbox 548 820 708 872; x_wconf 85' lang='lat' dir='ltr'>xvm,</span> <span class='ocrx_word' id='word_1_48' title='bbox 749 804 806 872; x_wconf 90' lang='lat'>3)</span> <span class='ocrx_word' id='word_1_49' title='bbox 834 803 862 858; x_wconf 85' lang='lat'><strong>?</strong></span> <span class='ocrx_word' id='word_1_50' title='bbox 892 804 1031 875; x_wconf 84' lang='lat' dir='ltr'>quia</span> <span class='ocrx_word' id='word_1_51' title='bbox 1061 803 1262 859; x_wconf 82' lang='lat' dir='ltr'>ﬁdeles</span> <span class='ocrx_word' id='word_1_52' title='bbox 1313 804 1408 858; x_wconf 89' lang='lat' dir='ltr'>Dei</span> <span class='ocrx_word' id='word_1_53' title='bbox 1441 802 1677 873; x_wconf 87' lang='lat' dir='ltr'>milites,</span> <span class='ocrx_word' id='word_1_54' title='bbox 1731 802 1829 874; x_wconf 88' lang='lat' dir='ltr'>qui</span> 
     </span>
    </p>
   </div>
   <div class='ocr_carea' id='block_1_9' title="bbox 198 890 1836 965">
    <p class='ocr_par' dir='ltr' id='par_1_9' title="bbox 198 890 1836 965">
     <span class='ocr_line' id='line_1_9' title="bbox 198 890 1836 965; baseline -0.001 -17"><span class='ocrx_word' id='word_1_55' title='bbox 198 894 302 948; x_wconf 91' lang='lat' dir='ltr'>Deo</span> <span class='ocrx_word' id='word_1_56' title='bbox 329 893 443 948; x_wconf 83' lang='lat' dir='ltr'>fide</span> <span class='ocrx_word' id='word_1_57' title='bbox 472 897 530 946; x_wconf 92' lang='lat' dir='ltr'>et</span> <span class='ocrx_word' id='word_1_58' title='bbox 560 890 840 965; x_wconf 76' lang='lat' dir='ltr'>religione</span> <span class='ocrx_word' id='word_1_59' title='bbox 877 892 1104 947; x_wconf 85' lang='lat' dir='ltr'>sincera</span> <span class='ocrx_word' id='word_1_60' title='bbox 1132 891 1477 957; x_wconf 82' lang='lat' dir='ltr'>militamus,</span> <span class='ocrx_word' id='word_1_61' title='bbox 1520 891 1836 947; x_wconf 89' lang='lat' dir='ltr'>commissa</span> 
     </span>
    </p>
   </div>
   <div class='ocr_carea' id='block_1_10' title="bbox 196 979 1834 1038">
    <p class='ocr_par' dir='ltr' id='par_1_10' title="bbox 196 979 1834 1038">
     <span class='ocr_line' id='line_1_10' title="bbox 196 979 1834 1038; baseline -0.002 -2"><span class='ocrx_word' id='word_1_62' title='bbox 196 981 352 1038; x_wconf 86' lang='lat' dir='ltr'>nobis</span> <span class='ocrx_word' id='word_1_63' title='bbox 383 980 667 1036; x_wconf 88' lang='lat' dir='ltr'>divinitus</span> <span class='ocrx_word' id='word_1_64' title='bbox 698 986 890 1036; x_wconf 89' lang='lat' dir='ltr'>castra</span> <span class='ocrx_word' id='word_1_65' title='bbox 921 979 1078 1036; x_wconf 81' lang='lat' dir='ltr'>fideli</span> <span class='ocrx_word' id='word_1_66' title='bbox 1104 980 1321 1035; x_wconf 88' lang='lat' dir='ltr'>virtute</span> <span class='ocrx_word' id='word_1_67' title='bbox 1367 995 1685 1036; x_wconf 84' lang='lat' dir='ltr'>servemus.</span> <span class='ocrx_word' id='word_1_68' title='bbox 1719 979 1834 1033; x_wconf 91' lang='lat' dir='ltr'>Nec</span> 
     </span>
    </p>
   </div>
   <div class='ocr_carea' id='block_1_11' title="bbox 195 1067 1837 1141">
    <p class='ocr_par' dir='ltr' id='par_1_11' title="bbox 195 1067 1837 1141">
     <span class='ocr_line' id='line_1_11' title="bbox 195 1067 1837 1141; baseline -0.002 -15"><span class='ocrx_word' id='word_1_69' title='bbox 195 1069 545 1126; x_wconf 77' lang='lat' dir='ltr'>consuetudo</span> <span class='ocrx_word' id='word_1_70' title='bbox 573 1085 699 1140; x_wconf 62' lang='lat' dir='ltr'>qua</span> <span class='ocrx_word' id='word_1_71' title='bbox 716 1070 868 1141; x_wconf 86' lang='lat' dir='ltr'>apud</span> <span class='ocrx_word' id='word_1_72' title='bbox 894 1070 1181 1140; x_wconf 86' lang='lat' dir='ltr'>quosdam</span> <span class='ocrx_word' id='word_1_73' title='bbox 1200 1070 1536 1140; x_wconf 84' lang='lat' dir='ltr'>obrepserat</span> <span class='ocrx_word' id='word_1_74' title='bbox 1557 1067 1837 1140; x_wconf 91' lang='lat' dir='ltr'>impedire</span> 
     </span>
    </p>
   </div>
   <div class='ocr_carea' id='block_1_12' title="bbox 193 1156 1835 1230">
    <p class='ocr_par' dir='ltr' id='par_1_12' title="bbox 193 1156 1835 1230">
     <span class='ocr_line' id='line_1_12' title="bbox 193 1156 1835 1230; baseline -0.003 -16"><span class='ocrx_word' id='word_1_75' title='bbox 193 1159 358 1214; x_wconf 90' lang='lat' dir='ltr'>debet</span> <span class='ocrx_word' id='word_1_76' title='bbox 389 1157 708 1230; x_wconf 86' lang='lat' dir='ltr'>quominus</span> <span class='ocrx_word' id='word_1_77' title='bbox 737 1157 952 1213; x_wconf 87' lang='lat' dir='ltr'>veritas</span> <span class='ocrx_word' id='word_1_78' title='bbox 984 1156 1289 1229; x_wconf 73' lang='lat' dir='ltr'>praevaleat</span> <span class='ocrx_word' id='word_1_79' title='bbox 1331 1161 1386 1211; x_wconf 90' lang='lat' dir='ltr'>et</span> <span class='ocrx_word' id='word_1_80' title='bbox 1439 1157 1655 1212; x_wconf 90' lang='lat' dir='ltr'>vincat.</span> <span class='ocrx_word' id='word_1_81' title='bbox 1688 1156 1835 1210; x_wconf 90' lang='lat' dir='ltr'>Nam</span> 
     </span>
    </p>
   </div>
   <div class='ocr_carea' id='block_1_13' title="bbox 194 1243 1840 1317">
    <p class='ocr_par' dir='ltr' id='par_1_13' title="bbox 194 1243 1840 1317">
     <span class='ocr_line' id='line_1_13' title="bbox 194 1243 1840 1317; baseline -0.002 -16"><span class='ocrx_word' id='word_1_82' title='bbox 194 1245 544 1302; x_wconf 83' lang='lat' dir='ltr'>consuetudo</span> <span class='ocrx_word' id='word_1_83' title='bbox 560 1246 686 1300; x_wconf 90' lang='lat' dir='ltr'>sine</span> <span class='ocrx_word' id='word_1_84' title='bbox 696 1245 937 1300; x_wconf 84' lang='lat' dir='ltr'>veritate</span> <span class='ocrx_word' id='word_1_85' title='bbox 964 1244 1042 1317; x_wconf 93' lang='lat'>(3)</span> <span class='ocrx_word' id='word_1_86' title='bbox 1062 1249 1318 1300; x_wconf 89' lang='lat' dir='ltr'>vetustas</span> <span class='ocrx_word' id='word_1_87' title='bbox 1349 1243 1562 1298; x_wconf 91' lang='lat' dir='ltr'>erroris</span> <span class='ocrx_word' id='word_1_88' title='bbox 1583 1247 1691 1299; x_wconf 91' lang='lat' dir='ltr'>est.</span> <span class='ocrx_word' id='word_1_89' title='bbox 1707 1243 1840 1297; x_wconf 84' lang='lat' dir='ltr'>Pro-</span> 
     </span>
    </p>
   </div>
   <div class='ocr_carea' id='block_1_14' title="bbox 193 1331 1839 1406">
    <p class='ocr_par' dir='ltr' id='par_1_14' title="bbox 193 1331 1839 1406">
     <span class='ocr_line' id='line_1_14' title="bbox 193 1331 1839 1406; baseline -0.001 -18"><span class='ocrx_word' id='word_1_90' title='bbox 193 1338 315 1404; x_wconf 85' lang='lat' dir='ltr'>pter</span> <span class='ocrx_word' id='word_1_91' title='bbox 332 1333 509 1406; x_wconf 88' lang='lat' dir='ltr'>quod,</span> <span class='ocrx_word' id='word_1_92' title='bbox 536 1333 740 1388; x_wconf 90' lang='lat' dir='ltr'>relicto</span> <span class='ocrx_word' id='word_1_93' title='bbox 762 1348 1307 1404; x_wconf 84' lang='lat' dir='ltr'>errore,sequamur</span> <span class='ocrx_word' id='word_1_94' title='bbox 1322 1331 1839 1398; x_wconf 85' lang='lat' dir='ltr'>verit.atem,scien-</span> 
     </span>
    </p>
   </div>
   <div class='ocr_carea' id='block_1_15' title="bbox 190 1421 1840 1494">
    <p class='ocr_par' dir='ltr' id='par_1_15' title="bbox 190 1421 1840 1494">
     <span class='ocr_line' id='line_1_15' title="bbox 190 1421 1840 1494; baseline -0.002 -16"><span class='ocrx_word' id='word_1_95' title='bbox 190 1427 277 1478; x_wconf 92' lang='lat' dir='ltr'>tes</span> <span class='ocrx_word' id='word_1_96' title='bbox 304 1424 440 1494; x_wconf 88' lang='lat' dir='ltr'>quia</span> <span class='ocrx_word' id='word_1_97' title='bbox 470 1426 526 1478; x_wconf 92' lang='lat' dir='ltr'>et</span> <span class='ocrx_word' id='word_1_98' title='bbox 554 1423 708 1494; x_wconf 88' lang='lat' dir='ltr'>apud</span> <span class='ocrx_word' id='word_1_99' title='bbox 733 1422 977 1478; x_wconf 85' lang='lat' dir='ltr'>Esdram</span> <span class='ocrx_word' id='word_1_100' title='bbox 1007 1421 1224 1476; x_wconf 89' lang='lat' dir='ltr'>veritas</span> <span class='ocrx_word' id='word_1_101' title='bbox 1281 1421 1482 1487; x_wconf 90' lang='lat' dir='ltr'>vincit,</span> <span class='ocrx_word' id='word_1_102' title='bbox 1516 1421 1670 1476; x_wconf 84' lang='lat' dir='ltr'>sicut</span> <span class='ocrx_word' id='word_1_103' title='bbox 1700 1421 1840 1475; x_wconf 90' lang='lat' dir='ltr'>scri-</span> 
     </span>
    </p>
   </div>
   <div class='ocr_carea' id='block_1_16' title="bbox 190 1511 1840 1584">
    <p class='ocr_par' dir='ltr' id='par_1_16' title="bbox 190 1511 1840 1584">
     <span class='ocr_line' id='line_1_16' title="bbox 190 1511 1840 1584; baseline -0.004 -17"><span class='ocrx_word' id='word_1_104' title='bbox 190 1517 346 1584; x_wconf 88' lang='lat' dir='ltr'>ptum</span> <span class='ocrx_word' id='word_1_105' title='bbox 379 1515 504 1567; x_wconf 89' lang='lat' dir='ltr'>est:</span> <span class='ocrx_word' id='word_1_106' title='bbox 541 1511 749 1566; x_wconf 80' lang='lat' dir='ltr'>Veritas</span> <span class='ocrx_word' id='word_1_107' title='bbox 769 1515 958 1567; x_wconf 89' lang='lat' dir='ltr'>manet</span> <span class='ocrx_word' id='word_1_108' title='bbox 983 1515 1038 1565; x_wconf 89' lang='lat' dir='ltr'>et</span> <span class='ocrx_word' id='word_1_109' title='bbox 1062 1511 1351 1566; x_wconf 87' lang='lat' dir='ltr'>invalescit</span> <span class='ocrx_word' id='word_1_110' title='bbox 1381 1513 1441 1565; x_wconf 85' lang='lat' dir='ltr'>in</span> <span class='ocrx_word' id='word_1_111' title='bbox 1475 1518 1768 1578; x_wconf 61' lang='lat' dir='ltr'>wternum,</span> <span class='ocrx_word' id='word_1_112' title='bbox 1786 1511 1840 1564; x_wconf 86' lang='lat' dir='ltr'>et</span> 
     </span>
    </p>
   </div>
   <div class='ocr_carea' id='block_1_17' title="bbox 190 1598 1842 1669">
    <p class='ocr_par' dir='ltr' id='par_1_17' title="bbox 190 1598 1842 1669">
     <span class='ocr_line' id='line_1_17' title="bbox 190 1598 1842 1669; baseline -0.002 -13"><span class='ocrx_word' id='word_1_113' title='bbox 190 1602 385 1656; x_wconf 78' lang='lat' dir='ltr'>vivitet</span> <span class='ocrx_word' id='word_1_114' title='bbox 413 1600 619 1654; x_wconf 90' lang='lat' dir='ltr'>obtinet</span> <span class='ocrx_word' id='word_1_115' title='bbox 640 1601 703 1654; x_wconf 77' lang='lat' dir='ltr'>in</span> <span class='ocrx_word' id='word_1_116' title='bbox 741 1601 944 1655; x_wconf 56' lang='lat' dir='ltr'>secula</span> <span class='ocrx_word' id='word_1_117' title='bbox 981 1598 1340 1656; x_wconf 73' lang='lat' dir='ltr'>saeculorum.</span> <span class='ocrx_word' id='word_1_118' title='bbox 1394 1599 1502 1654; x_wconf 89' lang='lat' dir='ltr'>Nec</span> <span class='ocrx_word' id='word_1_119' title='bbox 1565 1610 1642 1654; x_wconf 87' lang='lat' dir='ltr'>est</span> <span class='ocrx_word' id='word_1_120' title='bbox 1695 1598 1842 1669; x_wconf 84' lang='lat' dir='ltr'>apud</span> 
     </span>
    </p>
   </div>
   <div class='ocr_carea' id='block_1_18' title="bbox 193 1687 1842 1760">
    <p class='ocr_par' dir='ltr' id='par_1_18' title="bbox 193 1687 1842 1760">
     <span class='ocr_line' id='line_1_18' title="bbox 193 1687 1842 1760; baseline 0.001 -17"><span class='ocrx_word' id='word_1_121' title='bbox 193 1704 315 1744; x_wconf 87' lang='lat' dir='ltr'>eam</span> <span class='ocrx_word' id='word_1_122' title='bbox 350 1690 594 1759; x_wconf 86' lang='lat' dir='ltr'>accipere</span> <span class='ocrx_word' id='word_1_123' title='bbox 642 1704 933 1759; x_wconf 77' lang='lat' dir='ltr'>personam</span> <span class='ocrx_word' id='word_1_124' title='bbox 988 1705 1088 1744; x_wconf 82' lang='lat' dir='ltr'>nec</span> <span class='ocrx_word' id='word_1_125' title='bbox 1146 1689 1511 1760; x_wconf 70' lang='lat' dir='ltr'>differentias,</span> <span class='ocrx_word' id='word_1_126' title='bbox 1569 1687 1662 1743; x_wconf 85' lang='lat' dir='ltr'>sed</span> <span class='ocrx_word' id='word_1_127' title='bbox 1715 1702 1842 1759; x_wconf 68' lang='lat' dir='ltr'>quae</span> 
     </span>
    </p>
   </div>
   <div class='ocr_carea' id='block_1_19' title="bbox 189 1777 1842 1849">
    <p class='ocr_par' dir='ltr' id='par_1_19' title="bbox 189 1777 1842 1849">
     <span class='ocr_line' id='line_1_19' title="bbox 189 1777 1842 1849; baseline -0.001 -17"><span class='ocrx_word' id='word_1_128' title='bbox 189 1781 312 1832; x_wconf 84' lang='lat' dir='ltr'>sunt</span> <span class='ocrx_word' id='word_1_129' title='bbox 326 1779 478 1847; x_wconf 86' lang='lat' dir='ltr'>justa</span> <span class='ocrx_word' id='word_1_130' title='bbox 504 1777 660 1848; x_wconf 82' lang='lat' dir='ltr'>facit,</span> <span class='ocrx_word' id='word_1_131' title='bbox 684 1793 783 1832; x_wconf 84' lang='lat' dir='ltr'>nec</span> <span class='ocrx_word' id='word_1_132' title='bbox 811 1780 885 1834; x_wconf 85' lang='lat' dir='ltr'>est</span> <span class='ocrx_word' id='word_1_133' title='bbox 906 1779 965 1832; x_wconf 89' lang='lat' dir='ltr'>in</span> <span class='ocrx_word' id='word_1_134' title='bbox 987 1777 1200 1849; x_wconf 84' lang='lat' dir='ltr'>judicio</span> <span class='ocrx_word' id='word_1_135' title='bbox 1257 1778 1375 1848; x_wconf 85' lang='lat' dir='ltr'>ejus</span> <span class='ocrx_word' id='word_1_136' title='bbox 1424 1778 1700 1848; x_wconf 82' lang='lat' dir='ltr'>iniquum,</span> <span class='ocrx_word' id='word_1_137' title='bbox 1750 1777 1842 1831; x_wconf 86' lang='lat' dir='ltr'>sed</span> 
     </span>
    </p>
   </div>
   <div class='ocr_carea' id='block_1_20' title="bbox 188 1866 1834 1936">
    <p class='ocr_par' dir='ltr' id='par_1_20' title="bbox 188 1866 1834 1936">
     <span class='ocr_line' id='line_1_20' title="bbox 188 1866 1834 1936; baseline -0.001 -16"><span class='ocrx_word' id='word_1_138' title='bbox 188 1866 464 1936; x_wconf 80' lang='lat' dir='ltr'>fortitudo,</span> <span class='ocrx_word' id='word_1_139' title='bbox 496 1874 547 1920; x_wconf 87' lang='lat' dir='ltr'>et</span> <span class='ocrx_word' id='word_1_140' title='bbox 568 1882 796 1936; x_wconf 88' lang='lat' dir='ltr'>regnum</span> <span class='ocrx_word' id='word_1_141' title='bbox 825 1874 875 1922; x_wconf 92' lang='lat' dir='ltr'>et</span> <span class='ocrx_word' id='word_1_142' title='bbox 919 1870 1180 1936; x_wconf 70' lang='lat' dir='ltr'>maiestas</span> <span class='ocrx_word' id='word_1_143' title='bbox 1229 1873 1280 1920; x_wconf 92' lang='lat' dir='ltr'>et</span> <span class='ocrx_word' id='word_1_144' title='bbox 1302 1869 1542 1936; x_wconf 78' lang='lat' dir='ltr'>potestas</span> <span class='ocrx_word' id='word_1_145' title='bbox 1587 1867 1834 1920; x_wconf 88' lang='lat' dir='ltr'>omnium</span> 
     </span>
    </p>
   </div>
   <div class='ocr_carea' id='block_1_21' title="bbox 191 1955 1840 2026">
    <p class='ocr_par' dir='ltr' id='par_1_21' title="bbox 191 1955 1840 2026">
     <span class='ocr_line' id='line_1_21' title="bbox 191 1955 1840 2026; baseline 0.001 -17"><span class='ocrx_word' id='word_1_146' title='bbox 191 1955 534 2011; x_wconf 68' lang='lat' dir='ltr'>sarculorum.</span> <span class='ocrx_word' id='word_1_147' title='bbox 595 1956 928 2010; x_wconf 74' lang='lat' dir='ltr'>Benedictus</span> <span class='ocrx_word' id='word_1_148' title='bbox 984 1957 1246 2011; x_wconf 84' lang='lat' dir='ltr'>Dominus</span> <span class='ocrx_word' id='word_1_149' title='bbox 1293 1956 1430 2010; x_wconf 82' lang='lat' dir='ltr'>Deus</span> <span class='ocrx_word' id='word_1_150' title='bbox 1463 1956 1708 2010; x_wconf 75' lang='lat' dir='ltr'>veritatis</span> <span class='ocrx_word' id='word_1_151' title='bbox 1737 1956 1840 2026; x_wconf 88' lang='lat' dir='ltr'><strong><em>(III</em></strong></span> 
     </span>
    </p>
   </div>
   <div class='ocr_carea' id='block_1_22' title="bbox 191 2042 1834 2116">
    <p class='ocr_par' dir='ltr' id='par_1_22' title="bbox 191 2042 1834 2116">
     <span class='ocr_line' id='line_1_22' title="bbox 191 2042 1834 2116; baseline 0 -18"><span class='ocrx_word' id='word_1_152' title='bbox 191 2042 341 2098; x_wconf 82' lang='lat' dir='ltr'>Esdr.</span> <span class='ocrx_word' id='word_1_153' title='bbox 402 2060 480 2109; x_wconf 84' lang='grc' dir='ltr'>ιν,</span> <span class='ocrx_word' id='word_1_154' title='bbox 538 2045 754 2116; x_wconf 83' lang='grc'>34-40).</span> <span class='ocrx_word' id='word_1_155' title='bbox 805 2044 988 2108; x_wconf 86' lang='lat' dir='ltr'>Quam</span> <span class='ocrx_word' id='word_1_156' title='bbox 1045 2045 1348 2100; x_wconf 84' lang='lat' dir='ltr'>veritatem</span> <span class='ocrx_word' id='word_1_157' title='bbox 1406 2043 1572 2099; x_wconf 89' lang='lat' dir='ltr'>nobis</span> <span class='ocrx_word' id='word_1_158' title='bbox 1629 2044 1834 2098; x_wconf 74' lang='lat'><strong>1185</strong></span> 
     </span>
    </p>
   </div>
   <div class='ocr_carea' id='block_1_23' title="bbox 194 2131 1838 2205">
    <p class='ocr_par' dir='ltr' id='par_1_23' title="bbox 194 2131 1838 2205">
     <span class='ocr_line' id='line_1_23' title="bbox 194 2131 1838 2205; baseline 0.001 -19"><span class='ocrx_word' id='word_1_159' title='bbox 194 2131 454 2188; x_wconf 85' lang='lat' dir='ltr'>Christus</span> <span class='ocrx_word' id='word_1_160' title='bbox 475 2133 792 2189; x_wconf 88' lang='lat' dir='ltr'>ostendens</span> <span class='ocrx_word' id='word_1_161' title='bbox 812 2135 871 2187; x_wconf 89' lang='lat' dir='ltr'>in</span> <span class='ocrx_word' id='word_1_162' title='bbox 894 2133 1203 2205; x_wconf 89' lang='lat' dir='ltr'>Evangelio</span> <span class='ocrx_word' id='word_1_163' title='bbox 1225 2149 1330 2188; x_wconf 88' lang='lat' dir='ltr'>suo</span> <span class='ocrx_word' id='word_1_164' title='bbox 1362 2131 1504 2188; x_wconf 90' lang='lat' dir='ltr'>dicit</span> <span class='ocrx_word' id='word_1_165' title='bbox 1537 2149 1549 2186; x_wconf 92' lang='lat'>:</span> <span class='ocrx_word' id='word_1_166' title='bbox 1585 2137 1693 2204; x_wconf 84' lang='lat' dir='ltr'>Ego</span> <span class='ocrx_word' id='word_1_167' title='bbox 1713 2149 1838 2187; x_wconf 86' lang='lat' dir='ltr'>sum</span> 
     </span>
    </p>
   </div>
   <div class='ocr_carea' id='block_1_24' title="bbox 186 2221 1834 2293">
    <p class='ocr_par' dir='ltr' id='par_1_24' title="bbox 186 2221 1834 2293">
     <span class='ocr_line' id='line_1_24' title="bbox 186 2221 1834 2293; baseline 0.001 -17"><span class='ocrx_word' id='word_1_168' title='bbox 186 2221 390 2276; x_wconf 83' lang='lat' dir='ltr'>veritas</span> <span class='ocrx_word' id='word_1_169' title='bbox 420 2221 594 2292; x_wconf 85' lang='lat' dir='ltr'>(Joan.</span> <span class='ocrx_word' id='word_1_170' title='bbox 630 2239 744 2292; x_wconf 73' lang='lat' dir='ltr'>xxv,</span> <span class='ocrx_word' id='word_1_171' title='bbox 775 2223 852 2288; x_wconf 89' lang='lat'>6).</span> <span class='ocrx_word' id='word_1_172' title='bbox 881 2221 1120 2293; x_wconf 85' lang='lat' dir='ltr'>Propter</span> <span class='ocrx_word' id='word_1_173' title='bbox 1161 2222 1316 2293; x_wconf 91' lang='lat' dir='ltr'>quod</span> <span class='ocrx_word' id='word_1_174' title='bbox 1375 2221 1423 2277; x_wconf 89' lang='lat' dir='ltr'>si</span> <span class='ocrx_word' id='word_1_175' title='bbox 1491 2223 1548 2276; x_wconf 92' lang='lat' dir='ltr'>in</span> <span class='ocrx_word' id='word_1_176' title='bbox 1604 2221 1834 2277; x_wconf 89' lang='lat' dir='ltr'>Christo</span> 
     </span>
    </p>
   </div>
   <div class='ocr_carea' id='block_1_25' title="bbox 187 2309 1835 2375">
    <p class='ocr_par' dir='ltr' id='par_1_25' title="bbox 187 2309 1835 2375">
     <span class='ocr_line' id='line_1_25' title="bbox 187 2309 1835 2375; baseline 0 -11"><span class='ocrx_word' id='word_1_177' title='bbox 187 2325 394 2364; x_wconf 89' lang='lat' dir='ltr'>sumus</span> <span class='ocrx_word' id='word_1_178' title='bbox 425 2317 482 2364; x_wconf 88' lang='lat' dir='ltr'>et</span> <span class='ocrx_word' id='word_1_179' title='bbox 503 2309 800 2365; x_wconf 86' lang='lat' dir='ltr'>Christum</span> <span class='ocrx_word' id='word_1_180' title='bbox 823 2310 882 2364; x_wconf 92' lang='lat' dir='ltr'>in</span> <span class='ocrx_word' id='word_1_181' title='bbox 917 2310 1084 2366; x_wconf 88' lang='lat' dir='ltr'>nobis</span> <span class='ocrx_word' id='word_1_182' title='bbox 1117 2311 1428 2375; x_wconf 75' lang='lat' dir='ltr'>habemus,</span> <span class='ocrx_word' id='word_1_183' title='bbox 1454 2309 1502 2366; x_wconf 92' lang='lat' dir='ltr'>si</span> <span class='ocrx_word' id='word_1_184' title='bbox 1529 2326 1835 2364; x_wconf 89' lang='lat' dir='ltr'>manemus</span> 
     </span>
    </p>
   </div>
   <div class='ocr_carea' id='block_1_26' title="bbox 184 2397 1837 2468">
    <p class='ocr_par' dir='ltr' id='par_1_26' title="bbox 184 2397 1837 2468">
     <span class='ocr_line' id='line_1_26' title="bbox 184 2397 1837 2468; baseline -0.001 -16"><span class='ocrx_word' id='word_1_185' title='bbox 184 2397 249 2452; x_wconf 90' lang='lat' dir='ltr'>in</span> <span class='ocrx_word' id='word_1_186' title='bbox 270 2398 528 2463; x_wconf 81' lang='lat' dir='ltr'>veritate,</span> <span class='ocrx_word' id='word_1_187' title='bbox 558 2403 615 2453; x_wconf 91' lang='lat' dir='ltr'>et</span> <span class='ocrx_word' id='word_1_188' title='bbox 644 2399 860 2454; x_wconf 88' lang='lat' dir='ltr'>veritas</span> <span class='ocrx_word' id='word_1_189' title='bbox 889 2397 949 2452; x_wconf 89' lang='lat' dir='ltr'>in</span> <span class='ocrx_word' id='word_1_190' title='bbox 983 2397 1150 2454; x_wconf 90' lang='lat' dir='ltr'>nobis</span> <span class='ocrx_word' id='word_1_191' title='bbox 1170 2403 1382 2466; x_wconf 87' lang='lat' dir='ltr'>manet,</span> <span class='ocrx_word' id='word_1_192' title='bbox 1418 2415 1486 2454; x_wconf 91' lang='lat' dir='ltr'>ea</span> <span class='ocrx_word' id='word_1_193' title='bbox 1538 2414 1663 2468; x_wconf 64' lang='lat' dir='ltr'>qua:</span> <span class='ocrx_word' id='word_1_194' title='bbox 1695 2403 1837 2452; x_wconf 88' lang='lat' dir='ltr'>sunt</span> 
     </span>
    </p>
   </div>
   <div class='ocr_carea' id='block_1_27' title="bbox 181 2491 942 2542">
    <p class='ocr_par' dir='ltr' id='par_1_27' title="bbox 181 2491 942 2542">
     <span class='ocr_line' id='line_1_27' title="bbox 181 2491 942 2542; baseline 0.001 -2"><span class='ocrx_word' id='word_1_195' title='bbox 181 2502 317 2542; x_wconf 87' lang='lat' dir='ltr'>vera</span> <span class='ocrx_word' id='word_1_196' title='bbox 344 2491 402 2541; x_wconf 86' lang='lat' dir='ltr'>et</span> <span class='ocrx_word' id='word_1_197' title='bbox 431 2492 587 2542; x_wconf 88' lang='lat' dir='ltr'>recta</span> <span class='ocrx_word' id='word_1_198' title='bbox 615 2491 942 2542; x_wconf 80' lang='lat' dir='ltr'>teneamus.</span> 
     </span>
    </p>
   </div>
   <div class='ocr_carea' id='block_1_28' title="bbox 259 2573 1830 2647">
    <p class='ocr_par' dir='ltr' id='par_1_28' title="bbox 259 2573 1830 2647">
     <span class='ocr_line' id='line_1_28' title="bbox 259 2573 1830 2647; baseline 0 -19"><span class='ocrx_word' id='word_1_199' title='bbox 259 2573 320 2628; x_wconf 88' lang='lat' dir='ltr'>X.</span> <span class='ocrx_word' id='word_1_200' title='bbox 346 2575 438 2628; x_wconf 85' lang='lat' dir='ltr'>Fit</span> <span class='ocrx_word' id='word_1_201' title='bbox 464 2580 656 2631; x_wconf 89' lang='lat' dir='ltr'>autem</span> <span class='ocrx_word' id='word_1_202' title='bbox 689 2575 883 2630; x_wconf 88' lang='lat' dir='ltr'>studio</span> <span class='ocrx_word' id='word_1_203' title='bbox 917 2575 1394 2647; x_wconf 58' lang='lat' dir='ltr'>praesumptionis</span> <span class='ocrx_word' id='word_1_204' title='bbox 1442 2580 1498 2630; x_wconf 90' lang='lat' dir='ltr'>et</span> <span class='ocrx_word' id='word_1_205' title='bbox 1529 2579 1830 2630; x_wconf 83' lang='lat' dir='ltr'>contuma-</span> 
     </span>
    </p>
   </div>
   <div class='ocr_carea' id='block_1_29' title="bbox 189 2661 1829 2736">
    <p class='ocr_par' dir='ltr' id='par_1_29' title="bbox 189 2661 1829 2736">
     <span class='ocr_line' id='line_1_29' title="bbox 189 2661 1829 2736; baseline 0.001 -19"><span class='ocrx_word' id='word_1_206' title='bbox 189 2661 290 2717; x_wconf 70' lang='lat' dir='ltr'>ciae</span> <span class='ocrx_word' id='word_1_207' title='bbox 321 2668 385 2716; x_wconf 91' lang='lat' dir='ltr'>ut</span> <span class='ocrx_word' id='word_1_208' title='bbox 417 2662 548 2734; x_wconf 89' lang='lat' dir='ltr'>quis</span> <span class='ocrx_word' id='word_1_209' title='bbox 579 2664 768 2736; x_wconf 87' lang='lat' dir='ltr'>magis</span> <span class='ocrx_word' id='word_1_210' title='bbox 786 2680 892 2718; x_wconf 90' lang='lat' dir='ltr'>sua</span> <span class='ocrx_word' id='word_1_211' title='bbox 910 2669 1153 2735; x_wconf 82' lang='lat' dir='ltr'>pravast</span> <span class='ocrx_word' id='word_1_212' title='bbox 1182 2663 1331 2719; x_wconf 83' lang='lat' dir='ltr'>falsa</span> <span class='ocrx_word' id='word_1_213' title='bbox 1359 2664 1633 2719; x_wconf 85' lang='lat' dir='ltr'>defendat</span> <span class='ocrx_word' id='word_1_214' title='bbox 1651 2680 1829 2735; x_wconf 86' lang='lat' dir='ltr'>quam</span> 
     </span>
    </p>
   </div>
   <div class='ocr_carea' id='block_1_30' title="bbox 191 2750 1836 2822">
    <p class='ocr_par' dir='ltr' id='par_1_30' title="bbox 191 2750 1836 2822">
     <span class='ocr_line' id='line_1_30' title="bbox 191 2750 1836 2822; baseline -0.001 -16"><span class='ocrx_word' id='word_1_215' title='bbox 191 2751 266 2806; x_wconf 88' lang='lat' dir='ltr'>ad</span> <span class='ocrx_word' id='word_1_216' title='bbox 296 2750 534 2807; x_wconf 86' lang='lat' dir='ltr'>alterius</span> <span class='ocrx_word' id='word_1_217' title='bbox 565 2759 720 2808; x_wconf 89' lang='lat' dir='ltr'>recta</span> <span class='ocrx_word' id='word_1_218' title='bbox 741 2757 797 2806; x_wconf 90' lang='lat' dir='ltr'>et</span> <span class='ocrx_word' id='word_1_219' title='bbox 824 2769 957 2807; x_wconf 89' lang='lat' dir='ltr'>vera</span> <span class='ocrx_word' id='word_1_220' title='bbox 986 2753 1329 2808; x_wconf 83' lang='lat' dir='ltr'>consentiat.</span> <span class='ocrx_word' id='word_1_221' title='bbox 1364 2752 1464 2806; x_wconf 88' lang='lat' dir='ltr'>Cui</span> <span class='ocrx_word' id='word_1_222' title='bbox 1500 2752 1579 2806; x_wconf 87' lang='lat' dir='ltr'>rei</span> <span class='ocrx_word' id='word_1_223' title='bbox 1612 2751 1836 2822; x_wconf 89' lang='lat' dir='ltr'>prospi-</span> 
     </span>
    </p>
   </div>
   <div class='ocr_carea' id='block_1_31' title="bbox 193 2839 1834 2912">
    <p class='ocr_par' dir='ltr' id='par_1_31' title="bbox 193 2839 1834 2912">
     <span class='ocr_line' id='line_1_31' title="bbox 193 2839 1834 2912; baseline -0.001 -18"><span class='ocrx_word' id='word_1_224' title='bbox 193 2839 355 2895; x_wconf 87' lang='lat' dir='ltr'>ciens</span> <span class='ocrx_word' id='word_1_225' title='bbox 382 2841 588 2895; x_wconf 89' lang='lat' dir='ltr'>beatus</span> <span class='ocrx_word' id='word_1_226' title='bbox 611 2840 911 2912; x_wconf 87' lang='lat' dir='ltr'>apostolus</span> <span class='ocrx_word' id='word_1_227' title='bbox 933 2841 1151 2896; x_wconf 89' lang='lat' dir='ltr'>Paulus</span> <span class='ocrx_word' id='word_1_228' title='bbox 1182 2842 1250 2896; x_wconf 87' lang='lat' dir='ltr'>ad</span> <span class='ocrx_word' id='word_1_229' title='bbox 1279 2841 1650 2895; x_wconf 83' lang='lat' dir='ltr'>Timotheum</span> <span class='ocrx_word' id='word_1_230' title='bbox 1691 2840 1834 2894; x_wconf 87' lang='lat' dir='ltr'>scri-</span> 
     </span>
    </p>
   </div>
   <div class='ocr_carea' id='block_1_32' title="bbox 187 2928 1833 3000">
    <p class='ocr_par' dir='ltr' id='par_1_32' title="bbox 187 2928 1833 3000">
     <span class='ocr_line' id='line_1_32' title="bbox 187 2928 1833 3000; baseline -0.001 -17"><span class='ocrx_word' id='word_1_231' title='bbox 187 2928 279 2983; x_wconf 88' lang='lat' dir='ltr'>bit</span> <span class='ocrx_word' id='word_1_232' title='bbox 307 2933 362 2983; x_wconf 90' lang='lat' dir='ltr'>et</span> <span class='ocrx_word' id='word_1_233' title='bbox 394 2933 591 2984; x_wconf 89' lang='lat' dir='ltr'>monet</span> <span class='ocrx_word' id='word_1_234' title='bbox 618 2929 959 3000; x_wconf 90' lang='lat' dir='ltr'>episcopum</span> <span class='ocrx_word' id='word_1_235' title='bbox 1010 2946 1124 2985; x_wconf 91' lang='lat' dir='ltr'>non</span> <span class='ocrx_word' id='word_1_236' title='bbox 1167 2930 1514 3000; x_wconf 87' lang='lat' dir='ltr'>litigiosum,</span> <span class='ocrx_word' id='word_1_237' title='bbox 1559 2945 1664 2983; x_wconf 91' lang='lat' dir='ltr'>nec</span> <span class='ocrx_word' id='word_1_238' title='bbox 1699 2944 1833 2982; x_wconf 86' lang='lat' dir='ltr'>cou-</span> 
     </span>
    </p>
   </div>
   <div class='ocr_carea' id='block_1_33' title="bbox 181 3017 1838 3089">
    <p class='ocr_par' dir='ltr' id='par_1_33' title="bbox 181 3017 1838 3089">
     <span class='ocr_line' id='line_1_33' title="bbox 181 3017 1838 3089; baseline -0.001 -17"><span class='ocrx_word' id='word_1_239' title='bbox 181 3018 501 3072; x_wconf 86' lang='lat' dir='ltr'>tentiosum</span> <span class='ocrx_word' id='word_1_240' title='bbox 532 3018 632 3089; x_wconf 86' lang='grc'>(4),</span> <span class='ocrx_word' id='word_1_241' title='bbox 664 3019 764 3074; x_wconf 89' lang='lat' dir='ltr'>sed</span> <span class='ocrx_word' id='word_1_242' title='bbox 799 3019 994 3074; x_wconf 88' lang='lat' dir='ltr'>mitem</span> <span class='ocrx_word' id='word_1_243' title='bbox 1026 3022 1083 3074; x_wconf 90' lang='lat' dir='ltr'>et</span> <span class='ocrx_word' id='word_1_244' title='bbox 1120 3017 1428 3074; x_wconf 89' lang='lat' dir='ltr'>docibilem</span> <span class='ocrx_word' id='word_1_245' title='bbox 1470 3034 1597 3072; x_wconf 86' lang='lat' dir='ltr'>esse</span> <span class='ocrx_word' id='word_1_246' title='bbox 1627 3017 1838 3072; x_wconf 89' lang='lat' dir='ltr'>debere</span> 
     </span>
    </p>
   </div>
   <div class='ocr_carea' id='block_1_34' title="bbox 183 3105 1832 3178">
    <p class='ocr_par' dir='ltr' id='par_1_34' title="bbox 183 3105 1832 3178">
     <span class='ocr_line' id='line_1_34' title="bbox 183 3105 1832 3178; baseline 0 -19"><span class='ocrx_word' id='word_1_247' title='bbox 183 3106 260 3177; x_wconf 88' lang='lat' dir='ltr'>(II</span> <span class='ocrx_word' id='word_1_248' title='bbox 288 3107 417 3160; x_wconf 85' lang='lat' dir='ltr'>Tim.</span> <span class='ocrx_word' id='word_1_249' title='bbox 469 3123 531 3173; x_wconf 79' lang='grc' dir='ltr'>ιι,</span> <span class='ocrx_word' id='word_1_250' title='bbox 554 3107 664 3178; x_wconf 66' lang='grc'>24).</span> <span class='ocrx_word' id='word_1_251' title='bbox 701 3107 977 3162; x_wconf 90' lang='lat' dir='ltr'>Docibilis</span> <span class='ocrx_word' id='word_1_252' title='bbox 1009 3112 1205 3163; x_wconf 89' lang='lat' dir='ltr'>autem</span> <span class='ocrx_word' id='word_1_253' title='bbox 1236 3107 1332 3162; x_wconf 92' lang='lat' dir='ltr'>ille</span> <span class='ocrx_word' id='word_1_254' title='bbox 1364 3112 1453 3162; x_wconf 88' lang='lat' dir='ltr'>est</span> <span class='ocrx_word' id='word_1_255' title='bbox 1485 3107 1585 3178; x_wconf 89' lang='lat' dir='ltr'>qui</span> <span class='ocrx_word' id='word_1_256' title='bbox 1637 3110 1726 3161; x_wconf 87' lang='lat' dir='ltr'>est</span> <span class='ocrx_word' id='word_1_257' title='bbox 1761 3105 1832 3160; x_wconf 93' lang='lat' dir='ltr'>ad</span> 
     </span>
    </p>
   </div>
   <div class='ocr_carea' id='block_1_35' title="bbox 1941 535 3592 605">
    <p class='ocr_par' dir='ltr' id='par_1_35' title="bbox 1941 535 3592 605">
     <span class='ocr_line' id='line_1_35' title="bbox 1941 535 3592 605; baseline -0.001 -15"><span class='ocrx_word' id='word_1_258' title='bbox 1941 541 2119 605; x_wconf 91' lang='lat' dir='ltr'>atque</span> <span class='ocrx_word' id='word_1_259' title='bbox 2149 553 2352 592; x_wconf 90' lang='lat' dir='ltr'>eruere</span> <span class='ocrx_word' id='word_1_260' title='bbox 2372 537 2697 592; x_wconf 86' lang='lat' dir='ltr'>veritatem.</span> <span class='ocrx_word' id='word_1_261' title='bbox 2731 537 2876 591; x_wconf 91' lang='lat' dir='ltr'>Nam</span> <span class='ocrx_word' id='word_1_262' title='bbox 2902 537 2951 591; x_wconf 87' lang='lat' dir='ltr'>si</span> <span class='ocrx_word' id='word_1_263' title='bbox 2987 537 3058 591; x_wconf 88' lang='lat' dir='ltr'>ad</span> <span class='ocrx_word' id='word_1_264' title='bbox 3092 536 3298 591; x_wconf 68' lang='lat' dir='ltr'>divinas</span> <span class='ocrx_word' id='word_1_265' title='bbox 3329 535 3592 589; x_wconf 86' lang='lat' dir='ltr'>traditio-</span> 
     </span>
    </p>
   </div>
   <div class='ocr_carea' id='block_1_36' title="bbox 1944 623 3593 698">
    <p class='ocr_par' dir='ltr' id='par_1_36' title="bbox 1944 623 3593 698">
     <span class='ocr_line' id='line_1_36' title="bbox 1944 623 3593 698; baseline -0.001 -20"><span class='ocrx_word' id='word_1_266' title='bbox 1944 626 2035 679; x_wconf 88' lang='lat' dir='ltr'>nis</span> <span class='ocrx_word' id='word_1_267' title='bbox 2065 630 2240 697; x_wconf 87' lang='lat' dir='ltr'>caput</span> <span class='ocrx_word' id='word_1_268' title='bbox 2271 630 2326 680; x_wconf 91' lang='lat' dir='ltr'>et</span> <span class='ocrx_word' id='word_1_269' title='bbox 2358 626 2645 698; x_wconf 85' lang='lat' dir='ltr'>originem</span> <span class='ocrx_word' id='word_1_270' title='bbox 2677 630 3060 692; x_wconf 87' lang='lat' dir='ltr'>revertamur,</span> <span class='ocrx_word' id='word_1_271' title='bbox 3085 628 3274 680; x_wconf 85' lang='lat' dir='ltr'>cessat</span> <span class='ocrx_word' id='word_1_272' title='bbox 3305 641 3464 679; x_wconf 89' lang='lat' dir='ltr'>error</span> <span class='ocrx_word' id='word_1_273' title='bbox 3484 623 3593 678; x_wconf 89' lang='lat' dir='ltr'>hu-</span> 
     </span>
    </p>
   </div>
   <div class='ocr_carea' id='block_1_37' title="bbox 1943 713 3597 784">
    <p class='ocr_par' dir='ltr' id='par_1_37' title="bbox 1943 713 3597 784">
     <span class='ocr_line' id='line_1_37' title="bbox 1943 713 3597 784; baseline -0.001 -16"><span class='ocrx_word' id='word_1_274' title='bbox 1943 729 2176 782; x_wconf 89' lang='lat' dir='ltr'>manus,</span> <span class='ocrx_word' id='word_1_275' title='bbox 2210 718 2267 769; x_wconf 91' lang='lat' dir='ltr'>et</span> <span class='ocrx_word' id='word_1_276' title='bbox 2297 719 2796 769; x_wconf 86' lang='lat' dir='ltr'>sacramentorum</span> <span class='ocrx_word' id='word_1_277' title='bbox 2824 713 3145 770; x_wconf 81' lang='lat' dir='ltr'>caelestium</span> <span class='ocrx_word' id='word_1_278' title='bbox 3198 713 3423 767; x_wconf 88' lang='lat' dir='ltr'>ratione</span> <span class='ocrx_word' id='word_1_279' title='bbox 3470 729 3597 784; x_wconf 86' lang='lat' dir='ltr'>per-</span> 
     </span>
    </p>
   </div>
   <div class='ocr_carea' id='block_1_38' title="bbox 1944 801 3592 873">
    <p class='ocr_par' dir='ltr' id='par_1_38' title="bbox 1944 801 3592 873">
     <span class='ocr_line' id='line_1_38' title="bbox 1944 801 3592 873; baseline -0.002 -15"><span class='ocrx_word' id='word_1_280' title='bbox 1944 806 2165 873; x_wconf 88' lang='lat' dir='ltr'>specta,</span> <span class='ocrx_word' id='word_1_281' title='bbox 2194 801 2482 873; x_wconf 89' lang='lat' dir='ltr'>quidquid</span> <span class='ocrx_word' id='word_1_282' title='bbox 2516 803 2626 858; x_wconf 88' lang='lat' dir='ltr'>sub</span> <span class='ocrx_word' id='word_1_283' title='bbox 2650 802 2897 873; x_wconf 85' lang='lat' dir='ltr'>caligine</span> <span class='ocrx_word' id='word_1_284' title='bbox 2928 819 2994 857; x_wconf 87' lang='lat' dir='ltr'>ac</span> <span class='ocrx_word' id='word_1_285' title='bbox 3036 803 3189 857; x_wconf 91' lang='lat' dir='ltr'>nube</span> <span class='ocrx_word' id='word_1_286' title='bbox 3218 802 3592 856; x_wconf 88' lang='lat' dir='ltr'>tenebrarum</span> 
     </span>
    </p>
   </div>
   <div class='ocr_carea' id='block_1_39' title="bbox 1943 890 3591 962">
    <p class='ocr_par' dir='ltr' id='par_1_39' title="bbox 1943 890 3591 962">
     <span class='ocr_line' id='line_1_39' title="bbox 1943 890 3591 962; baseline -0.001 -16"><span class='ocrx_word' id='word_1_287' title='bbox 1943 890 2262 946; x_wconf 86' lang='lat' dir='ltr'>obscurum</span> <span class='ocrx_word' id='word_1_288' title='bbox 2297 890 2515 946; x_wconf 88' lang='lat' dir='ltr'>latebat</span> <span class='ocrx_word' id='word_1_289' title='bbox 2546 891 2603 945; x_wconf 92' lang='lat' dir='ltr'>in</span> <span class='ocrx_word' id='word_1_290' title='bbox 2652 890 2842 946; x_wconf 90' lang='lat' dir='ltr'>lucem</span> <span class='ocrx_word' id='word_1_291' title='bbox 2904 890 3169 946; x_wconf 87' lang='lat' dir='ltr'>veritatis</span> <span class='ocrx_word' id='word_1_292' title='bbox 3219 890 3500 962; x_wconf 85' lang='lat' dir='ltr'>aperitur.</span> <span class='ocrx_word' id='word_1_293' title='bbox 3534 890 3591 945; x_wconf 91' lang='lat' dir='ltr'>Si</span> 
     </span>
    </p>
   </div>
   <div class='ocr_carea' id='block_1_40' title="bbox 1943 977 3592 1050">
    <p class='ocr_par' dir='ltr' id='par_1_40' title="bbox 1943 977 3592 1050">
     <span class='ocr_line' id='line_1_40' title="bbox 1943 977 3592 1050; baseline -0.001 -17"><span class='ocrx_word' id='word_1_294' title='bbox 1943 977 2163 1034; x_wconf 84' lang='lat' dir='ltr'>canalis</span> <span class='ocrx_word' id='word_1_295' title='bbox 2195 995 2408 1050; x_wconf 90' lang='lat' dir='ltr'>aquam</span> <span class='ocrx_word' id='word_1_296' title='bbox 2439 980 2680 1044; x_wconf 88' lang='lat' dir='ltr'>ducens,</span> <span class='ocrx_word' id='word_1_297' title='bbox 2713 978 2812 1049; x_wconf 89' lang='lat' dir='ltr'>qui</span> <span class='ocrx_word' id='word_1_298' title='bbox 2867 978 3099 1050; x_wconf 90' lang='lat' dir='ltr'>copiose</span> <span class='ocrx_word' id='word_1_299' title='bbox 3129 979 3292 1050; x_wconf 90' lang='lat' dir='ltr'>prius</span> <span class='ocrx_word' id='word_1_300' title='bbox 3329 982 3388 1033; x_wconf 90' lang='lat' dir='ltr'>et</span> <span class='ocrx_word' id='word_1_301' title='bbox 3417 977 3592 1049; x_wconf 89' lang='lat' dir='ltr'>largi-</span> 
     </span>
    </p>
   </div>
   <div class='ocr_carea' id='block_1_41' title="bbox 1941 1066 3592 1138">
    <p class='ocr_par' dir='ltr' id='par_1_41' title="bbox 1941 1066 3592 1138">
     <span class='ocr_line' id='line_1_41' title="bbox 1941 1066 3592 1138; baseline 0.001 -17"><span class='ocrx_word' id='word_1_302' title='bbox 1941 1071 2031 1122; x_wconf 88' lang='lat' dir='ltr'>ter</span> <span class='ocrx_word' id='word_1_303' title='bbox 2062 1067 2403 1138; x_wconf 85' lang='lat' dir='ltr'>proﬂuebat,</span> <span class='ocrx_word' id='word_1_304' title='bbox 2460 1067 2654 1122; x_wconf 89' lang='lat' dir='ltr'>subito</span> <span class='ocrx_word' id='word_1_305' title='bbox 2704 1067 2955 1132; x_wconf 85' lang='lat' dir='ltr'>deﬁciat,</span> <span class='ocrx_word' id='word_1_306' title='bbox 2998 1083 3190 1122; x_wconf 90' lang='lat' dir='ltr'>nonne</span> <span class='ocrx_word' id='word_1_307' title='bbox 3245 1067 3316 1121; x_wconf 89' lang='lat' dir='ltr'>ad</span> <span class='ocrx_word' id='word_1_308' title='bbox 3375 1066 3592 1122; x_wconf 81' lang='lat' dir='ltr'>fontem</span> 
     </span>
    </p>
   </div>
   <div class='ocr_carea' id='block_1_42' title="bbox 1943 1154 3593 1228">
    <p class='ocr_par' dir='ltr' id='par_1_42' title="bbox 1943 1154 3593 1228">
     <span class='ocr_line' id='line_1_42' title="bbox 1943 1154 3593 1228; baseline -0.001 -17"><span class='ocrx_word' id='word_1_309' title='bbox 1943 1154 2224 1228; x_wconf 88' lang='lat' dir='ltr'>pergitur,</span> <span class='ocrx_word' id='word_1_310' title='bbox 2259 1160 2323 1210; x_wconf 90' lang='lat' dir='ltr'>ut</span> <span class='ocrx_word' id='word_1_311' title='bbox 2354 1155 2472 1210; x_wconf 88' lang='lat' dir='ltr'>illic</span> <span class='ocrx_word' id='word_1_312' title='bbox 2504 1155 2841 1211; x_wconf 87' lang='lat' dir='ltr'>defectionis</span> <span class='ocrx_word' id='word_1_313' title='bbox 2858 1155 3002 1211; x_wconf 89' lang='lat' dir='ltr'>ratio</span> <span class='ocrx_word' id='word_1_314' title='bbox 3017 1159 3593 1225; x_wconf 87' lang='lat' dir='ltr'>noscatur,utrumne</span> 
     </span>
    </p>
   </div>
   <div class='ocr_carea' id='block_1_43' title="bbox 1945 1244 3589 1315">
    <p class='ocr_par' dir='ltr' id='par_1_43' title="bbox 1945 1244 3589 1315">
     <span class='ocr_line' id='line_1_43' title="bbox 1945 1244 3589 1315; baseline -0.001 -15"><span class='ocrx_word' id='word_1_315' title='bbox 1945 1244 2346 1300; x_wconf 86' lang='lat' dir='ltr'>arescentibus</span> <span class='ocrx_word' id='word_1_316' title='bbox 2425 1246 2587 1299; x_wconf 89' lang='lat' dir='ltr'>venis</span> <span class='ocrx_word' id='word_1_317' title='bbox 2662 1244 2722 1299; x_wconf 90' lang='lat' dir='ltr'>in</span> <span class='ocrx_word' id='word_1_318' title='bbox 2798 1244 2986 1315; x_wconf 89' lang='lat' dir='ltr'>capite</span> <span class='ocrx_word' id='word_1_319' title='bbox 3050 1244 3209 1298; x_wconf 82' lang='lat' dir='ltr'>unda</span> <span class='ocrx_word' id='word_1_320' title='bbox 3265 1244 3589 1310; x_wconf 74' lang='lat' dir='ltr'>siccaverit,</span> 
     </span>
    </p>
   </div>
   <div class='ocr_carea' id='block_1_44' title="bbox 1946 1331 3591 1406">
    <p class='ocr_par' dir='ltr' id='par_1_44' title="bbox 1946 1331 3591 1406">
     <span class='ocr_line' id='line_1_44' title="bbox 1946 1331 3591 1406; baseline -0.001 -18"><span class='ocrx_word' id='word_1_321' title='bbox 1946 1349 2019 1388; x_wconf 88' lang='lat' dir='ltr'>an</span> <span class='ocrx_word' id='word_1_322' title='bbox 2040 1349 2174 1387; x_wconf 88' lang='lat' dir='ltr'>vero</span> <span class='ocrx_word' id='word_1_323' title='bbox 2202 1332 2432 1405; x_wconf 90' lang='lat' dir='ltr'>integra</span> <span class='ocrx_word' id='word_1_324' title='bbox 2462 1334 2598 1388; x_wconf 89' lang='lat' dir='ltr'>inde</span> <span class='ocrx_word' id='word_1_325' title='bbox 2636 1338 2694 1388; x_wconf 94' lang='lat' dir='ltr'>et</span> <span class='ocrx_word' id='word_1_326' title='bbox 2726 1333 2896 1406; x_wconf 90' lang='lat' dir='ltr'>plena</span> <span class='ocrx_word' id='word_1_327' title='bbox 2926 1349 3272 1404; x_wconf 87' lang='lat' dir='ltr'>procurrens</span> <span class='ocrx_word' id='word_1_328' title='bbox 3303 1331 3365 1386; x_wconf 90' lang='lat' dir='ltr'>in</span> <span class='ocrx_word' id='word_1_329' title='bbox 3398 1333 3591 1387; x_wconf 90' lang='lat' dir='ltr'>medio</span> 
     </span>
    </p>
   </div>
   <div class='ocr_carea' id='block_1_45' title="bbox 1944 1420 3595 1492">
    <p class='ocr_par' dir='ltr' id='par_1_45' title="bbox 1944 1420 3595 1492">
     <span class='ocr_line' id='line_1_45' title="bbox 1944 1420 3595 1492; baseline -0.001 -17"><span class='ocrx_word' id='word_1_330' title='bbox 1944 1420 2151 1476; x_wconf 88' lang='lat' dir='ltr'>itinere</span> <span class='ocrx_word' id='word_1_331' title='bbox 2180 1421 2465 1476; x_wconf 88' lang='lat' dir='ltr'>destiterit</span> <span class='ocrx_word' id='word_1_332' title='bbox 2497 1441 2511 1490; x_wconf 71' lang='grc' dir='ltr'>ς</span> <span class='ocrx_word' id='word_1_333' title='bbox 2547 1427 2611 1476; x_wconf 89' lang='lat' dir='ltr'>ut</span> <span class='ocrx_word' id='word_1_334' title='bbox 2643 1422 2690 1476; x_wconf 91' lang='lat' dir='ltr'>si</span> <span class='ocrx_word' id='word_1_335' title='bbox 2740 1421 2877 1476; x_wconf 91' lang='lat' dir='ltr'>vitio</span> <span class='ocrx_word' id='word_1_336' title='bbox 2907 1421 3221 1492; x_wconf 88' lang='lat' dir='ltr'>interrupti</span> <span class='ocrx_word' id='word_1_337' title='bbox 3280 1425 3378 1474; x_wconf 88' lang='lat' dir='ltr'>aut</span> <span class='ocrx_word' id='word_1_338' title='bbox 3411 1420 3595 1475; x_wconf 89' lang='lat' dir='ltr'>bibuli</span> 
     </span>
    </p>
   </div>
   <div class='ocr_carea' id='block_1_46' title="bbox 1947 1508 3595 1582">
    <p class='ocr_par' dir='ltr' id='par_1_46' title="bbox 1947 1508 3595 1582">
     <span class='ocr_line' id='line_1_46' title="bbox 1947 1508 3595 1582; baseline 0 -18"><span class='ocrx_word' id='word_1_339' title='bbox 1947 1508 2170 1564; x_wconf 87' lang='lat' dir='ltr'>canalis</span> <span class='ocrx_word' id='word_1_340' title='bbox 2199 1509 2278 1582; x_wconf 89' lang='lat'>(6)</span> <span class='ocrx_word' id='word_1_341' title='bbox 2305 1509 2574 1565; x_wconf 75' lang='lat' dir='ltr'>effectum</span> <span class='ocrx_word' id='word_1_342' title='bbox 2595 1515 2702 1576; x_wconf 88' lang='lat' dir='ltr'>est,</span> <span class='ocrx_word' id='word_1_343' title='bbox 2757 1526 2870 1580; x_wconf 92' lang='lat' dir='ltr'>quo</span> <span class='ocrx_word' id='word_1_344' title='bbox 2903 1509 3101 1564; x_wconf 90' lang='lat' dir='ltr'>minus</span> <span class='ocrx_word' id='word_1_345' title='bbox 3133 1526 3286 1579; x_wconf 86' lang='lat' dir='ltr'>aqua</span> <span class='ocrx_word' id='word_1_346' title='bbox 3315 1509 3595 1564; x_wconf 85' lang='lat' dir='ltr'>continua</span> 
     </span>
    </p>
   </div>
   <div class='ocr_carea' id='block_1_47' title="bbox 1949 1597 3592 1670">
    <p class='ocr_par' dir='ltr' id='par_1_47' title="bbox 1949 1597 3592 1670">
     <span class='ocr_line' id='line_1_47' title="bbox 1949 1597 3592 1670; baseline -0.002 -17"><span class='ocrx_word' id='word_1_347' title='bbox 1949 1604 2386 1670; x_wconf 88' lang='lat' dir='ltr'>perseveranter</span> <span class='ocrx_word' id='word_1_348' title='bbox 2417 1615 2484 1653; x_wconf 91' lang='lat' dir='ltr'>ac</span> <span class='ocrx_word' id='word_1_349' title='bbox 2505 1599 2726 1670; x_wconf 87' lang='lat' dir='ltr'>jugiler</span> <span class='ocrx_word' id='word_1_350' title='bbox 2757 1599 2983 1664; x_wconf 86' lang='lat' dir='ltr'>ﬂueret,</span> <span class='ocrx_word' id='word_1_351' title='bbox 3035 1597 3243 1652; x_wconf 80' lang='lat' dir='ltr'>refecto</span> <span class='ocrx_word' id='word_1_352' title='bbox 3287 1601 3343 1651; x_wconf 91' lang='lat' dir='ltr'>et</span> <span class='ocrx_word' id='word_1_353' title='bbox 3379 1597 3592 1651; x_wconf 81' lang='lat' dir='ltr'>conﬁr-</span> 
     </span>
    </p>
   </div>
   <div class='ocr_carea' id='block_1_48' title="bbox 1950 1685 3595 1758">
    <p class='ocr_par' dir='ltr' id='par_1_48' title="bbox 1950 1685 3595 1758">
     <span class='ocr_line' id='line_1_48' title="bbox 1950 1685 3595 1758; baseline -0.001 -18"><span class='ocrx_word' id='word_1_354' title='bbox 1950 1690 2106 1741; x_wconf 91' lang='lat' dir='ltr'>mato</span> <span class='ocrx_word' id='word_1_355' title='bbox 2128 1685 2313 1741; x_wconf 89' lang='lat' dir='ltr'>canali</span> <span class='ocrx_word' id='word_1_356' title='bbox 2342 1687 2412 1741; x_wconf 91' lang='lat' dir='ltr'>ad</span> <span class='ocrx_word' id='word_1_357' title='bbox 2441 1704 2614 1742; x_wconf 88' lang='lat' dir='ltr'>usum</span> <span class='ocrx_word' id='word_1_358' title='bbox 2637 1691 2806 1758; x_wconf 92' lang='lat' dir='ltr'>atque</span> <span class='ocrx_word' id='word_1_359' title='bbox 2827 1688 2899 1742; x_wconf 86' lang='lat' dir='ltr'>ad</span> <span class='ocrx_word' id='word_1_360' title='bbox 2931 1691 3131 1758; x_wconf 90' lang='lat' dir='ltr'>potum</span> <span class='ocrx_word' id='word_1_361' title='bbox 3157 1685 3409 1740; x_wconf 84' lang='lat' dir='ltr'>civitatis</span> <span class='ocrx_word' id='word_1_362' title='bbox 3439 1701 3595 1757; x_wconf 86' lang='lat' dir='ltr'>aqua</span> 
     </span>
    </p>
   </div>
   <div class='ocr_carea' id='block_1_49' title="bbox 1951 1772 3594 1848">
    <p class='ocr_par' dir='ltr' id='par_1_49' title="bbox 1951 1772 3594 1848">
     <span class='ocr_line' id='line_1_49' title="bbox 1951 1772 3594 1848; baseline 0 -20"><span class='ocrx_word' id='word_1_363' title='bbox 1951 1772 2192 1829; x_wconf 88' lang='lat' dir='ltr'>collecta</span> <span class='ocrx_word' id='word_1_364' title='bbox 2214 1775 2415 1830; x_wconf 90' lang='lat' dir='ltr'>eadem</span> <span class='ocrx_word' id='word_1_365' title='bbox 2450 1776 2710 1832; x_wconf 89' lang='lat' dir='ltr'>ubertate</span> <span class='ocrx_word' id='word_1_366' title='bbox 2736 1780 2911 1848; x_wconf 89' lang='lat' dir='ltr'>atque</span> <span class='ocrx_word' id='word_1_367' title='bbox 2931 1774 3260 1846; x_wconf 83' lang='lat' dir='ltr'>integritate</span> <span class='ocrx_word' id='word_1_368' title='bbox 3283 1790 3594 1845; x_wconf 68' lang='lat' dir='ltr'>repraesen-</span> 
     </span>
    </p>
   </div>
   <div class='ocr_carea' id='block_1_50' title="bbox 1945 1862 3594 1936">
    <p class='ocr_par' dir='ltr' id='par_1_50' title="bbox 1945 1862 3594 1936">
     <span class='ocr_line' id='line_1_50' title="bbox 1945 1862 3594 1936; baseline -0.001 -18"><span class='ocrx_word' id='word_1_369' title='bbox 1945 1866 2098 1918; x_wconf 90' lang='lat' dir='ltr'>tetur</span> <span class='ocrx_word' id='word_1_370' title='bbox 2126 1879 2242 1934; x_wconf 91' lang='lat' dir='ltr'>qua</span> <span class='ocrx_word' id='word_1_371' title='bbox 2270 1865 2339 1918; x_wconf 92' lang='lat' dir='ltr'>de</span> <span class='ocrx_word' id='word_1_372' title='bbox 2371 1865 2527 1919; x_wconf 79' lang='lat' dir='ltr'>fonte</span> <span class='ocrx_word' id='word_1_373' title='bbox 2548 1864 3122 1936; x_wconf 84' lang='lat' dir='ltr'>proﬁciscitur.Quod</span> <span class='ocrx_word' id='word_1_374' title='bbox 3138 1867 3194 1918; x_wconf 93' lang='lat' dir='ltr'>et</span> <span class='ocrx_word' id='word_1_375' title='bbox 3223 1879 3380 1917; x_wconf 91' lang='lat' dir='ltr'>nunc</span> <span class='ocrx_word' id='word_1_376' title='bbox 3408 1862 3594 1917; x_wconf 83' lang='lat' dir='ltr'>facere</span> 
     </span>
    </p>
   </div>
   <div class='ocr_carea' id='block_1_51' title="bbox 1945 1951 3596 2025">
    <p class='ocr_par' dir='ltr' id='par_1_51' title="bbox 1945 1951 3596 2025">
     <span class='ocr_line' id='line_1_51' title="bbox 1945 1951 3596 2025; baseline 0 -19"><span class='ocrx_word' id='word_1_377' title='bbox 1945 1956 2178 2023; x_wconf 84' lang='lat' dir='ltr'>oportet</span> <span class='ocrx_word' id='word_1_378' title='bbox 2205 1952 2306 2007; x_wconf 90' lang='lat' dir='ltr'>Dei</span> <span class='ocrx_word' id='word_1_379' title='bbox 2338 1953 2667 2010; x_wconf 90' lang='lat' dir='ltr'>sacerdotes</span> <span class='ocrx_word' id='word_1_380' title='bbox 2698 1957 2982 2025; x_wconf 63' lang='lat' dir='ltr'>praecepta</span> <span class='ocrx_word' id='word_1_381' title='bbox 3000 1951 3195 2006; x_wconf 91' lang='lat' dir='ltr'>divina</span> <span class='ocrx_word' id='word_1_382' title='bbox 3215 1955 3596 2017; x_wconf 88' lang='lat' dir='ltr'>servantes,et</span> 
     </span>
    </p>
   </div>
   <div class='ocr_carea' id='block_1_52' title="bbox 1945 2041 3592 2111">
    <p class='ocr_par' dir='ltr' id='par_1_52' title="bbox 1945 2041 3592 2111">
     <span class='ocr_line' id='line_1_52' title="bbox 1945 2041 3592 2111; baseline -0.002 -13"><span class='ocrx_word' id='word_1_383' title='bbox 1945 2041 2086 2098; x_wconf 88' lang='lat' dir='ltr'>siin</span> <span class='ocrx_word' id='word_1_384' title='bbox 2117 2041 2311 2110; x_wconf 89' lang='lat' dir='ltr'>aliquo</span> <span class='ocrx_word' id='word_1_385' title='bbox 2363 2043 2653 2098; x_wconf 87' lang='lat' dir='ltr'>nutaverit</span> <span class='ocrx_word' id='word_1_386' title='bbox 2701 2048 2757 2098; x_wconf 89' lang='lat' dir='ltr'>et</span> <span class='ocrx_word' id='word_1_387' title='bbox 2807 2041 3160 2097; x_wconf 85' lang='lat' dir='ltr'>vacillaverit</span> <span class='ocrx_word' id='word_1_388' title='bbox 3211 2041 3444 2111; x_wconf 88' lang='lat' dir='ltr'>veritas,</span> <span class='ocrx_word' id='word_1_389' title='bbox 3523 2041 3592 2095; x_wconf 87' lang='lat' dir='ltr'>ad</span> 
     </span>
    </p>
   </div>
   <div class='ocr_carea' id='block_1_53' title="bbox 1945 2129 3596 2202">
    <p class='ocr_par' dir='ltr' id='par_1_53' title="bbox 1945 2129 3596 2202">
     <span class='ocr_line' id='line_1_53' title="bbox 1945 2129 3596 2202; baseline 0.001 -18"><span class='ocrx_word' id='word_1_390' title='bbox 1945 2129 2227 2201; x_wconf 81' lang='lat' dir='ltr'>originem</span> <span class='ocrx_word' id='word_1_391' title='bbox 2250 2131 2611 2187; x_wconf 89' lang='lat' dir='ltr'>Dominicam</span> <span class='ocrx_word' id='word_1_392' title='bbox 2625 2137 2681 2187; x_wconf 92' lang='lat' dir='ltr'>et</span> <span class='ocrx_word' id='word_1_393' title='bbox 2693 2133 2764 2187; x_wconf 90' lang='lat' dir='ltr'>ad</span> <span class='ocrx_word' id='word_1_394' title='bbox 2783 2134 2823 2186; x_wconf 97' lang='grc'>1</span> <span class='ocrx_word' id='word_1_395' title='bbox 2836 2135 2877 2186; x_wconf 96' lang='grc'>1</span> <span class='ocrx_word' id='word_1_396' title='bbox 2889 2133 2990 2186; x_wconf 78' lang='lat'>86</span> <span class='ocrx_word' id='word_1_397' title='bbox 3010 2130 3403 2202; x_wconf 78' lang='lat' dir='ltr'>evangelicum</span> <span class='ocrx_word' id='word_1_398' title='bbox 3420 2135 3596 2202; x_wconf 90' lang='lat' dir='ltr'>atque</span> 
     </span>
    </p>
   </div>
   <div class='ocr_carea' id='block_1_54' title="bbox 1947 2218 3597 2289">
    <p class='ocr_par' dir='ltr' id='par_1_54' title="bbox 1947 2218 3597 2289">
     <span class='ocr_line' id='line_1_54' title="bbox 1947 2218 3597 2289; baseline 0 -17"><span class='ocrx_word' id='word_1_399' title='bbox 1947 2218 2329 2289; x_wconf 88' lang='lat' dir='ltr'>apostolicam</span> <span class='ocrx_word' id='word_1_400' title='bbox 2362 2219 2739 2274; x_wconf 89' lang='lat' dir='ltr'>traditionem</span> <span class='ocrx_word' id='word_1_401' title='bbox 2772 2225 3152 2289; x_wconf 86' lang='lat' dir='ltr'>revertamur,</span> <span class='ocrx_word' id='word_1_402' title='bbox 3171 2219 3372 2274; x_wconf 87' lang='lat' dir='ltr'>etinde</span> <span class='ocrx_word' id='word_1_403' title='bbox 3393 2224 3597 2289; x_wconf 89' lang='lat' dir='ltr'>surgat</span> 
     </span>
    </p>
   </div>
   <div class='ocr_carea' id='block_1_55' title="bbox 1946 2307 3598 2378">
    <p class='ocr_par' dir='ltr' id='par_1_55' title="bbox 1946 2307 3598 2378">
     <span class='ocr_line' id='line_1_55' title="bbox 1946 2307 3598 2378; baseline 0.001 -18"><span class='ocrx_word' id='word_1_404' title='bbox 1946 2311 2110 2361; x_wconf 90' lang='lat' dir='ltr'>actus</span> <span class='ocrx_word' id='word_1_405' title='bbox 2145 2308 2332 2362; x_wconf 89' lang='lat' dir='ltr'>nostri</span> <span class='ocrx_word' id='word_1_406' title='bbox 2364 2308 2532 2374; x_wconf 88' lang='lat' dir='ltr'>ratio,</span> <span class='ocrx_word' id='word_1_407' title='bbox 2558 2309 2712 2362; x_wconf 89' lang='lat' dir='ltr'>unde</span> <span class='ocrx_word' id='word_1_408' title='bbox 2743 2312 2800 2363; x_wconf 92' lang='lat' dir='ltr'>et</span> <span class='ocrx_word' id='word_1_409' title='bbox 2844 2309 2984 2363; x_wconf 92' lang='lat' dir='ltr'>ordo</span> <span class='ocrx_word' id='word_1_410' title='bbox 3015 2313 3072 2362; x_wconf 91' lang='lat' dir='ltr'>et</span> <span class='ocrx_word' id='word_1_411' title='bbox 3127 2307 3288 2378; x_wconf 87' lang='lat' dir='ltr'>origo</span> <span class='ocrx_word' id='word_1_412' title='bbox 3345 2307 3598 2362; x_wconf 84' lang='lat' dir='ltr'>surrexit</span> 
     </span>
    </p>
   </div>
   <div class='ocr_carea' id='block_1_56' title="bbox 2015 2394 3593 2468">
    <p class='ocr_par' dir='ltr' id='par_1_56' title="bbox 2015 2394 3593 2468">
     <span class='ocr_line' id='line_1_56' title="bbox 2015 2394 3593 2468; baseline 0 -19"><span class='ocrx_word' id='word_1_413' title='bbox 2015 2394 2083 2450; x_wconf 82' lang='lat' dir='ltr'><strong>XI</strong></span> <span class='ocrx_word' id='word_1_414' title='bbox 2113 2395 2420 2451; x_wconf 86' lang='lat' dir='ltr'>Traditum</span> <span class='ocrx_word' id='word_1_415' title='bbox 2452 2401 2541 2451; x_wconf 90' lang='lat' dir='ltr'>est</span> <span class='ocrx_word' id='word_1_416' title='bbox 2572 2397 2727 2451; x_wconf 91' lang='lat' dir='ltr'>enim</span> <span class='ocrx_word' id='word_1_417' title='bbox 2762 2397 2930 2452; x_wconf 91' lang='lat' dir='ltr'>nobis</span> <span class='ocrx_word' id='word_1_418' title='bbox 2961 2396 3117 2468; x_wconf 92' lang='lat' dir='ltr'>quod</span> <span class='ocrx_word' id='word_1_419' title='bbox 3141 2397 3217 2449; x_wconf 77' lang='lat' dir='ltr'>sit</span> <span class='ocrx_word' id='word_1_420' title='bbox 3239 2411 3393 2449; x_wconf 90' lang='lat' dir='ltr'>unus</span> <span class='ocrx_word' id='word_1_421' title='bbox 3418 2395 3593 2461; x_wconf 88' lang='lat' dir='ltr'>Deus,</span> 
     </span>
    </p>
   </div>
   <div class='ocr_carea' id='block_1_57' title="bbox 1946 2483 3592 2556">
    <p class='ocr_par' dir='ltr' id='par_1_57' title="bbox 1946 2483 3592 2556">
     <span class='ocr_line' id='line_1_57' title="bbox 1946 2483 3592 2556; baseline 0 -18"><span class='ocrx_word' id='word_1_422' title='bbox 1946 2487 2003 2538; x_wconf 92' lang='lat' dir='ltr'>et</span> <span class='ocrx_word' id='word_1_423' title='bbox 2033 2483 2304 2539; x_wconf 89' lang='lat' dir='ltr'>Christus</span> <span class='ocrx_word' id='word_1_424' title='bbox 2338 2501 2513 2552; x_wconf 87' lang='lat' dir='ltr'>unus,</span> <span class='ocrx_word' id='word_1_425' title='bbox 2537 2489 2594 2540; x_wconf 91' lang='lat' dir='ltr'>et</span> <span class='ocrx_word' id='word_1_426' title='bbox 2624 2502 2742 2539; x_wconf 90' lang='lat' dir='ltr'>una</span> <span class='ocrx_word' id='word_1_427' title='bbox 2771 2502 2926 2556; x_wconf 92' lang='lat' dir='ltr'>spes,</span> <span class='ocrx_word' id='word_1_428' title='bbox 2963 2490 3022 2539; x_wconf 93' lang='lat' dir='ltr'>et</span> <span class='ocrx_word' id='word_1_429' title='bbox 3053 2484 3196 2539; x_wconf 86' lang='lat' dir='ltr'>ﬁdes</span> <span class='ocrx_word' id='word_1_430' title='bbox 3227 2501 3346 2538; x_wconf 82' lang='lat' dir='ltr'>una</span> <span class='ocrx_word' id='word_1_431' title='bbox 3373 2484 3592 2554; x_wconf 86' lang='lat' dir='ltr'>(Ephes.</span> 
     </span>
    </p>
   </div>
   <div class='ocr_carea' id='block_1_58' title="bbox 1946 2570 3598 2643">
    <p class='ocr_par' dir='ltr' id='par_1_58' title="bbox 1946 2570 3598 2643">
     <span class='ocr_line' id='line_1_58' title="bbox 1946 2570 3598 2643; baseline 0.001 -21"><span class='ocrx_word' id='word_1_432' title='bbox 1946 2586 2023 2636; x_wconf 85' lang='lat' dir='ltr'>1v,</span> <span class='ocrx_word' id='word_1_433' title='bbox 2055 2570 2135 2642; x_wconf 86' lang='lat'>5),</span> <span class='ocrx_word' id='word_1_434' title='bbox 2165 2577 2218 2626; x_wconf 90' lang='lat' dir='ltr'>et</span> <span class='ocrx_word' id='word_1_435' title='bbox 2252 2589 2370 2626; x_wconf 90' lang='lat' dir='ltr'>una</span> <span class='ocrx_word' id='word_1_436' title='bbox 2400 2573 2676 2640; x_wconf 86' lang='lat' dir='ltr'>Ecclesia,</span> <span class='ocrx_word' id='word_1_437' title='bbox 2709 2579 2766 2629; x_wconf 85' lang='lat' dir='ltr'>et</span> <span class='ocrx_word' id='word_1_438' title='bbox 2788 2572 3082 2643; x_wconf 88' lang='lat' dir='ltr'>baptisma</span> <span class='ocrx_word' id='word_1_439' title='bbox 3114 2589 3298 2626; x_wconf 89' lang='lat' dir='ltr'>unum</span> <span class='ocrx_word' id='word_1_440' title='bbox 3336 2587 3450 2625; x_wconf 89' lang='lat' dir='ltr'>non</span> <span class='ocrx_word' id='word_1_441' title='bbox 3484 2571 3598 2625; x_wconf 87' lang='lat' dir='ltr'>nisi</span> 
     </span>
    </p>
   </div>
   <div class='ocr_carea' id='block_1_59' title="bbox 1944 2659 3598 2732">
    <p class='ocr_par' dir='ltr' id='par_1_59' title="bbox 1944 2659 3598 2732">
     <span class='ocr_line' id='line_1_59' title="bbox 1944 2659 3598 2732; baseline 0.001 -19"><span class='ocrx_word' id='word_1_442' title='bbox 1944 2659 2003 2713; x_wconf 93' lang='lat' dir='ltr'>in</span> <span class='ocrx_word' id='word_1_443' title='bbox 2039 2677 2152 2714; x_wconf 89' lang='lat' dir='ltr'>una</span> <span class='ocrx_word' id='word_1_444' title='bbox 2171 2660 2430 2716; x_wconf 87' lang='lat' dir='ltr'>Ecclesia</span> <span class='ocrx_word' id='word_1_445' title='bbox 2444 2663 2829 2716; x_wconf 88' lang='lat' dir='ltr'>constitutum</span> <span class='ocrx_word' id='word_1_446' title='bbox 2867 2679 2880 2728; x_wconf 87' lang='lat'><strong>;</strong></span> <span class='ocrx_word' id='word_1_447' title='bbox 2905 2679 2939 2716; x_wconf 88' lang='lat' dir='ltr'>a</span> <span class='ocrx_word' id='word_1_448' title='bbox 2957 2679 3071 2732; x_wconf 90' lang='lat' dir='ltr'>qua</span> <span class='ocrx_word' id='word_1_449' title='bbox 3088 2661 3311 2714; x_wconf 89' lang='lat' dir='ltr'>unitate</span> <span class='ocrx_word' id='word_1_450' title='bbox 3332 2660 3598 2730; x_wconf 86' lang='lat' dir='ltr'>quisquis</span> 
     </span>
    </p>
   </div>
   <div class='ocr_carea' id='block_1_60' title="bbox 1945 2747 3591 2816">
    <p class='ocr_par' dir='ltr' id='par_1_60' title="bbox 1945 2747 3591 2816">
     <span class='ocr_line' id='line_1_60' title="bbox 1945 2747 3591 2816; baseline 0 -15"><span class='ocrx_word' id='word_1_451' title='bbox 1945 2747 2304 2816; x_wconf 89' lang='lat' dir='ltr'>discesserit,</span> <span class='ocrx_word' id='word_1_452' title='bbox 2337 2765 2470 2804; x_wconf 90' lang='lat' dir='ltr'>cum</span> <span class='ocrx_word' id='word_1_453' title='bbox 2506 2750 2791 2804; x_wconf 66' lang='lat' dir='ltr'>haereticis</span> <span class='ocrx_word' id='word_1_454' title='bbox 2835 2765 3070 2804; x_wconf 90' lang='lat' dir='ltr'>necesse</span> <span class='ocrx_word' id='word_1_455' title='bbox 3101 2753 3189 2804; x_wconf 91' lang='lat' dir='ltr'>est</span> <span class='ocrx_word' id='word_1_456' title='bbox 3218 2747 3548 2803; x_wconf 87' lang='lat' dir='ltr'>inveniatur</span> <span class='ocrx_word' id='word_1_457' title='bbox 3579 2765 3591 2801; x_wconf 94' lang='lat'>:</span> 
     </span>
    </p>
   </div>
   <div class='ocr_carea' id='block_1_61' title="bbox 1945 2837 3594 2907">
    <p class='ocr_par' dir='ltr' id='par_1_61' title="bbox 1945 2837 3594 2907">
     <span class='ocr_line' id='line_1_61' title="bbox 1945 2837 3594 2907; baseline 0 -17"><span class='ocrx_word' id='word_1_458' title='bbox 1945 2852 2094 2906; x_wconf 84' lang='lat' dir='ltr'>quos</span> <span class='ocrx_word' id='word_1_459' title='bbox 2117 2837 2256 2892; x_wconf 90' lang='lat' dir='ltr'>dum</span> <span class='ocrx_word' id='word_1_460' title='bbox 2283 2843 2486 2892; x_wconf 87' lang='lat' dir='ltr'>contra</span> <span class='ocrx_word' id='word_1_461' title='bbox 2516 2839 2828 2893; x_wconf 88' lang='lat' dir='ltr'>Ecclesiam</span> <span class='ocrx_word' id='word_1_462' title='bbox 2850 2838 3126 2907; x_wconf 86' lang='lat' dir='ltr'>vindicat,</span> <span class='ocrx_word' id='word_1_463' title='bbox 3159 2840 3594 2892; x_wconf 88' lang='lat' dir='ltr'>sacramentum</span> 
     </span>
    </p>
   </div>
   <div class='ocr_carea' id='block_1_62' title="bbox 1945 2923 3597 2998">
    <p class='ocr_par' dir='ltr' id='par_1_62' title="bbox 1945 2923 3597 2998">
     <span class='ocr_line' id='line_1_62' title="bbox 1945 2923 3597 2998; baseline 0 -20"><span class='ocrx_word' id='word_1_464' title='bbox 1945 2923 2154 2979; x_wconf 67' lang='lat' dir='ltr'>divinas</span> <span class='ocrx_word' id='word_1_465' title='bbox 2185 2926 2514 2980; x_wconf 88' lang='lat' dir='ltr'>traditionis</span> <span class='ocrx_word' id='word_1_466' title='bbox 2547 2927 2871 2998; x_wconf 85' lang='lat' dir='ltr'>impugnat.</span> <span class='ocrx_word' id='word_1_467' title='bbox 2913 2926 3095 2996; x_wconf 86' lang='lat' dir='ltr'>Cujus</span> <span class='ocrx_word' id='word_1_468' title='bbox 3128 2924 3369 2980; x_wconf 89' lang='lat' dir='ltr'>unitatis</span> <span class='ocrx_word' id='word_1_469' title='bbox 3401 2940 3597 2979; x_wconf 90' lang='lat' dir='ltr'>sacra-</span> 
     </span>
    </p>
   </div>
   <div class='ocr_carea' id='block_1_63' title="bbox 1943 3013 3594 3086">
    <p class='ocr_par' dir='ltr' id='par_1_63' title="bbox 1943 3013 3594 3086">
     <span class='ocr_line' id='line_1_63' title="bbox 1943 3013 3594 3086; baseline 0 -20"><span class='ocrx_word' id='word_1_470' title='bbox 1943 3018 2206 3068; x_wconf 88' lang='lat' dir='ltr'>mentum</span> <span class='ocrx_word' id='word_1_471' title='bbox 2237 3031 2578 3086; x_wconf 86' lang='lat' dir='ltr'>expressum</span> <span class='ocrx_word' id='word_1_472' title='bbox 2612 3017 2879 3070; x_wconf 90' lang='lat' dir='ltr'>videmus</span> <span class='ocrx_word' id='word_1_473' title='bbox 2901 3015 3078 3070; x_wconf 89' lang='lat' dir='ltr'>etiam</span> <span class='ocrx_word' id='word_1_474' title='bbox 3100 3015 3159 3068; x_wconf 91' lang='lat' dir='ltr'>in</span> <span class='ocrx_word' id='word_1_475' title='bbox 3193 3013 3426 3068; x_wconf 90' lang='lat' dir='ltr'>Cantico</span> <span class='ocrx_word' id='word_1_476' title='bbox 3459 3029 3594 3067; x_wconf 83' lang='lat' dir='ltr'>can-</span> 
     </span>
    </p>
   </div>
   <div class='ocr_carea' id='block_1_64' title="bbox 1945 3099 3598 3175">
    <p class='ocr_par' dir='ltr' id='par_1_64' title="bbox 1945 3099 3598 3175">
     <span class='ocr_line' id='line_1_64' title="bbox 1945 3099 3598 3175; baseline 0.001 -20"><span class='ocrx_word' id='word_1_477' title='bbox 1945 3099 2194 3156; x_wconf 84' lang='lat' dir='ltr'>ticorum</span> <span class='ocrx_word' id='word_1_478' title='bbox 2223 3119 2290 3156; x_wconf 85' lang='lat' dir='ltr'>ex</span> <span class='ocrx_word' id='word_1_479' title='bbox 2321 3120 2568 3175; x_wconf 89' lang='lat' dir='ltr'>persona</span> <span class='ocrx_word' id='word_1_480' title='bbox 2589 3104 2798 3158; x_wconf 87' lang='lat' dir='ltr'>Christi</span> <span class='ocrx_word' id='word_1_481' title='bbox 2827 3103 3072 3158; x_wconf 85' lang='lat' dir='ltr'>dicentis</span> <span class='ocrx_word' id='word_1_482' title='bbox 3108 3119 3119 3156; x_wconf 90' lang='lat'><strong>:</strong></span> <span class='ocrx_word' id='word_1_483' title='bbox 3154 3104 3358 3157; x_wconf 80' lang='lat' dir='ltr'>Hortus</span> <span class='ocrx_word' id='word_1_484' title='bbox 3381 3103 3598 3157; x_wconf 87' lang='lat' dir='ltr'>conclu-</span> 
     </span>
    </p>
   </div>
   <div class='ocr_carea' id='block_1_65' title="bbox 187 3176 3600 3268">
    <p class='ocr_par' dir='ltr' id='par_1_65' title="bbox 187 3176 3600 3268">
     <span class='ocr_line' id='line_1_65' title="bbox 187 3176 3600 3268; baseline -0.001 -19"><span class='ocrx_word' id='word_1_485' title='bbox 187 3176 418 3250; x_wconf 86' lang='lat' dir='ltr'>dicendi</span> <span class='ocrx_word' id='word_1_486' title='bbox 453 3176 795 3267; x_wconf 88' lang='lat' dir='ltr'>patientiam</span> <span class='ocrx_word' id='word_1_487' title='bbox 836 3195 987 3251; x_wconf 90' lang='lat' dir='ltr'>lenis</span> <span class='ocrx_word' id='word_1_488' title='bbox 1044 3202 1100 3252; x_wconf 90' lang='lat' dir='ltr'>et</span> <span class='ocrx_word' id='word_1_489' title='bbox 1149 3197 1328 3252; x_wconf 90' lang='lat' dir='ltr'>mitis.</span> <span class='ocrx_word' id='word_1_490' title='bbox 1389 3176 1630 3268; x_wconf 79' lang='lat' dir='ltr'>Oportet</span> <span class='ocrx_word' id='word_1_491' title='bbox 1676 3193 1832 3249; x_wconf 91' lang='lat' dir='ltr'>enim</span> <span class='ocrx_word' id='word_1_492' title='bbox 1866 3176 1908 3242; x_wconf 72' lang='grc' dir='ltr'>Ο</span> <span class='ocrx_word' id='word_1_493' title='bbox 1941 3205 2058 3257; x_wconf 85' lang='lat' dir='ltr'>sus,</span> <span class='ocrx_word' id='word_1_494' title='bbox 2088 3205 2243 3245; x_wconf 85' lang='lat' dir='ltr'>soror</span> <span class='ocrx_word' id='word_1_495' title='bbox 2272 3208 2410 3259; x_wconf 90' lang='lat' dir='ltr'>mea,</span> <span class='ocrx_word' id='word_1_496' title='bbox 2439 3208 2656 3262; x_wconf 80' lang='lat' dir='ltr'>sponsa,</span> <span class='ocrx_word' id='word_1_497' title='bbox 2708 3195 2832 3264; x_wconf 78' lang='lat' dir='ltr'>fons</span> <span class='ocrx_word' id='word_1_498' title='bbox 2868 3194 3138 3262; x_wconf 87' lang='lat' dir='ltr'>signatus,</span> <span class='ocrx_word' id='word_1_499' title='bbox 3188 3200 3391 3263; x_wconf 88' lang='lat' dir='ltr'>puteus</span> <span class='ocrx_word' id='word_1_500' title='bbox 3436 3207 3600 3262; x_wconf 51' lang='lat' dir='ltr'>aqua</span> 
     </span>
    </p>
   </div>
   <div class='ocr_carea' id='block_1_66' title="bbox 185 3281 1840 3355">
    <p class='ocr_par' dir='ltr' id='par_1_66' title="bbox 185 3281 1840 3355">
     <span class='ocr_line' id='line_1_66' title="bbox 185 3281 1840 3355; baseline -0.001 -18"><span class='ocrx_word' id='word_1_501' title='bbox 185 3283 527 3355; x_wconf 90' lang='lat' dir='ltr'>episcopum</span> <span class='ocrx_word' id='word_1_502' title='bbox 562 3301 677 3339; x_wconf 90' lang='lat' dir='ltr'>non</span> <span class='ocrx_word' id='word_1_503' title='bbox 709 3288 936 3340; x_wconf 89' lang='lat' dir='ltr'>tantum</span> <span class='ocrx_word' id='word_1_504' title='bbox 965 3285 1194 3355; x_wconf 88' lang='lat' dir='ltr'>docere,</span> <span class='ocrx_word' id='word_1_505' title='bbox 1217 3286 1316 3341; x_wconf 93' lang='lat' dir='ltr'>sed</span> <span class='ocrx_word' id='word_1_506' title='bbox 1349 3289 1404 3340; x_wconf 87' lang='lat' dir='ltr'>et</span> <span class='ocrx_word' id='word_1_507' title='bbox 1427 3285 1673 3349; x_wconf 90' lang='lat' dir='ltr'>discere,</span> <span class='ocrx_word' id='word_1_508' title='bbox 1705 3281 1840 3352; x_wconf 90' lang='lat' dir='ltr'>quia</span> 
     </span>
    </p>
   </div>
   <div class='ocr_carea' id='block_1_67' title="bbox 188 3370 1841 3446">
    <p class='ocr_par' dir='ltr' id='par_1_67' title="bbox 188 3370 1841 3446">
     <span class='ocr_line' id='line_1_67' title="bbox 188 3370 1841 3446; baseline -0.001 -19"><span class='ocrx_word' id='word_1_509' title='bbox 188 3376 248 3427; x_wconf 92' lang='lat' dir='ltr'>et</span> <span class='ocrx_word' id='word_1_510' title='bbox 275 3370 372 3427; x_wconf 91' lang='lat' dir='ltr'>ille</span> <span class='ocrx_word' id='word_1_511' title='bbox 402 3372 614 3428; x_wconf 89' lang='lat' dir='ltr'>melius</span> <span class='ocrx_word' id='word_1_512' title='bbox 646 3375 816 3429; x_wconf 90' lang='lat' dir='ltr'>docet</span> <span class='ocrx_word' id='word_1_513' title='bbox 844 3374 940 3444; x_wconf 91' lang='lat' dir='ltr'>qui</span> <span class='ocrx_word' id='word_1_514' title='bbox 991 3374 1252 3446; x_wconf 90' lang='lat' dir='ltr'>quotidie</span> <span class='ocrx_word' id='word_1_515' title='bbox 1284 3373 1494 3428; x_wconf 88' lang='lat' dir='ltr'>crescit</span> <span class='ocrx_word' id='word_1_516' title='bbox 1522 3377 1580 3428; x_wconf 90' lang='lat' dir='ltr'>et</span> <span class='ocrx_word' id='word_1_517' title='bbox 1609 3372 1841 3444; x_wconf 82' lang='lat' dir='ltr'>proiicit</span> 
     </span>
    </p>
   </div>
   <div class='ocr_carea' id='block_1_68' title="bbox 181 3461 1838 3535">
    <p class='ocr_par' dir='ltr' id='par_1_68' title="bbox 181 3461 1838 3535">
     <span class='ocr_line' id='line_1_68' title="bbox 181 3461 1838 3535; baseline 0 -19"><span class='ocrx_word' id='word_1_518' title='bbox 181 3461 462 3516; x_wconf 88' lang='lat' dir='ltr'>discendo</span> <span class='ocrx_word' id='word_1_519' title='bbox 497 3461 756 3517; x_wconf 85' lang='lat' dir='ltr'>meliora.</span> <span class='ocrx_word' id='word_1_520' title='bbox 784 3462 948 3526; x_wconf 86' lang='lat' dir='ltr'>Quod</span> <span class='ocrx_word' id='word_1_521' title='bbox 970 3463 1166 3534; x_wconf 86' lang='lat' dir='ltr'>ipsum</span> <span class='ocrx_word' id='word_1_522' title='bbox 1201 3479 1438 3535; x_wconf 82' lang='lat' dir='ltr'>quoque</span> <span class='ocrx_word' id='word_1_523' title='bbox 1486 3462 1639 3517; x_wconf 90' lang='lat' dir='ltr'>idem</span> <span class='ocrx_word' id='word_1_524' title='bbox 1699 3477 1838 3532; x_wconf 90' lang='lat' dir='ltr'>apo-</span> 
     </span>
    </p>
   </div>
   <div class='ocr_carea' id='block_1_69' title="bbox 176 3547 1837 3623">
    <p class='ocr_par' dir='ltr' id='par_1_69' title="bbox 176 3547 1837 3623">
     <span class='ocr_line' id='line_1_69' title="bbox 176 3547 1837 3623; baseline -0.001 -20"><span class='ocrx_word' id='word_1_525' title='bbox 176 3547 370 3604; x_wconf 87' lang='lat' dir='ltr'>stolus</span> <span class='ocrx_word' id='word_1_526' title='bbox 400 3549 618 3606; x_wconf 89' lang='lat' dir='ltr'>Paulus</span> <span class='ocrx_word' id='word_1_527' title='bbox 640 3551 808 3606; x_wconf 90' lang='lat' dir='ltr'>docet</span> <span class='ocrx_word' id='word_1_528' title='bbox 847 3567 1214 3623; x_wconf 68' lang='lat' dir='ltr'>praemonens</span> <span class='ocrx_word' id='word_1_529' title='bbox 1263 3554 1327 3606; x_wconf 90' lang='lat' dir='ltr'>ut</span> <span class='ocrx_word' id='word_1_530' title='bbox 1378 3551 1426 3606; x_wconf 90' lang='lat' dir='ltr'>si</span> <span class='ocrx_word' id='word_1_531' title='bbox 1486 3549 1583 3605; x_wconf 90' lang='lat' dir='ltr'>alii</span> <span class='ocrx_word' id='word_1_532' title='bbox 1613 3549 1837 3604; x_wconf 88' lang='lat' dir='ltr'>sedenti</span> 
     </span>
    </p>
   </div>
   <div class='ocr_carea' id='block_1_70' title="bbox 175 3635 1833 3712">
    <p class='ocr_par' dir='ltr' id='par_1_70' title="bbox 175 3635 1833 3712">
     <span class='ocr_line' id='line_1_70' title="bbox 175 3635 1833 3712; baseline -0.001 -20"><span class='ocrx_word' id='word_1_533' title='bbox 175 3635 394 3692; x_wconf 87' lang='lat' dir='ltr'>melius</span> <span class='ocrx_word' id='word_1_534' title='bbox 422 3637 742 3694; x_wconf 88' lang='lat' dir='ltr'>revelatum</span> <span class='ocrx_word' id='word_1_535' title='bbox 777 3639 972 3709; x_wconf 84' lang='lat' dir='ltr'>fuerit,</span> <span class='ocrx_word' id='word_1_536' title='bbox 1004 3639 1164 3712; x_wconf 89' lang='lat' dir='ltr'>prior</span> <span class='ocrx_word' id='word_1_537' title='bbox 1223 3643 1411 3695; x_wconf 88' lang='lat' dir='ltr'>taceat</span> <span class='ocrx_word' id='word_1_538' title='bbox 1466 3639 1511 3710; x_wconf 91' lang='grc' dir='ltr'>(Ι</span> <span class='ocrx_word' id='word_1_539' title='bbox 1569 3637 1688 3693; x_wconf 91' lang='lat' dir='ltr'>Cor.</span> <span class='ocrx_word' id='word_1_540' title='bbox 1720 3653 1833 3701; x_wconf 83' lang='lat' dir='ltr'>xw,</span> 
     </span>
    </p>
   </div>
   <div class='ocr_carea' id='block_1_71' title="bbox 170 3725 1834 3800">
    <p class='ocr_par' dir='ltr' id='par_1_71' title="bbox 170 3725 1834 3800">
     <span class='ocr_line' id='line_1_71' title="bbox 170 3725 1834 3800; baseline -0.001 -20"><span class='ocrx_word' id='word_1_541' title='bbox 170 3726 287 3797; x_wconf 88' lang='lat'>30).</span> <span class='ocrx_word' id='word_1_542' title='bbox 324 3726 386 3780; x_wconf 92' lang='lat' dir='ltr'>In</span> <span class='ocrx_word' id='word_1_543' title='bbox 406 3727 746 3797; x_wconf 91' lang='lat' dir='ltr'>compendio</span> <span class='ocrx_word' id='word_1_544' title='bbox 767 3733 1067 3784; x_wconf 88' lang='lat' dir='ltr'>estautem</span> <span class='ocrx_word' id='word_1_545' title='bbox 1100 3728 1254 3800; x_wconf 89' lang='lat' dir='ltr'>apud</span> <span class='ocrx_word' id='word_1_546' title='bbox 1286 3726 1590 3799; x_wconf 86' lang='lat' dir='ltr'>religiosas</span> <span class='ocrx_word' id='word_1_547' title='bbox 1622 3725 1834 3780; x_wconf 83' lang='lat' dir='ltr'>etaim-</span> 
     </span>
    </p>
   </div>
   <div class='ocr_carea' id='block_1_72' title="bbox 1943 3279 3596 3352">
    <p class='ocr_par' dir='ltr' id='par_1_72' title="bbox 1943 3279 3596 3352">
     <span class='ocr_line' id='line_1_72' title="bbox 1943 3279 3596 3352; baseline -0.001 -18"><span class='ocrx_word' id='word_1_548' title='bbox 1943 3281 2099 3347; x_wconf 72' lang='lat' dir='ltr'>vivx,</span> <span class='ocrx_word' id='word_1_549' title='bbox 2129 3280 2423 3351; x_wconf 80' lang='lat' dir='ltr'>paradisus</span> <span class='ocrx_word' id='word_1_550' title='bbox 2453 3298 2577 3336; x_wconf 87' lang='lat' dir='ltr'>cum</span> <span class='ocrx_word' id='word_1_551' title='bbox 2619 3283 2812 3350; x_wconf 83' lang='lat' dir='ltr'>fructu</span> <span class='ocrx_word' id='word_1_552' title='bbox 2842 3297 3130 3352; x_wconf 82' lang='lat' dir='ltr'>pomorum</span> <span class='ocrx_word' id='word_1_553' title='bbox 3160 3279 3342 3351; x_wconf 78' lang='lat' dir='ltr'>(Cant.</span> <span class='ocrx_word' id='word_1_554' title='bbox 3377 3296 3451 3348; x_wconf 82' lang='grc' dir='ltr'>ιν,</span> <span class='ocrx_word' id='word_1_555' title='bbox 3508 3282 3596 3347; x_wconf 80' lang='grc'>12,</span> 
     </span>
    </p>
   </div>
   <div class='ocr_carea' id='block_1_73' title="bbox 1943 3369 3602 3443">
    <p class='ocr_par' dir='ltr' id='par_1_73' title="bbox 1943 3369 3602 3443">
     <span class='ocr_line' id='line_1_73' title="bbox 1943 3369 3602 3443; baseline -0.001 -18"><span class='ocrx_word' id='word_1_556' title='bbox 1943 3369 2055 3442; x_wconf 80' lang='grc'>13).</span> <span class='ocrx_word' id='word_1_557' title='bbox 2091 3371 2150 3426; x_wconf 93' lang='lat' dir='ltr'>Si</span> <span class='ocrx_word' id='word_1_558' title='bbox 2184 3376 2380 3426; x_wconf 89' lang='lat' dir='ltr'>autem</span> <span class='ocrx_word' id='word_1_559' title='bbox 2414 3373 2672 3427; x_wconf 90' lang='lat' dir='ltr'>Ecclesia</span> <span class='ocrx_word' id='word_1_560' title='bbox 2691 3373 2819 3443; x_wconf 85' lang='lat' dir='ltr'>ejus</span> <span class='ocrx_word' id='word_1_561' title='bbox 2848 3373 3051 3427; x_wconf 89' lang='lat' dir='ltr'>hortus</span> <span class='ocrx_word' id='word_1_562' title='bbox 3082 3370 3397 3426; x_wconf 88' lang='lat' dir='ltr'>conclusus</span> <span class='ocrx_word' id='word_1_563' title='bbox 3427 3374 3514 3424; x_wconf 90' lang='lat' dir='ltr'>est</span> <span class='ocrx_word' id='word_1_564' title='bbox 3545 3375 3602 3424; x_wconf 88' lang='lat' dir='ltr'>et</span> 
     </span>
    </p>
   </div>
   <div class='ocr_carea' id='block_1_74' title="bbox 1943 3459 3602 3534">
    <p class='ocr_par' dir='ltr' id='par_1_74' title="bbox 1943 3459 3602 3534">
     <span class='ocr_line' id='line_1_74' title="bbox 1943 3459 3602 3534; baseline 0.001 -20"><span class='ocrx_word' id='word_1_565' title='bbox 1943 3459 2078 3516; x_wconf 87' lang='lat' dir='ltr'>fons</span> <span class='ocrx_word' id='word_1_566' title='bbox 2102 3461 2392 3534; x_wconf 86' lang='lat' dir='ltr'>signatus,</span> <span class='ocrx_word' id='word_1_567' title='bbox 2416 3463 2708 3531; x_wconf 91' lang='lat' dir='ltr'>quomodo</span> <span class='ocrx_word' id='word_1_568' title='bbox 2731 3463 2788 3517; x_wconf 91' lang='lat' dir='ltr'>in</span> <span class='ocrx_word' id='word_1_569' title='bbox 2807 3463 3078 3518; x_wconf 91' lang='lat' dir='ltr'>eumdem</span> <span class='ocrx_word' id='word_1_570' title='bbox 3109 3461 3342 3516; x_wconf 90' lang='lat' dir='ltr'>hortum</span> <span class='ocrx_word' id='word_1_571' title='bbox 3361 3459 3602 3515; x_wconf 90' lang='lat' dir='ltr'>introire</span> 
     </span>
    </p>
   </div>
   <div class='ocr_carea' id='block_1_75' title="bbox 1946 3547 3601 3623">
    <p class='ocr_par' dir='ltr' id='par_1_75' title="bbox 1946 3547 3601 3623">
     <span class='ocr_line' id='line_1_75' title="bbox 1946 3547 3601 3623; baseline -0.001 -17"><span class='ocrx_word' id='word_1_572' title='bbox 1946 3552 2050 3606; x_wconf 82' lang='lat' dir='ltr'>aut</span> <span class='ocrx_word' id='word_1_573' title='bbox 2071 3549 2268 3606; x_wconf 89' lang='lat' dir='ltr'>bibere</span> <span class='ocrx_word' id='word_1_574' title='bbox 2290 3551 2360 3606; x_wconf 91' lang='lat' dir='ltr'>de</span> <span class='ocrx_word' id='word_1_575' title='bbox 2393 3551 2552 3606; x_wconf 84' lang='lat' dir='ltr'>fonte</span> <span class='ocrx_word' id='word_1_576' title='bbox 2577 3553 2704 3622; x_wconf 82' lang='lat' dir='ltr'>ejus</span> <span class='ocrx_word' id='word_1_577' title='bbox 2733 3557 2922 3623; x_wconf 85' lang='lat' dir='ltr'>potest</span> <span class='ocrx_word' id='word_1_578' title='bbox 2953 3551 3050 3622; x_wconf 91' lang='lat' dir='ltr'>qui</span> <span class='ocrx_word' id='word_1_579' title='bbox 3074 3549 3132 3604; x_wconf 91' lang='lat' dir='ltr'>in</span> <span class='ocrx_word' id='word_1_580' title='bbox 3171 3547 3429 3604; x_wconf 88' lang='lat' dir='ltr'>Ecclesia</span> <span class='ocrx_word' id='word_1_581' title='bbox 3486 3566 3601 3604; x_wconf 92' lang='lat' dir='ltr'>non</span> 
     </span>
    </p>
   </div>
   <div class='ocr_carea' id='block_1_76' title="bbox 1943 3637 3602 3712">
    <p class='ocr_par' dir='ltr' id='par_1_76' title="bbox 1943 3637 3602 3712">
     <span class='ocr_line' id='line_1_76' title="bbox 1943 3637 3602 3712; baseline -0.001 -19"><span class='ocrx_word' id='word_1_582' title='bbox 1943 3641 2036 3693; x_wconf 86' lang='lat' dir='ltr'>est</span> <span class='ocrx_word' id='word_1_583' title='bbox 2061 3637 2089 3692; x_wconf 86' lang='lat'><strong>?</strong></span> <span class='ocrx_word' id='word_1_584' title='bbox 2116 3638 2260 3694; x_wconf 90' lang='lat' dir='ltr'>Item</span> <span class='ocrx_word' id='word_1_585' title='bbox 2296 3640 2500 3696; x_wconf 90' lang='lat' dir='ltr'>Petrus</span> <span class='ocrx_word' id='word_1_586' title='bbox 2531 3641 2657 3712; x_wconf 88' lang='lat' dir='ltr'>ipse</span> <span class='ocrx_word' id='word_1_587' title='bbox 2687 3657 2918 3712; x_wconf 90' lang='lat' dir='ltr'>quoque</span> <span class='ocrx_word' id='word_1_588' title='bbox 2949 3640 3362 3694; x_wconf 87' lang='lat' dir='ltr'>demonstrans</span> <span class='ocrx_word' id='word_1_589' title='bbox 3394 3643 3452 3693; x_wconf 90' lang='lat' dir='ltr'>et</span> <span class='ocrx_word' id='word_1_590' title='bbox 3480 3638 3602 3693; x_wconf 91' lang='lat' dir='ltr'>vin-</span> 
     </span>
    </p>
   </div>
   <div class='ocr_carea' id='block_1_77' title="bbox 1944 3723 3600 3797">
    <p class='ocr_par' dir='ltr' id='par_1_77' title="bbox 1944 3723 3600 3797">
     <span class='ocr_line' id='line_1_77' title="bbox 1944 3723 3600 3797; baseline 0.002 -19"><span class='ocrx_word' id='word_1_591' title='bbox 1944 3723 2147 3782; x_wconf 89' lang='lat' dir='ltr'>dicans</span> <span class='ocrx_word' id='word_1_592' title='bbox 2169 3729 2453 3784; x_wconf 88' lang='lat' dir='ltr'>unitatem</span> <span class='ocrx_word' id='word_1_593' title='bbox 2485 3729 2781 3784; x_wconf 86' lang='lat' dir='ltr'>mandavit</span> <span class='ocrx_word' id='word_1_594' title='bbox 2804 3732 2861 3783; x_wconf 90' lang='lat' dir='ltr'>et</span> <span class='ocrx_word' id='word_1_595' title='bbox 2894 3727 3118 3782; x_wconf 89' lang='lat' dir='ltr'>monuit</span> <span class='ocrx_word' id='word_1_596' title='bbox 3142 3725 3254 3781; x_wconf 90' lang='lat' dir='ltr'>nisi</span> <span class='ocrx_word' id='word_1_597' title='bbox 3287 3743 3389 3797; x_wconf 88' lang='lat' dir='ltr'>per</span> <span class='ocrx_word' id='word_1_598' title='bbox 3417 3743 3600 3782; x_wconf 84' lang='lat' dir='ltr'>unum</span> 
     </span>
    </p>
   </div>
   <div class='ocr_carea' id='block_1_78' title="bbox 1524 3866 2261 3949">
    <p class='ocr_par' dir='ltr' id='par_1_78' title="bbox 1524 3866 2261 3949">
     <span class='ocr_line' id='line_1_78' title="bbox 1524 3866 2261 3949; baseline 0.001 -17"><span class='ocrx_word' id='word_1_599' title='bbox 1524 3870 1742 3949; x_wconf 88' lang='lat' dir='ltr'>Steph.</span> <span class='ocrx_word' id='word_1_600' title='bbox 1789 3866 2028 3930; x_wconf 81' lang='lat' dir='ltr'>Baluzii</span> <span class='ocrx_word' id='word_1_601' title='bbox 2074 3879 2261 3933; x_wconf 80' lang='lat' dir='ltr'>notae.</span> 
     </span>
    </p>
   </div>
   <div class='ocr_carea' id='block_1_79' title="bbox 251 4004 1832 4072">
    <p class='ocr_par' dir='ltr' id='par_1_79' title="bbox 251 4004 1832 4072">
     <span class='ocr_line' id='line_1_79' title="bbox 251 4004 1832 4072; baseline -0.001 -16"><span class='ocrx_word' id='word_1_602' title='bbox 251 4005 332 4072; x_wconf 86' lang='lat'>(2)</span> <span class='ocrx_word' id='word_1_603' title='bbox 367 4005 720 4061; x_wconf 81' lang='lat' dir='ltr'>lnviolatam.</span> <span class='ocrx_word' id='word_1_604' title='bbox 783 4006 973 4061; x_wconf 85' lang='lat' dir='ltr'>Codex</span> <span class='ocrx_word' id='word_1_605' title='bbox 1032 4005 1337 4072; x_wconf 86' lang='lat' dir='ltr'>Fuxensis,</span> <span class='ocrx_word' id='word_1_606' title='bbox 1401 4004 1832 4060; x_wconf 78' lang='lat' dir='ltr'>immaculatum.</span> 
     </span>
    </p>
   </div>
   <div class='ocr_carea' id='block_1_80' title="bbox 249 4072 1830 4146">
    <p class='ocr_par' dir='ltr' id='par_1_80' title="bbox 249 4072 1830 4146">
     <span class='ocr_line' id='line_1_80' title="bbox 249 4072 1830 4146; baseline -0.003 -15"><span class='ocrx_word' id='word_1_607' title='bbox 249 4075 330 4146; x_wconf 88' lang='lat'>(3)</span> <span class='ocrx_word' id='word_1_608' title='bbox 365 4077 700 4132; x_wconf 85' lang='lat' dir='ltr'>Consuetudo</span> <span class='ocrx_word' id='word_1_609' title='bbox 728 4079 850 4132; x_wconf 87' lang='lat' dir='ltr'>sine</span> <span class='ocrx_word' id='word_1_610' title='bbox 877 4080 1124 4133; x_wconf 88' lang='lat' dir='ltr'>veritate.</span> <span class='ocrx_word' id='word_1_611' title='bbox 1160 4077 1310 4132; x_wconf 87' lang='lat' dir='ltr'>Citat</span> <span class='ocrx_word' id='word_1_612' title='bbox 1323 4077 1476 4132; x_wconf 90' lang='lat' dir='ltr'>hunc</span> <span class='ocrx_word' id='word_1_613' title='bbox 1506 4072 1830 4146; x_wconf 87' lang='lat' dir='ltr'>locum,sed</span> 
     </span>
    </p>
   </div>
   <div class='ocr_carea' id='block_1_81' title="bbox 170 4145 1833 4220">
    <p class='ocr_par' dir='ltr' id='par_1_81' title="bbox 170 4145 1833 4220">
     <span class='ocr_line' id='line_1_81' title="bbox 170 4145 1833 4220; baseline -0.001 -19"><span class='ocrx_word' id='word_1_614' title='bbox 170 4163 295 4220; x_wconf 86' lang='lat' dir='ltr'>non</span> <span class='ocrx_word' id='word_1_615' title='bbox 314 4145 618 4220; x_wconf 76' lang='lat' dir='ltr'>nominato</span> <span class='ocrx_word' id='word_1_616' title='bbox 632 4147 1198 4220; x_wconf 76' lang='lat' dir='ltr'>Cypriano,Angelus</span> <span class='ocrx_word' id='word_1_617' title='bbox 1223 4147 1544 4203; x_wconf 87' lang='lat' dir='ltr'>Politianus</span> <span class='ocrx_word' id='word_1_618' title='bbox 1562 4148 1616 4201; x_wconf 89' lang='lat' dir='ltr'>in</span> <span class='ocrx_word' id='word_1_619' title='bbox 1637 4145 1833 4220; x_wconf 73' lang='lat' dir='ltr'>przefa-</span> 
     </span>
    </p>
   </div>
   <div class='ocr_carea' id='block_1_82' title="bbox 166 4217 1834 4275">
    <p class='ocr_par' dir='ltr' id='par_1_82' title="bbox 166 4217 1834 4275">
     <span class='ocr_line' id='line_1_82' title="bbox 166 4217 1834 4275; baseline -0.001 -3"><span class='ocrx_word' id='word_1_620' title='bbox 166 4219 346 4273; x_wconf 89' lang='lat' dir='ltr'>tione</span> <span class='ocrx_word' id='word_1_621' title='bbox 378 4217 881 4275; x_wconf 77' lang='lat' dir='ltr'>Miscellaneorum</span> <span class='ocrx_word' id='word_1_622' title='bbox 915 4217 1178 4275; x_wconf 68' lang='lat' dir='ltr'>suorum.</span> <span class='ocrx_word' id='word_1_623' title='bbox 1227 4221 1320 4274; x_wconf 87' lang='lat' dir='ltr'>Ait</span> <span class='ocrx_word' id='word_1_624' title='bbox 1360 4221 1514 4274; x_wconf 89' lang='lat' dir='ltr'>enim</span> <span class='ocrx_word' id='word_1_625' title='bbox 1552 4237 1565 4274; x_wconf 91' lang='lat'><strong>:</strong></span> <span class='ocrx_word' id='word_1_626' title='bbox 1598 4217 1834 4273; x_wconf 79' lang='lat' dir='ltr'>Pulchre</span> 
     </span>
    </p>
   </div>
   <div class='ocr_carea' id='block_1_83' title="bbox 163 4290 1833 4360">
    <p class='ocr_par' dir='ltr' id='par_1_83' title="bbox 163 4290 1833 4360">
     <span class='ocr_line' id='line_1_83' title="bbox 163 4290 1833 4360; baseline -0.002 -16"><span class='ocrx_word' id='word_1_627' title='bbox 163 4292 252 4344; x_wconf 88' lang='lat' dir='ltr'>sic</span> <span class='ocrx_word' id='word_1_628' title='bbox 298 4291 384 4343; x_wconf 88' lang='lat' dir='ltr'>ait</span> <span class='ocrx_word' id='word_1_629' title='bbox 427 4290 693 4360; x_wconf 88' lang='lat' dir='ltr'>quidam:</span> <span class='ocrx_word' id='word_1_630' title='bbox 758 4291 1096 4347; x_wconf 84' lang='lat' dir='ltr'>Consuetudo</span> <span class='ocrx_word' id='word_1_631' title='bbox 1139 4293 1264 4347; x_wconf 87' lang='lat' dir='ltr'>sine</span> <span class='ocrx_word' id='word_1_632' title='bbox 1309 4293 1540 4347; x_wconf 86' lang='lat' dir='ltr'>veritate</span> <span class='ocrx_word' id='word_1_633' title='bbox 1594 4293 1833 4344; x_wconf 85' lang='lat' dir='ltr'>vetustas</span> 
     </span>
    </p>
   </div>
   <div class='ocr_carea' id='block_1_84' title="bbox 161 4359 1828 4432">
    <p class='ocr_par' dir='ltr' id='par_1_84' title="bbox 161 4359 1828 4432">
     <span class='ocr_line' id='line_1_84' title="bbox 161 4359 1828 4432; baseline -0.002 -16"><span class='ocrx_word' id='word_1_634' title='bbox 161 4361 392 4417; x_wconf 82' lang='lat' dir='ltr'>erroris</span> <span class='ocrx_word' id='word_1_635' title='bbox 413 4359 513 4414; x_wconf 82' lang='lat' dir='ltr'>est.</span> <span class='ocrx_word' id='word_1_636' title='bbox 546 4361 697 4416; x_wconf 90' lang='lat' dir='ltr'>Citat</span> <span class='ocrx_word' id='word_1_637' title='bbox 725 4364 898 4417; x_wconf 86' lang='lat' dir='ltr'>etiam</span> <span class='ocrx_word' id='word_1_638' title='bbox 934 4363 1248 4418; x_wconf 86' lang='lat' dir='ltr'>Gratianus</span> <span class='ocrx_word' id='word_1_639' title='bbox 1280 4363 1417 4418; x_wconf 88' lang='lat' dir='ltr'>dist.</span> <span class='ocrx_word' id='word_1_640' title='bbox 1449 4367 1503 4427; x_wconf 86' lang='lat'>8,</span> <span class='ocrx_word' id='word_1_641' title='bbox 1537 4378 1662 4432; x_wconf 89' lang='lat' dir='ltr'>cap.</span> <span class='ocrx_word' id='word_1_642' title='bbox 1688 4359 1828 4414; x_wconf 86' lang='lat' dir='ltr'>Con-</span> 
     </span>
    </p>
   </div>
   <div class='ocr_carea' id='block_1_85' title="bbox 161 4432 1755 4505">
    <p class='ocr_par' dir='ltr' id='par_1_85' title="bbox 161 4432 1755 4505">
     <span class='ocr_line' id='line_1_85' title="bbox 161 4432 1755 4505; baseline -0.001 -18"><span class='ocrx_word' id='word_1_643' title='bbox 161 4432 421 4505; x_wconf 80' lang='lat' dir='ltr'>suetudo.</span> <span class='ocrx_word' id='word_1_644' title='bbox 457 4433 603 4487; x_wconf 87' lang='lat' dir='ltr'>Vide</span> <span class='ocrx_word' id='word_1_645' title='bbox 636 4440 802 4488; x_wconf 85' lang='lat' dir='ltr'>notas</span> <span class='ocrx_word' id='word_1_646' title='bbox 832 4436 902 4489; x_wconf 88' lang='lat' dir='ltr'>ad</span> <span class='ocrx_word' id='word_1_647' title='bbox 936 4434 1243 4505; x_wconf 87' lang='lat' dir='ltr'>epistolam</span> <span class='ocrx_word' id='word_1_648' title='bbox 1278 4452 1425 4500; x_wconf 72' lang='lat' dir='ltr'>Lm,</span> <span class='ocrx_word' id='word_1_649' title='bbox 1467 4450 1597 4505; x_wconf 87' lang='lat' dir='ltr'>pag.</span> <span class='ocrx_word' id='word_1_650' title='bbox 1634 4433 1755 4486; x_wconf 79' lang='grc'>498.</span> 
     </span>
    </p>
   </div>
   <div class='ocr_carea' id='block_1_86' title="bbox 239 4501 1826 4574">
    <p class='ocr_par' dir='ltr' id='par_1_86' title="bbox 239 4501 1826 4574">
     <span class='ocr_line' id='line_1_86' title="bbox 239 4501 1826 4574; baseline -0.001 -18"><span class='ocrx_word' id='word_1_651' title='bbox 239 4505 322 4574; x_wconf 87' lang='grc'>(4)</span> <span class='ocrx_word' id='word_1_652' title='bbox 352 4503 458 4556; x_wconf 88' lang='lat' dir='ltr'>Nec</span> <span class='ocrx_word' id='word_1_653' title='bbox 493 4507 906 4560; x_wconf 85' lang='lat' dir='ltr'>contentiosum.</span> <span class='ocrx_word' id='word_1_654' title='bbox 971 4501 1097 4560; x_wconf 71' lang='lat' dir='ltr'>Haec</span> <span class='ocrx_word' id='word_1_655' title='bbox 1148 4522 1257 4560; x_wconf 91' lang='lat' dir='ltr'>non</span> <span class='ocrx_word' id='word_1_656' title='bbox 1311 4501 1730 4574; x_wconf 78' lang='lat' dir='ltr'>comparebant</span> <span class='ocrx_word' id='word_1_657' title='bbox 1769 4501 1826 4554; x_wconf 93' lang='lat' dir='ltr'>in</span> 
     </span>
    </p>
   </div>
   <div class='ocr_carea' id='block_1_87' title="bbox 159 4574 1818 4633">
    <p class='ocr_par' dir='ltr' id='par_1_87' title="bbox 159 4574 1818 4633">
     <span class='ocr_line' id='line_1_87' title="bbox 159 4574 1818 4633; baseline -0.002 -3"><span class='ocrx_word' id='word_1_658' title='bbox 159 4575 430 4630; x_wconf 86' lang='lat' dir='ltr'>editione</span> <span class='ocrx_word' id='word_1_659' title='bbox 450 4574 692 4630; x_wconf 85' lang='lat' dir='ltr'>Erasmi.</span> <span class='ocrx_word' id='word_1_660' title='bbox 713 4577 1010 4633; x_wconf 88' lang='lat' dir='ltr'>Manutius</span> <span class='ocrx_word' id='word_1_661' title='bbox 1040 4583 1096 4632; x_wconf 89' lang='lat' dir='ltr'>et</span> <span class='ocrx_word' id='word_1_662' title='bbox 1128 4576 1426 4631; x_wconf 88' lang='lat' dir='ltr'>Morellius</span> <span class='ocrx_word' id='word_1_663' title='bbox 1452 4577 1818 4630; x_wconf 83' lang='lat' dir='ltr'>induxerunt.</span> 
     </span>
    </p>
   </div>
   <div class='ocr_carea' id='block_1_88' title="bbox 1941 4002 3598 4076">
    <p class='ocr_par' dir='ltr' id='par_1_88' title="bbox 1941 4002 3598 4076">
     <span class='ocr_line' id='line_1_88' title="bbox 1941 4002 3598 4076; baseline 0.002 -19"><span class='ocrx_word' id='word_1_664' title='bbox 1941 4002 2086 4076; x_wconf 71' lang='lat' dir='ltr'>item</span> <span class='ocrx_word' id='word_1_665' title='bbox 2120 4003 2179 4059; x_wconf 90' lang='lat' dir='ltr'>in</span> <span class='ocrx_word' id='word_1_666' title='bbox 2213 4007 2462 4076; x_wconf 89' lang='lat' dir='ltr'>Epistola</span> <span class='ocrx_word' id='word_1_667' title='bbox 2487 4007 2556 4061; x_wconf 85' lang='lat' dir='ltr'>ad</span> <span class='ocrx_word' id='word_1_668' title='bbox 2586 4006 3004 4061; x_wconf 85' lang='lat' dir='ltr'>Pammachium</span> <span class='ocrx_word' id='word_1_669' title='bbox 3035 4007 3105 4061; x_wconf 92' lang='lat' dir='ltr'>de</span> <span class='ocrx_word' id='word_1_670' title='bbox 3135 4005 3356 4076; x_wconf 86' lang='lat' dir='ltr'>optimo</span> <span class='ocrx_word' id='word_1_671' title='bbox 3386 4019 3598 4076; x_wconf 87' lang='lat' dir='ltr'>genere</span> 
     </span>
    </p>
   </div>
   <div class='ocr_carea' id='block_1_89' title="bbox 1942 4073 3596 4147">
    <p class='ocr_par' dir='ltr' id='par_1_89' title="bbox 1942 4073 3596 4147">
     <span class='ocr_line' id='line_1_89' title="bbox 1942 4073 3596 4147; baseline 0 -17"><span class='ocrx_word' id='word_1_672' title='bbox 1942 4073 2363 4147; x_wconf 80' lang='lat' dir='ltr'>interpretandi</span> <span class='ocrx_word' id='word_1_673' title='bbox 2394 4095 2406 4131; x_wconf 89' lang='lat'>:</span> <span class='ocrx_word' id='word_1_674' title='bbox 2434 4083 2662 4133; x_wconf 80' lang='lat' dir='ltr'>Errasse</span> <span class='ocrx_word' id='word_1_675' title='bbox 2684 4079 3085 4134; x_wconf 87' lang='lat' dir='ltr'>humanumest</span> <span class='ocrx_word' id='word_1_676' title='bbox 3107 4081 3158 4131; x_wconf 88' lang='lat' dir='ltr'>et</span> <span class='ocrx_word' id='word_1_677' title='bbox 3176 4073 3596 4145; x_wconf 68' lang='lat' dir='ltr'>conﬁterierro-</span> 
     </span>
    </p>
   </div>
   <div class='ocr_carea' id='block_1_90' title="bbox 1945 4149 3597 4221">
    <p class='ocr_par' dir='ltr' id='par_1_90' title="bbox 1945 4149 3597 4221">
     <span class='ocr_line' id='line_1_90' title="bbox 1945 4149 3597 4221; baseline 0.001 -21"><span class='ocrx_word' id='word_1_678' title='bbox 1945 4161 2061 4221; x_wconf 64' lang='lat' dir='ltr'>rem</span> <span class='ocrx_word' id='word_1_679' title='bbox 2090 4151 2401 4218; x_wconf 81' lang='lat' dir='ltr'>prudentis.</span> <span class='ocrx_word' id='word_1_680' title='bbox 2460 4153 2527 4202; x_wconf 86' lang='lat' dir='ltr'>Et</span> <span class='ocrx_word' id='word_1_681' title='bbox 2558 4150 2614 4203; x_wconf 91' lang='lat' dir='ltr'>in</span> <span class='ocrx_word' id='word_1_682' title='bbox 2663 4150 2912 4221; x_wconf 87' lang='lat' dir='ltr'>epistola</span> <span class='ocrx_word' id='word_1_683' title='bbox 2943 4149 3014 4203; x_wconf 88' lang='lat' dir='ltr'>ad</span> <span class='ocrx_word' id='word_1_684' title='bbox 3072 4149 3491 4221; x_wconf 11' lang='lat' dir='ltr'>Pamﬁmachium</span> <span class='ocrx_word' id='word_1_685' title='bbox 3547 4152 3597 4202; x_wconf 84' lang='lat' dir='ltr'>et</span> 
     </span>
    </p>
   </div>
   <div class='ocr_carea' id='block_1_91' title="bbox 1942 4216 3596 4292">
    <p class='ocr_par' dir='ltr' id='par_1_91' title="bbox 1942 4216 3596 4292">
     <span class='ocr_line' id='line_1_91' title="bbox 1942 4216 3596 4292; baseline 0.001 -20"><span class='ocrx_word' id='word_1_686' title='bbox 1942 4216 2217 4274; x_wconf 85' lang='lat' dir='ltr'>Oceanum</span> <span class='ocrx_word' id='word_1_687' title='bbox 2250 4221 2533 4276; x_wconf 86' lang='lat' dir='ltr'>adversus</span> <span class='ocrx_word' id='word_1_688' title='bbox 2591 4216 2812 4275; x_wconf 78' lang='lat' dir='ltr'>errores</span> <span class='ocrx_word' id='word_1_689' title='bbox 2845 4220 3148 4292; x_wconf 87' lang='lat' dir='ltr'>Origenis:</span> <span class='ocrx_word' id='word_1_690' title='bbox 3185 4219 3435 4292; x_wconf 78' lang='lat' dir='ltr'>Secunda</span> <span class='ocrx_word' id='word_1_691' title='bbox 3477 4225 3596 4292; x_wconf 85' lang='lat' dir='ltr'>post</span> 
     </span>
    </p>
   </div>
   <div class='ocr_carea' id='block_1_92' title="bbox 1937 4290 3589 4362">
    <p class='ocr_par' dir='ltr' id='par_1_92' title="bbox 1937 4290 3589 4362">
     <span class='ocr_line' id='line_1_92' title="bbox 1937 4290 3589 4362; baseline 0.001 -20"><span class='ocrx_word' id='word_1_692' title='bbox 1937 4293 2298 4362; x_wconf 75' lang='lat' dir='ltr'>naufragium</span> <span class='ocrx_word' id='word_1_693' title='bbox 2325 4293 2512 4347; x_wconf 86' lang='lat' dir='ltr'>tabula</span> <span class='ocrx_word' id='word_1_694' title='bbox 2535 4301 2614 4347; x_wconf 89' lang='lat' dir='ltr'>est</span> <span class='ocrx_word' id='word_1_695' title='bbox 2643 4292 2930 4346; x_wconf 85' lang='lat' dir='ltr'>humiliter</span> <span class='ocrx_word' id='word_1_696' title='bbox 2954 4290 3238 4362; x_wconf 68' lang='lat' dir='ltr'>conﬁteri.</span> <span class='ocrx_word' id='word_1_697' title='bbox 3277 4292 3344 4362; x_wconf 73' lang='lat' dir='ltr'>Et</span> <span class='ocrx_word' id='word_1_698' title='bbox 3376 4290 3432 4344; x_wconf 90' lang='lat' dir='ltr'>in</span> <span class='ocrx_word' id='word_1_699' title='bbox 3452 4291 3589 4362; x_wconf 75' lang='lat' dir='ltr'>epi-</span> 
     </span>
    </p>
   </div>
   <div class='ocr_carea' id='block_1_93' title="bbox 1939 4360 3594 4434">
    <p class='ocr_par' dir='ltr' id='par_1_93' title="bbox 1939 4360 3594 4434">
     <span class='ocr_line' id='line_1_93' title="bbox 1939 4360 3594 4434; baseline 0.001 -20"><span class='ocrx_word' id='word_1_700' title='bbox 1939 4360 2089 4434; x_wconf 58' lang='lat' dir='ltr'>stola</span> <span class='ocrx_word' id='word_1_701' title='bbox 2119 4360 2188 4416; x_wconf 81' lang='lat' dir='ltr'>ad</span> <span class='ocrx_word' id='word_1_702' title='bbox 2217 4364 2530 4418; x_wconf 83' lang='lat' dir='ltr'>Marcellam</span> <span class='ocrx_word' id='word_1_703' title='bbox 2573 4363 2644 4416; x_wconf 92' lang='lat' dir='ltr'>de</span> <span class='ocrx_word' id='word_1_704' title='bbox 2688 4363 2948 4434; x_wconf 90' lang='lat' dir='ltr'>quinque</span> <span class='ocrx_word' id='word_1_705' title='bbox 2999 4360 3418 4434; x_wconf 76' lang='lat' dir='ltr'>quaestionibus</span> <span class='ocrx_word' id='word_1_706' title='bbox 3451 4361 3594 4434; x_wconf 85' lang='lat' dir='ltr'>Novi</span> 
     </span>
    </p>
   </div>
   <div class='ocr_carea' id='block_1_94' title="bbox 1937 4430 3590 4502">
    <p class='ocr_par' dir='ltr' id='par_1_94' title="bbox 1937 4430 3590 4502">
     <span class='ocr_line' id='line_1_94' title="bbox 1937 4430 3590 4502; baseline 0 -16"><span class='ocrx_word' id='word_1_707' title='bbox 1937 4430 2290 4488; x_wconf 88' lang='lat' dir='ltr'>Testamenti</span> <span class='ocrx_word' id='word_1_708' title='bbox 2325 4452 2337 4499; x_wconf 93' lang='lat'><strong>;</strong></span> <span class='ocrx_word' id='word_1_709' title='bbox 2371 4436 2490 4489; x_wconf 89' lang='lat' dir='ltr'>Non</span> <span class='ocrx_word' id='word_1_710' title='bbox 2523 4430 2753 4488; x_wconf 81' lang='lat' dir='ltr'>memini</span> <span class='ocrx_word' id='word_1_711' title='bbox 2780 4430 2869 4488; x_wconf 76' lang='lat' dir='ltr'>me</span> <span class='ocrx_word' id='word_1_712' title='bbox 2899 4434 3000 4489; x_wconf 80' lang='lat' dir='ltr'>hoc</span> <span class='ocrx_word' id='word_1_713' title='bbox 3016 4430 3319 4502; x_wconf 74' lang='lat' dir='ltr'>aliquando</span> <span class='ocrx_word' id='word_1_714' title='bbox 3339 4432 3549 4486; x_wconf 87' lang='lat' dir='ltr'>dixisse</span> <span class='ocrx_word' id='word_1_715' title='bbox 3569 4450 3590 4494; x_wconf 69' lang='lat'>,-</span> 
     </span>
    </p>
   </div>
   <div class='ocr_carea' id='block_1_95' title="bbox 1936 4504 3589 4574">
    <p class='ocr_par' dir='ltr' id='par_1_95' title="bbox 1936 4504 3589 4574">
     <span class='ocr_line' id='line_1_95' title="bbox 1936 4504 3589 4574; baseline 0.002 -18"><span class='ocrx_word' id='word_1_716' title='bbox 1936 4507 1986 4574; x_wconf 82' lang='lat' dir='ltr'>et</span> <span class='ocrx_word' id='word_1_717' title='bbox 2014 4506 2064 4556; x_wconf 88' lang='lat' dir='ltr'>si</span> <span class='ocrx_word' id='word_1_718' title='bbox 2091 4504 2374 4570; x_wconf 75' lang='lat' dir='ltr'>dixissem,</span> <span class='ocrx_word' id='word_1_719' title='bbox 2409 4521 2515 4559; x_wconf 88' lang='lat' dir='ltr'>non</span> <span class='ocrx_word' id='word_1_720' title='bbox 2551 4521 2718 4559; x_wconf 87' lang='lat' dir='ltr'>essem</span> <span class='ocrx_word' id='word_1_721' title='bbox 2739 4506 2795 4558; x_wconf 87' lang='lat' dir='ltr'>in</span> <span class='ocrx_word' id='word_1_722' title='bbox 2817 4521 3002 4559; x_wconf 87' lang='lat' dir='ltr'>errore</span> <span class='ocrx_word' id='word_1_723' title='bbox 3015 4506 3296 4574; x_wconf 76' lang='lat' dir='ltr'>pertinax.</span> <span class='ocrx_word' id='word_1_724' title='bbox 3319 4504 3589 4570; x_wconf 80' lang='lat' dir='ltr'>Ruﬁnus,</span> 
     </span>
    </p>
   </div>
   <div class='ocr_carea' id='block_1_96' title="bbox 1939 4571 3595 4645">
    <p class='ocr_par' dir='ltr' id='par_1_96' title="bbox 1939 4571 3595 4645">
     <span class='ocr_line' id='line_1_96' title="bbox 1939 4571 3595 4645; baseline 0.002 -19"><span class='ocrx_word' id='word_1_725' title='bbox 1939 4571 2042 4628; x_wconf 91' lang='lat' dir='ltr'>lib.</span> <span class='ocrx_word' id='word_1_726' title='bbox 2066 4591 2106 4627; x_wconf 79' lang='grc' dir='ltr'>ιι</span> <span class='ocrx_word' id='word_1_727' title='bbox 2135 4576 2390 4630; x_wconf 86' lang='lat' dir='ltr'>adversus</span> <span class='ocrx_word' id='word_1_728' title='bbox 2424 4577 2815 4645; x_wconf 83' lang='lat' dir='ltr'>Hieronymum</span> <span class='ocrx_word' id='word_1_729' title='bbox 2840 4595 2857 4630; x_wconf 90' lang='lat'><strong><em>:</em></strong></span> <span class='ocrx_word' id='word_1_730' title='bbox 2893 4571 3113 4631; x_wconf 81' lang='lat' dir='ltr'>Certum</span> <span class='ocrx_word' id='word_1_731' title='bbox 3163 4580 3244 4629; x_wconf 85' lang='lat' dir='ltr'>est</span> <span class='ocrx_word' id='word_1_732' title='bbox 3303 4583 3481 4630; x_wconf 84' lang='lat' dir='ltr'>autem</span> <span class='ocrx_word' id='word_1_733' title='bbox 3511 4591 3595 4630; x_wconf 88' lang='lat' dir='ltr'>er-</span> 
     </span>
    </p>
   </div>
   <div class='ocr_carea' id='block_1_97' title="bbox 161 4637 3594 4720">
    <p class='ocr_par' dir='ltr' id='par_1_97' title="bbox 161 4637 3594 4720">
     <span class='ocr_line' id='line_1_97' title="bbox 161 4637 3594 4720; baseline 0 -20"><span class='ocrx_word' id='word_1_734' title='bbox 161 4645 474 4720; x_wconf 63' lang='lat' dir='ltr'>?amelius</span> <span class='ocrx_word' id='word_1_735' title='bbox 505 4648 802 4720; x_wconf 17' lang='lat' dir='ltr'>expunixit,</span> <span class='ocrx_word' id='word_1_736' title='bbox 853 4650 991 4720; x_wconf 88' lang='lat' dir='ltr'>quia</span> <span class='ocrx_word' id='word_1_737' title='bbox 1049 4666 1161 4702; x_wconf 91' lang='lat' dir='ltr'>non</span> <span class='ocrx_word' id='word_1_738' title='bbox 1195 4649 1493 4720; x_wconf 79' lang='lat' dir='ltr'>invenerat</span> <span class='ocrx_word' id='word_1_739' title='bbox 1519 4648 1575 4720; x_wconf 86' lang='lat' dir='ltr'>in</span> <span class='ocrx_word' id='word_1_740' title='bbox 1635 4645 1830 4720; x_wconf 80' lang='lat' dir='ltr'>codice</span> <span class='ocrx_word' id='word_1_741' title='bbox 1858 4637 1909 4704; x_wconf 91' lang='lat' dir='ltr'>D</span> <span class='ocrx_word' id='word_1_742' title='bbox 1940 4660 2119 4720; x_wconf 87' lang='lat' dir='ltr'>rorem</span> <span class='ocrx_word' id='word_1_743' title='bbox 2145 4650 2484 4716; x_wconf 57' lang='lat' dir='ltr'>praecessisse</span> <span class='ocrx_word' id='word_1_744' title='bbox 2512 4647 2608 4701; x_wconf 91' lang='lat' dir='ltr'>ubi</span> <span class='ocrx_word' id='word_1_745' title='bbox 2627 4637 2982 4720; x_wconf 44' lang='lat' dir='ltr'>&quot;emendatio</span> <span class='ocrx_word' id='word_1_746' title='bbox 3011 4646 3303 4720; x_wconf 83' lang='lat' dir='ltr'>subsecuta</span> <span class='ocrx_word' id='word_1_747' title='bbox 3330 4654 3426 4702; x_wconf 87' lang='lat' dir='ltr'>est.</span> <span class='ocrx_word' id='word_1_748' title='bbox 3479 4649 3594 4701; x_wconf 81' lang='lat' dir='ltr'>Au-</span> 
     </span>
    </p>
   </div>
   <div class='ocr_carea' id='block_1_98' title="bbox 158 4717 1830 4792">
    <p class='ocr_par' dir='ltr' id='par_1_98' title="bbox 158 4717 1830 4792">
     <span class='ocr_line' id='line_1_98' title="bbox 158 4717 1830 4792; baseline -0.002 -21"><span class='ocrx_word' id='word_1_749' title='bbox 158 4717 244 4792; x_wconf 87' lang='lat' dir='ltr'>_Ca</span> <span class='ocrx_word' id='word_1_750' title='bbox 266 4718 666 4792; x_wconf 79' lang='lat' dir='ltr'>mberonensi.</span> <span class='ocrx_word' id='word_1_751' title='bbox 684 4719 833 4773; x_wconf 82' lang='lat' dir='ltr'>Sane</span> <span class='ocrx_word' id='word_1_752' title='bbox 864 4717 1077 4792; x_wconf 81' lang='lat' dir='ltr'>desunt</span> <span class='ocrx_word' id='word_1_753' title='bbox 1094 4721 1153 4774; x_wconf 92' lang='lat' dir='ltr'>in</span> <span class='ocrx_word' id='word_1_754' title='bbox 1178 4717 1830 4792; x_wconf 82' lang='lat' dir='ltr'>quatuorlibrisveteri-</span> 
     </span>
    </p>
   </div>
   <div class='ocr_carea' id='block_1_99' title="bbox 162 4789 1830 4847">
    <p class='ocr_par' dir='ltr' id='par_1_99' title="bbox 162 4789 1830 4847">
     <span class='ocr_line' id='line_1_99' title="bbox 162 4789 1830 4847; baseline -0.001 -4"><span class='ocrx_word' id='word_1_755' title='bbox 162 4790 308 4843; x_wconf 89' lang='lat' dir='ltr'>bus.</span> <span class='ocrx_word' id='word_1_756' title='bbox 345 4789 454 4844; x_wconf 86' lang='lat' dir='ltr'>Sed</span> <span class='ocrx_word' id='word_1_757' title='bbox 489 4789 775 4844; x_wconf 83' lang='lat' dir='ltr'>habentur</span> <span class='ocrx_word' id='word_1_758' title='bbox 811 4792 864 4844; x_wconf 90' lang='lat' dir='ltr'>in</span> <span class='ocrx_word' id='word_1_759' title='bbox 899 4790 1028 4846; x_wconf 89' lang='lat' dir='ltr'>aliis</span> <span class='ocrx_word' id='word_1_760' title='bbox 1058 4789 1364 4847; x_wconf 88' lang='lat' dir='ltr'>duodecim</span> <span class='ocrx_word' id='word_1_761' title='bbox 1398 4796 1455 4845; x_wconf 90' lang='lat' dir='ltr'>et</span> <span class='ocrx_word' id='word_1_762' title='bbox 1508 4791 1564 4844; x_wconf 91' lang='lat' dir='ltr'>in</span> <span class='ocrx_word' id='word_1_763' title='bbox 1600 4789 1830 4844; x_wconf 83' lang='lat' dir='ltr'>duobus</span> 
     </span>
    </p>
   </div>
   <div class='ocr_carea' id='block_1_100' title="bbox 158 4859 522 4914">
    <p class='ocr_par' dir='ltr' id='par_1_100' title="bbox 158 4859 522 4914">
     <span class='ocr_line' id='line_1_100' title="bbox 158 4859 522 4914; baseline 0.003 -1"><span class='ocrx_word' id='word_1_764' title='bbox 158 4859 522 4914; x_wconf 87' lang='lat' dir='ltr'>Bodleianis.</span> 
     </span>
    </p>
   </div>
   <div class='ocr_carea' id='block_1_101' title="bbox 235 4929 1824 5005">
    <p class='ocr_par' dir='ltr' id='par_1_101' title="bbox 235 4929 1824 5005">
     <span class='ocr_line' id='line_1_101' title="bbox 235 4929 1824 5005; baseline -0.001 -21"><span class='ocrx_word' id='word_1_765' title='bbox 235 4931 322 5001; x_wconf 82' lang='lat'>(5)</span> <span class='ocrx_word' id='word_1_766' title='bbox 348 4935 603 5005; x_wconf 53' lang='grc' dir='ltr'>φονον-ειη</span> <span class='ocrx_word' id='word_1_767' title='bbox 645 4931 928 5005; x_wconf 83' lang='lat' dir='ltr'>deponere.</span> <span class='ocrx_word' id='word_1_768' title='bbox 989 4933 1239 4987; x_wconf 88' lang='lat' dir='ltr'>Sanctus</span> <span class='ocrx_word' id='word_1_769' title='bbox 1293 4947 1450 5005; x_wconf 1' lang='lat' dir='ltr'>(papa</span> <span class='ocrx_word' id='word_1_770' title='bbox 1511 4929 1824 5001; x_wconf 86' lang='lat' dir='ltr'>Gregorius</span> 
     </span>
    </p>
   </div>
   <div class='ocr_carea' id='block_1_102' title="bbox 152 5001 1830 5076">
    <p class='ocr_par' dir='ltr' id='par_1_102' title="bbox 152 5001 1830 5076">
     <span class='ocr_line' id='line_1_102' title="bbox 152 5001 1830 5076; baseline 0.001 -21"><span class='ocrx_word' id='word_1_771' title='bbox 152 5001 220 5055; x_wconf 89' lang='lat' dir='ltr'>in</span> <span class='ocrx_word' id='word_1_772' title='bbox 251 5073 259 5076; x_wconf 23' lang='grc' dir='ltr'><strong>Α</strong></span> <span class='ocrx_word' id='word_1_773' title='bbox 288 5002 541 5072; x_wconf 88' lang='lat' dir='ltr'>epistola</span> <span class='ocrx_word' id='word_1_774' title='bbox 597 5004 668 5057; x_wconf 90' lang='lat' dir='ltr'>ad</span> <span class='ocrx_word' id='word_1_775' title='bbox 728 5008 999 5058; x_wconf 89' lang='lat' dir='ltr'>sanctum</span> <span class='ocrx_word' id='word_1_776' title='bbox 1054 5001 1450 5076; x_wconf 80' lang='lat' dir='ltr'>Augustinum</span> <span class='ocrx_word' id='word_1_777' title='bbox 1488 5019 1500 5058; x_wconf 90' lang='lat'><strong>:</strong></span> <span class='ocrx_word' id='word_1_778' title='bbox 1545 5007 1830 5076; x_wconf 63' lang='lat' dir='ltr'>Bonarum</span> 
     </span>
    </p>
   </div>
   <div class='ocr_carea' id='block_1_103' title="bbox 148 5071 1825 5145">
    <p class='ocr_par' dir='ltr' id='par_1_103' title="bbox 148 5071 1825 5145">
     <span class='ocr_line' id='line_1_103' title="bbox 148 5071 1825 5145; baseline -0.001 -18"><span class='ocrx_word' id='word_1_779' title='bbox 148 5071 372 5144; x_wconf 80' lang='lat' dir='ltr'>quippe</span> <span class='ocrx_word' id='word_1_780' title='bbox 400 5075 669 5128; x_wconf 82' lang='lat' dir='ltr'>mentium</span> <span class='ocrx_word' id='word_1_781' title='bbox 699 5083 778 5128; x_wconf 80' lang='lat' dir='ltr'>est</span> <span class='ocrx_word' id='word_1_782' title='bbox 809 5076 889 5129; x_wconf 88' lang='lat' dir='ltr'>ibi</span> <span class='ocrx_word' id='word_1_783' title='bbox 916 5071 1470 5145; x_wconf 39' lang='lat' dir='ltr'>culpamvagnoscere</span> <span class='ocrx_word' id='word_1_784' title='bbox 1521 5073 1615 5128; x_wconf 89' lang='lat' dir='ltr'>ubi</span> <span class='ocrx_word' id='word_1_785' title='bbox 1658 5071 1825 5145; x_wconf 86' lang='lat' dir='ltr'>culpa</span> 
     </span>
    </p>
   </div>
   <div class='ocr_carea' id='block_1_104' title="bbox 144 5144 1824 5216">
    <p class='ocr_par' dir='ltr' id='par_1_104' title="bbox 144 5144 1824 5216">
     <span class='ocr_line' id='line_1_104' title="bbox 144 5144 1824 5216; baseline 0.001 -19"><span class='ocrx_word' id='word_1_786' title='bbox 144 5161 274 5216; x_wconf 80' lang='lat' dir='ltr'>non</span> <span class='ocrx_word' id='word_1_787' title='bbox 311 5147 406 5199; x_wconf 88' lang='lat' dir='ltr'>est.</span> <span class='ocrx_word' id='word_1_788' title='bbox 435 5145 808 5200; x_wconf 89' lang='lat' dir='ltr'>Innocentius</span> <span class='ocrx_word' id='word_1_789' title='bbox 849 5146 944 5213; x_wconf 85' lang='grc' dir='ltr'>ΙΙΙ,</span> <span class='ocrx_word' id='word_1_790' title='bbox 978 5144 1130 5216; x_wconf 86' lang='lat' dir='ltr'>apud</span> <span class='ocrx_word' id='word_1_791' title='bbox 1164 5144 1434 5201; x_wconf 70' lang='lat' dir='ltr'>Beovium</span> <span class='ocrx_word' id='word_1_792' title='bbox 1467 5144 1768 5216; x_wconf 9' lang='lat' dir='ltr'>an.71206,</span> <span class='ocrx_word' id='word_1_793' title='bbox 1796 5145 1824 5214; x_wconf 67' lang='grc' dir='ltr'>ἕ</span> 
     </span>
    </p>
   </div>
   <div class='ocr_carea' id='block_1_105' title="bbox 139 5215 1822 5288">
    <p class='ocr_par' dir='ltr' id='par_1_105' title="bbox 139 5215 1822 5288">
     <span class='ocr_line' id='line_1_105' title="bbox 139 5215 1822 5288; baseline 0 -20"><span class='ocrx_word' id='word_1_794' title='bbox 139 5215 201 5282; x_wconf 86' lang='grc'>6,</span> <span class='ocrx_word' id='word_1_795' title='bbox 241 5217 542 5271; x_wconf 83' lang='lat' dir='ltr'>Bonarum</span> <span class='ocrx_word' id='word_1_796' title='bbox 571 5219 841 5272; x_wconf 86' lang='lat' dir='ltr'>mentium</span> <span class='ocrx_word' id='word_1_797' title='bbox 871 5221 950 5273; x_wconf 89' lang='lat' dir='ltr'>est</span> <span class='ocrx_word' id='word_1_798' title='bbox 981 5215 1061 5272; x_wconf 89' lang='lat' dir='ltr'>ibi</span> <span class='ocrx_word' id='word_1_799' title='bbox 1079 5221 1279 5272; x_wconf 87' lang='lat' dir='ltr'>timere</span> <span class='ocrx_word' id='word_1_800' title='bbox 1295 5218 1515 5288; x_wconf 84' lang='lat' dir='ltr'>culpam</span> <span class='ocrx_word' id='word_1_801' title='bbox 1535 5215 1632 5270; x_wconf 90' lang='lat' dir='ltr'>ubi</span> <span class='ocrx_word' id='word_1_802' title='bbox 1656 5215 1822 5286; x_wconf 82' lang='lat' dir='ltr'>culpa</span> 
     </span>
    </p>
   </div>
   <div class='ocr_carea' id='block_1_106' title="bbox 139 5287 1817 5359">
    <p class='ocr_par' dir='ltr' id='par_1_106' title="bbox 139 5287 1817 5359">
     <span class='ocr_line' id='line_1_106' title="bbox 139 5287 1817 5359; baseline 0 -19"><span class='ocrx_word' id='word_1_803' title='bbox 139 5287 399 5342; x_wconf 83' lang='lat' dir='ltr'>minime</span> <span class='ocrx_word' id='word_1_804' title='bbox 428 5290 724 5359; x_wconf 85' lang='lat' dir='ltr'>reperitur.</span> <span class='ocrx_word' id='word_1_805' title='bbox 759 5289 969 5345; x_wconf 90' lang='lat' dir='ltr'>Contra</span> <span class='ocrx_word' id='word_1_806' title='bbox 998 5287 1396 5352; x_wconf 86' lang='lat' dir='ltr'>Quintilianus</span> <span class='ocrx_word' id='word_1_807' title='bbox 1428 5287 1529 5342; x_wconf 91' lang='lat' dir='ltr'>lib.</span> <span class='ocrx_word' id='word_1_808' title='bbox 1580 5303 1657 5355; x_wconf 74' lang='lat' dir='ltr'>vr,</span> <span class='ocrx_word' id='word_1_809' title='bbox 1691 5302 1817 5355; x_wconf 91' lang='lat' dir='ltr'>cap.</span> 
     </span>
    </p>
   </div>
   <div class='ocr_carea' id='block_1_107' title="bbox 144 5359 1817 5431">
    <p class='ocr_par' dir='ltr' id='par_1_107' title="bbox 144 5359 1817 5431">
     <span class='ocr_line' id='line_1_107' title="bbox 144 5359 1817 5431; baseline 0 -19"><span class='ocrx_word' id='word_1_810' title='bbox 144 5359 222 5412; x_wconf 72' lang='lat'>4:</span> <span class='ocrx_word' id='word_1_811' title='bbox 251 5360 398 5413; x_wconf 85' lang='lat' dir='ltr'>Nam</span> <span class='ocrx_word' id='word_1_812' title='bbox 428 5360 670 5430; x_wconf 84' lang='lat' dir='ltr'>culpam,</span> <span class='ocrx_word' id='word_1_813' title='bbox 715 5363 1018 5431; x_wconf 56' lang='lat' dir='ltr'>prasertim</span> <span class='ocrx_word' id='word_1_814' title='bbox 1062 5359 1476 5431; x_wconf 82' lang='lat' dir='ltr'>deprehensam,</span> <span class='ocrx_word' id='word_1_815' title='bbox 1513 5360 1817 5431; x_wconf 80' lang='lat' dir='ltr'>pertinaci—</span> 
     </span>
    </p>
   </div>
   <div class='ocr_carea' id='block_1_108' title="bbox 141 5429 1820 5503">
    <p class='ocr_par' dir='ltr' id='par_1_108' title="bbox 141 5429 1820 5503">
     <span class='ocr_line' id='line_1_108' title="bbox 141 5429 1820 5503; baseline -0.001 -19"><span class='ocrx_word' id='word_1_816' title='bbox 141 5433 245 5484; x_wconf 83' lang='lat' dir='ltr'>ter</span> <span class='ocrx_word' id='word_1_817' title='bbox 271 5432 436 5503; x_wconf 73' lang='lat' dir='ltr'>tueri</span> <span class='ocrx_word' id='word_1_818' title='bbox 464 5432 646 5485; x_wconf 85' lang='lat' dir='ltr'>altera</span> <span class='ocrx_word' id='word_1_819' title='bbox 675 5429 832 5502; x_wconf 88' lang='lat' dir='ltr'>culpa</span> <span class='ocrx_word' id='word_1_820' title='bbox 851 5441 946 5486; x_wconf 89' lang='lat' dir='ltr'>est.</span> <span class='ocrx_word' id='word_1_821' title='bbox 969 5429 1468 5503; x_wconf 84' lang='lat' dir='ltr'>Hieronymuslib.</span> <span class='ocrx_word' id='word_1_822' title='bbox 1494 5447 1532 5499; x_wconf 80' lang='grc' dir='ltr'>ι,</span> <span class='ocrx_word' id='word_1_823' title='bbox 1565 5429 1820 5484; x_wconf 87' lang='lat' dir='ltr'>adversus</span> 
     </span>
    </p>
   </div>
   <div class='ocr_carea' id='block_1_109' title="bbox 147 5499 1821 5572">
    <p class='ocr_par' dir='ltr' id='par_1_109' title="bbox 147 5499 1821 5572">
     <span class='ocr_line' id='line_1_109' title="bbox 147 5499 1821 5572; baseline -0.001 -16"><span class='ocrx_word' id='word_1_824' title='bbox 147 5499 438 5572; x_wconf 80' lang='lat' dir='ltr'>Ruﬁnum</span> <span class='ocrx_word' id='word_1_825' title='bbox 469 5523 488 5557; x_wconf 91' lang='lat'><strong><em>:</em></strong></span> <span class='ocrx_word' id='word_1_826' title='bbox 520 5503 716 5559; x_wconf 85' lang='lat' dir='ltr'>Metius</span> <span class='ocrx_word' id='word_1_827' title='bbox 745 5499 825 5558; x_wconf 83' lang='lat' dir='ltr'>est</span> <span class='ocrx_word' id='word_1_828' title='bbox 856 5506 904 5557; x_wconf 90' lang='lat' dir='ltr'>te</span> <span class='ocrx_word' id='word_1_829' title='bbox 929 5499 1201 5571; x_wconf 64' lang='lat' dir='ltr'>paenitere</span> <span class='ocrx_word' id='word_1_830' title='bbox 1229 5502 1366 5564; x_wconf 82' lang='lat' dir='ltr'>lacti</span> <span class='ocrx_word' id='word_1_831' title='bbox 1417 5503 1500 5555; x_wconf 90' lang='lat' dir='ltr'>tui</span> <span class='ocrx_word' id='word_1_832' title='bbox 1545 5516 1710 5570; x_wconf 90' lang='lat' dir='ltr'>quam</span> <span class='ocrx_word' id='word_1_833' title='bbox 1767 5509 1821 5554; x_wconf 89' lang='lat' dir='ltr'>et</span> 
     </span>
    </p>
   </div>
   <div class='ocr_carea' id='block_1_110' title="bbox 140 5573 1818 5644">
    <p class='ocr_par' dir='ltr' id='par_1_110' title="bbox 140 5573 1818 5644">
     <span class='ocr_line' id='line_1_110' title="bbox 140 5573 1818 5644; baseline 0.001 -19"><span class='ocrx_word' id='word_1_834' title='bbox 140 5581 477 5642; x_wconf 83' lang='lat' dir='ltr'>martyrem</span> <span class='ocrx_word' id='word_1_835' title='bbox 507 5575 566 5627; x_wconf 91' lang='lat' dir='ltr'>in</span> <span class='ocrx_word' id='word_1_836' title='bbox 589 5574 869 5628; x_wconf 87' lang='lat' dir='ltr'>calumnia</span> <span class='ocrx_word' id='word_1_837' title='bbox 909 5583 961 5628; x_wconf 88' lang='lat' dir='ltr'>et</span> <span class='ocrx_word' id='word_1_838' title='bbox 1014 5573 1255 5644; x_wconf 87' lang='lat' dir='ltr'>deceptos</span> <span class='ocrx_word' id='word_1_839' title='bbox 1306 5577 1365 5628; x_wconf 85' lang='lat' dir='ltr'>in</span> <span class='ocrx_word' id='word_1_840' title='bbox 1407 5587 1592 5628; x_wconf 88' lang='lat' dir='ltr'>errore</span> <span class='ocrx_word' id='word_1_841' title='bbox 1645 5573 1818 5644; x_wconf 80' lang='lat' dir='ltr'>persi-</span> 
     </span>
    </p>
   </div>
   <div class='ocr_carea' id='block_1_111' title="bbox 1941 4717 3593 4788">
    <p class='ocr_par' dir='ltr' id='par_1_111' title="bbox 1941 4717 3593 4788">
     <span class='ocr_line' id='line_1_111' title="bbox 1941 4717 3593 4788; baseline 0.002 -19"><span class='ocrx_word' id='word_1_842' title='bbox 1941 4717 2217 4787; x_wconf 88' lang='lat' dir='ltr'>gustinus</span> <span class='ocrx_word' id='word_1_843' title='bbox 2249 4734 2517 4772; x_wconf 88' lang='lat' dir='ltr'>sermone</span> <span class='ocrx_word' id='word_1_844' title='bbox 2542 4734 2702 4777; x_wconf 61' lang='lat' dir='ltr'>ccxx.</span> <span class='ocrx_word' id='word_1_845' title='bbox 2739 4719 2808 4773; x_wconf 89' lang='lat' dir='ltr'>de</span> <span class='ocrx_word' id='word_1_846' title='bbox 2831 4719 3019 4773; x_wconf 88' lang='lat' dir='ltr'>verbis</span> <span class='ocrx_word' id='word_1_847' title='bbox 3051 4719 3309 4788; x_wconf 83' lang='lat' dir='ltr'>Apostoli</span> <span class='ocrx_word' id='word_1_848' title='bbox 3342 4737 3358 4772; x_wconf 87' lang='lat'><em>:</em></span> <span class='ocrx_word' id='word_1_849' title='bbox 3393 4720 3593 4772; x_wconf 83' lang='lat' dir='ltr'>Huma-</span> 
     </span>
    </p>
   </div>
   <div class='ocr_carea' id='block_1_112' title="bbox 1940 4789 3593 4861">
    <p class='ocr_par' dir='ltr' id='par_1_112' title="bbox 1940 4789 3593 4861">
     <span class='ocr_line' id='line_1_112' title="bbox 1940 4789 3593 4861; baseline 0.002 -20"><span class='ocrx_word' id='word_1_850' title='bbox 1940 4803 2076 4842; x_wconf 86' lang='lat' dir='ltr'>num</span> <span class='ocrx_word' id='word_1_851' title='bbox 2089 4789 2199 4856; x_wconf 82' lang='lat' dir='ltr'>fuit</span> <span class='ocrx_word' id='word_1_852' title='bbox 2219 4804 2453 4844; x_wconf 85' lang='lat' dir='ltr'>errasse.</span> <span class='ocrx_word' id='word_1_853' title='bbox 2489 4790 2832 4844; x_wconf 85' lang='lat' dir='ltr'>Diabolicum</span> <span class='ocrx_word' id='word_1_854' title='bbox 2863 4800 2942 4845; x_wconf 88' lang='lat' dir='ltr'>est</span> <span class='ocrx_word' id='word_1_855' title='bbox 2971 4806 3068 4861; x_wconf 89' lang='lat' dir='ltr'>per</span> <span class='ocrx_word' id='word_1_856' title='bbox 3096 4792 3506 4845; x_wconf 84' lang='lat' dir='ltr'>animositatem</span> <span class='ocrx_word' id='word_1_857' title='bbox 3534 4793 3593 4845; x_wconf 91' lang='lat' dir='ltr'>in</span> 
     </span>
    </p>
   </div>
   <div class='ocr_carea' id='block_1_113' title="bbox 1939 4861 3591 4932">
    <p class='ocr_par' dir='ltr' id='par_1_113' title="bbox 1939 4861 3591 4932">
     <span class='ocr_line' id='line_1_113' title="bbox 1939 4861 3591 4932; baseline 0.001 -20"><span class='ocrx_word' id='word_1_858' title='bbox 1939 4874 2131 4932; x_wconf 67' lang='lat' dir='ltr'>errore</span> <span class='ocrx_word' id='word_1_859' title='bbox 2163 4875 2401 4915; x_wconf 86' lang='lat' dir='ltr'>manere.</span> <span class='ocrx_word' id='word_1_860' title='bbox 2438 4861 2699 4932; x_wconf 90' lang='lat' dir='ltr'>ldipsum</span> <span class='ocrx_word' id='word_1_861' title='bbox 2725 4878 2958 4932; x_wconf 88' lang='lat' dir='ltr'>quoque</span> <span class='ocrx_word' id='word_1_862' title='bbox 2981 4861 3126 4916; x_wconf 85' lang='lat' dir='ltr'>dixit</span> <span class='ocrx_word' id='word_1_863' title='bbox 3157 4867 3395 4932; x_wconf 88' lang='lat' dir='ltr'>sanctus</span> <span class='ocrx_word' id='word_1_864' title='bbox 3412 4861 3591 4915; x_wconf 89' lang='lat' dir='ltr'>Joan-</span> 
     </span>
    </p>
   </div>
   <div class='ocr_carea' id='block_1_114' title="bbox 1940 4928 3586 5004">
    <p class='ocr_par' dir='ltr' id='par_1_114' title="bbox 1940 4928 3586 5004">
     <span class='ocr_line' id='line_1_114' title="bbox 1940 4928 3586 5004; baseline 0.001 -20"><span class='ocrx_word' id='word_1_865' title='bbox 1940 4946 2043 4984; x_wconf 90' lang='lat' dir='ltr'>nes</span> <span class='ocrx_word' id='word_1_866' title='bbox 2075 4928 2614 5004; x_wconf 62' lang='lat' dir='ltr'>Cbrysostomusin</span> <span class='ocrx_word' id='word_1_867' title='bbox 2643 4928 2921 5004; x_wconf 41' lang='lat' dir='ltr'>paresne—si</span> <span class='ocrx_word' id='word_1_868' title='bbox 2981 4933 3169 5004; x_wconf 87' lang='lat' dir='ltr'>prima</span> <span class='ocrx_word' id='word_1_869' title='bbox 3217 4933 3284 4986; x_wconf 84' lang='lat' dir='ltr'>ad</span> <span class='ocrx_word' id='word_1_870' title='bbox 3321 4931 3586 5004; x_wconf 80' lang='lat' dir='ltr'>Theodo-</span> 
     </span>
    </p>
   </div>
   <div class='ocr_carea' id='block_1_115' title="bbox 1939 5001 3594 5074">
    <p class='ocr_par' dir='ltr' id='par_1_115' title="bbox 1939 5001 3594 5074">
     <span class='ocr_line' id='line_1_115' title="bbox 1939 5001 3594 5074; baseline 0.001 -20"><span class='ocrx_word' id='word_1_871' title='bbox 1939 5016 2066 5055; x_wconf 89' lang='lat' dir='ltr'>rum</span> <span class='ocrx_word' id='word_1_872' title='bbox 2099 5001 2332 5074; x_wconf 85' lang='lat' dir='ltr'>lapsum</span> <span class='ocrx_word' id='word_1_873' title='bbox 2369 5019 2381 5056; x_wconf 88' lang='lat'>:</span> <span class='ocrx_word' id='word_1_874' title='bbox 2415 5005 2554 5058; x_wconf 84' lang='lat' dir='ltr'>Nam</span> <span class='ocrx_word' id='word_1_875' title='bbox 2582 5001 3594 5074; x_wconf 74' lang='lat' dir='ltr'>peccasseesthumanum,perdurasse</span> 
     </span>
    </p>
   </div>
   <div class='ocr_carea' id='block_1_116' title="bbox 1937 5073 3590 5144">
    <p class='ocr_par' dir='ltr' id='par_1_116' title="bbox 1937 5073 3590 5144">
     <span class='ocr_line' id='line_1_116' title="bbox 1937 5073 3590 5144; baseline 0.001 -20"><span class='ocrx_word' id='word_1_876' title='bbox 1937 5077 2126 5144; x_wconf 87' lang='lat' dir='ltr'>autem</span> <span class='ocrx_word' id='word_1_877' title='bbox 2151 5073 2207 5127; x_wconf 87' lang='lat' dir='ltr'>in</span> <span class='ocrx_word' id='word_1_878' title='bbox 2239 5075 2468 5143; x_wconf 87' lang='lat' dir='ltr'>ﬂagitiis</span> <span class='ocrx_word' id='word_1_879' title='bbox 2493 5092 2599 5131; x_wconf 88' lang='lat' dir='ltr'>non</span> <span class='ocrx_word' id='word_1_880' title='bbox 2642 5076 2951 5131; x_wconf 82' lang='lat' dir='ltr'>humanum</span> <span class='ocrx_word' id='word_1_881' title='bbox 2997 5079 3095 5137; x_wconf 88' lang='lat' dir='ltr'>est.</span> <span class='ocrx_word' id='word_1_882' title='bbox 3127 5076 3222 5129; x_wconf 89' lang='lat' dir='ltr'>sed</span> <span class='ocrx_word' id='word_1_883' title='bbox 3248 5075 3436 5144; x_wconf 85' lang='lat' dir='ltr'>potius</span> <span class='ocrx_word' id='word_1_884' title='bbox 3460 5073 3590 5127; x_wconf 88' lang='lat' dir='ltr'>dia-</span> 
     </span>
    </p>
   </div>
   <div class='ocr_carea' id='block_1_117' title="bbox 1937 5143 3586 5217">
    <p class='ocr_par' dir='ltr' id='par_1_117' title="bbox 1937 5143 3586 5217">
     <span class='ocr_line' id='line_1_117' title="bbox 1937 5143 3586 5217; baseline -0.001 -19"><span class='ocrx_word' id='word_1_885' title='bbox 1937 5143 2191 5217; x_wconf 67' lang='lat' dir='ltr'>bolicum.</span> <span class='ocrx_word' id='word_1_886' title='bbox 2225 5147 2364 5201; x_wconf 90' lang='lat' dir='ltr'>[tem</span> <span class='ocrx_word' id='word_1_887' title='bbox 2390 5148 2779 5217; x_wconf 82' lang='lat' dir='ltr'>Augustinus,</span> <span class='ocrx_word' id='word_1_888' title='bbox 2815 5147 2872 5201; x_wconf 91' lang='lat' dir='ltr'>in</span> <span class='ocrx_word' id='word_1_889' title='bbox 2899 5146 3145 5217; x_wconf 85' lang='lat' dir='ltr'>epistola</span> <span class='ocrx_word' id='word_1_890' title='bbox 3197 5143 3267 5200; x_wconf 85' lang='lat' dir='ltr'>ad</span> <span class='ocrx_word' id='word_1_891' title='bbox 3303 5145 3586 5199; x_wconf 87' lang='lat' dir='ltr'>Celerem:</span> 
     </span>
    </p>
   </div>
   <div class='ocr_carea' id='block_1_118' title="bbox 1935 5215 3586 5286">
    <p class='ocr_par' dir='ltr' id='par_1_118' title="bbox 1935 5215 3586 5286">
     <span class='ocr_line' id='line_1_118' title="bbox 1935 5215 3586 5286; baseline -0.001 -17"><span class='ocrx_word' id='word_1_892' title='bbox 1935 5215 2106 5286; x_wconf 87' lang='lat' dir='ltr'>Turpe</span> <span class='ocrx_word' id='word_1_893' title='bbox 2130 5219 2208 5272; x_wconf 87' lang='lat' dir='ltr'>est</span> <span class='ocrx_word' id='word_1_894' title='bbox 2227 5221 2448 5272; x_wconf 87' lang='lat' dir='ltr'>mutare</span> <span class='ocrx_word' id='word_1_895' title='bbox 2476 5215 2824 5284; x_wconf 77' lang='lat' dir='ltr'>sententiam,</span> <span class='ocrx_word' id='word_1_896' title='bbox 2859 5215 2953 5273; x_wconf 86' lang='lat' dir='ltr'>sed</span> <span class='ocrx_word' id='word_1_897' title='bbox 2991 5233 3180 5272; x_wconf 83' lang='lat' dir='ltr'>veram</span> <span class='ocrx_word' id='word_1_898' title='bbox 3228 5220 3280 5270; x_wconf 89' lang='lat' dir='ltr'>et</span> <span class='ocrx_word' id='word_1_899' title='bbox 3335 5224 3586 5281; x_wconf 88' lang='lat' dir='ltr'>rectam;</span> 
     </span>
    </p>
   </div>
   <div class='ocr_carea' id='block_1_119' title="bbox 1930 5287 3588 5352">
    <p class='ocr_par' dir='ltr' id='par_1_119' title="bbox 1930 5287 3588 5352">
     <span class='ocr_line' id='line_1_119' title="bbox 1930 5287 3588 5352; baseline -0.002 -11"><span class='ocrx_word' id='word_1_900' title='bbox 1930 5303 2062 5342; x_wconf 89' lang='lat' dir='ltr'>nam</span> <span class='ocrx_word' id='word_1_901' title='bbox 2082 5289 2306 5343; x_wconf 85' lang='lat' dir='ltr'>stultam</span> <span class='ocrx_word' id='word_1_902' title='bbox 2331 5293 2381 5343; x_wconf 89' lang='lat' dir='ltr'>et</span> <span class='ocrx_word' id='word_1_903' title='bbox 2434 5291 2659 5344; x_wconf 74' lang='lat' dir='ltr'>noxiam</span> <span class='ocrx_word' id='word_1_904' title='bbox 2707 5297 2757 5344; x_wconf 91' lang='lat' dir='ltr'>et</span> <span class='ocrx_word' id='word_1_905' title='bbox 2812 5289 3090 5344; x_wconf 87' lang='lat' dir='ltr'>laudabile</span> <span class='ocrx_word' id='word_1_906' title='bbox 3119 5291 3172 5341; x_wconf 85' lang='lat' dir='ltr'>et</span> <span class='ocrx_word' id='word_1_907' title='bbox 3228 5287 3463 5342; x_wconf 85' lang='lat' dir='ltr'>salubre</span> <span class='ocrx_word' id='word_1_908' title='bbox 3492 5294 3588 5352; x_wconf 84' lang='lat' dir='ltr'>est,</span> 
     </span>
    </p>
   </div>
   <div class='ocr_carea' id='block_1_120' title="bbox 1932 5357 3585 5430">
    <p class='ocr_par' dir='ltr' id='par_1_120' title="bbox 1932 5357 3585 5430">
     <span class='ocr_line' id='line_1_120' title="bbox 1932 5357 3585 5430; baseline -0.001 -18"><span class='ocrx_word' id='word_1_909' title='bbox 1932 5357 2080 5413; x_wconf 87' lang='lat' dir='ltr'>Sicut</span> <span class='ocrx_word' id='word_1_910' title='bbox 2100 5363 2286 5414; x_wconf 88' lang='lat' dir='ltr'>autem</span> <span class='ocrx_word' id='word_1_911' title='bbox 2310 5362 2621 5414; x_wconf 84' lang='lat' dir='ltr'>constantia</span> <span class='ocrx_word' id='word_1_912' title='bbox 2653 5376 2764 5414; x_wconf 89' lang='lat' dir='ltr'>non</span> <span class='ocrx_word' id='word_1_913' title='bbox 2791 5361 2927 5414; x_wconf 85' lang='lat' dir='ltr'>sinit</span> <span class='ocrx_word' id='word_1_914' title='bbox 2958 5361 3234 5414; x_wconf 85' lang='lat' dir='ltr'>hominem</span> <span class='ocrx_word' id='word_1_915' title='bbox 3264 5359 3585 5430; x_wconf 86' lang='lat' dir='ltr'>depravari,</span> 
     </span>
    </p>
   </div>
   <div class='ocr_carea' id='block_1_121' title="bbox 1927 5432 2903 5502">
    <p class='ocr_par' dir='ltr' id='par_1_121' title="bbox 1927 5432 2903 5502">
     <span class='ocr_line' id='line_1_121' title="bbox 1927 5432 2903 5502; baseline 0 -18"><span class='ocrx_word' id='word_1_916' title='bbox 1927 5432 2009 5486; x_wconf 83' lang='lat' dir='ltr'>sic</span> <span class='ocrx_word' id='word_1_917' title='bbox 2034 5432 2343 5502; x_wconf 87' lang='lat' dir='ltr'>pertinacia</span> <span class='ocrx_word' id='word_1_918' title='bbox 2364 5448 2475 5485; x_wconf 83' lang='lat' dir='ltr'>non</span> <span class='ocrx_word' id='word_1_919' title='bbox 2514 5433 2650 5486; x_wconf 87' lang='lat' dir='ltr'>sinit</span> <span class='ocrx_word' id='word_1_920' title='bbox 2675 5433 2903 5498; x_wconf 86' lang='lat' dir='ltr'>corrigi.</span> 
     </span>
    </p>
   </div>
   <div class='ocr_carea' id='block_1_122' title="bbox 1999 5499 3588 5574">
    <p class='ocr_par' dir='ltr' id='par_1_122' title="bbox 1999 5499 3588 5574">
     <span class='ocr_line' id='line_1_122' title="bbox 1999 5499 3588 5574; baseline -0.001 -19"><span class='ocrx_word' id='word_1_921' title='bbox 1999 5499 2074 5574; x_wconf 88' lang='lat'>(6)</span> <span class='ocrx_word' id='word_1_922' title='bbox 2105 5502 2870 5574; x_wconf 84' lang='lat' dir='ltr'>Si...canalis.Hieronymus</span> <span class='ocrx_word' id='word_1_923' title='bbox 2893 5499 3214 5574; x_wconf 13' lang='lat' dir='ltr'>inrepistola</span> <span class='ocrx_word' id='word_1_924' title='bbox 3238 5500 3308 5554; x_wconf 83' lang='lat' dir='ltr'>ad</span> <span class='ocrx_word' id='word_1_925' title='bbox 3331 5503 3588 5574; x_wconf 83' lang='lat' dir='ltr'>Marcum</span> 
     </span>
    </p>
   </div>
   <div class='ocr_carea' id='block_1_123' title="bbox 1929 5569 3589 5641">
    <p class='ocr_par' dir='ltr' id='par_1_123' title="bbox 1929 5569 3589 5641">
     <span class='ocr_line' id='line_1_123' title="bbox 1929 5569 3589 5641; baseline 0 -15"><span class='ocrx_word' id='word_1_926' title='bbox 1929 5569 2272 5628; x_wconf 77' lang='lat' dir='ltr'>Celedensem</span> <span class='ocrx_word' id='word_1_927' title='bbox 2307 5589 2319 5627; x_wconf 92' lang='lat'>:</span> <span class='ocrx_word' id='word_1_928' title='bbox 2354 5572 2414 5627; x_wconf 90' lang='lat' dir='ltr'>Si</span> <span class='ocrx_word' id='word_1_929' title='bbox 2449 5576 2604 5629; x_wconf 88' lang='lat' dir='ltr'>rivus</span> <span class='ocrx_word' id='word_1_930' title='bbox 2653 5569 2896 5629; x_wconf 76' lang='lat' dir='ltr'>tenuiter</span> <span class='ocrx_word' id='word_1_931' title='bbox 2931 5569 3079 5641; x_wconf 84' lang='lat' dir='ltr'>ﬂuit,</span> <span class='ocrx_word' id='word_1_932' title='bbox 3133 5587 3246 5626; x_wconf 86' lang='lat' dir='ltr'>non</span> <span class='ocrx_word' id='word_1_933' title='bbox 3308 5574 3386 5627; x_wconf 88' lang='lat' dir='ltr'>est</span> <span class='ocrx_word' id='word_1_934' title='bbox 3442 5572 3589 5628; x_wconf 86' lang='lat' dir='ltr'>alvei</span> 
     </span>
    </p>
   </div>
   <div class='ocr_carea' id='block_1_124' title="bbox 143 5643 2438 5716">
    <p class='ocr_par' dir='ltr' id='par_1_124' title="bbox 143 5643 2438 5716">
     <span class='ocr_line' id='line_1_124' title="bbox 143 5643 2438 5716; baseline 0 -19"><span class='ocrx_word' id='word_1_935' title='bbox 143 5647 338 5698; x_wconf 83' lang='lat' dir='ltr'>stere.</span> <span class='ocrx_word' id='word_1_936' title='bbox 370 5648 481 5700; x_wconf 87' lang='lat' dir='ltr'>Nec</span> <span class='ocrx_word' id='word_1_937' title='bbox 506 5645 785 5700; x_wconf 86' lang='lat' dir='ltr'>erubescas</span> <span class='ocrx_word' id='word_1_938' title='bbox 814 5645 879 5700; x_wconf 87' lang='lat' dir='ltr'>de</span> <span class='ocrx_word' id='word_1_939' title='bbox 925 5643 1352 5703; x_wconf 80' lang='lat' dir='ltr'>commutatione</span> <span class='ocrx_word' id='word_1_940' title='bbox 1379 5643 1816 5700; x_wconf 62' lang='lat' dir='ltr'>sententixﬂon</span> <span class='ocrx_word' id='word_1_941' title='bbox 1923 5643 2106 5716; x_wconf 85' lang='lat' dir='ltr'>culpa,</span> <span class='ocrx_word' id='word_1_942' title='bbox 2129 5644 2222 5699; x_wconf 85' lang='lat' dir='ltr'>sed</span> <span class='ocrx_word' id='word_1_943' title='bbox 2249 5645 2438 5713; x_wconf 83' lang='lat' dir='ltr'>fontis.</span> 
     </span>
    </p>
   </div>
   <div class='ocr_carea' id='block_1_125' title="bbox 135 5716 1810 5788">
    <p class='ocr_par' dir='ltr' id='par_1_125' title="bbox 135 5716 1810 5788">
     <span class='ocr_line' id='line_1_125' title="bbox 135 5716 1810 5788; baseline 0 -19"><span class='ocrx_word' id='word_1_944' title='bbox 135 5717 232 5769; x_wconf 78' lang='lat' dir='ltr'>est</span> <span class='ocrx_word' id='word_1_945' title='bbox 270 5718 451 5771; x_wconf 72' lang='lat' dir='ltr'>tantae</span> <span class='ocrx_word' id='word_1_946' title='bbox 479 5717 823 5772; x_wconf 83' lang='lat' dir='ltr'>auctoritatis</span> <span class='ocrx_word' id='word_1_947' title='bbox 853 5719 903 5772; x_wconf 92' lang='lat' dir='ltr'>et</span> <span class='ocrx_word' id='word_1_948' title='bbox 931 5716 1110 5788; x_wconf 65' lang='lat' dir='ltr'>famae</span> <span class='ocrx_word' id='word_1_949' title='bbox 1134 5722 1192 5773; x_wconf 88' lang='lat' dir='ltr'>ut</span> <span class='ocrx_word' id='word_1_950' title='bbox 1208 5732 1428 5775; x_wconf 84' lang='lat' dir='ltr'>errasse</span> <span class='ocrx_word' id='word_1_951' title='bbox 1455 5716 1810 5786; x_wconf 69' lang='lat' dir='ltr'>tepaeniteat.</span> 
     </span>
    </p>
   </div>
  </div>
