  <div class='ocr_page' id='page_1' title='image "/cluster/home/n/w/nwhite01/storage/ocr_20150623/3/hvd.32044073549586/645.png"; bbox 0 0 4040 6178; ppageno 0'>
   <div class='ocr_carea' id='block_1_1' title="bbox 514 300 669 361">
    <p class='ocr_par' dir='ltr' id='par_1_1' title="bbox 514 300 669 361">
     <span class='ocr_line' id='line_1_1' title="bbox 514 300 669 361; baseline 0.026 -4"><span class='ocrx_word' id='word_1_1' title='bbox 514 300 669 361; x_wconf 81' lang='lat' dir='ltr'><strong>H83</strong></span> 
     </span>
    </p>
   </div>
   <div class='ocr_carea' id='block_1_2' title="bbox 1570 300 2860 363">
    <p class='ocr_par' dir='ltr' id='par_1_2' title="bbox 1570 300 2860 363">
     <span class='ocr_line' id='line_1_2' title="bbox 1570 300 2860 363; baseline 0.001 -3"><span class='ocrx_word' id='word_1_2' title='bbox 1570 300 1673 361; x_wconf 87' lang='lat' dir='ltr'><strong>DE</strong></span> <span class='ocrx_word' id='word_1_3' title='bbox 1716 300 2312 363; x_wconf 65' lang='lat' dir='ltr'><strong>HEBETICORUM</strong></span> <span class='ocrx_word' id='word_1_4' title='bbox 2353 300 2860 362; x_wconf 78' lang='lat' dir='ltr'><strong>BAPTISMATE</strong></span> 
     </span>
    </p>
   </div>
   <div class='ocr_carea' id='block_1_3' title="bbox 3752 301 3888 362">
    <p class='ocr_par' dir='ltr' id='par_1_3' title="bbox 3752 301 3888 362">
     <span class='ocr_line' id='line_1_3' title="bbox 3752 301 3888 362; baseline 0 -1"><span class='ocrx_word' id='word_1_5' title='bbox 3752 301 3888 362; x_wconf 75' lang='grc'>1184</span> 
     </span>
    </p>
   </div>
   <div class='ocr_carea' id='block_1_4' title="bbox 514 431 3890 508">
    <p class='ocr_par' dir='ltr' id='par_1_4' title="bbox 514 431 3890 508">
     <span class='ocr_line' id='line_1_4' title="bbox 514 431 3890 508; baseline 0.001 -20"><span class='ocrx_word' id='word_1_6' title='bbox 514 431 706 488; x_wconf 88' lang='lat' dir='ltr'><strong>solum</strong></span> <span class='ocrx_word' id='word_1_7' title='bbox 738 433 1035 504; x_wconf 88' lang='lat' dir='ltr'><strong>baptisma</strong></span> <span class='ocrx_word' id='word_1_8' title='bbox 1065 433 1241 490; x_wconf 88' lang='lat' dir='ltr'><strong>unius</strong></span> <span class='ocrx_word' id='word_1_9' title='bbox 1289 432 1558 490; x_wconf 76' lang='lat' dir='ltr'><strong>Ecclesiaa</strong></span> <span class='ocrx_word' id='word_1_10' title='bbox 1607 437 1818 492; x_wconf 88' lang='lat' dir='ltr'><strong>salvari</strong></span> <span class='ocrx_word' id='word_1_11' title='bbox 1878 453 1984 492; x_wconf 89' lang='lat' dir='ltr'><strong>nos</strong></span> <span class='ocrx_word' id='word_1_12' title='bbox 2043 453 2159 492; x_wconf 89' lang='lat' dir='ltr'><strong>non</strong></span> <span class='ocrx_word' id='word_1_13' title='bbox 2191 435 2245 502; x_wconf 80' lang='grc' dir='ltr'><strong>Α</strong></span> <span class='ocrx_word' id='word_1_14' title='bbox 2345 435 2484 490; x_wconf 88' lang='lat' dir='ltr'><strong>XlL.</strong></span> <span class='ocrx_word' id='word_1_15' title='bbox 2518 435 2872 491; x_wconf 85' lang='lat' dir='ltr'><strong>Observatur</strong></span> <span class='ocrx_word' id='word_1_16' title='bbox 2897 435 3149 508; x_wconf 83' lang='lat' dir='ltr'><strong>itaquea</strong></span> <span class='ocrx_word' id='word_1_17' title='bbox 3177 435 3349 492; x_wconf 91' lang='lat' dir='ltr'><strong>nobis</strong></span> <span class='ocrx_word' id='word_1_18' title='bbox 3375 440 3434 491; x_wconf 87' lang='lat' dir='ltr'><strong>et</strong></span> <span class='ocrx_word' id='word_1_19' title='bbox 3462 440 3712 507; x_wconf 78' lang='lat' dir='ltr'><strong>tenetur,</strong></span> <span class='ocrx_word' id='word_1_20' title='bbox 3742 439 3890 492; x_wconf 81' lang='lat' dir='ltr'><strong>frater</strong></span> 
     </span>
    </p>
   </div>
   <div class='ocr_carea' id='block_1_5' title="bbox 515 523 2160 595">
    <p class='ocr_par' dir='ltr' id='par_1_5' title="bbox 515 523 2160 595">
     <span class='ocr_line' id='line_1_5' title="bbox 515 523 2160 595; baseline 0.004 -21"><span class='ocrx_word' id='word_1_21' title='bbox 515 537 704 591; x_wconf 82' lang='lat' dir='ltr'><strong>posse.</strong></span> <span class='ocrx_word' id='word_1_22' title='bbox 737 523 793 576; x_wconf 86' lang='lat' dir='ltr'><strong>In</strong></span> <span class='ocrx_word' id='word_1_23' title='bbox 828 539 977 586; x_wconf 88' lang='lat' dir='ltr'><strong>arca,</strong></span> <span class='ocrx_word' id='word_1_24' title='bbox 1011 523 1225 594; x_wconf 86' lang='lat' dir='ltr'><strong>inquit,</strong></span> <span class='ocrx_word' id='word_1_25' title='bbox 1248 525 1357 578; x_wconf 86' lang='lat' dir='ltr'><strong>Noe</strong></span> <span class='ocrx_word' id='word_1_26' title='bbox 1383 526 1568 595; x_wconf 88' lang='lat' dir='ltr'><strong>pauci,</strong></span> <span class='ocrx_word' id='word_1_27' title='bbox 1600 525 1658 579; x_wconf 88' lang='lat' dir='ltr'><strong>id</strong></span> <span class='ocrx_word' id='word_1_28' title='bbox 1679 530 1776 591; x_wconf 87' lang='lat' dir='ltr'><strong>est,</strong></span> <span class='ocrx_word' id='word_1_29' title='bbox 1811 534 1926 581; x_wconf 89' lang='lat' dir='ltr'><strong>octo</strong></span> <span class='ocrx_word' id='word_1_30' title='bbox 1957 528 2160 581; x_wconf 68' lang='lat' dir='ltr'><strong>animm</strong></span> 
     </span>
    </p>
   </div>
   <div class='ocr_carea' id='block_1_6' title="bbox 513 611 2162 686">
    <p class='ocr_par' dir='ltr' id='par_1_6' title="bbox 513 611 2162 686">
     <span class='ocr_line' id='line_1_6' title="bbox 513 611 2162 686; baseline 0.004 -22"><span class='ocrx_word' id='word_1_31' title='bbox 513 611 797 666; x_wconf 83' lang='lat' dir='ltr'><strong>hominum</strong></span> <span class='ocrx_word' id='word_1_32' title='bbox 819 613 895 683; x_wconf 88' lang='grc'>(7)</span> <span class='ocrx_word' id='word_1_33' title='bbox 916 612 1087 668; x_wconf 71' lang='lat' dir='ltr'><strong>salvae</strong></span> <span class='ocrx_word' id='word_1_34' title='bbox 1124 616 1288 683; x_wconf 67' lang='lat' dir='ltr'><strong>facta?</strong></span> <span class='ocrx_word' id='word_1_35' title='bbox 1335 618 1465 670; x_wconf 89' lang='lat' dir='ltr'><strong>sunt</strong></span> <span class='ocrx_word' id='word_1_36' title='bbox 1507 631 1613 685; x_wconf 84' lang='lat' dir='ltr'><strong>per</strong></span> <span class='ocrx_word' id='word_1_37' title='bbox 1656 633 1874 686; x_wconf 88' lang='lat' dir='ltr'><strong>aquam,</strong></span> <span class='ocrx_word' id='word_1_38' title='bbox 1909 617 2056 686; x_wconf 87' lang='lat' dir='ltr'><strong>quod</strong></span> <span class='ocrx_word' id='word_1_39' title='bbox 2107 624 2162 670; x_wconf 87' lang='lat' dir='ltr'><strong>et</strong></span> 
     </span>
    </p>
   </div>
   <div class='ocr_carea' id='block_1_7' title="bbox 509 700 2158 776">
    <p class='ocr_par' dir='ltr' id='par_1_7' title="bbox 509 700 2158 776">
     <span class='ocr_line' id='line_1_7' title="bbox 509 700 2158 776; baseline 0.003 -23"><span class='ocrx_word' id='word_1_40' title='bbox 509 716 600 754; x_wconf 82' lang='lat' dir='ltr'><strong>vos</strong></span> <span class='ocrx_word' id='word_1_41' title='bbox 620 700 880 755; x_wconf 77' lang='lat' dir='ltr'><strong>similiter</strong></span> <span class='ocrx_word' id='word_1_42' title='bbox 906 702 1084 756; x_wconf 80' lang='lat' dir='ltr'><strong>salvos</strong></span> <span class='ocrx_word' id='word_1_43' title='bbox 1139 703 1308 771; x_wconf 80' lang='lat' dir='ltr'><strong>faciet</strong></span> <span class='ocrx_word' id='word_1_44' title='bbox 1352 705 1619 776; x_wconf 85' lang='lat' dir='ltr'><strong>baptisma</strong></span> <span class='ocrx_word' id='word_1_45' title='bbox 1650 707 1698 774; x_wconf 89' lang='lat' dir='ltr'><strong>(I</strong></span> <span class='ocrx_word' id='word_1_46' title='bbox 1744 709 1890 760; x_wconf 84' lang='lat' dir='ltr'><strong>Petr.</strong></span> <span class='ocrx_word' id='word_1_47' title='bbox 1925 721 2008 770; x_wconf 86' lang='grc' dir='ltr'>ιιι,</span> <span class='ocrx_word' id='word_1_48' title='bbox 2067 705 2158 774; x_wconf 82' lang='grc'><strong>20,</strong></span> 
     </span>
    </p>
   </div>
   <div class='ocr_carea' id='block_1_8' title="bbox 508 788 2158 865">
    <p class='ocr_par' dir='ltr' id='par_1_8' title="bbox 508 788 2158 865">
     <span class='ocr_line' id='line_1_8' title="bbox 508 788 2158 865; baseline 0.004 -23"><span class='ocrx_word' id='word_1_49' title='bbox 508 788 621 858; x_wconf 84' lang='grc'>21).</span> <span class='ocrx_word' id='word_1_50' title='bbox 654 789 838 851; x_wconf 88' lang='lat' dir='ltr'><strong>Quam</strong></span> <span class='ocrx_word' id='word_1_51' title='bbox 872 789 1030 844; x_wconf 83' lang='lat' dir='ltr'><strong>brevi</strong></span> <span class='ocrx_word' id='word_1_52' title='bbox 1052 795 1106 844; x_wconf 89' lang='lat' dir='ltr'><strong>et</strong></span> <span class='ocrx_word' id='word_1_53' title='bbox 1129 791 1378 862; x_wconf 78' lang='lat' dir='ltr'><strong>spiritali</strong></span> <span class='ocrx_word' id='word_1_54' title='bbox 1413 793 1760 865; x_wconf 90' lang='lat' dir='ltr'><strong>compendio</strong></span> <span class='ocrx_word' id='word_1_55' title='bbox 1793 793 2036 849; x_wconf 85' lang='lat' dir='ltr'><strong>unitatis</strong></span> <span class='ocrx_word' id='word_1_56' title='bbox 2065 809 2158 848; x_wconf 83' lang='lat' dir='ltr'><strong>sa-</strong></span> 
     </span>
    </p>
   </div>
   <div class='ocr_carea' id='block_1_9' title="bbox 509 879 2160 940">
    <p class='ocr_par' dir='ltr' id='par_1_9' title="bbox 509 879 2160 940">
     <span class='ocr_line' id='line_1_9' title="bbox 509 879 2160 940; baseline 0.002 -8"><span class='ocrx_word' id='word_1_57' title='bbox 509 883 876 932; x_wconf 82' lang='lat' dir='ltr'><strong>cramentum</strong></span> <span class='ocrx_word' id='word_1_58' title='bbox 911 879 1342 936; x_wconf 83' lang='lat' dir='ltr'><strong>manifestavit!</strong></span> <span class='ocrx_word' id='word_1_59' title='bbox 1380 883 1525 940; x_wconf 88' lang='lat' dir='ltr'><strong>Nam</strong></span> <span class='ocrx_word' id='word_1_60' title='bbox 1568 887 1632 937; x_wconf 91' lang='lat' dir='ltr'><strong>ut</strong></span> <span class='ocrx_word' id='word_1_61' title='bbox 1684 882 1745 937; x_wconf 91' lang='lat' dir='ltr'><strong>in</strong></span> <span class='ocrx_word' id='word_1_62' title='bbox 1798 881 1896 938; x_wconf 91' lang='lat' dir='ltr'><strong>illo</strong></span> <span class='ocrx_word' id='word_1_63' title='bbox 1954 881 2160 937; x_wconf 90' lang='lat' dir='ltr'><strong>mundi</strong></span> 
     </span>
    </p>
   </div>
   <div class='ocr_carea' id='block_1_10' title="bbox 512 965 2158 1044">
    <p class='ocr_par' dir='ltr' id='par_1_10' title="bbox 512 965 2158 1044">
     <span class='ocr_line' id='line_1_10' title="bbox 512 965 2158 1044; baseline 0.003 -24"><span class='ocrx_word' id='word_1_64' title='bbox 512 965 826 1036; x_wconf 88' lang='lat' dir='ltr'><strong>baptismo,</strong></span> <span class='ocrx_word' id='word_1_65' title='bbox 859 967 1264 1038; x_wconf 90' lang='lat' dir='ltr'><strong>quoiniquitas</strong></span> <span class='ocrx_word' id='word_1_66' title='bbox 1290 971 1534 1044; x_wconf 87' lang='lat' dir='ltr'><strong>antiqua</strong></span> <span class='ocrx_word' id='word_1_67' title='bbox 1564 977 1812 1043; x_wconf 85' lang='lat' dir='ltr'><strong>purgata</strong></span> <span class='ocrx_word' id='word_1_68' title='bbox 1837 976 1946 1035; x_wconf 90' lang='lat' dir='ltr'><strong>est,</strong></span> <span class='ocrx_word' id='word_1_69' title='bbox 1979 970 2158 1042; x_wconf 84' lang='lat' dir='ltr'><strong>quiin</strong></span> 
     </span>
    </p>
   </div>
   <div class='ocr_carea' id='block_1_11' title="bbox 512 1054 2160 1132">
    <p class='ocr_par' dir='ltr' id='par_1_11' title="bbox 512 1054 2160 1132">
     <span class='ocr_line' id='line_1_11' title="bbox 512 1054 2160 1132; baseline 0.007 -25"><span class='ocrx_word' id='word_1_70' title='bbox 512 1069 647 1107; x_wconf 89' lang='lat' dir='ltr'><strong>arca</strong></span> <span class='ocrx_word' id='word_1_71' title='bbox 675 1054 789 1109; x_wconf 86' lang='lat' dir='ltr'><strong>Noe</strong></span> <span class='ocrx_word' id='word_1_72' title='bbox 826 1071 940 1109; x_wconf 89' lang='lat' dir='ltr'><strong>non</strong></span> <span class='ocrx_word' id='word_1_73' title='bbox 972 1055 1101 1121; x_wconf 86' lang='lat' dir='ltr'><strong>fuit,</strong></span> <span class='ocrx_word' id='word_1_74' title='bbox 1137 1074 1249 1113; x_wconf 90' lang='lat' dir='ltr'><strong>non</strong></span> <span class='ocrx_word' id='word_1_75' title='bbox 1283 1061 1472 1130; x_wconf 90' lang='lat' dir='ltr'><strong>potuit</strong></span> <span class='ocrx_word' id='word_1_76' title='bbox 1507 1077 1610 1132; x_wconf 90' lang='lat' dir='ltr'><strong>per</strong></span> <span class='ocrx_word' id='word_1_77' title='bbox 1641 1077 1852 1131; x_wconf 84' lang='lat' dir='ltr'><strong>aquam</strong></span> <span class='ocrx_word' id='word_1_78' title='bbox 1901 1060 2160 1118; x_wconf 78' lang='lat' dir='ltr'><strong>salvatus</strong></span> 
     </span>
    </p>
   </div>
   <div class='ocr_carea' id='block_1_12' title="bbox 511 1142 2158 1222">
    <p class='ocr_par' dir='ltr' id='par_1_12' title="bbox 511 1142 2158 1222">
     <span class='ocr_line' id='line_1_12' title="bbox 511 1142 2158 1222; baseline 0.005 -27"><span class='ocrx_word' id='word_1_79' title='bbox 511 1143 636 1197; x_wconf 79' lang='lat' dir='ltr'><strong>ﬁeri</strong></span> <span class='ocrx_word' id='word_1_80' title='bbox 669 1143 766 1213; x_wconf 90' lang='lat'><strong>(8),</strong></span> <span class='ocrx_word' id='word_1_81' title='bbox 799 1142 881 1198; x_wconf 87' lang='lat' dir='ltr'><strong>ita</strong></span> <span class='ocrx_word' id='word_1_82' title='bbox 914 1159 1020 1198; x_wconf 91' lang='lat' dir='ltr'><strong>nec</strong></span> <span class='ocrx_word' id='word_1_83' title='bbox 1069 1161 1222 1201; x_wconf 89' lang='lat' dir='ltr'><strong>nunc</strong></span> <span class='ocrx_word' id='word_1_84' title='bbox 1265 1153 1455 1219; x_wconf 78' lang='lat' dir='ltr'><strong>potest</strong></span> <span class='ocrx_word' id='word_1_85' title='bbox 1487 1165 1589 1220; x_wconf 91' lang='lat' dir='ltr'><strong>per</strong></span> <span class='ocrx_word' id='word_1_86' title='bbox 1640 1150 2001 1222; x_wconf 76' lang='lat' dir='ltr'><strong>baptismum</strong></span> <span class='ocrx_word' id='word_1_87' title='bbox 2040 1149 2158 1206; x_wconf 87' lang='lat' dir='ltr'><strong>sal-</strong></span> 
     </span>
    </p>
   </div>
   <div class='ocr_carea' id='block_1_13' title="bbox 511 1232 2154 1310">
    <p class='ocr_par' dir='ltr' id='par_1_13' title="bbox 511 1232 2154 1310">
     <span class='ocr_line' id='line_1_13' title="bbox 511 1232 2154 1310; baseline 0.007 -27"><span class='ocrx_word' id='word_1_88' title='bbox 511 1234 679 1285; x_wconf 78' lang='lat' dir='ltr'><strong>vatus</strong></span> <span class='ocrx_word' id='word_1_89' title='bbox 710 1232 891 1286; x_wconf 87' lang='lat' dir='ltr'><strong>videri</strong></span> <span class='ocrx_word' id='word_1_90' title='bbox 924 1233 1023 1303; x_wconf 89' lang='lat' dir='ltr'><strong>qui</strong></span> <span class='ocrx_word' id='word_1_91' title='bbox 1058 1235 1384 1306; x_wconf 80' lang='lat' dir='ltr'><strong>baptizatus</strong></span> <span class='ocrx_word' id='word_1_92' title='bbox 1436 1239 1494 1292; x_wconf 90' lang='lat' dir='ltr'><strong>in</strong></span> <span class='ocrx_word' id='word_1_93' title='bbox 1555 1239 1811 1294; x_wconf 82' lang='lat' dir='ltr'><strong>Ecclesia</strong></span> <span class='ocrx_word' id='word_1_94' title='bbox 1871 1256 1986 1294; x_wconf 91' lang='lat' dir='ltr'><strong>non</strong></span> <span class='ocrx_word' id='word_1_95' title='bbox 2045 1243 2154 1310; x_wconf 88' lang='lat' dir='ltr'><strong>est,</strong></span> 
     </span>
    </p>
   </div>
   <div class='ocr_carea' id='block_1_14' title="bbox 515 1320 2158 1390">
    <p class='ocr_par' dir='ltr' id='par_1_14' title="bbox 515 1320 2158 1390">
     <span class='ocr_line' id='line_1_14' title="bbox 515 1320 2158 1390; baseline 0.006 -18"><span class='ocrx_word' id='word_1_96' title='bbox 515 1336 645 1390; x_wconf 65' lang='lat' dir='ltr'><strong>quas</strong></span> <span class='ocrx_word' id='word_1_97' title='bbox 674 1320 744 1374; x_wconf 86' lang='lat' dir='ltr'><strong>ad</strong></span> <span class='ocrx_word' id='word_1_98' title='bbox 769 1337 912 1375; x_wconf 74' lang='lat' dir='ltr'><strong>arcte</strong></span> <span class='ocrx_word' id='word_1_99' title='bbox 972 1323 1148 1380; x_wconf 89' lang='lat' dir='ltr'><strong>unius</strong></span> <span class='ocrx_word' id='word_1_100' title='bbox 1208 1331 1646 1382; x_wconf 80' lang='lat' dir='ltr'><strong>sacramentum</strong></span> <span class='ocrx_word' id='word_1_101' title='bbox 1678 1327 1983 1384; x_wconf 90' lang='lat' dir='ltr'><strong>Dominica</strong></span> <span class='ocrx_word' id='word_1_102' title='bbox 2026 1329 2158 1383; x_wconf 89' lang='lat' dir='ltr'><strong>uni-</strong></span> 
     </span>
    </p>
   </div>
   <div class='ocr_carea' id='block_1_15' title="bbox 513 1408 1158 1480">
    <p class='ocr_par' dir='ltr' id='par_1_15' title="bbox 513 1408 1158 1480">
     <span class='ocr_line' id='line_1_15' title="bbox 513 1408 1158 1480; baseline 0.009 -18"><span class='ocrx_word' id='word_1_103' title='bbox 513 1414 633 1468; x_wconf 84' lang='lat' dir='ltr'><strong>tate</strong></span> <span class='ocrx_word' id='word_1_104' title='bbox 664 1408 741 1480; x_wconf 89' lang='lat'><strong>(9)</strong></span> <span class='ocrx_word' id='word_1_105' title='bbox 774 1409 1018 1466; x_wconf 86' lang='lat' dir='ltr'><strong>fundata</strong></span> <span class='ocrx_word' id='word_1_106' title='bbox 1047 1419 1158 1468; x_wconf 89' lang='lat' dir='ltr'><strong>est.</strong></span> 
     </span>
    </p>
   </div>
   <div class='ocr_carea' id='block_1_16' title="bbox 2270 523 3890 596">
    <p class='ocr_par' dir='ltr' id='par_1_16' title="bbox 2270 523 3890 596">
     <span class='ocr_line' id='line_1_16' title="bbox 2270 523 3890 596; baseline 0.001 -18"><span class='ocrx_word' id='word_1_107' title='bbox 2270 523 2637 590; x_wconf 89' lang='lat' dir='ltr'><strong>charissima,</strong></span> <span class='ocrx_word' id='word_1_108' title='bbox 2669 523 2964 595; x_wconf 84' lang='lat' dir='ltr'><strong>explorata</strong></span> <span class='ocrx_word' id='word_1_109' title='bbox 2983 530 3042 579; x_wconf 88' lang='lat' dir='ltr'><strong>et</strong></span> <span class='ocrx_word' id='word_1_110' title='bbox 3071 531 3378 596; x_wconf 88' lang='lat' dir='ltr'><strong>perspecta</strong></span> <span class='ocrx_word' id='word_1_111' title='bbox 3407 525 3670 594; x_wconf 84' lang='lat' dir='ltr'><strong>veritate,</strong></span> <span class='ocrx_word' id='word_1_112' title='bbox 3706 531 3890 580; x_wconf 86' lang='lat' dir='ltr'><strong>utom-</strong></span> 
     </span>
    </p>
   </div>
   <div class='ocr_carea' id='block_1_17' title="bbox 2273 612 3891 684">
    <p class='ocr_par' dir='ltr' id='par_1_17' title="bbox 2273 612 3891 684">
     <span class='ocr_line' id='line_1_17' title="bbox 2273 612 3891 684; baseline 0.001 -18"><span class='ocrx_word' id='word_1_113' title='bbox 2273 629 2374 668; x_wconf 88' lang='lat' dir='ltr'><strong>nes</strong></span> <span class='ocrx_word' id='word_1_114' title='bbox 2405 612 2504 684; x_wconf 88' lang='lat' dir='ltr'><strong>qui</strong></span> <span class='ocrx_word' id='word_1_115' title='bbox 2545 629 2612 668; x_wconf 80' lang='lat' dir='ltr'><strong>ex</strong></span> <span class='ocrx_word' id='word_1_116' title='bbox 2643 629 2993 684; x_wconf 86' lang='lat' dir='ltr'><strong>quacunque</strong></span> <span class='ocrx_word' id='word_1_117' title='bbox 3053 613 3256 669; x_wconf 75' lang='lat' dir='ltr'><strong>ha-resi</strong></span> <span class='ocrx_word' id='word_1_118' title='bbox 3291 614 3362 668; x_wconf 89' lang='lat' dir='ltr'><strong>ad</strong></span> <span class='ocrx_word' id='word_1_119' title='bbox 3421 613 3734 670; x_wconf 83' lang='lat' dir='ltr'><strong>Ecclesiam</strong></span> <span class='ocrx_word' id='word_1_120' title='bbox 3770 630 3891 668; x_wconf 81' lang='lat' dir='ltr'><strong>con-</strong></span> 
     </span>
    </p>
   </div>
   <div class='ocr_carea' id='block_1_18' title="bbox 2267 701 3888 774">
    <p class='ocr_par' dir='ltr' id='par_1_18' title="bbox 2267 701 3888 774">
     <span class='ocr_line' id='line_1_18' title="bbox 2267 701 3888 774; baseline 0.001 -19"><span class='ocrx_word' id='word_1_121' title='bbox 2267 706 2592 771; x_wconf 88' lang='lat' dir='ltr'><strong>vertuntur,</strong></span> <span class='ocrx_word' id='word_1_122' title='bbox 2619 701 2884 757; x_wconf 62' lang='lat' dir='ltr'><strong>Ecclesiae</strong></span> <span class='ocrx_word' id='word_1_123' title='bbox 2906 702 3077 757; x_wconf 90' lang='lat' dir='ltr'><strong>unico</strong></span> <span class='ocrx_word' id='word_1_124' title='bbox 3104 702 3442 774; x_wconf 85' lang='lat' dir='ltr'><strong>etlegitimo</strong></span> <span class='ocrx_word' id='word_1_125' title='bbox 3467 705 3752 774; x_wconf 78' lang='lat' dir='ltr'><strong>baptisma</strong></span> <span class='ocrx_word' id='word_1_126' title='bbox 3768 703 3888 773; x_wconf 83' lang='lat' dir='ltr'><strong>bap-</strong></span> 
     </span>
    </p>
   </div>
   <div class='ocr_carea' id='block_1_19' title="bbox 2266 791 3890 863">
    <p class='ocr_par' dir='ltr' id='par_1_19' title="bbox 2266 791 3890 863">
     <span class='ocr_line' id='line_1_19' title="bbox 2266 791 3890 863; baseline -0.001 -16"><span class='ocrx_word' id='word_1_127' title='bbox 2266 793 2538 858; x_wconf 82' lang='lat' dir='ltr'><strong>tizentur,</strong></span> <span class='ocrx_word' id='word_1_128' title='bbox 2570 793 2824 862; x_wconf 82' lang='lat' dir='ltr'><strong>exceptis</strong></span> <span class='ocrx_word' id='word_1_129' title='bbox 2846 791 2938 847; x_wconf 89' lang='lat' dir='ltr'><strong>his</strong></span> <span class='ocrx_word' id='word_1_130' title='bbox 2969 792 3068 862; x_wconf 89' lang='lat' dir='ltr'><strong>qui</strong></span> <span class='ocrx_word' id='word_1_131' title='bbox 3097 792 3372 863; x_wconf 84' lang='lat' dir='ltr'><strong>baptizati</strong></span> <span class='ocrx_word' id='word_1_132' title='bbox 3397 792 3455 846; x_wconf 84' lang='lat' dir='ltr'><strong>in</strong></span> <span class='ocrx_word' id='word_1_133' title='bbox 3479 792 3731 848; x_wconf 82' lang='lat' dir='ltr'><strong>Ecclesia</strong></span> <span class='ocrx_word' id='word_1_134' title='bbox 3750 793 3890 863; x_wconf 86' lang='lat' dir='ltr'><strong>prius</strong></span> 
     </span>
    </p>
   </div>
   <div class='ocr_carea' id='block_1_20' title="bbox 2268 880 3890 951">
    <p class='ocr_par' dir='ltr' id='par_1_20' title="bbox 2268 880 3890 951">
     <span class='ocr_line' id='line_1_20' title="bbox 2268 880 3890 951; baseline -0.001 -15"><span class='ocrx_word' id='word_1_135' title='bbox 2268 882 2516 948; x_wconf 81' lang='lat' dir='ltr'><strong>fuerant,</strong></span> <span class='ocrx_word' id='word_1_136' title='bbox 2548 886 2607 936; x_wconf 88' lang='lat' dir='ltr'><strong>et</strong></span> <span class='ocrx_word' id='word_1_137' title='bbox 2634 881 2718 936; x_wconf 89' lang='lat' dir='ltr'><strong>sic</strong></span> <span class='ocrx_word' id='word_1_138' title='bbox 2749 880 2822 935; x_wconf 87' lang='lat' dir='ltr'><strong>ad</strong></span> <span class='ocrx_word' id='word_1_139' title='bbox 2853 880 3154 936; x_wconf 61' lang='lat' dir='ltr'><strong>haereticos</strong></span> <span class='ocrx_word' id='word_1_140' title='bbox 3211 881 3567 936; x_wconf 88' lang='lat' dir='ltr'><strong>transierant</strong></span> <span class='ocrx_word' id='word_1_141' title='bbox 3614 881 3741 951; x_wconf 90' lang='grc'>(10).</span> <span class='ocrx_word' id='word_1_142' title='bbox 3775 880 3890 935; x_wconf 88' lang='lat' dir='ltr'><strong>illos</strong></span> 
     </span>
    </p>
   </div>
   <div class='ocr_carea' id='block_1_21' title="bbox 2266 968 3890 1042">
    <p class='ocr_par' dir='ltr' id='par_1_21' title="bbox 2266 968 3890 1042">
     <span class='ocr_line' id='line_1_21' title="bbox 2266 968 3890 1042; baseline -0.001 -17"><span class='ocrx_word' id='word_1_143' title='bbox 2266 971 2422 1026; x_wconf 89' lang='lat' dir='ltr'><strong>enim</strong></span> <span class='ocrx_word' id='word_1_144' title='bbox 2454 974 2703 1042; x_wconf 83' lang='lat' dir='ltr'><strong>oportet,</strong></span> <span class='ocrx_word' id='word_1_145' title='bbox 2737 985 2870 1024; x_wconf 91' lang='lat' dir='ltr'><strong>cum</strong></span> <span class='ocrx_word' id='word_1_146' title='bbox 2903 968 3170 1034; x_wconf 89' lang='lat' dir='ltr'><strong>redeunt,</strong></span> <span class='ocrx_word' id='word_1_147' title='bbox 3232 975 3362 1024; x_wconf 88' lang='lat' dir='ltr'><strong>acta</strong></span> <span class='ocrx_word' id='word_1_148' title='bbox 3420 969 3751 1040; x_wconf 72' lang='lat' dir='ltr'><strong>poenitentia</strong></span> <span class='ocrx_word' id='word_1_149' title='bbox 3800 986 3890 1041; x_wconf 88' lang='lat' dir='ltr'><strong>per</strong></span> 
     </span>
    </p>
   </div>
   <div class='ocr_carea' id='block_1_22' title="bbox 2267 1057 3890 1130">
    <p class='ocr_par' dir='ltr' id='par_1_22' title="bbox 2267 1057 3890 1130">
     <span class='ocr_line' id='line_1_22' title="bbox 2267 1057 3890 1130; baseline -0.001 -16"><span class='ocrx_word' id='word_1_150' title='bbox 2267 1076 2480 1115; x_wconf 89' lang='lat' dir='ltr'><strong>manus</strong></span> <span class='ocrx_word' id='word_1_151' title='bbox 2501 1059 2936 1130; x_wconf 85' lang='lat' dir='ltr'><strong>impositionem</strong></span> <span class='ocrx_word' id='word_1_152' title='bbox 2962 1059 3164 1114; x_wconf 73' lang='lat'><strong>1181</strong></span> <span class='ocrx_word' id='word_1_153' title='bbox 3188 1057 3375 1114; x_wconf 88' lang='lat' dir='ltr'><strong>solam</strong></span> <span class='ocrx_word' id='word_1_154' title='bbox 3397 1057 3574 1130; x_wconf 84' lang='lat' dir='ltr'><strong>recipi</strong></span> <span class='ocrx_word' id='word_1_155' title='bbox 3595 1057 3721 1114; x_wconf 89' lang='lat' dir='ltr'><strong>etin</strong></span> <span class='ocrx_word' id='word_1_156' title='bbox 3743 1058 3890 1126; x_wconf 84' lang='lat' dir='ltr'><strong>ovile,</strong></span> 
     </span>
    </p>
   </div>
   <div class='ocr_carea' id='block_1_23' title="bbox 2268 1147 3895 1220">
    <p class='ocr_par' dir='ltr' id='par_1_23' title="bbox 2268 1147 3895 1220">
     <span class='ocr_line' id='line_1_23' title="bbox 2268 1147 3895 1220; baseline -0.001 -16"><span class='ocrx_word' id='word_1_157' title='bbox 2268 1149 2422 1204; x_wconf 89' lang='lat' dir='ltr'><strong>unde</strong></span> <span class='ocrx_word' id='word_1_158' title='bbox 2453 1153 2803 1212; x_wconf 87' lang='lat' dir='ltr'><strong>erraverant,</strong></span> <span class='ocrx_word' id='word_1_159' title='bbox 2835 1164 2869 1201; x_wconf 88' lang='lat' dir='ltr'><strong>a</strong></span> <span class='ocrx_word' id='word_1_160' title='bbox 2902 1152 3130 1220; x_wconf 87' lang='lat' dir='ltr'><strong>pastore</strong></span> <span class='ocrx_word' id='word_1_161' title='bbox 3159 1147 3409 1202; x_wconf 88' lang='lat' dir='ltr'><strong>restitui.</strong></span> <span class='ocrx_word' id='word_1_162' title='bbox 3441 1147 3589 1218; x_wconf 89' lang='lat' dir='ltr'><strong>Opto</strong></span> <span class='ocrx_word' id='word_1_163' title='bbox 3643 1152 3697 1202; x_wconf 83' lang='lat' dir='ltr'><strong>te</strong></span> <span class='ocrx_word' id='word_1_164' title='bbox 3735 1147 3895 1203; x_wconf 78' lang='lat' dir='ltr'><strong>frater</strong></span> 
     </span>
    </p>
   </div>
   <div class='ocr_carea' id='block_1_24' title="bbox 2268 1235 3320 1308">
    <p class='ocr_par' dir='ltr' id='par_1_24' title="bbox 2268 1235 3320 1308">
     <span class='ocr_line' id='line_1_24' title="bbox 2268 1235 3320 1308; baseline -0.004 -15"><span class='ocrx_word' id='word_1_165' title='bbox 2268 1237 2636 1304; x_wconf 88' lang='lat' dir='ltr'><strong>charissima,</strong></span> <span class='ocrx_word' id='word_1_166' title='bbox 2668 1253 2905 1308; x_wconf 88' lang='lat' dir='ltr'><strong>semper</strong></span> <span class='ocrx_word' id='word_1_167' title='bbox 2933 1237 3080 1292; x_wconf 89' lang='lat' dir='ltr'><strong>bene</strong></span> <span class='ocrx_word' id='word_1_168' title='bbox 3109 1235 3320 1291; x_wconf 90' lang='lat' dir='ltr'><strong>valere.</strong></span> 
     </span>
    </p>
   </div>
   <div class='ocr_carea' id='block_1_25' title="bbox 1433 1649 3003 1715">
    <p class='ocr_par' dir='ltr' id='par_1_25' title="bbox 1433 1649 3003 1715">
     <span class='ocr_line' id='line_1_25' title="bbox 1433 1649 3003 1715; baseline -0.002 -2"><span class='ocrx_word' id='word_1_169' title='bbox 1433 1650 1852 1714; x_wconf 80' lang='lat' dir='ltr'><strong>EPISTOLA</strong></span> <span class='ocrx_word' id='word_1_170' title='bbox 1898 1653 1960 1714; x_wconf 89' lang='lat' dir='ltr'><strong>S.</strong></span> <span class='ocrx_word' id='word_1_171' title='bbox 2018 1650 2433 1715; x_wconf 68' lang='lat' dir='ltr'><strong>CY&#39;PRIAN!</strong></span> <span class='ocrx_word' id='word_1_172' title='bbox 2468 1650 2584 1714; x_wconf 86' lang='lat' dir='ltr'><strong>AD</strong></span> <span class='ocrx_word' id='word_1_173' title='bbox 2630 1649 3003 1714; x_wconf 81' lang='lat' dir='ltr'><strong>MAGNUM</strong></span> 
     </span>
    </p>
   </div>
   <div class='ocr_carea' id='block_1_26' title="bbox 1009 1788 3384 1838">
    <p class='ocr_par' dir='ltr' id='par_1_26' title="bbox 1009 1788 3384 1838">
     <span class='ocr_line' id='line_1_26' title="bbox 1009 1788 3384 1838; baseline 0.001 -13"><span class='ocrx_word' id='word_1_174' title='bbox 1009 1788 1078 1825; x_wconf 80' lang='lat' dir='ltr'><strong>DE</strong></span> <span class='ocrx_word' id='word_1_175' title='bbox 1139 1789 1508 1828; x_wconf 77' lang='lat' dir='ltr'><strong>BAPTIZANDIS</strong></span> <span class='ocrx_word' id='word_1_176' title='bbox 1556 1790 1888 1830; x_wconf 75' lang='lat' dir='ltr'><strong>NOVATIANIS</strong></span> <span class='ocrx_word' id='word_1_177' title='bbox 1919 1792 1986 1830; x_wconf 77' lang='grc' dir='ltr'><strong>ΒΤ</strong></span> <span class='ocrx_word' id='word_1_178' title='bbox 2042 1793 2112 1830; x_wconf 82' lang='lat' dir='ltr'><strong>DE</strong></span> <span class='ocrx_word' id='word_1_179' title='bbox 2142 1792 2215 1833; x_wconf 68' lang='lat' dir='ltr'><strong>IIS</strong></span> <span class='ocrx_word' id='word_1_180' title='bbox 2246 1791 2335 1838; x_wconf 79' lang='lat' dir='ltr'><strong>QUI</strong></span> <span class='ocrx_word' id='word_1_181' title='bbox 2368 1791 2427 1829; x_wconf 83' lang='lat' dir='ltr'><strong>IN</strong></span> <span class='ocrx_word' id='word_1_182' title='bbox 2459 1790 2628 1829; x_wconf 82' lang='lat' dir='ltr'><strong>LECTO</strong></span> <span class='ocrx_word' id='word_1_183' title='bbox 2649 1790 2891 1829; x_wconf 71' lang='grc' dir='ltr'><strong>ΟΒΛἸἸΑΠ</strong></span> <span class='ocrx_word' id='word_1_184' title='bbox 2919 1788 3384 1836; x_wconf 67' lang='lat' dir='ltr'><strong>CONSBQUUNTUR.</strong></span> 
     </span>
    </p>
   </div>
   <div class='ocr_carea' id='block_1_27' title="bbox 512 2015 3902 2089">
    <p class='ocr_par' dir='ltr' id='par_1_27' title="bbox 512 2015 3902 2089">
     <span class='ocr_line' id='line_1_27' title="bbox 512 2015 3902 2089; baseline 0.002 -25"><span class='ocrx_word' id='word_1_185' title='bbox 512 2016 878 2068; x_wconf 78' lang='lat' dir='ltr'><strong>ARGUMENTU</strong></span> <span class='ocrx_word' id='word_1_186' title='bbox 889 2030 956 2067; x_wconf 73' lang='grc' dir='ltr'><strong>Μ.</strong></span> <span class='ocrx_word' id='word_1_187' title='bbox 984 2043 1053 2053; x_wconf 90' lang='lat'><strong>—-</strong></span> <span class='ocrx_word' id='word_1_188' title='bbox 1084 2015 1458 2085; x_wconf 75' lang='lat' dir='ltr'><strong>Respondetur</strong></span> <span class='ocrx_word' id='word_1_189' title='bbox 1479 2015 1670 2085; x_wconf 74' lang='lat' dir='ltr'><strong>Magno</strong></span> <span class='ocrx_word' id='word_1_190' title='bbox 1693 2019 1970 2089; x_wconf 87' lang='lat' dir='ltr'><strong>inquienti</strong></span> <span class='ocrx_word' id='word_1_191' title='bbox 1996 2035 2068 2073; x_wconf 82' lang='lat' dir='ltr'><strong>an</strong></span> <span class='ocrx_word' id='word_1_192' title='bbox 2098 2034 2134 2074; x_wconf 91' lang='lat' dir='ltr'><strong>a</strong></span> <span class='ocrx_word' id='word_1_193' title='bbox 2161 2019 2464 2074; x_wconf 86' lang='lat' dir='ltr'><strong>Novatiano</strong></span> <span class='ocrx_word' id='word_1_194' title='bbox 2492 2018 2770 2072; x_wconf 86' lang='lat' dir='ltr'><strong>venientes</strong></span> <span class='ocrx_word' id='word_1_195' title='bbox 2825 2017 3006 2072; x_wconf 87' lang='lat' dir='ltr'><strong>denuo</strong></span> <span class='ocrx_word' id='word_1_196' title='bbox 3051 2015 3395 2087; x_wconf 65' lang='lat' dir='ltr'><strong>baptizandi.</strong></span> <span class='ocrx_word' id='word_1_197' title='bbox 3425 2018 3502 2071; x_wconf 82' lang='lat' dir='ltr'><strong>Et</strong></span> <span class='ocrx_word' id='word_1_198' title='bbox 3527 2016 3706 2087; x_wconf 87' lang='lat' dir='ltr'><strong>primo</strong></span> <span class='ocrx_word' id='word_1_199' title='bbox 3723 2034 3790 2071; x_wconf 72' lang='lat' dir='ltr'><strong>ex</strong></span> <span class='ocrx_word' id='word_1_200' title='bbox 3816 2017 3902 2071; x_wconf 85' lang='lat' dir='ltr'><strong>SS.</strong></span> 
     </span>
    </p>
   </div>
   <div class='ocr_carea' id='block_1_28' title="bbox 581 2101 3908 2176">
    <p class='ocr_par' dir='ltr' id='par_1_28' title="bbox 581 2101 3908 2176">
     <span class='ocr_line' id='line_1_28' title="bbox 581 2101 3908 2176; baseline 0.002 -21"><span class='ocrx_word' id='word_1_201' title='bbox 581 2101 991 2172; x_wconf 70' lang='lat' dir='ltr'><strong>Scripturarum</strong></span> <span class='ocrx_word' id='word_1_202' title='bbox 1016 2105 1326 2160; x_wconf 80' lang='lat' dir='ltr'><strong>testimonio</strong></span> <span class='ocrx_word' id='word_1_203' title='bbox 1357 2115 1540 2160; x_wconf 76' lang='lat' dir='ltr'><strong>unitas</strong></span> <span class='ocrx_word' id='word_1_204' title='bbox 1566 2107 1875 2163; x_wconf 84' lang='lat' dir='ltr'><strong>stabilitur.</strong></span> <span class='ocrx_word' id='word_1_205' title='bbox 1908 2109 2180 2176; x_wconf 82' lang='lat' dir='ltr'><strong>Legitima</strong></span> <span class='ocrx_word' id='word_1_206' title='bbox 2210 2109 2270 2162; x_wconf 90' lang='lat' dir='ltr'><strong>in</strong></span> <span class='ocrx_word' id='word_1_207' title='bbox 2291 2106 2549 2162; x_wconf 75' lang='lat' dir='ltr'><strong>cathedra</strong></span> <span class='ocrx_word' id='word_1_208' title='bbox 2576 2107 2731 2161; x_wconf 83' lang='lat' dir='ltr'><strong>Petri</strong></span> <span class='ocrx_word' id='word_1_209' title='bbox 2758 2107 3018 2161; x_wconf 74' lang='lat' dir='ltr'><strong>successio</strong></span> <span class='ocrx_word' id='word_1_210' title='bbox 3045 2113 3126 2160; x_wconf 82' lang='lat' dir='ltr'><strong>est</strong></span> <span class='ocrx_word' id='word_1_211' title='bbox 3170 2109 3321 2160; x_wconf 85' lang='lat' dir='ltr'><strong>certa</strong></span> <span class='ocrx_word' id='word_1_212' title='bbox 3345 2107 3581 2160; x_wconf 82' lang='lat' dir='ltr'><strong>unitatis</strong></span> <span class='ocrx_word' id='word_1_213' title='bbox 3609 2115 3761 2161; x_wconf 84' lang='lat' dir='ltr'><strong>nota.</strong></span> <span class='ocrx_word' id='word_1_214' title='bbox 3793 2107 3908 2162; x_wconf 80' lang='lat' dir='ltr'><strong>Uni-</strong></span> 
     </span>
    </p>
   </div>
   <div class='ocr_carea' id='block_1_29' title="bbox 581 2193 3914 2267">
    <p class='ocr_par' dir='ltr' id='par_1_29' title="bbox 581 2193 3914 2267">
     <span class='ocr_line' id='line_1_29' title="bbox 581 2193 3914 2267; baseline 0.002 -25"><span class='ocrx_word' id='word_1_215' title='bbox 581 2193 715 2246; x_wconf 85' lang='lat' dir='ltr'><strong>tatis</strong></span> <span class='ocrx_word' id='word_1_216' title='bbox 735 2197 1141 2246; x_wconf 72' lang='lat' dir='ltr'><strong>sacramentum</strong></span> <span class='ocrx_word' id='word_1_217' title='bbox 1170 2209 1278 2248; x_wconf 92' lang='lat' dir='ltr'><strong>non</strong></span> <span class='ocrx_word' id='word_1_218' title='bbox 1307 2198 1522 2249; x_wconf 81' lang='lat' dir='ltr'><strong>tantum</strong></span> <span class='ocrx_word' id='word_1_219' title='bbox 1549 2197 1774 2251; x_wconf 77' lang='lat' dir='ltr'><strong>monitis</strong></span> <span class='ocrx_word' id='word_1_220' title='bbox 1791 2205 1843 2251; x_wconf 84' lang='lat' dir='ltr'><strong>et</strong></span> <span class='ocrx_word' id='word_1_221' title='bbox 1887 2197 2174 2267; x_wconf 75' lang='lat' dir='ltr'><strong>exemplis,</strong></span> <span class='ocrx_word' id='word_1_222' title='bbox 2203 2197 2298 2251; x_wconf 83' lang='lat' dir='ltr'><strong>sed</strong></span> <span class='ocrx_word' id='word_1_223' title='bbox 2315 2204 2367 2251; x_wconf 89' lang='lat' dir='ltr'><strong>et</strong></span> <span class='ocrx_word' id='word_1_224' title='bbox 2386 2197 2558 2266; x_wconf 70' lang='lat' dir='ltr'><strong>primis</strong></span> <span class='ocrx_word' id='word_1_225' title='bbox 2581 2197 2640 2250; x_wconf 89' lang='lat' dir='ltr'><strong>in</strong></span> <span class='ocrx_word' id='word_1_226' title='bbox 2667 2195 3042 2265; x_wconf 78' lang='lat' dir='ltr'><strong>delinquentes</strong></span> <span class='ocrx_word' id='word_1_227' title='bbox 3072 2194 3914 2264; x_wconf 67' lang='lat' dir='ltr'><strong>irrogatissancitum.Sehisma-</strong></span> 
     </span>
    </p>
   </div>
   <div class='ocr_carea' id='block_1_30' title="bbox 580 2279 3913 2356">
    <p class='ocr_par' dir='ltr' id='par_1_30' title="bbox 580 2279 3913 2356">
     <span class='ocr_line' id='line_1_30' title="bbox 580 2279 3913 2356; baseline 0.003 -24"><span class='ocrx_word' id='word_1_228' title='bbox 580 2280 696 2345; x_wconf 83' lang='lat' dir='ltr'><strong>lici,</strong></span> <span class='ocrx_word' id='word_1_229' title='bbox 734 2279 862 2334; x_wconf 87' lang='lat' dir='ltr'><strong>licet</strong></span> <span class='ocrx_word' id='word_1_230' title='bbox 889 2281 1138 2351; x_wconf 76' lang='lat' dir='ltr'><strong>Symboli</strong></span> <span class='ocrx_word' id='word_1_231' title='bbox 1166 2298 1311 2338; x_wconf 86' lang='lat' dir='ltr'><strong>voces</strong></span> <span class='ocrx_word' id='word_1_232' title='bbox 1338 2288 1664 2355; x_wconf 86' lang='lat' dir='ltr'><strong>agnoscant,</strong></span> <span class='ocrx_word' id='word_1_233' title='bbox 1695 2283 1854 2353; x_wconf 81' lang='lat' dir='ltr'><strong>ﬁdem</strong></span> <span class='ocrx_word' id='word_1_234' title='bbox 1884 2287 2060 2356; x_wconf 82' lang='lat' dir='ltr'><strong>ipsam</strong></span> <span class='ocrx_word' id='word_1_235' title='bbox 2087 2285 2382 2356; x_wconf 75' lang='lat' dir='ltr'><strong>denegant.</strong></span> <span class='ocrx_word' id='word_1_236' title='bbox 2409 2284 2686 2354; x_wconf 70' lang='lat' dir='ltr'><strong>Exemplis</strong></span> <span class='ocrx_word' id='word_1_237' title='bbox 2706 2283 3016 2339; x_wconf 81' lang='lat' dir='ltr'><strong>ostenditur</strong></span> <span class='ocrx_word' id='word_1_238' title='bbox 3033 2292 3236 2355; x_wconf 84' lang='lat' dir='ltr'><strong>quanto</strong></span> <span class='ocrx_word' id='word_1_239' title='bbox 3253 2299 3380 2338; x_wconf 88' lang='lat' dir='ltr'><strong>cum</strong></span> <span class='ocrx_word' id='word_1_240' title='bbox 3405 2285 3650 2354; x_wconf 84' lang='lat' dir='ltr'><strong>periculo</strong></span> <span class='ocrx_word' id='word_1_241' title='bbox 3673 2285 3913 2342; x_wconf 69' lang='lat' dir='ltr'><strong>Ecclesia!</strong></span> 
     </span>
    </p>
   </div>
   <div class='ocr_carea' id='block_1_31' title="bbox 579 2369 3914 2444">
    <p class='ocr_par' dir='ltr' id='par_1_31' title="bbox 579 2369 3914 2444">
     <span class='ocr_line' id='line_1_31' title="bbox 579 2369 3914 2444; baseline 0.002 -23"><span class='ocrx_word' id='word_1_242' title='bbox 579 2384 712 2438; x_wconf 74' lang='lat' dir='ltr'><strong>pax,</strong></span> <span class='ocrx_word' id='word_1_243' title='bbox 747 2369 869 2423; x_wconf 84' lang='lat' dir='ltr'><strong>licet</strong></span> <span class='ocrx_word' id='word_1_244' title='bbox 897 2369 1034 2438; x_wconf 81' lang='lat' dir='ltr'><strong>ﬁdes</strong></span> <span class='ocrx_word' id='word_1_245' title='bbox 1064 2373 1278 2426; x_wconf 81' lang='lat' dir='ltr'><strong>intacta</strong></span> <span class='ocrx_word' id='word_1_246' title='bbox 1298 2377 1540 2442; x_wconf 85' lang='lat' dir='ltr'><strong>maneat,</strong></span> <span class='ocrx_word' id='word_1_247' title='bbox 1571 2373 1824 2428; x_wconf 83' lang='lat' dir='ltr'><strong>violetur.</strong></span> <span class='ocrx_word' id='word_1_248' title='bbox 1862 2373 2184 2442; x_wconf 78' lang='lat' dir='ltr'><strong>Digreditur</strong></span> <span class='ocrx_word' id='word_1_249' title='bbox 2238 2374 2548 2444; x_wconf 84' lang='lat' dir='ltr'><strong>Cyprianus</strong></span> <span class='ocrx_word' id='word_1_250' title='bbox 2601 2372 2673 2428; x_wconf 87' lang='lat' dir='ltr'><strong>ad</strong></span> <span class='ocrx_word' id='word_1_251' title='bbox 2705 2372 3091 2429; x_wconf 67' lang='lat' dir='ltr'><strong>haereticorum</strong></span> <span class='ocrx_word' id='word_1_252' title='bbox 3135 2372 3430 2444; x_wconf 85' lang='lat' dir='ltr'><strong>baptisma,</strong></span> <span class='ocrx_word' id='word_1_253' title='bbox 3464 2388 3596 2442; x_wconf 82' lang='lat' dir='ltr'><strong>quos</strong></span> <span class='ocrx_word' id='word_1_254' title='bbox 3652 2373 3914 2443; x_wconf 74' lang='lat' dir='ltr'><strong>Spiritum</strong></span> 
     </span>
    </p>
   </div>
   <div class='ocr_carea' id='block_1_32' title="bbox 576 2457 3913 2531">
    <p class='ocr_par' dir='ltr' id='par_1_32' title="bbox 576 2457 3913 2531">
     <span class='ocr_line' id='line_1_32' title="bbox 576 2457 3913 2531; baseline 0.002 -22"><span class='ocrx_word' id='word_1_255' title='bbox 576 2464 823 2512; x_wconf 86' lang='lat' dir='ltr'><strong>sanctum</strong></span> <span class='ocrx_word' id='word_1_256' title='bbox 851 2457 982 2513; x_wconf 88' lang='lat' dir='ltr'><strong>dare</strong></span> <span class='ocrx_word' id='word_1_257' title='bbox 1011 2475 1160 2528; x_wconf 84' lang='lat' dir='ltr'><strong>posse</strong></span> <span class='ocrx_word' id='word_1_258' title='bbox 1187 2469 1350 2531; x_wconf 86' lang='lat' dir='ltr'><strong>negat</strong></span> <span class='ocrx_word' id='word_1_259' title='bbox 1368 2481 1389 2524; x_wconf 84' lang='lat'><em>;</em></span> <span class='ocrx_word' id='word_1_260' title='bbox 1418 2470 1536 2516; x_wconf 87' lang='lat' dir='ltr'><strong>tum</strong></span> <span class='ocrx_word' id='word_1_261' title='bbox 1557 2461 1915 2528; x_wconf 86' lang='lat' dir='ltr'><strong>respondetde</strong></span> <span class='ocrx_word' id='word_1_262' title='bbox 1943 2463 2276 2518; x_wconf 89' lang='lat' dir='ltr'><strong>clinicorum</strong></span> <span class='ocrx_word' id='word_1_263' title='bbox 2303 2463 2587 2527; x_wconf 77' lang='lat' dir='ltr'><strong>tinctione,</strong></span> <span class='ocrx_word' id='word_1_264' title='bbox 2613 2461 2677 2515; x_wconf 86' lang='lat' dir='ltr'><strong>de</strong></span> <span class='ocrx_word' id='word_1_265' title='bbox 2703 2459 3111 2531; x_wconf 54' lang='lat' dir='ltr'><strong>aspersione,“</strong></span> <span class='ocrx_word' id='word_1_266' title='bbox 3143 2460 3528 2515; x_wconf 85' lang='lat' dir='ltr'><strong>immunditias</strong></span> <span class='ocrx_word' id='word_1_267' title='bbox 3541 2461 3913 2527; x_wconf 81' lang='lat' dir='ltr'><strong>tollendas,de</strong></span> 
     </span>
    </p>
   </div>
   <div class='ocr_carea' id='block_1_33' title="bbox 579 2545 2672 2619">
    <p class='ocr_par' dir='ltr' id='par_1_33' title="bbox 579 2545 2672 2619">
     <span class='ocr_line' id='line_1_33' title="bbox 579 2545 2672 2619; baseline 0.003 -22"><span class='ocrx_word' id='word_1_268' title='bbox 579 2545 761 2612; x_wconf 84' lang='lat' dir='ltr'><strong>gratia</strong></span> <span class='ocrx_word' id='word_1_269' title='bbox 793 2548 851 2600; x_wconf 88' lang='lat' dir='ltr'><strong>in</strong></span> <span class='ocrx_word' id='word_1_270' title='bbox 883 2547 1152 2615; x_wconf 87' lang='lat' dir='ltr'><strong>baptismo</strong></span> <span class='ocrx_word' id='word_1_271' title='bbox 1183 2548 1415 2616; x_wconf 81' lang='lat' dir='ltr'><strong>collata,</strong></span> <span class='ocrx_word' id='word_1_272' title='bbox 1449 2551 1530 2605; x_wconf 89' lang='lat' dir='ltr'><strong>vel</strong></span> <span class='ocrx_word' id='word_1_273' title='bbox 1574 2550 1878 2606; x_wconf 86' lang='lat' dir='ltr'><strong>minuenda</strong></span> <span class='ocrx_word' id='word_1_274' title='bbox 1908 2554 2036 2606; x_wconf 80' lang='lat' dir='ltr'><strong>actu</strong></span> <span class='ocrx_word' id='word_1_275' title='bbox 2063 2555 2252 2608; x_wconf 88' lang='lat' dir='ltr'><strong>nostra</strong></span> <span class='ocrx_word' id='word_1_276' title='bbox 2280 2551 2363 2606; x_wconf 84' lang='lat' dir='ltr'><strong>vel</strong></span> <span class='ocrx_word' id='word_1_277' title='bbox 2391 2550 2672 2619; x_wconf 83' lang='lat' dir='ltr'><strong>augenda.</strong></span> 
     </span>
    </p>
   </div>
   <div class='ocr_carea' id='block_1_34' title="bbox 723 2669 1938 2747">
    <p class='ocr_par' dir='ltr' id='par_1_34' title="bbox 723 2669 1938 2747">
     <span class='ocr_line' id='line_1_34' title="bbox 723 2669 1938 2747; baseline 0.005 -25"><span class='ocrx_word' id='word_1_278' title='bbox 723 2669 1053 2726; x_wconf 77' lang='lat' dir='ltr'><strong>CYPBIANUS</strong></span> <span class='ocrx_word' id='word_1_279' title='bbox 1084 2689 1278 2728; x_wconf 74' lang='lat' dir='ltr'><strong>MAGNO</strong></span> <span class='ocrx_word' id='word_1_280' title='bbox 1327 2691 1472 2729; x_wconf 85' lang='lat' dir='ltr'><strong>FILIO</strong></span> <span class='ocrx_word' id='word_1_281' title='bbox 1514 2676 1624 2747; x_wconf 90' lang='grc'>(11)</span> <span class='ocrx_word' id='word_1_282' title='bbox 1657 2693 1938 2732; x_wconf 80' lang='lat' dir='ltr'><strong>SALUTEM.</strong></span> 
     </span>
    </p>
   </div>
   <div class='ocr_carea' id='block_1_35' title="bbox 583 2756 2161 2835">
    <p class='ocr_par' dir='ltr' id='par_1_35' title="bbox 583 2756 2161 2835">
     <span class='ocr_line' id='line_1_35' title="bbox 583 2756 2161 2835; baseline 0.007 -26"><span class='ocrx_word' id='word_1_283' title='bbox 583 2756 625 2810; x_wconf 90' lang='grc' dir='ltr'><strong>Ῑ.</strong></span> <span class='ocrx_word' id='word_1_284' title='bbox 660 2761 769 2812; x_wconf 91' lang='lat' dir='ltr'><strong>Pro</strong></span> <span class='ocrx_word' id='word_1_285' title='bbox 824 2761 926 2813; x_wconf 90' lang='lat' dir='ltr'><strong>tua</strong></span> <span class='ocrx_word' id='word_1_286' title='bbox 974 2759 1247 2830; x_wconf 84' lang='lat' dir='ltr'><strong>religiosa</strong></span> <span class='ocrx_word' id='word_1_287' title='bbox 1304 2762 1606 2835; x_wconf 86' lang='lat' dir='ltr'><strong>diligentia</strong></span> <span class='ocrx_word' id='word_1_288' title='bbox 1649 2763 1999 2820; x_wconf 89' lang='lat' dir='ltr'><strong>consuluisti</strong></span> <span class='ocrx_word' id='word_1_289' title='bbox 2037 2780 2161 2820; x_wconf 87' lang='lat' dir='ltr'><strong>me-</strong></span> 
     </span>
    </p>
   </div>
   <div class='ocr_carea' id='block_1_36' title="bbox 510 2845 2163 2917">
    <p class='ocr_par' dir='ltr' id='par_1_36' title="bbox 510 2845 2163 2917">
     <span class='ocr_line' id='line_1_36' title="bbox 510 2845 2163 2917; baseline 0.005 -19"><span class='ocrx_word' id='word_1_290' title='bbox 510 2845 868 2902; x_wconf 89' lang='lat' dir='ltr'><strong>diocritatem</strong></span> <span class='ocrx_word' id='word_1_291' title='bbox 949 2853 1228 2916; x_wconf 89' lang='lat' dir='ltr'><strong>nostram,</strong></span> <span class='ocrx_word' id='word_1_292' title='bbox 1317 2851 1397 2905; x_wconf 81' lang='lat' dir='ltr'><strong>{ili</strong></span> <span class='ocrx_word' id='word_1_293' title='bbox 1449 2852 1815 2917; x_wconf 87' lang='lat' dir='ltr'><strong>charissima,</strong></span> <span class='ocrx_word' id='word_1_294' title='bbox 1876 2870 1947 2907; x_wconf 89' lang='lat' dir='ltr'><strong>an</strong></span> <span class='ocrx_word' id='word_1_295' title='bbox 2010 2851 2163 2909; x_wconf 90' lang='lat' dir='ltr'><strong>inter</strong></span> 
     </span>
    </p>
   </div>
   <div class='ocr_carea' id='block_1_37' title="bbox 507 2933 2158 3012">
    <p class='ocr_par' dir='ltr' id='par_1_37' title="bbox 507 2933 2158 3012">
     <span class='ocr_line' id='line_1_37' title="bbox 507 2933 2158 3012; baseline 0.005 -26"><span class='ocrx_word' id='word_1_296' title='bbox 507 2937 744 2989; x_wconf 72' lang='lat' dir='ltr'><strong>caeteros</strong></span> <span class='ocrx_word' id='word_1_297' title='bbox 775 2933 1094 3005; x_wconf 72' lang='lat' dir='ltr'><strong>haereticos,</strong></span> <span class='ocrx_word' id='word_1_298' title='bbox 1141 2953 1240 2993; x_wconf 89' lang='lat' dir='ltr'><strong>eos</strong></span> <span class='ocrx_word' id='word_1_299' title='bbox 1299 2955 1531 3011; x_wconf 90' lang='lat' dir='ltr'><strong>quoque</strong></span> <span class='ocrx_word' id='word_1_300' title='bbox 1588 2941 1687 3012; x_wconf 91' lang='lat' dir='ltr'><strong>qui</strong></span> <span class='ocrx_word' id='word_1_301' title='bbox 1749 2958 1782 2996; x_wconf 91' lang='lat' dir='ltr'><strong>a</strong></span> <span class='ocrx_word' id='word_1_302' title='bbox 1837 2940 2158 2996; x_wconf 87' lang='lat' dir='ltr'><strong>Novatiano</strong></span> 
     </span>
    </p>
   </div>
   <div class='ocr_carea' id='block_1_38' title="bbox 507 3022 2155 3098">
    <p class='ocr_par' dir='ltr' id='par_1_38' title="bbox 507 3022 2155 3098">
     <span class='ocr_line' id='line_1_38' title="bbox 507 3022 2155 3098; baseline 0.005 -24"><span class='ocrx_word' id='word_1_303' title='bbox 507 3022 750 3076; x_wconf 90' lang='lat' dir='ltr'><strong>veniunt</strong></span> <span class='ocrx_word' id='word_1_304' title='bbox 805 3029 938 3094; x_wconf 88' lang='lat' dir='ltr'><strong>post</strong></span> <span class='ocrx_word' id='word_1_305' title='bbox 997 3026 1306 3096; x_wconf 83' lang='lat' dir='ltr'><strong>profanum</strong></span> <span class='ocrx_word' id='word_1_306' title='bbox 1391 3029 1542 3098; x_wconf 87' lang='lat' dir='ltr'><strong>ejus,</strong></span> <span class='ocrx_word' id='word_1_307' title='bbox 1597 3027 1894 3084; x_wconf 86' lang='lat' dir='ltr'><strong>lavacrum</strong></span> <span class='ocrx_word' id='word_1_308' title='bbox 1951 3028 2155 3084; x_wconf 74' lang='lat'><strong>1188</strong></span> 
     </span>
    </p>
   </div>
   <div class='ocr_carea' id='block_1_39' title="bbox 508 3111 2152 3186">
    <p class='ocr_par' dir='ltr' id='par_1_39' title="bbox 508 3111 2152 3186">
     <span class='ocr_line' id='line_1_39' title="bbox 508 3111 2152 3186; baseline 0.005 -22"><span class='ocrx_word' id='word_1_309' title='bbox 508 3111 788 3181; x_wconf 88' lang='lat' dir='ltr'><strong>baptizari</strong></span> <span class='ocrx_word' id='word_1_310' title='bbox 848 3117 903 3167; x_wconf 90' lang='lat' dir='ltr'><strong>et</strong></span> <span class='ocrx_word' id='word_1_311' title='bbox 963 3116 1314 3171; x_wconf 82' lang='lat' dir='ltr'><strong>sanctiﬁcari</strong></span> <span class='ocrx_word' id='word_1_312' title='bbox 1373 3117 1432 3170; x_wconf 92' lang='lat' dir='ltr'><strong>in</strong></span> <span class='ocrx_word' id='word_1_313' title='bbox 1519 3116 1774 3172; x_wconf 86' lang='lat' dir='ltr'><strong>Ecclesia</strong></span> <span class='ocrx_word' id='word_1_314' title='bbox 1847 3116 2152 3186; x_wconf 87' lang='lat' dir='ltr'><strong>catholica,</strong></span> 
     </span>
    </p>
   </div>
   <div class='ocr_carea' id='block_1_40' title="bbox 507 3196 2152 3277">
    <p class='ocr_par' dir='ltr' id='par_1_40' title="bbox 507 3196 2152 3277">
     <span class='ocr_line' id='line_1_40' title="bbox 507 3196 2152 3277; baseline 0.006 -25"><span class='ocrx_word' id='word_1_315' title='bbox 507 3196 767 3270; x_wconf 89' lang='lat' dir='ltr'><strong>legitimo</strong></span> <span class='ocrx_word' id='word_1_316' title='bbox 813 3205 870 3255; x_wconf 91' lang='lat' dir='ltr'><strong>et</strong></span> <span class='ocrx_word' id='word_1_317' title='bbox 925 3219 1057 3257; x_wconf 91' lang='lat' dir='ltr'><strong>varo</strong></span> <span class='ocrx_word' id='word_1_318' title='bbox 1107 3209 1163 3259; x_wconf 88' lang='lat' dir='ltr'><strong>at</strong></span> <span class='ocrx_word' id='word_1_319' title='bbox 1231 3205 1403 3260; x_wconf 90' lang='lat' dir='ltr'><strong>unico</strong></span> <span class='ocrx_word' id='word_1_320' title='bbox 1463 3205 1724 3261; x_wconf 73' lang='lat' dir='ltr'><strong>Ecclesiae</strong></span> <span class='ocrx_word' id='word_1_321' title='bbox 1769 3207 2060 3277; x_wconf 85' lang='lat' dir='ltr'><strong>baptismo</strong></span> <span class='ocrx_word' id='word_1_322' title='bbox 2107 3207 2152 3241; x_wconf 78' lang='grc'>⁸³</span> 
     </span>
    </p>
   </div>
   <div class='ocr_carea' id='block_1_41' title="bbox 511 3293 2153 3365">
    <p class='ocr_par' dir='ltr' id='par_1_41' title="bbox 511 3293 2153 3365">
     <span class='ocr_line' id='line_1_41' title="bbox 511 3293 2153 3365; baseline 0.005 -23"><span class='ocrx_word' id='word_1_323' title='bbox 511 3293 794 3358; x_wconf 88' lang='lat' dir='ltr'><strong>oporteat.</strong></span> <span class='ocrx_word' id='word_1_324' title='bbox 853 3295 928 3347; x_wconf 90' lang='lat' dir='ltr'><strong>De</strong></span> <span class='ocrx_word' id='word_1_325' title='bbox 959 3308 1076 3362; x_wconf 89' lang='lat' dir='ltr'><strong>qua</strong></span> <span class='ocrx_word' id='word_1_326' title='bbox 1127 3310 1207 3361; x_wconf 88' lang='lat' dir='ltr'><strong>re,</strong></span> <span class='ocrx_word' id='word_1_327' title='bbox 1249 3298 1536 3365; x_wconf 89' lang='lat' dir='ltr'><strong>quantum</strong></span> <span class='ocrx_word' id='word_1_328' title='bbox 1597 3295 1751 3365; x_wconf 78' lang='lat' dir='ltr'><strong>fidei,</strong></span> <span class='ocrx_word' id='word_1_329' title='bbox 1814 3299 1995 3351; x_wconf 77' lang='lat' dir='ltr'><strong>nostte</strong></span> <span class='ocrx_word' id='word_1_330' title='bbox 2052 3312 2153 3350; x_wconf 85' lang='lat' dir='ltr'><strong>ca-</strong></span> 
     </span>
    </p>
   </div>
   <div class='ocr_carea' id='block_1_42' title="bbox 508 3377 2150 3452">
    <p class='ocr_par' dir='ltr' id='par_1_42' title="bbox 508 3377 2150 3452">
     <span class='ocr_line' id='line_1_42' title="bbox 508 3377 2150 3452; baseline 0.005 -22"><span class='ocrx_word' id='word_1_331' title='bbox 508 3377 732 3447; x_wconf 88' lang='lat' dir='ltr'><strong>pacitas</strong></span> <span class='ocrx_word' id='word_1_332' title='bbox 771 3382 828 3433; x_wconf 91' lang='lat' dir='ltr'><strong>et</strong></span> <span class='ocrx_word' id='word_1_333' title='bbox 882 3380 1316 3452; x_wconf 85' lang='lat' dir='ltr'><strong>Scripturarum</strong></span> <span class='ocrx_word' id='word_1_334' title='bbox 1369 3383 1696 3439; x_wconf 85' lang='lat' dir='ltr'><strong>divinarum</strong></span> <span class='ocrx_word' id='word_1_335' title='bbox 1749 3384 2032 3438; x_wconf 73' lang='lat' dir='ltr'><strong>sanctitas</strong></span> <span class='ocrx_word' id='word_1_336' title='bbox 2085 3399 2150 3439; x_wconf 89' lang='lat' dir='ltr'><strong>ac</strong></span> 
     </span>
    </p>
   </div>
   <div class='ocr_carea' id='block_1_43' title="bbox 506 3465 2148 3544">
    <p class='ocr_par' dir='ltr' id='par_1_43' title="bbox 506 3465 2148 3544">
     <span class='ocr_line' id='line_1_43' title="bbox 506 3465 2148 3544; baseline 0.005 -25"><span class='ocrx_word' id='word_1_337' title='bbox 506 3465 718 3521; x_wconf 88' lang='lat' dir='ltr'><strong>veritas</strong></span> <span class='ocrx_word' id='word_1_338' title='bbox 739 3470 1019 3539; x_wconf 83' lang='lat' dir='ltr'><strong>suggerit,</strong></span> <span class='ocrx_word' id='word_1_339' title='bbox 1049 3470 1299 3526; x_wconf 85' lang='lat' dir='ltr'><strong>dicimus</strong></span> <span class='ocrx_word' id='word_1_340' title='bbox 1323 3489 1527 3528; x_wconf 90' lang='lat' dir='ltr'><strong>omnes</strong></span> <span class='ocrx_word' id='word_1_341' title='bbox 1557 3474 1668 3544; x_wconf 82' lang='grc'>(12)</span> <span class='ocrx_word' id='word_1_342' title='bbox 1700 3472 1938 3528; x_wconf 90' lang='lat' dir='ltr'><strong>omnino</strong></span> <span class='ocrx_word' id='word_1_343' title='bbox 1966 3471 2148 3527; x_wconf 82' lang='lat' dir='ltr'><strong>haere-</strong></span> 
     </span>
    </p>
   </div>
   <div class='ocr_carea' id='block_1_44' title="bbox 2186 2671 3912 2746">
    <p class='ocr_par' dir='ltr' id='par_1_44' title="bbox 2186 2671 3912 2746">
     <span class='ocr_line' id='line_1_44' title="bbox 2186 2671 3912 2746; baseline 0 -17"><span class='ocrx_word' id='word_1_344' title='bbox 2186 2677 2234 2742; x_wconf 86' lang='lat' dir='ltr'><strong>B</strong></span> <span class='ocrx_word' id='word_1_345' title='bbox 2265 2675 2414 2730; x_wconf 89' lang='lat' dir='ltr'><strong>ticos</strong></span> <span class='ocrx_word' id='word_1_346' title='bbox 2471 2678 2528 2729; x_wconf 92' lang='lat' dir='ltr'><strong>et</strong></span> <span class='ocrx_word' id='word_1_347' title='bbox 2587 2673 2992 2729; x_wconf 88' lang='lat' dir='ltr'><strong>schismaticos</strong></span> <span class='ocrx_word' id='word_1_348' title='bbox 3043 2671 3189 2726; x_wconf 89' lang='lat' dir='ltr'><strong>nihil</strong></span> <span class='ocrx_word' id='word_1_349' title='bbox 3243 2671 3456 2728; x_wconf 88' lang='lat' dir='ltr'><strong>habere</strong></span> <span class='ocrx_word' id='word_1_350' title='bbox 3519 2675 3825 2746; x_wconf 87' lang='lat' dir='ltr'><strong>potestatis</strong></span> <span class='ocrx_word' id='word_1_351' title='bbox 3853 2691 3912 2729; x_wconf 89' lang='lat' dir='ltr'><strong>ac</strong></span> 
     </span>
    </p>
   </div>
   <div class='ocr_carea' id='block_1_45' title="bbox 2263 2760 3911 2834">
    <p class='ocr_par' dir='ltr' id='par_1_45' title="bbox 2263 2760 3911 2834">
     <span class='ocr_line' id='line_1_45' title="bbox 2263 2760 3911 2834; baseline -0.001 -16"><span class='ocrx_word' id='word_1_352' title='bbox 2263 2764 2439 2834; x_wconf 86' lang='lat' dir='ltr'><strong>juris.</strong></span> <span class='ocrx_word' id='word_1_353' title='bbox 2490 2766 2732 2834; x_wconf 89' lang='lat' dir='ltr'><strong>Propter</strong></span> <span class='ocrx_word' id='word_1_354' title='bbox 2789 2761 2943 2834; x_wconf 90' lang='lat' dir='ltr'><strong>quod</strong></span> <span class='ocrx_word' id='word_1_355' title='bbox 2998 2760 3359 2816; x_wconf 86' lang='lat' dir='ltr'><strong>Novatianus</strong></span> <span class='ocrx_word' id='word_1_356' title='bbox 3415 2778 3522 2816; x_wconf 89' lang='lat' dir='ltr'><strong>nec</strong></span> <span class='ocrx_word' id='word_1_357' title='bbox 3589 2761 3782 2828; x_wconf 88' lang='lat' dir='ltr'><strong>debet,</strong></span> <span class='ocrx_word' id='word_1_358' title='bbox 3817 2779 3911 2817; x_wconf 86' lang='lat' dir='ltr'><strong>nec</strong></span> 
     </span>
    </p>
   </div>
   <div class='ocr_carea' id='block_1_46' title="bbox 2271 2850 3912 2924">
    <p class='ocr_par' dir='ltr' id='par_1_46' title="bbox 2271 2850 3912 2924">
     <span class='ocr_line' id='line_1_46' title="bbox 2271 2850 3912 2924; baseline -0.001 -16"><span class='ocrx_word' id='word_1_359' title='bbox 2271 2856 2461 2924; x_wconf 85' lang='lat' dir='ltr'><strong>potest</strong></span> <span class='ocrx_word' id='word_1_360' title='bbox 2492 2851 2675 2923; x_wconf 83' lang='lat' dir='ltr'><strong>excipi</strong></span> <span class='ocrx_word' id='word_1_361' title='bbox 2715 2850 3030 2921; x_wconf 90' lang='lat' dir='ltr'><strong>quominus</strong></span> <span class='ocrx_word' id='word_1_362' title='bbox 3069 2851 3193 2921; x_wconf 86' lang='lat' dir='ltr'><strong>ipsa</strong></span> <span class='ocrx_word' id='word_1_363' title='bbox 3247 2866 3483 2924; x_wconf 86' lang='lat' dir='ltr'><strong>quoque</strong></span> <span class='ocrx_word' id='word_1_364' title='bbox 3530 2855 3693 2906; x_wconf 83' lang='lat' dir='ltr'><strong>extra</strong></span> <span class='ocrx_word' id='word_1_365' title='bbox 3724 2850 3912 2906; x_wconf 81' lang='lat' dir='ltr'><strong>Eccle-</strong></span> 
     </span>
    </p>
   </div>
   <div class='ocr_carea' id='block_1_47' title="bbox 2269 2938 3908 3012">
    <p class='ocr_par' dir='ltr' id='par_1_47' title="bbox 2269 2938 3908 3012">
     <span class='ocr_line' id='line_1_47' title="bbox 2269 2938 3908 3012; baseline -0.002 -16"><span class='ocrx_word' id='word_1_366' title='bbox 2269 2941 2416 2996; x_wconf 81' lang='lat' dir='ltr'><strong>siam</strong></span> <span class='ocrx_word' id='word_1_367' title='bbox 2439 2940 2786 3010; x_wconf 90' lang='lat' dir='ltr'><strong>consistens,</strong></span> <span class='ocrx_word' id='word_1_368' title='bbox 2826 2942 2884 2994; x_wconf 92' lang='lat' dir='ltr'><strong>et</strong></span> <span class='ocrx_word' id='word_1_369' title='bbox 2914 2942 3117 2994; x_wconf 87' lang='lat' dir='ltr'><strong>contra</strong></span> <span class='ocrx_word' id='word_1_370' title='bbox 3166 2955 3368 3012; x_wconf 87' lang='lat' dir='ltr'><strong>pacem</strong></span> <span class='ocrx_word' id='word_1_371' title='bbox 3425 2955 3494 2994; x_wconf 90' lang='lat' dir='ltr'><strong>ac</strong></span> <span class='ocrx_word' id='word_1_372' title='bbox 3545 2938 3908 2994; x_wconf 87' lang='lat' dir='ltr'><strong>dilectionem</strong></span> 
     </span>
    </p>
   </div>
   <div class='ocr_carea' id='block_1_48' title="bbox 2265 3027 3900 3095">
    <p class='ocr_par' dir='ltr' id='par_1_48' title="bbox 2265 3027 3900 3095">
     <span class='ocr_line' id='line_1_48' title="bbox 2265 3027 3900 3095; baseline -0.002 -9"><span class='ocrx_word' id='word_1_373' title='bbox 2265 3029 2478 3086; x_wconf 88' lang='lat' dir='ltr'><strong>Christi</strong></span> <span class='ocrx_word' id='word_1_374' title='bbox 2514 3027 2751 3095; x_wconf 80' lang='lat' dir='ltr'><strong>faciens,</strong></span> <span class='ocrx_word' id='word_1_375' title='bbox 2794 3028 2948 3083; x_wconf 89' lang='lat' dir='ltr'><strong>inter</strong></span> <span class='ocrx_word' id='word_1_376' title='bbox 3002 3027 3368 3084; x_wconf 87' lang='lat' dir='ltr'><strong>adversarios</strong></span> <span class='ocrx_word' id='word_1_377' title='bbox 3417 3032 3474 3084; x_wconf 89' lang='lat' dir='ltr'><strong>et</strong></span> <span class='ocrx_word' id='word_1_378' title='bbox 3528 3028 3900 3084; x_wconf 83' lang='lat' dir='ltr'><strong>antichristos</strong></span> 
     </span>
    </p>
   </div>
   <div class='ocr_carea' id='block_1_49' title="bbox 2263 3116 3906 3190">
    <p class='ocr_par' dir='ltr' id='par_1_49' title="bbox 2263 3116 3906 3190">
     <span class='ocr_line' id='line_1_49' title="bbox 2263 3116 3906 3190; baseline -0.002 -17"><span class='ocrx_word' id='word_1_379' title='bbox 2263 3123 2653 3190; x_wconf 89' lang='lat' dir='ltr'><strong>computetur.</strong></span> <span class='ocrx_word' id='word_1_380' title='bbox 2687 3117 2885 3188; x_wconf 89' lang='lat' dir='ltr'><strong>Neque</strong></span> <span class='ocrx_word' id='word_1_381' title='bbox 2937 3116 3094 3172; x_wconf 89' lang='lat' dir='ltr'><strong>enim</strong></span> <span class='ocrx_word' id='word_1_382' title='bbox 3153 3117 3442 3173; x_wconf 86' lang='lat' dir='ltr'><strong>Dominus</strong></span> <span class='ocrx_word' id='word_1_383' title='bbox 3501 3123 3697 3173; x_wconf 88' lang='lat' dir='ltr'><strong>noster</strong></span> <span class='ocrx_word' id='word_1_384' title='bbox 3742 3116 3906 3172; x_wconf 84' lang='lat' dir='ltr'><strong>Jesus</strong></span> 
     </span>
    </p>
   </div>
   <div class='ocr_carea' id='block_1_50' title="bbox 2261 3204 3901 3277">
    <p class='ocr_par' dir='ltr' id='par_1_50' title="bbox 2261 3204 3901 3277">
     <span class='ocr_line' id='line_1_50' title="bbox 2261 3204 3901 3277; baseline -0.004 -14"><span class='ocrx_word' id='word_1_385' title='bbox 2261 3207 2527 3263; x_wconf 86' lang='lat' dir='ltr'><strong>Christus</strong></span> <span class='ocrx_word' id='word_1_386' title='bbox 2559 3222 2690 3260; x_wconf 90' lang='lat' dir='ltr'><strong>cum</strong></span> <span class='ocrx_word' id='word_1_387' title='bbox 2723 3207 2781 3259; x_wconf 91' lang='lat' dir='ltr'><strong>in</strong></span> <span class='ocrx_word' id='word_1_388' title='bbox 2814 3204 3119 3277; x_wconf 88' lang='lat' dir='ltr'><strong>Evangelio</strong></span> <span class='ocrx_word' id='word_1_389' title='bbox 3178 3221 3284 3260; x_wconf 88' lang='lat' dir='ltr'><strong>suo</strong></span> <span class='ocrx_word' id='word_1_390' title='bbox 3339 3210 3654 3260; x_wconf 86' lang='lat' dir='ltr'><strong>testaretur</strong></span> <span class='ocrx_word' id='word_1_391' title='bbox 3712 3205 3901 3258; x_wconf 79' lang='lat' dir='ltr'><strong>adver-</strong></span> 
     </span>
    </p>
   </div>
   <div class='ocr_carea' id='block_1_51' title="bbox 2261 3290 3896 3364">
    <p class='ocr_par' dir='ltr' id='par_1_51' title="bbox 2261 3290 3896 3364">
     <span class='ocr_line' id='line_1_51' title="bbox 2261 3290 3896 3364; baseline -0.003 -14"><span class='ocrx_word' id='word_1_392' title='bbox 2261 3295 2448 3350; x_wconf 89' lang='lat' dir='ltr'><strong>sarios</strong></span> <span class='ocrx_word' id='word_1_393' title='bbox 2479 3310 2618 3349; x_wconf 89' lang='lat' dir='ltr'><strong>suos</strong></span> <span class='ocrx_word' id='word_1_394' title='bbox 2648 3311 2776 3349; x_wconf 90' lang='lat' dir='ltr'><strong>esse</strong></span> <span class='ocrx_word' id='word_1_395' title='bbox 2823 3310 2921 3348; x_wconf 89' lang='lat' dir='ltr'><strong>eos</strong></span> <span class='ocrx_word' id='word_1_396' title='bbox 2979 3295 3080 3364; x_wconf 89' lang='lat' dir='ltr'><strong>qui</strong></span> <span class='ocrx_word' id='word_1_397' title='bbox 3137 3310 3337 3348; x_wconf 89' lang='lat' dir='ltr'><strong>secum</strong></span> <span class='ocrx_word' id='word_1_398' title='bbox 3383 3310 3502 3348; x_wconf 91' lang='lat' dir='ltr'><strong>non</strong></span> <span class='ocrx_word' id='word_1_399' title='bbox 3532 3298 3742 3356; x_wconf 82' lang='lat' dir='ltr'><strong>essent,</strong></span> <span class='ocrx_word' id='word_1_400' title='bbox 3799 3290 3896 3346; x_wconf 88' lang='lat' dir='ltr'><strong>ali-</strong></span> 
     </span>
    </p>
   </div>
   <div class='ocr_carea' id='block_1_52' title="bbox 2261 3381 3893 3455">
    <p class='ocr_par' dir='ltr' id='par_1_52' title="bbox 2261 3381 3893 3455">
     <span class='ocr_line' id='line_1_52' title="bbox 2261 3381 3893 3455; baseline -0.003 -17"><span class='ocrx_word' id='word_1_401' title='bbox 2261 3400 2438 3455; x_wconf 88' lang='lat' dir='ltr'><strong>quam</strong></span> <span class='ocrx_word' id='word_1_402' title='bbox 2498 3382 2750 3454; x_wconf 89' lang='lat' dir='ltr'><strong>speciem</strong></span> <span class='ocrx_word' id='word_1_403' title='bbox 2800 3381 3083 3438; x_wconf 77' lang='lat' dir='ltr'><strong>hssresaos</strong></span> <span class='ocrx_word' id='word_1_404' title='bbox 3142 3383 3492 3454; x_wconf 85' lang='lat' dir='ltr'><strong>designavit,</strong></span> <span class='ocrx_word' id='word_1_405' title='bbox 3554 3383 3651 3439; x_wconf 87' lang='lat' dir='ltr'><strong>sed</strong></span> <span class='ocrx_word' id='word_1_406' title='bbox 3705 3395 3893 3436; x_wconf 88' lang='lat' dir='ltr'><strong>omnes</strong></span> 
     </span>
    </p>
   </div>
   <div class='ocr_carea' id='block_1_53' title="bbox 2259 3471 3884 3544">
    <p class='ocr_par' dir='ltr' id='par_1_53' title="bbox 2259 3471 3884 3544">
     <span class='ocr_line' id='line_1_53' title="bbox 2259 3471 3884 3544; baseline -0.005 -16"><span class='ocrx_word' id='word_1_407' title='bbox 2259 3473 2497 3528; x_wconf 88' lang='lat' dir='ltr'><strong>omnino</strong></span> <span class='ocrx_word' id='word_1_408' title='bbox 2526 3471 2572 3506; x_wconf 79' lang='grc'><strong>⁸³</strong></span> <span class='ocrx_word' id='word_1_409' title='bbox 2602 3471 2702 3544; x_wconf 90' lang='lat' dir='ltr'><strong>qui</strong></span> <span class='ocrx_word' id='word_1_410' title='bbox 2726 3489 2926 3527; x_wconf 88' lang='lat' dir='ltr'><strong>secum</strong></span> <span class='ocrx_word' id='word_1_411' title='bbox 2960 3487 3073 3526; x_wconf 90' lang='lat' dir='ltr'><strong>non</strong></span> <span class='ocrx_word' id='word_1_412' title='bbox 3101 3476 3297 3526; x_wconf 88' lang='lat' dir='ltr'><strong>essent</strong></span> <span class='ocrx_word' id='word_1_413' title='bbox 3320 3472 3433 3543; x_wconf 89' lang='grc'><strong>(13)</strong></span> <span class='ocrx_word' id='word_1_414' title='bbox 3465 3477 3524 3527; x_wconf 89' lang='lat' dir='ltr'><strong>et</strong></span> <span class='ocrx_word' id='word_1_415' title='bbox 3564 3488 3752 3528; x_wconf 88' lang='lat' dir='ltr'><strong>secum</strong></span> <span class='ocrx_word' id='word_1_416' title='bbox 3782 3484 3884 3524; x_wconf 88' lang='lat' dir='ltr'><strong>non</strong></span> 
     </span>
    </p>
   </div>
   <div class='ocr_carea' id='block_1_54' title="bbox 1932 3598 2484 3661">
    <p class='ocr_par' dir='ltr' id='par_1_54' title="bbox 1932 3598 2484 3661">
     <span class='ocr_line' id='line_1_54' title="bbox 1932 3598 2484 3661; baseline -0.002 -2"><span class='ocrx_word' id='word_1_417' title='bbox 1932 3599 2136 3660; x_wconf 65' lang='lat' dir='ltr'><strong>Varias</strong></span> <span class='ocrx_word' id='word_1_418' title='bbox 2165 3598 2484 3661; x_wconf 86' lang='lat' dir='ltr'><strong>lectiones.</strong></span> 
     </span>
    </p>
   </div>
   <div class='ocr_carea' id='block_1_55' title="bbox 575 3696 2176 3774">
    <p class='ocr_par' dir='ltr' id='par_1_55' title="bbox 575 3696 2176 3774">
     <span class='ocr_line' id='line_1_55' title="bbox 575 3696 2176 3774; baseline 0.002 -20"><span class='ocrx_word' id='word_1_419' title='bbox 575 3697 620 3731; x_wconf 83' lang='grc'><strong>⁶²</strong></span> <span class='ocrx_word' id='word_1_420' title='bbox 651 3696 829 3754; x_wconf 90' lang='lat' dir='ltr'><strong>Unico</strong></span> <span class='ocrx_word' id='word_1_421' title='bbox 854 3699 1204 3770; x_wconf 73' lang='lat' dir='ltr'><strong>pmnitentie</strong></span> <span class='ocrx_word' id='word_1_422' title='bbox 1235 3702 1530 3774; x_wconf 85' lang='lat' dir='ltr'><strong>baptismo</strong></span> <span class='ocrx_word' id='word_1_423' title='bbox 1559 3704 1687 3761; x_wconf 80' lang='lat' dir='ltr'><strong>Cod.</strong></span> <span class='ocrx_word' id='word_1_424' title='bbox 1719 3706 1946 3761; x_wconf 87' lang='lat' dir='ltr'><strong>Lamon.</strong></span> <span class='ocrx_word' id='word_1_425' title='bbox 1979 3706 2023 3742; x_wconf 77' lang='grc'><strong>⁸³</strong></span> <span class='ocrx_word' id='word_1_426' title='bbox 2055 3708 2176 3759; x_wconf 75' lang='lat' dir='ltr'><strong>Hm</strong></span> 
     </span>
    </p>
   </div>
   <div class='ocr_carea' id='block_1_56' title="bbox 2268 3696 2768 3774">
    <p class='ocr_par' dir='ltr' id='par_1_56' title="bbox 2269 3701 2768 3760">
     <span class='ocr_line' id='line_1_56' title="bbox 2269 3701 2768 3760; baseline -0.002 -2"><span class='ocrx_word' id='word_1_427' title='bbox 2269 3719 2367 3760; x_wconf 91' lang='lat' dir='ltr'><strong>cos</strong></span> <span class='ocrx_word' id='word_1_428' title='bbox 2395 3703 2555 3758; x_wconf 84' lang='lat' dir='ltr'><strong>addit</strong></span> <span class='ocrx_word' id='word_1_429' title='bbox 2594 3701 2768 3759; x_wconf 73' lang='lat' dir='ltr'><strong>Oxon.</strong></span> 
     </span>
    </p>
   </div>
   <div class='ocr_carea' id='block_1_57' title="bbox 1841 3828 2568 3909">
    <p class='ocr_par' dir='ltr' id='par_1_57' title="bbox 1841 3828 2568 3909">
     <span class='ocr_line' id='line_1_57' title="bbox 1841 3828 2568 3909; baseline -0.006 -17"><span class='ocrx_word' id='word_1_430' title='bbox 1841 3830 2059 3909; x_wconf 89' lang='lat' dir='ltr'><strong>Steph.</strong></span> <span class='ocrx_word' id='word_1_431' title='bbox 2105 3828 2337 3892; x_wconf 86' lang='lat' dir='ltr'><strong>Baluzii</strong></span> <span class='ocrx_word' id='word_1_432' title='bbox 2381 3835 2568 3890; x_wconf 75' lang='lat' dir='ltr'><strong>notae.</strong></span> 
     </span>
    </p>
   </div>
   <div class='ocr_carea' id='block_1_58' title="bbox 580 3928 2156 3998">
    <p class='ocr_par' dir='ltr' id='par_1_58' title="bbox 580 3928 2156 3998">
     <span class='ocr_line' id='line_1_58' title="bbox 580 3928 2156 3998; baseline 0.006 -16"><span class='ocrx_word' id='word_1_433' title='bbox 580 3928 656 3998; x_wconf 91' lang='lat'><strong>(7)</strong></span> <span class='ocrx_word' id='word_1_434' title='bbox 692 3928 818 3983; x_wconf 82' lang='lat' dir='ltr'><strong>Octo</strong></span> <span class='ocrx_word' id='word_1_435' title='bbox 848 3932 1057 3987; x_wconf 67' lang='lat' dir='ltr'><strong>animae</strong></span> <span class='ocrx_word' id='word_1_436' title='bbox 1096 3932 1399 3990; x_wconf 86' lang='lat' dir='ltr'><strong>hominum.</strong></span> <span class='ocrx_word' id='word_1_437' title='bbox 1433 3935 1524 3990; x_wconf 84' lang='lat' dir='ltr'><strong>Sic</strong></span> <span class='ocrx_word' id='word_1_438' title='bbox 1581 3935 1951 3990; x_wconf 89' lang='lat' dir='ltr'><strong>restituimus</strong></span> <span class='ocrx_word' id='word_1_439' title='bbox 2000 3935 2156 3994; x_wconf 85' lang='lat' dir='ltr'><strong>hunc</strong></span> 
     </span>
    </p>
   </div>
   <div class='ocr_carea' id='block_1_59' title="bbox 506 3998 2154 4076">
    <p class='ocr_par' dir='ltr' id='par_1_59' title="bbox 506 3998 2154 4076">
     <span class='ocr_line' id='line_1_59' title="bbox 506 3998 2154 4076; baseline 0.005 -24"><span class='ocrx_word' id='word_1_440' title='bbox 506 3998 702 4053; x_wconf 89' lang='lat' dir='ltr'><strong>locum</strong></span> <span class='ocrx_word' id='word_1_441' title='bbox 721 4016 788 4054; x_wconf 90' lang='lat' dir='ltr'><strong>ex</strong></span> <span class='ocrx_word' id='word_1_442' title='bbox 813 4002 924 4076; x_wconf 69' lang='lat' dir='ltr'><strong>{ide</strong></span> <span class='ocrx_word' id='word_1_443' title='bbox 942 4008 1069 4058; x_wconf 90' lang='lat' dir='ltr'><strong>octo</strong></span> <span class='ocrx_word' id='word_1_444' title='bbox 1095 4004 1375 4059; x_wconf 89' lang='lat' dir='ltr'><strong>librorum</strong></span> <span class='ocrx_word' id='word_1_445' title='bbox 1395 4011 1727 4062; x_wconf 85' lang='lat' dir='ltr'><strong>nostrorum</strong></span> <span class='ocrx_word' id='word_1_446' title='bbox 1761 4013 1817 4062; x_wconf 90' lang='lat' dir='ltr'><strong>et</strong></span> <span class='ocrx_word' id='word_1_447' title='bbox 1835 4024 1933 4062; x_wconf 88' lang='lat' dir='ltr'><strong>sex</strong></span> <span class='ocrx_word' id='word_1_448' title='bbox 1956 4007 2154 4076; x_wconf 86' lang='lat' dir='ltr'><strong>Angli-</strong></span> 
     </span>
    </p>
   </div>
   <div class='ocr_carea' id='block_1_60' title="bbox 511 4073 2154 4154">
    <p class='ocr_par' dir='ltr' id='par_1_60' title="bbox 511 4073 2154 4154">
     <span class='ocr_line' id='line_1_60' title="bbox 511 4073 2154 4154; baseline 0.005 -31"><span class='ocrx_word' id='word_1_449' title='bbox 511 4073 992 4154; x_wconf 68' lang='lat' dir='ltr'><strong>canorum._Nam</strong></span> <span class='ocrx_word' id='word_1_450' title='bbox 1025 4079 1081 4129; x_wconf 91' lang='lat' dir='ltr'><strong>at</strong></span> <span class='ocrx_word' id='word_1_451' title='bbox 1111 4076 1262 4154; x_wconf 67' lang='lat' dir='ltr'><strong>intra</strong></span> <span class='ocrx_word' id='word_1_452' title='bbox 1283 4077 1339 4130; x_wconf 90' lang='lat' dir='ltr'><strong>in</strong></span> <span class='ocrx_word' id='word_1_453' title='bbox 1374 4077 1618 4148; x_wconf 88' lang='lat' dir='ltr'><strong>epistola</strong></span> <span class='ocrx_word' id='word_1_454' title='bbox 1651 4095 1835 4154; x_wconf 61' lang='lat' dir='ltr'><strong>nxxvi,</strong></span> <span class='ocrx_word' id='word_1_455' title='bbox 1870 4094 2000 4150; x_wconf 87' lang='lat' dir='ltr'><strong>pag.</strong></span> <span class='ocrx_word' id='word_1_456' title='bbox 2032 4073 2154 4154; x_wconf 75' lang='lat'><strong>{52,</strong></span> 
     </span>
    </p>
   </div>
   <div class='ocr_carea' id='block_1_61' title="bbox 509 4143 2158 4216">
    <p class='ocr_par' dir='ltr' id='par_1_61' title="bbox 509 4143 2158 4216">
     <span class='ocr_line' id='line_1_61' title="bbox 509 4143 2158 4216; baseline 0.006 -22"><span class='ocrx_word' id='word_1_457' title='bbox 509 4143 590 4216; x_wconf 83' lang='lat' dir='ltr'><strong>ita</strong></span> <span class='ocrx_word' id='word_1_458' title='bbox 619 4143 803 4216; x_wconf 18' lang='lat' dir='ltr'><strong>etiam»</strong></span> <span class='ocrx_word' id='word_1_459' title='bbox 826 4143 1037 4216; x_wconf 89' lang='lat' dir='ltr'><strong>legitur</strong></span> <span class='ocrx_word' id='word_1_460' title='bbox 1065 4152 1127 4200; x_wconf 86' lang='lat' dir='ltr'><strong>ut</strong></span> <span class='ocrx_word' id='word_1_461' title='bbox 1160 4147 1308 4203; x_wconf 90' lang='lat' dir='ltr'><strong>istic.</strong></span> <span class='ocrx_word' id='word_1_462' title='bbox 1342 4143 1490 4203; x_wconf 74' lang='lat' dir='ltr'><strong>Sana</strong></span> <span class='ocrx_word' id='word_1_463' title='bbox 1522 4166 1625 4203; x_wconf 83' lang='lat' dir='ltr'><strong>vox</strong></span> <span class='ocrx_word' id='word_1_464' title='bbox 1655 4143 2158 4205; x_wconf 56' lang='lat' dir='ltr'><strong>hominum&#39;exstat</strong></span> 
     </span>
    </p>
   </div>
   <div class='ocr_carea' id='block_1_62' title="bbox 511 4213 2152 4294">
    <p class='ocr_par' dir='ltr' id='par_1_62' title="bbox 511 4213 2152 4294">
     <span class='ocr_line' id='line_1_62' title="bbox 511 4213 2152 4294; baseline 0.005 -28"><span class='ocrx_word' id='word_1_465' title='bbox 511 4213 568 4294; x_wconf 70' lang='lat' dir='ltr'><strong>in</strong></span> <span class='ocrx_word' id='word_1_466' title='bbox 603 4214 846 4294; x_wconf 70' lang='lat' dir='ltr'><strong>epistola</strong></span> <span class='ocrx_word' id='word_1_467' title='bbox 877 4213 1248 4294; x_wconf 78' lang='lat' dir='ltr'><strong>sancti_Petri</strong></span> <span class='ocrx_word' id='word_1_468' title='bbox 1299 4236 1401 4294; x_wconf 83' lang='lat' dir='ltr'><strong>nec</strong></span> <span class='ocrx_word' id='word_1_469' title='bbox 1431 4221 1584 4291; x_wconf 90' lang='lat' dir='ltr'><strong>apud</strong></span> <span class='ocrx_word' id='word_1_470' title='bbox 1637 4221 2052 4294; x_wconf 81' lang='lat' dir='ltr'><strong>Hieronymum</strong></span> <span class='ocrx_word' id='word_1_471' title='bbox 2095 4221 2152 4275; x_wconf 92' lang='lat' dir='ltr'><strong>in</strong></span> 
     </span>
    </p>
   </div>
   <div class='ocr_carea' id='block_1_63' title="bbox 507 4285 1488 4356">
    <p class='ocr_par' dir='ltr' id='par_1_63' title="bbox 507 4285 1488 4356">
     <span class='ocr_line' id='line_1_63' title="bbox 507 4285 1488 4356; baseline 0.007 -17"><span class='ocrx_word' id='word_1_472' title='bbox 507 4285 737 4356; x_wconf 87' lang='lat' dir='ltr'><strong>dialogo</strong></span> <span class='ocrx_word' id='word_1_473' title='bbox 771 4287 1046 4343; x_wconf 88' lang='lat' dir='ltr'><strong>adversus</strong></span> <span class='ocrx_word' id='word_1_474' title='bbox 1079 4285 1488 4346; x_wconf 54' lang='lat' dir='ltr'><strong>Luciferianos&#39;.</strong></span> 
     </span>
    </p>
   </div>
   <div class='ocr_carea' id='block_1_64' title="bbox 2267 3931 3881 4004">
    <p class='ocr_par' dir='ltr' id='par_1_64' title="bbox 2267 3931 3881 4004">
     <span class='ocr_line' id='line_1_64' title="bbox 2267 3931 3881 4004; baseline -0.003 -16"><span class='ocrx_word' id='word_1_475' title='bbox 2267 3935 2352 4004; x_wconf 80' lang='lat' dir='ltr'><strong>ﬁli</strong></span> <span class='ocrx_word' id='word_1_476' title='bbox 2383 3934 2733 3998; x_wconf 86' lang='lat' dir='ltr'><strong>charissime,</strong></span> <span class='ocrx_word' id='word_1_477' title='bbox 2752 3949 2966 4004; x_wconf 86' lang='lat' dir='ltr'><strong>semper</strong></span> <span class='ocrx_word' id='word_1_478' title='bbox 2979 3934 3109 3988; x_wconf 87' lang='lat' dir='ltr'><strong>bene</strong></span> <span class='ocrx_word' id='word_1_479' title='bbox 3119 3933 3324 4004; x_wconf 81' lang='lat' dir='ltr'><strong>valere.</strong></span> <span class='ocrx_word' id='word_1_480' title='bbox 3347 3933 3502 4004; x_wconf 77' lang='lat' dir='ltr'><strong>Sane</strong></span> <span class='ocrx_word' id='word_1_481' title='bbox 3524 3932 3604 4004; x_wconf 87' lang='lat' dir='ltr'><strong>ita</strong></span> <span class='ocrx_word' id='word_1_482' title='bbox 3619 3931 3881 4004; x_wconf 71' lang='lat' dir='ltr'><strong>scriptum</strong></span> 
     </span>
    </p>
   </div>
   <div class='ocr_carea' id='block_1_65' title="bbox 2268 4001 3881 4072">
    <p class='ocr_par' dir='ltr' id='par_1_65' title="bbox 2268 4001 3881 4072">
     <span class='ocr_line' id='line_1_65' title="bbox 2268 4001 3881 4072; baseline -0.006 -12"><span class='ocrx_word' id='word_1_483' title='bbox 2268 4001 2358 4060; x_wconf 84' lang='lat' dir='ltr'><strong>est</strong></span> <span class='ocrx_word' id='word_1_484' title='bbox 2387 4005 2447 4059; x_wconf 92' lang='lat' dir='ltr'><strong>in</strong></span> <span class='ocrx_word' id='word_1_485' title='bbox 2479 4003 2832 4059; x_wconf 87' lang='lat' dir='ltr'><strong>aditionibus</strong></span> <span class='ocrx_word' id='word_1_486' title='bbox 2865 4001 3133 4069; x_wconf 88' lang='lat' dir='ltr'><strong>Manutii,</strong></span> <span class='ocrx_word' id='word_1_487' title='bbox 3174 4002 3438 4072; x_wconf 77' lang='lat' dir='ltr'><strong>Pamelii,</strong></span> <span class='ocrx_word' id='word_1_488' title='bbox 3467 4002 3719 4072; x_wconf 81' lang='lat' dir='ltr'><strong>Rigaltii,</strong></span> <span class='ocrx_word' id='word_1_489' title='bbox 3758 4005 3809 4056; x_wconf 89' lang='lat' dir='ltr'><strong>et</strong></span> <span class='ocrx_word' id='word_1_490' title='bbox 3835 4001 3881 4052; x_wconf 87' lang='lat' dir='ltr'><strong>in</strong></span> 
     </span>
    </p>
   </div>
   <div class='ocr_carea' id='block_1_66' title="bbox 2271 4074 3883 4148">
    <p class='ocr_par' dir='ltr' id='par_1_66' title="bbox 2271 4074 3883 4148">
     <span class='ocr_line' id='line_1_66' title="bbox 2271 4074 3883 4148; baseline -0.004 -18"><span class='ocrx_word' id='word_1_491' title='bbox 2271 4076 2641 4148; x_wconf 78' lang='lat' dir='ltr'><strong>Anglicana._</strong></span> <span class='ocrx_word' id='word_1_492' title='bbox 2694 4078 2764 4148; x_wconf 85' lang='lat' dir='ltr'><strong>At</strong></span> <span class='ocrx_word' id='word_1_493' title='bbox 2820 4081 3042 4130; x_wconf 89' lang='lat' dir='ltr'><strong>veteres</strong></span> <span class='ocrx_word' id='word_1_494' title='bbox 3105 4075 3391 4148; x_wconf 86' lang='lat' dir='ltr'><strong>editiones</strong></span> <span class='ocrx_word' id='word_1_495' title='bbox 3466 4074 3883 4148; x_wconf 77' lang='lat' dir='ltr'><strong>habentfrater</strong></span> 
     </span>
    </p>
   </div>
   <div class='ocr_carea' id='block_1_67' title="bbox 2263 4144 3879 4218">
    <p class='ocr_par' dir='ltr' id='par_1_67' title="bbox 2263 4144 3879 4218">
     <span class='ocr_line' id='line_1_67' title="bbox 2263 4144 3879 4218; baseline -0.004 -17"><span class='ocrx_word' id='word_1_496' title='bbox 2263 4144 2768 4209; x_wconf 56' lang='lat' dir='ltr'><strong>charissimaouod</strong></span> <span class='ocrx_word' id='word_1_497' title='bbox 2796 4148 2969 4202; x_wconf 92' lang='lat' dir='ltr'><strong>modo</strong></span> <span class='ocrx_word' id='word_1_498' title='bbox 2985 4163 3088 4201; x_wconf 89' lang='lat' dir='ltr'><strong>nos</strong></span> <span class='ocrx_word' id='word_1_499' title='bbox 3102 4146 3474 4218; x_wconf 88' lang='lat' dir='ltr'><strong>reposuimus</strong></span> <span class='ocrx_word' id='word_1_500' title='bbox 3499 4144 3879 4202; x_wconf 84' lang='lat' dir='ltr'><strong>auctoritatem</strong></span> 
     </span>
    </p>
   </div>
   <div class='ocr_carea' id='block_1_68' title="bbox 2266 4217 3881 4274">
    <p class='ocr_par' dir='ltr' id='par_1_68' title="bbox 2266 4217 3881 4274">
     <span class='ocr_line' id='line_1_68' title="bbox 2266 4217 3881 4274; baseline -0.004 -2"><span class='ocrx_word' id='word_1_501' title='bbox 2266 4219 2446 4273; x_wconf 88' lang='lat' dir='ltr'><strong>secuti</strong></span> <span class='ocrx_word' id='word_1_502' title='bbox 2495 4223 2752 4274; x_wconf 87' lang='lat' dir='ltr'><strong>veterum</strong></span> <span class='ocrx_word' id='word_1_503' title='bbox 2812 4219 3134 4273; x_wconf 90' lang='lat' dir='ltr'><strong>editionum</strong></span> <span class='ocrx_word' id='word_1_504' title='bbox 3172 4217 3242 4272; x_wconf 13' lang='lat' dir='ltr'><strong>iet</strong></span> <span class='ocrx_word' id='word_1_505' title='bbox 3298 4223 3557 4272; x_wconf 88' lang='lat' dir='ltr'><strong>veterum</strong></span> <span class='ocrx_word' id='word_1_506' title='bbox 3602 4217 3881 4271; x_wconf 87' lang='lat' dir='ltr'><strong>librorum.</strong></span> 
     </span>
    </p>
   </div>
   <div class='ocr_carea' id='block_1_69' title="bbox 2263 4288 3883 4370">
    <p class='ocr_par' dir='ltr' id='par_1_69' title="bbox 2263 4288 3883 4370">
     <span class='ocr_line' id='line_1_69' title="bbox 2263 4288 3883 4370; baseline -0.004 -26"><span class='ocrx_word' id='word_1_507' title='bbox 2263 4290 2450 4370; x_wconf 70' lang='lat' dir='ltr'><strong>§enlit</strong></span> <span class='ocrx_word' id='word_1_508' title='bbox 2463 4289 2809 4370; x_wconf 81' lang='lat' dir='ltr'><strong>Reinharlus</strong></span> <span class='ocrx_word' id='word_1_509' title='bbox 2825 4290 3033 4370; x_wconf 80' lang='lat' dir='ltr'><strong>vitium</strong></span> <span class='ocrx_word' id='word_1_510' title='bbox 3055 4288 3338 4370; x_wconf 71' lang='lat' dir='ltr'><strong>editionis</strong></span> <span class='ocrx_word' id='word_1_511' title='bbox 3362 4289 3883 4370; x_wconf 67' lang='lat' dir='ltr'><strong>Rigalti_ante,quam</strong></span> 
     </span>
    </p>
   </div>
   <div class='ocr_carea' id='block_1_70' title="bbox 581 4357 3888 4433">
    <p class='ocr_par' dir='ltr' id='par_1_70' title="bbox 581 4357 3888 4433">
     <span class='ocr_line' id='line_1_70' title="bbox 581 4357 3888 4433; baseline -0 -24"><span class='ocrx_word' id='word_1_512' title='bbox 581 4357 658 4426; x_wconf 88' lang='lat'><strong>(8)</strong></span> <span class='ocrx_word' id='word_1_513' title='bbox 689 4357 950 4433; x_wconf 82' lang='lat' dir='ltr'><strong>Salvatus</strong></span> <span class='ocrx_word' id='word_1_514' title='bbox 977 4362 1182 4416; x_wconf 86' lang='lat' dir='ltr'><strong>videri.</strong></span> <span class='ocrx_word' id='word_1_515' title='bbox 1227 4363 1519 4418; x_wconf 85' lang='lat' dir='ltr'><strong>Editiones</strong></span> <span class='ocrx_word' id='word_1_516' title='bbox 1575 4362 1794 4417; x_wconf 89' lang='lat' dir='ltr'><strong>habent</strong></span> <span class='ocrx_word' id='word_1_517' title='bbox 1838 4361 2051 4417; x_wconf 79' lang='lat' dir='ltr'><strong>salvus.</strong></span> <span class='ocrx_word' id='word_1_518' title='bbox 2085 4366 2160 4418; x_wconf 82' lang='lat' dir='ltr'><strong>At</strong></span> <span class='ocrx_word' id='word_1_519' title='bbox 2188 4365 2230 4431; x_wconf 85' lang='lat' dir='ltr'><strong>C</strong></span> <span class='ocrx_word' id='word_1_520' title='bbox 2270 4362 2386 4417; x_wconf 84' lang='lat' dir='ltr'><strong>fere</strong></span> <span class='ocrx_word' id='word_1_521' title='bbox 2425 4362 2792 4433; x_wconf 73' lang='lat' dir='ltr'><strong>sequebatur,</strong></span> <span class='ocrx_word' id='word_1_522' title='bbox 2852 4365 2910 4416; x_wconf 92' lang='lat' dir='ltr'><strong>et</strong></span> <span class='ocrx_word' id='word_1_523' title='bbox 2957 4361 3152 4416; x_wconf 88' lang='lat' dir='ltr'><strong>emisit</strong></span> <span class='ocrx_word' id='word_1_524' title='bbox 3207 4376 3402 4415; x_wconf 89' lang='lat' dir='ltr'><strong>vocem</strong></span> <span class='ocrx_word' id='word_1_525' title='bbox 3437 4357 3601 4433; x_wconf 58' lang='lat' dir='ltr'><strong>&#39;ﬁlii,</strong></span> <span class='ocrx_word' id='word_1_526' title='bbox 3648 4357 3888 4433; x_wconf 83' lang='lat' dir='ltr'><strong>scribens</strong></span> 
     </span>
    </p>
   </div>
   <div class='ocr_carea' id='block_1_71' title="bbox 509 4431 2156 4502">
    <p class='ocr_par' dir='ltr' id='par_1_71' title="bbox 509 4431 2156 4502">
     <span class='ocr_line' id='line_1_71' title="bbox 509 4431 2156 4502; baseline 0.006 -22"><span class='ocrx_word' id='word_1_527' title='bbox 509 4431 1172 4502; x_wconf 17' lang='lat' dir='ltr'><strong>ego‘roposuisalvatus,</strong></span> <span class='ocrx_word' id='word_1_528' title='bbox 1205 4439 1441 4488; x_wconf 87' lang='lat' dir='ltr'><strong>secutus</strong></span> <span class='ocrx_word' id='word_1_529' title='bbox 1486 4436 1544 4488; x_wconf 91' lang='lat' dir='ltr'><strong>in</strong></span> <span class='ocrx_word' id='word_1_530' title='bbox 1605 4434 1714 4489; x_wconf 89' lang='lat' dir='ltr'><strong>hoc</strong></span> <span class='ocrx_word' id='word_1_531' title='bbox 1751 4434 2156 4490; x_wconf 88' lang='lat' dir='ltr'><strong>auctoritatem</strong></span> 
     </span>
    </p>
   </div>
   <div class='ocr_carea' id='block_1_72' title="bbox 510 4499 2156 4578">
    <p class='ocr_par' dir='ltr' id='par_1_72' title="bbox 510 4499 2156 4578">
     <span class='ocr_line' id='line_1_72' title="bbox 510 4499 2156 4578; baseline 0.005 -27"><span class='ocrx_word' id='word_1_532' title='bbox 510 4499 784 4554; x_wconf 89' lang='lat' dir='ltr'><strong>tredecim</strong></span> <span class='ocrx_word' id='word_1_533' title='bbox 807 4499 1228 4574; x_wconf 83' lang='lat' dir='ltr'><strong>exemplarium</strong></span> <span class='ocrx_word' id='word_1_534' title='bbox 1248 4510 1579 4561; x_wconf 90' lang='lat' dir='ltr'><strong>nostrorum</strong></span> <span class='ocrx_word' id='word_1_535' title='bbox 1601 4511 1658 4561; x_wconf 91' lang='lat' dir='ltr'><strong>et</strong></span> <span class='ocrx_word' id='word_1_536' title='bbox 1675 4511 1928 4578; x_wconf 88' lang='lat' dir='ltr'><strong>quatuor</strong></span> <span class='ocrx_word' id='word_1_537' title='bbox 1956 4505 2156 4578; x_wconf 89' lang='lat' dir='ltr'><strong>Angli-</strong></span> 
     </span>
    </p>
   </div>
   <div class='ocr_carea' id='block_1_73' title="bbox 509 4585 810 4625">
    <p class='ocr_par' dir='ltr' id='par_1_73' title="bbox 509 4585 810 4625">
     <span class='ocr_line' id='line_1_73' title="bbox 509 4585 810 4625; baseline 0.01 -3"><span class='ocrx_word' id='word_1_538' title='bbox 509 4585 810 4625; x_wconf 85' lang='lat' dir='ltr'><strong>canorum.</strong></span> 
     </span>
    </p>
   </div>
   <div class='ocr_carea' id='block_1_74' title="bbox 579 4641 2155 4719">
    <p class='ocr_par' dir='ltr' id='par_1_74' title="bbox 579 4641 2155 4719">
     <span class='ocr_line' id='line_1_74' title="bbox 579 4641 2155 4719; baseline 0.005 -24"><span class='ocrx_word' id='word_1_539' title='bbox 579 4641 658 4719; x_wconf 76' lang='grc'>(9)</span> <span class='ocrx_word' id='word_1_540' title='bbox 691 4646 982 4719; x_wconf 69' lang='lat' dir='ltr'><strong>Dominica</strong></span> <span class='ocrx_word' id='word_1_541' title='bbox 1013 4649 1245 4719; x_wconf 79' lang='lat' dir='ltr'><strong>unitate.</strong></span> <span class='ocrx_word' id='word_1_542' title='bbox 1296 4647 1478 4703; x_wconf 89' lang='lat' dir='ltr'><strong>Vetus</strong></span> <span class='ocrx_word' id='word_1_543' title='bbox 1535 4648 1712 4703; x_wconf 83' lang='lat' dir='ltr'><strong>codex</strong></span> <span class='ocrx_word' id='word_1_544' title='bbox 1773 4647 2155 4719; x_wconf 82' lang='lat' dir='ltr'><strong>Remigianus</strong></span> 
     </span>
    </p>
   </div>
   <div class='ocr_carea' id='block_1_75' title="bbox 509 4716 2156 4837">
    <p class='ocr_par' dir='ltr' id='par_1_75' title="bbox 509 4716 2156 4837">
     <span class='ocr_line' id='line_1_75' title="bbox 509 4716 2156 4837; baseline 0.005 -72"><span class='ocrx_word' id='word_1_545' title='bbox 509 4716 725 4837; x_wconf 40' lang='lat' dir='ltr'><strong>atratis</strong></span> <span class='ocrx_word' id='word_1_546' title='bbox 773 4716 1075 4786; x_wconf 83' lang='lat' dir='ltr'><strong>Anglicani</strong></span> <span class='ocrx_word' id='word_1_547' title='bbox 1135 4717 1354 4773; x_wconf 89' lang='lat' dir='ltr'><strong>habent</strong></span> <span class='ocrx_word' id='word_1_548' title='bbox 1419 4719 1712 4776; x_wconf 75' lang='lat' dir='ltr'><strong>dominicae</strong></span> <span class='ocrx_word' id='word_1_549' title='bbox 1767 4716 2156 4775; x_wconf 71' lang='lat' dir='ltr'><strong>obseruationis</strong></span> 
     </span>
     <span class='ocr_line' id='line_1_76' title="bbox 515 4800 740 4837; baseline 0 0"><span class='ocrx_word' id='word_1_550' title='bbox 515 4800 545 4837; x_wconf 88' lang='grc' dir='ltr'><strong><em>υ</em></strong></span> <span class='ocrx_word' id='word_1_551' title='bbox 693 4800 740 4837; x_wconf 78' lang='grc' dir='ltr'><strong>ε,</strong></span> 
     </span>
    </p>
   </div>
   <div class='ocr_carea' id='block_1_76' title="bbox 515 4799 740 4838">
    <p class='ocr_par' dir='ltr' id='par_1_76' title="bbox 515 4799 740 4838">
     <span class='ocr_line' id='line_1_77' title="bbox 515 4799 740 4838; baseline 0.004 -1"><span class='ocrx_word' id='word_1_552' title='bbox 515 4799 740 4838; x_wconf 77' lang='lat' dir='ltr'><strong>virtute.</strong></span> 
     </span>
    </p>
   </div>
   <div class='ocr_carea' id='block_1_77' title="bbox 581 4855 2153 4933">
    <p class='ocr_par' dir='ltr' id='par_1_77' title="bbox 581 4855 2153 4933">
     <span class='ocr_line' id='line_1_78' title="bbox 581 4855 2153 4933; baseline 0.005 -25"><span class='ocrx_word' id='word_1_553' title='bbox 581 4855 690 4933; x_wconf 71' lang='lat' dir='ltr'><strong>(lO)</strong></span> <span class='ocrx_word' id='word_1_554' title='bbox 723 4855 806 4933; x_wconf 77' lang='lat' dir='ltr'><strong>Ad</strong></span> <span class='ocrx_word' id='word_1_555' title='bbox 834 4856 1114 4933; x_wconf 49' lang='lat' dir='ltr'><strong>hereticos</strong></span> <span class='ocrx_word' id='word_1_556' title='bbox 1133 4863 1488 4933; x_wconf 85' lang='lat' dir='ltr'><strong>transierant.</strong></span> <span class='ocrx_word' id='word_1_557' title='bbox 1523 4865 1687 4917; x_wconf 90' lang='lat' dir='ltr'><strong>Unus</strong></span> <span class='ocrx_word' id='word_1_558' title='bbox 1718 4863 1892 4916; x_wconf 80' lang='lat' dir='ltr'><strong>codex</strong></span> <span class='ocrx_word' id='word_1_559' title='bbox 1937 4861 2153 4933; x_wconf 87' lang='lat' dir='ltr'><strong>regius,</strong></span> 
     </span>
    </p>
   </div>
   <div class='ocr_carea' id='block_1_78' title="bbox 509 4925 2158 4988">
    <p class='ocr_par' dir='ltr' id='par_1_78' title="bbox 509 4925 2158 4988">
     <span class='ocr_line' id='line_1_79' title="bbox 509 4925 2158 4988; baseline 0.005 -9"><span class='ocrx_word' id='word_1_560' title='bbox 509 4925 578 4979; x_wconf 89' lang='lat' dir='ltr'><strong>ad</strong></span> <span class='ocrx_word' id='word_1_561' title='bbox 608 4927 895 4982; x_wconf 50' lang='lat' dir='ltr'><strong>hereticos</strong></span> <span class='ocrx_word' id='word_1_562' title='bbox 925 4929 1232 4986; x_wconf 76' lang='lat' dir='ltr'><strong>discessisse</strong></span> <span class='ocrx_word' id='word_1_563' title='bbox 1265 4939 1662 4988; x_wconf 86' lang='lat' dir='ltr'><strong>monstrantur.</strong></span> <span class='ocrx_word' id='word_1_564' title='bbox 1726 4925 2054 4987; x_wconf 63' lang='lat' dir='ltr'><strong>Lectionath</strong></span> <span class='ocrx_word' id='word_1_565' title='bbox 2124 4925 2158 4988; x_wconf 71' lang='grc' dir='ltr'><strong>ὁ,</strong></span> 
     </span>
    </p>
   </div>
   <div class='ocr_carea' id='block_1_79' title="bbox 506 4998 2155 5078">
    <p class='ocr_par' dir='ltr' id='par_1_79' title="bbox 506 4998 2155 5078">
     <span class='ocr_line' id='line_1_80' title="bbox 506 4998 2155 5078; baseline 0.004 -28"><span class='ocrx_word' id='word_1_566' title='bbox 506 4998 676 5078; x_wconf 73' lang='lat' dir='ltr'><strong>nobis</strong></span> <span class='ocrx_word' id='word_1_567' title='bbox 709 5004 990 5078; x_wconf 80' lang='lat' dir='ltr'><strong>retentam</strong></span> <span class='ocrx_word' id='word_1_568' title='bbox 1047 5003 1393 5078; x_wconf 79' lang='lat' dir='ltr'><strong>confirmare</strong></span> <span class='ocrx_word' id='word_1_569' title='bbox 1441 5005 1706 5078; x_wconf 86' lang='lat' dir='ltr'><strong>videntur</strong></span> <span class='ocrx_word' id='word_1_570' title='bbox 1735 5005 1856 5060; x_wconf 69' lang='lat' dir='ltr'><strong>haec</strong></span> <span class='ocrx_word' id='word_1_571' title='bbox 1887 5004 2155 5078; x_wconf 74' lang='lat' dir='ltr'><strong>Cypriani</strong></span> 
     </span>
    </p>
   </div>
   <div class='ocr_carea' id='block_1_80' title="bbox 509 5069 2156 5147">
    <p class='ocr_par' dir='ltr' id='par_1_80' title="bbox 509 5069 2156 5147">
     <span class='ocr_line' id='line_1_81' title="bbox 509 5069 2156 5147; baseline 0.005 -25"><span class='ocrx_word' id='word_1_572' title='bbox 509 5069 705 5147; x_wconf 60' lang='lat' dir='ltr'><strong>verba</strong></span> <span class='ocrx_word' id='word_1_573' title='bbox 739 5087 805 5125; x_wconf 86' lang='lat' dir='ltr'><strong>ex</strong></span> <span class='ocrx_word' id='word_1_574' title='bbox 862 5072 1108 5143; x_wconf 87' lang='lat' dir='ltr'><strong>epistola</strong></span> <span class='ocrx_word' id='word_1_575' title='bbox 1139 5091 1287 5138; x_wconf 79' lang='lat' dir='ltr'><strong>Lxxi,</strong></span> <span class='ocrx_word' id='word_1_576' title='bbox 1346 5092 1479 5147; x_wconf 89' lang='lat' dir='ltr'><strong>pag.</strong></span> <span class='ocrx_word' id='word_1_577' title='bbox 1540 5077 1660 5142; x_wconf 79' lang='grc'>127,</span> <span class='ocrx_word' id='word_1_578' title='bbox 1704 5085 1756 5130; x_wconf 88' lang='lat' dir='ltr'><strong>et</strong></span> <span class='ocrx_word' id='word_1_579' title='bbox 1811 5093 1844 5131; x_wconf 91' lang='lat' dir='ltr'><strong>a</strong></span> <span class='ocrx_word' id='word_1_580' title='bbox 1901 5069 2056 5131; x_wconf 60' lang='lat' dir='ltr'><strong>nobis</strong></span> <span class='ocrx_word' id='word_1_581' title='bbox 2087 5075 2156 5131; x_wconf 89' lang='lat' dir='ltr'><strong>ad</strong></span> 
     </span>
    </p>
   </div>
   <div class='ocr_carea' id='block_1_81' title="bbox 506 5142 1101 5199">
    <p class='ocr_par' dir='ltr' id='par_1_81' title="bbox 506 5142 1101 5199">
     <span class='ocr_line' id='line_1_82' title="bbox 506 5142 1101 5199; baseline 0.008 -6"><span class='ocrx_word' id='word_1_582' title='bbox 506 5142 792 5197; x_wconf 66' lang='lat' dir='ltr'><strong>haereticos</strong></span> <span class='ocrx_word' id='word_1_583' title='bbox 822 5142 1101 5199; x_wconf 79' lang='lat' dir='ltr'><strong>transisse.</strong></span> 
     </span>
    </p>
   </div>
   <div class='ocr_carea' id='block_1_82' title="bbox 580 5214 2154 5288">
    <p class='ocr_par' dir='ltr' id='par_1_82' title="bbox 580 5214 2154 5288">
     <span class='ocr_line' id='line_1_83' title="bbox 580 5214 2154 5288; baseline 0.004 -22"><span class='ocrx_word' id='word_1_584' title='bbox 580 5214 690 5288; x_wconf 88' lang='grc'>(11)</span> <span class='ocrx_word' id='word_1_585' title='bbox 719 5217 922 5288; x_wconf 65' lang='lat' dir='ltr'><strong>Magno</strong></span> <span class='ocrx_word' id='word_1_586' title='bbox 950 5216 1090 5283; x_wconf 85' lang='lat' dir='ltr'><strong>ﬁlio.</strong></span> <span class='ocrx_word' id='word_1_587' title='bbox 1135 5217 1259 5271; x_wconf 68' lang='lat' dir='ltr'><strong>Haec</strong></span> <span class='ocrx_word' id='word_1_588' title='bbox 1291 5221 1445 5272; x_wconf 89' lang='lat' dir='ltr'><strong>certo</strong></span> <span class='ocrx_word' id='word_1_589' title='bbox 1472 5217 1812 5275; x_wconf 90' lang='lat' dir='ltr'><strong>ostendunt.</strong></span> <span class='ocrx_word' id='word_1_590' title='bbox 1873 5222 1936 5272; x_wconf 91' lang='lat' dir='ltr'><strong>ut</strong></span> <span class='ocrx_word' id='word_1_591' title='bbox 1985 5222 2154 5288; x_wconf 91' lang='lat' dir='ltr'><strong>puta-</strong></span> 
     </span>
    </p>
   </div>
   <div class='ocr_carea' id='block_1_83' title="bbox 505 5283 2152 5372">
    <p class='ocr_par' dir='ltr' id='par_1_83' title="bbox 505 5283 2152 5372">
     <span class='ocr_line' id='line_1_84' title="bbox 505 5283 2152 5372; baseline 0.005 -36"><span class='ocrx_word' id='word_1_592' title='bbox 505 5283 586 5372; x_wconf 67' lang='lat' dir='ltr'><strong>vit</strong></span> <span class='ocrx_word' id='word_1_593' title='bbox 617 5285 786 5372; x_wconf 74' lang='lat' dir='ltr'><strong>etiam</strong></span> <span class='ocrx_word' id='word_1_594' title='bbox 823 5286 1127 5372; x_wconf 59' lang='lat' dir='ltr'><strong>Beronilis,</strong></span> <span class='ocrx_word' id='word_1_595' title='bbox 1161 5287 1314 5372; x_wconf 82' lang='lat' dir='ltr'><strong>hunc</strong></span> <span class='ocrx_word' id='word_1_596' title='bbox 1337 5289 1632 5372; x_wconf 79' lang='lat' dir='ltr'><strong>hominem</strong></span> <span class='ocrx_word' id='word_1_597' title='bbox 1668 5283 2152 5372; x_wconf 65' lang='lat' dir='ltr'><strong>fuissedaplebe,</strong></span> 
     </span>
    </p>
   </div>
   <div class='ocr_carea' id='block_1_84' title="bbox 507 5355 2158 5434">
    <p class='ocr_par' dir='ltr' id='par_1_84' title="bbox 507 5355 2158 5434">
     <span class='ocr_line' id='line_1_85' title="bbox 507 5355 2158 5434; baseline 0.005 -28"><span class='ocrx_word' id='word_1_598' title='bbox 507 5355 560 5406; x_wconf 90' lang='lat' dir='ltr'><strong>id</strong></span> <span class='ocrx_word' id='word_1_599' title='bbox 597 5361 684 5434; x_wconf 74' lang='lat' dir='ltr'><strong>est</strong></span> <span class='ocrx_word' id='word_1_600' title='bbox 715 5356 966 5434; x_wconf 84' lang='lat' dir='ltr'><strong>laicum._</strong></span> <span class='ocrx_word' id='word_1_601' title='bbox 1003 5359 1104 5434; x_wconf 82' lang='lat' dir='ltr'><strong>Cui</strong></span> <span class='ocrx_word' id='word_1_602' title='bbox 1164 5361 1483 5424; x_wconf 71' lang='lat' dir='ltr'><strong>sententiae,</strong></span> <span class='ocrx_word' id='word_1_603' title='bbox 1535 5377 1677 5434; x_wconf 12' lang='lat' dir='ltr'><strong>qua},</strong></span> <span class='ocrx_word' id='word_1_604' title='bbox 1724 5359 1868 5413; x_wconf 90' lang='lat' dir='ltr'><strong>mihi</strong></span> <span class='ocrx_word' id='word_1_605' title='bbox 1925 5355 2158 5415; x_wconf 83' lang='lat' dir='ltr'><strong>videtur</strong></span> 
     </span>
    </p>
   </div>
   <div class='ocr_carea' id='block_1_85' title="bbox 513 5430 2154 5502">
    <p class='ocr_par' dir='ltr' id='par_1_85' title="bbox 513 5430 2154 5502">
     <span class='ocr_line' id='line_1_86' title="bbox 513 5430 2154 5502; baseline 0.007 -26"><span class='ocrx_word' id='word_1_606' title='bbox 513 5430 894 5502; x_wconf 43' lang='lat' dir='ltr'><strong>optimaLego</strong></span> <span class='ocrx_word' id='word_1_607' title='bbox 954 5430 1222 5484; x_wconf 81' lang='lat' dir='ltr'><strong>lubenter</strong></span> <span class='ocrx_word' id='word_1_608' title='bbox 1272 5430 1576 5487; x_wconf 78' lang='lat' dir='ltr'><strong>assentior.</strong></span> <span class='ocrx_word' id='word_1_609' title='bbox 1639 5433 1909 5502; x_wconf 89' lang='lat' dir='ltr'><strong>Nuperus</strong></span> <span class='ocrx_word' id='word_1_610' title='bbox 1958 5438 2154 5487; x_wconf 86' lang='lat' dir='ltr'><strong>tamen</strong></span> 
     </span>
    </p>
   </div>
   <div class='ocr_carea' id='block_1_86' title="bbox 513 5499 2154 5574">
    <p class='ocr_par' dir='ltr' id='par_1_86' title="bbox 513 5499 2154 5574">
     <span class='ocr_line' id='line_1_87' title="bbox 513 5499 2154 5574; baseline 0.007 -28"><span class='ocrx_word' id='word_1_611' title='bbox 513 5502 716 5549; x_wconf 79' lang='lat' dir='ltr'><strong>auctor</strong></span> <span class='ocrx_word' id='word_1_612' title='bbox 749 5499 882 5574; x_wconf 71' lang='lat' dir='ltr'><strong>V_itta</strong></span> <span class='ocrx_word' id='word_1_613' title='bbox 915 5505 1097 5554; x_wconf 81' lang='lat' dir='ltr'><strong>sancti</strong></span> <span class='ocrx_word' id='word_1_614' title='bbox 1121 5499 1902 5574; x_wconf 66' lang='lat' dir='ltr'><strong>(lyprianicontenditfuissa</strong></span> <span class='ocrx_word' id='word_1_615' title='bbox 1929 5503 2154 5573; x_wconf 88' lang='lat' dir='ltr'><strong>episco-</strong></span> 
     </span>
    </p>
   </div>
   <div class='ocr_carea' id='block_1_87' title="bbox 512 5571 2154 5645">
    <p class='ocr_par' dir='ltr' id='par_1_87' title="bbox 512 5571 2154 5645">
     <span class='ocr_line' id='line_1_88' title="bbox 512 5571 2154 5645; baseline 0.005 -25"><span class='ocrx_word' id='word_1_616' title='bbox 512 5581 671 5645; x_wconf 49' lang='lat' dir='ltr'><strong>pum,</strong></span> <span class='ocrx_word' id='word_1_617' title='bbox 724 5571 791 5620; x_wconf 84' lang='lat' dir='ltr'><strong>ad</strong></span> <span class='ocrx_word' id='word_1_618' title='bbox 832 5587 1076 5645; x_wconf 80' lang='lat' dir='ltr'><strong>eamque</strong></span> <span class='ocrx_word' id='word_1_619' title='bbox 1137 5571 1302 5627; x_wconf 69' lang='lat' dir='ltr'><strong>suam</strong></span> <span class='ocrx_word' id='word_1_620' title='bbox 1381 5576 1712 5645; x_wconf 84' lang='lat' dir='ltr'><strong>opinionem</strong></span> <span class='ocrx_word' id='word_1_621' title='bbox 1794 5571 2154 5644; x_wconf 79' lang='lat' dir='ltr'><strong>probandam</strong></span> 
     </span>
    </p>
   </div>
   <div class='ocr_carea' id='block_1_88' title="bbox 513 5635 2152 5716">
    <p class='ocr_par' dir='ltr' id='par_1_88' title="bbox 513 5635 2152 5716">
     <span class='ocr_line' id='line_1_89' title="bbox 513 5635 2152 5716; baseline 0.01 -32"><span class='ocrx_word' id='word_1_622' title='bbox 513 5635 681 5712; x_wconf 58' lang='lat' dir='ltr'><strong>aliert</strong></span> <span class='ocrx_word' id='word_1_623' title='bbox 714 5635 1042 5716; x_wconf 76' lang='lat' dir='ltr'><strong>exemplum</strong></span> <span class='ocrx_word' id='word_1_624' title='bbox 1076 5659 1170 5716; x_wconf 82' lang='lat' dir='ltr'><strong>_ax</strong></span> <span class='ocrx_word' id='word_1_625' title='bbox 1203 5635 1449 5716; x_wconf 77' lang='lat' dir='ltr'><strong>epistola</strong></span> <span class='ocrx_word' id='word_1_626' title='bbox 1500 5663 1589 5700; x_wconf 82' lang='lat' dir='ltr'><strong>LXI</strong></span> <span class='ocrx_word' id='word_1_627' title='bbox 1649 5646 1716 5700; x_wconf 86' lang='lat' dir='ltr'><strong>ad</strong></span> <span class='ocrx_word' id='word_1_628' title='bbox 1769 5635 2152 5700; x_wconf 83' lang='lat' dir='ltr'><strong>Euchratium</strong></span> 
     </span>
    </p>
   </div>
   <div class='ocr_carea' id='block_1_89' title="bbox 507 5710 2152 5790">
    <p class='ocr_par' dir='ltr' id='par_1_89' title="bbox 507 5710 2152 5790">
     <span class='ocr_line' id='line_1_90' title="bbox 507 5710 2152 5790; baseline 0.01 -36"><span class='ocrx_word' id='word_1_629' title='bbox 507 5710 868 5775; x_wconf 83' lang='lat' dir='ltr'><strong>episcopum,</strong></span> <span class='ocrx_word' id='word_1_630' title='bbox 904 5710 961 5763; x_wconf 90' lang='lat' dir='ltr'><strong>in</strong></span> <span class='ocrx_word' id='word_1_631' title='bbox 996 5714 1165 5790; x_wconf 75' lang='lat' dir='ltr'><strong>cujus</strong></span> <span class='ocrx_word' id='word_1_632' title='bbox 1212 5710 1367 5771; x_wconf 78' lang='lat' dir='ltr'><strong>calce</strong></span> <span class='ocrx_word' id='word_1_633' title='bbox 1396 5717 1717 5787; x_wconf 79' lang='lat' dir='ltr'><strong>Cyprianus</strong></span> <span class='ocrx_word' id='word_1_634' title='bbox 1766 5718 1884 5771; x_wconf 89' lang='lat' dir='ltr'><strong>ait:</strong></span> <span class='ocrx_word' id='word_1_635' title='bbox 1920 5717 2053 5784; x_wconf 87' lang='lat' dir='ltr'><strong>Opto</strong></span> <span class='ocrx_word' id='word_1_636' title='bbox 2082 5725 2152 5787; x_wconf 85' lang='lat' dir='ltr'><strong>te,</strong></span> 
     </span>
    </p>
   </div>
   <div class='ocr_carea' id='block_1_90' title="bbox 2269 4431 3891 4502">
    <p class='ocr_par' dir='ltr' id='par_1_90' title="bbox 2269 4431 3891 4502">
     <span class='ocr_line' id='line_1_91' title="bbox 2269 4431 3891 4502; baseline -0.006 -14"><span class='ocrx_word' id='word_1_637' title='bbox 2269 4431 2613 4502; x_wconf 88' lang='lat' dir='ltr'><strong>simpliciter</strong></span> <span class='ocrx_word' id='word_1_638' title='bbox 2671 4450 2684 4487; x_wconf 89' lang='lat'>:</span> <span class='ocrx_word' id='word_1_639' title='bbox 2747 4431 2892 4500; x_wconf 87' lang='lat' dir='ltr'><strong>Opta</strong></span> <span class='ocrx_word' id='word_1_640' title='bbox 2937 4437 3007 4498; x_wconf 90' lang='lat' dir='ltr'><strong>te,</strong></span> <span class='ocrx_word' id='word_1_641' title='bbox 3063 4433 3412 4498; x_wconf 80' lang='lat' dir='ltr'><strong>charissime,</strong></span> <span class='ocrx_word' id='word_1_642' title='bbox 3468 4431 3698 4502; x_wconf 72' lang='lat' dir='ltr'><strong>semper</strong></span> <span class='ocrx_word' id='word_1_643' title='bbox 3777 4431 3891 4483; x_wconf 79' lang='lat' dir='ltr'><strong>bene</strong></span> 
     </span>
    </p>
   </div>
   <div class='ocr_carea' id='block_1_91' title="bbox 2263 4503 3886 4575">
    <p class='ocr_par' dir='ltr' id='par_1_91' title="bbox 2263 4503 3886 4575">
     <span class='ocr_line' id='line_1_92' title="bbox 2263 4503 3886 4575; baseline -0.006 -15"><span class='ocrx_word' id='word_1_644' title='bbox 2263 4505 2462 4560; x_wconf 86' lang='lat' dir='ltr'><strong>valere.</strong></span> <span class='ocrx_word' id='word_1_645' title='bbox 2501 4505 2699 4575; x_wconf 89' lang='lat' dir='ltr'><strong>Itaque</strong></span> <span class='ocrx_word' id='word_1_646' title='bbox 2720 4504 2985 4575; x_wconf 65' lang='lat' dir='ltr'><strong>restituta</strong></span> <span class='ocrx_word' id='word_1_647' title='bbox 3005 4520 3139 4558; x_wconf 88' lang='lat' dir='ltr'><strong>vera</strong></span> <span class='ocrx_word' id='word_1_648' title='bbox 3154 4503 3426 4575; x_wconf 87' lang='lat' dir='ltr'><strong>lectione,</strong></span> <span class='ocrx_word' id='word_1_649' title='bbox 3459 4507 3578 4575; x_wconf 83' lang='lat' dir='ltr'><strong>ruit</strong></span> <span class='ocrx_word' id='word_1_650' title='bbox 3596 4515 3886 4574; x_wconf 87' lang='lat' dir='ltr'><strong>argumen-</strong></span> 
     </span>
    </p>
   </div>
   <div class='ocr_carea' id='block_1_92' title="bbox 2264 4573 3886 4646">
    <p class='ocr_par' dir='ltr' id='par_1_92' title="bbox 2264 4573 3886 4646">
     <span class='ocr_line' id='line_1_93' title="bbox 2264 4573 3886 4646; baseline -0.004 -17"><span class='ocrx_word' id='word_1_651' title='bbox 2264 4575 2405 4630; x_wconf 90' lang='lat' dir='ltr'><strong>tatio</strong></span> <span class='ocrx_word' id='word_1_652' title='bbox 2462 4573 2717 4630; x_wconf 85' lang='lat' dir='ltr'><strong>auctoris</strong></span> <span class='ocrx_word' id='word_1_653' title='bbox 2769 4573 3146 4646; x_wconf 12' lang='lat' dir='ltr'><strong>Vitasisancti</strong></span> <span class='ocrx_word' id='word_1_654' title='bbox 3213 4573 3504 4646; x_wconf 81' lang='lat' dir='ltr'><strong>Cypriani.</strong></span> <span class='ocrx_word' id='word_1_655' title='bbox 3553 4573 3714 4646; x_wconf 85' lang='lat' dir='ltr'><strong>Quod</strong></span> <span class='ocrx_word' id='word_1_656' title='bbox 3770 4584 3886 4646; x_wconf 72' lang='lat' dir='ltr'><strong>vero</strong></span> 
     </span>
    </p>
   </div>
   <div class='ocr_carea' id='block_1_93' title="bbox 2264 4641 3894 4718">
    <p class='ocr_par' dir='ltr' id='par_1_93' title="bbox 2264 4641 3894 4718">
     <span class='ocr_line' id='line_1_94' title="bbox 2264 4641 3894 4718; baseline -0.007 -16"><span class='ocrx_word' id='word_1_657' title='bbox 2264 4646 2587 4718; x_wconf 83' lang='lat' dir='ltr'><strong>Cyprianus</strong></span> <span class='ocrx_word' id='word_1_658' title='bbox 2619 4647 2893 4718; x_wconf 85' lang='lat' dir='ltr'><strong>Magnum</strong></span> <span class='ocrx_word' id='word_1_659' title='bbox 2930 4645 3144 4702; x_wconf 88' lang='lat' dir='ltr'><strong>laicum</strong></span> <span class='ocrx_word' id='word_1_660' title='bbox 3173 4641 3338 4701; x_wconf 78' lang='lat' dir='ltr'><strong>vocat</strong></span> <span class='ocrx_word' id='word_1_661' title='bbox 3369 4644 3576 4713; x_wconf 84' lang='lat' dir='ltr'><strong>tilium,</strong></span> <span class='ocrx_word' id='word_1_662' title='bbox 3610 4641 3894 4718; x_wconf 77' lang='lat' dir='ltr'><strong>descendit</strong></span> 
     </span>
    </p>
   </div>
   <div class='ocr_carea' id='block_1_94' title="bbox 2269 4714 3894 4790">
    <p class='ocr_par' dir='ltr' id='par_1_94' title="bbox 2269 4714 3894 4790">
     <span class='ocr_line' id='line_1_95' title="bbox 2269 4714 3894 4790; baseline -0.004 -18"><span class='ocrx_word' id='word_1_663' title='bbox 2269 4714 2424 4773; x_wconf 78' lang='lat' dir='ltr'><strong>istud</strong></span> <span class='ocrx_word' id='word_1_664' title='bbox 2457 4735 2526 4774; x_wconf 88' lang='lat' dir='ltr'><strong>ax</strong></span> <span class='ocrx_word' id='word_1_665' title='bbox 2556 4714 3135 4790; x_wconf 75' lang='lat' dir='ltr'><strong>disciplinaveterum</strong></span> <span class='ocrx_word' id='word_1_666' title='bbox 3151 4718 3556 4790; x_wconf 64' lang='lat' dir='ltr'><strong>episcopqrum</strong></span> <span class='ocrx_word' id='word_1_667' title='bbox 3588 4721 3646 4790; x_wconf 81' lang='lat' dir='ltr'><strong>et</strong></span> <span class='ocrx_word' id='word_1_668' title='bbox 3674 4714 3894 4790; x_wconf 55' lang='lat' dir='ltr'><strong>presby-</strong></span> 
     </span>
    </p>
   </div>
   <div class='ocr_carea' id='block_1_95' title="bbox 2263 4768 3894 4860">
    <p class='ocr_par' dir='ltr' id='par_1_95' title="bbox 2263 4768 3894 4860">
     <span class='ocr_line' id='line_1_96' title="bbox 2263 4768 3894 4860; baseline -0.004 -17"><span class='ocrx_word' id='word_1_669' title='bbox 2263 4768 2544 4858; x_wconf 56' lang='lat' dir='ltr'><strong>iéiéfuin&quot;,</strong></span> <span class='ocrx_word' id='word_1_670' title='bbox 2565 4768 2611 4860; x_wconf 58' lang='grc' dir='ltr'><strong>ἦ</strong></span> <span class='ocrx_word' id='word_1_671' title='bbox 2621 4768 2735 4855; x_wconf 67' lang='grc' dir='ltr'><strong>ῐιῖζΓ</strong></span> <span class='ocrx_word' id='word_1_672' title='bbox 2749 4768 2826 4843; x_wconf 61' lang='lat' dir='ltr'><strong>iii</strong></span> <span class='ocrx_word' id='word_1_673' title='bbox 2839 4768 3376 4860; x_wconf 49' lang='grc' dir='ltr'><strong>Ἡίῖιῖὸιῖένῖηὶῖἷίὶἷ</strong></span> <span class='ocrx_word' id='word_1_674' title='bbox 3395 4768 3654 4860; x_wconf 60' lang='grc' dir='ltr'><strong>ἑιῆξὶοὶὰ</strong></span> <span class='ocrx_word' id='word_1_675' title='bbox 3674 4768 3754 4841; x_wconf 58' lang='lat' dir='ltr'><strong>ita</strong></span> <span class='ocrx_word' id='word_1_676' title='bbox 3784 4768 3894 4839; x_wconf 78' lang='lat' dir='ltr'><strong>Sal-</strong></span> 
     </span>
    </p>
   </div>
   <div class='ocr_carea' id='block_1_96' title="bbox 2264 4859 3898 4931">
    <p class='ocr_par' dir='ltr' id='par_1_96' title="bbox 2264 4859 3898 4931">
     <span class='ocr_line' id='line_1_97' title="bbox 2264 4859 3898 4931; baseline -0.004 -16"><span class='ocrx_word' id='word_1_677' title='bbox 2264 4861 2452 4916; x_wconf 88' lang='lat' dir='ltr'><strong>vinam</strong></span> <span class='ocrx_word' id='word_1_678' title='bbox 2475 4861 2546 4915; x_wconf 90' lang='lat' dir='ltr'><strong>de</strong></span> <span class='ocrx_word' id='word_1_679' title='bbox 2577 4859 2868 4914; x_wconf 82' lang='lat' dir='ltr'><strong>Viduitate</strong></span> <span class='ocrx_word' id='word_1_680' title='bbox 2899 4859 3184 4916; x_wconf 81' lang='lat' dir='ltr'><strong>servanda</strong></span> <span class='ocrx_word' id='word_1_681' title='bbox 3215 4859 3312 4925; x_wconf 89' lang='lat' dir='ltr'><strong>ait,</strong></span> <span class='ocrx_word' id='word_1_682' title='bbox 3348 4875 3451 4931; x_wconf 75' lang='lat' dir='ltr'><strong>pro</strong></span> <span class='ocrx_word' id='word_1_683' title='bbox 3481 4859 3670 4931; x_wconf 80' lang='lat' dir='ltr'><strong>ofﬁcio</strong></span> <span class='ocrx_word' id='word_1_684' title='bbox 3720 4871 3898 4931; x_wconf 81' lang='lat' dir='ltr'><strong>sacer—</strong></span> 
     </span>
    </p>
   </div>
   <div class='ocr_carea' id='block_1_97' title="bbox 2263 4929 3900 5006">
    <p class='ocr_par' dir='ltr' id='par_1_97' title="bbox 2263 4929 3900 5006">
     <span class='ocr_line' id='line_1_98' title="bbox 2263 4929 3900 5006; baseline -0.004 -19"><span class='ocrx_word' id='word_1_685' title='bbox 2263 4931 2407 5006; x_wconf 73' lang='lat' dir='ltr'><strong>dotii</strong></span> <span class='ocrx_word' id='word_1_686' title='bbox 2435 4947 2640 4986; x_wconf 87' lang='lat' dir='ltr'><strong>omnes</strong></span> <span class='ocrx_word' id='word_1_687' title='bbox 2679 4930 3064 5006; x_wconf 38' lang='lat' dir='ltr'><strong>Christianos‘</strong></span> <span class='ocrx_word' id='word_1_688' title='bbox 3096 4929 3510 5006; x_wconf 38' lang='lat' dir='ltr'><strong>filiorum—loco</strong></span> <span class='ocrx_word' id='word_1_689' title='bbox 3569 4929 3900 5006; x_wconf 66' lang='lat' dir='ltr'><strong>diligebant.</strong></span> 
     </span>
    </p>
   </div>
   <div class='ocr_carea' id='block_1_98' title="bbox 2263 4999 3899 5074">
    <p class='ocr_par' dir='ltr' id='par_1_98' title="bbox 2263 4999 3899 5074">
     <span class='ocr_line' id='line_1_99' title="bbox 2263 4999 3899 5074; baseline -0.005 -18"><span class='ocrx_word' id='word_1_690' title='bbox 2263 5003 2406 5057; x_wconf 88' lang='lat' dir='ltr'><strong>Vide</strong></span> <span class='ocrx_word' id='word_1_691' title='bbox 2440 5007 2612 5058; x_wconf 88' lang='lat' dir='ltr'><strong>notas</strong></span> <span class='ocrx_word' id='word_1_692' title='bbox 2644 5008 2876 5058; x_wconf 89' lang='lat' dir='ltr'><strong>nostras</strong></span> <span class='ocrx_word' id='word_1_693' title='bbox 2906 5004 2976 5058; x_wconf 90' lang='lat' dir='ltr'><strong>ad</strong></span> <span class='ocrx_word' id='word_1_694' title='bbox 3028 5002 3347 5074; x_wconf 87' lang='lat' dir='ltr'><strong>Epistolam</strong></span> <span class='ocrx_word' id='word_1_695' title='bbox 3383 5018 3596 5056; x_wconf 89' lang='lat' dir='ltr'><strong>nonam</strong></span> <span class='ocrx_word' id='word_1_696' title='bbox 3629 4999 3899 5056; x_wconf 81' lang='lat' dir='ltr'><strong>salviani.</strong></span> 
     </span>
    </p>
   </div>
   <div class='ocr_carea' id='block_1_99' title="bbox 2334 5073 3900 5146">
    <p class='ocr_par' dir='ltr' id='par_1_99' title="bbox 2334 5073 3900 5146">
     <span class='ocr_line' id='line_1_100' title="bbox 2334 5073 3900 5146; baseline -0.004 -18"><span class='ocrx_word' id='word_1_697' title='bbox 2334 5074 2447 5146; x_wconf 78' lang='grc'>(12)</span> <span class='ocrx_word' id='word_1_698' title='bbox 2489 5075 2732 5146; x_wconf 87' lang='lat' dir='ltr'><strong>Dicimus</strong></span> <span class='ocrx_word' id='word_1_699' title='bbox 2757 5090 2959 5130; x_wconf 90' lang='lat' dir='ltr'><strong>omnes.</strong></span> <span class='ocrx_word' id='word_1_700' title='bbox 2994 5073 3160 5146; x_wconf 79' lang='lat' dir='ltr'><strong>Apud</strong></span> <span class='ocrx_word' id='word_1_701' title='bbox 3192 5073 3540 5130; x_wconf 88' lang='lat' dir='ltr'><strong>Gratianum</strong></span> <span class='ocrx_word' id='word_1_702' title='bbox 3596 5089 3746 5142; x_wconf 80' lang='lat' dir='ltr'><strong>xxw,</strong></span> <span class='ocrx_word' id='word_1_703' title='bbox 3776 5085 3833 5140; x_wconf 91' lang='lat' dir='ltr'><strong>q.</strong></span> <span class='ocrx_word' id='word_1_704' title='bbox 3866 5084 3900 5136; x_wconf 81' lang='grc' dir='ltr'>ι,</span> 
     </span>
    </p>
   </div>
   <div class='ocr_carea' id='block_1_100' title="bbox 2264 5145 3009 5218">
    <p class='ocr_par' dir='ltr' id='par_1_100' title="bbox 2264 5145 3009 5218">
     <span class='ocr_line' id='line_1_101' title="bbox 2264 5145 3009 5218; baseline 0 -18"><span class='ocrx_word' id='word_1_705' title='bbox 2264 5145 2548 5218; x_wconf 88' lang='lat' dir='ltr'><strong>scriptum</strong></span> <span class='ocrx_word' id='word_1_706' title='bbox 2578 5151 2667 5201; x_wconf 88' lang='lat' dir='ltr'><strong>est</strong></span> <span class='ocrx_word' id='word_1_707' title='bbox 2693 5145 3009 5201; x_wconf 85' lang='lat' dir='ltr'><strong>didicimus.</strong></span> 
     </span>
    </p>
   </div>
   <div class='ocr_carea' id='block_1_101' title="bbox 2337 5215 3906 5289">
    <p class='ocr_par' dir='ltr' id='par_1_101' title="bbox 2337 5215 3906 5289">
     <span class='ocr_line' id='line_1_102' title="bbox 2337 5215 3906 5289; baseline -0.006 -19"><span class='ocrx_word' id='word_1_708' title='bbox 2337 5215 2445 5289; x_wconf 73' lang='grc'>(13)</span> <span class='ocrx_word' id='word_1_709' title='bbox 2471 5221 2676 5273; x_wconf 87' lang='lat' dir='ltr'><strong>Omnes</strong></span> <span class='ocrx_word' id='word_1_710' title='bbox 2697 5218 2922 5272; x_wconf 86' lang='lat' dir='ltr'><strong>omnino</strong></span> <span class='ocrx_word' id='word_1_711' title='bbox 2951 5218 3050 5289; x_wconf 88' lang='lat' dir='ltr'><strong>qui</strong></span> <span class='ocrx_word' id='word_1_712' title='bbox 3077 5232 3276 5271; x_wconf 86' lang='lat' dir='ltr'><strong>secum.</strong></span> <span class='ocrx_word' id='word_1_713' title='bbox 3322 5215 3402 5270; x_wconf 89' lang='lat' dir='ltr'><strong>[ta</strong></span> <span class='ocrx_word' id='word_1_714' title='bbox 3441 5229 3652 5289; x_wconf 76' lang='lat' dir='ltr'><strong>omnes</strong></span> <span class='ocrx_word' id='word_1_715' title='bbox 3685 5216 3906 5289; x_wconf 74' lang='lat' dir='ltr'><strong>veteres</strong></span> 
     </span>
    </p>
   </div>
   <div class='ocr_carea' id='block_1_102' title="bbox 2264 5284 3904 5360">
    <p class='ocr_par' dir='ltr' id='par_1_102' title="bbox 2264 5284 3904 5360">
     <span class='ocr_line' id='line_1_103' title="bbox 2264 5284 3904 5360; baseline 0 -18"><span class='ocrx_word' id='word_1_716' title='bbox 2264 5284 2553 5360; x_wconf 87' lang='lat' dir='ltr'><strong>editiones</strong></span> <span class='ocrx_word' id='word_1_717' title='bbox 2581 5292 2711 5343; x_wconf 87' lang='lat' dir='ltr'><strong>ante</strong></span> <span class='ocrx_word' id='word_1_718' title='bbox 2742 5284 3178 5360; x_wconf 55' lang='lat' dir='ltr'><strong>Manuti&#39;anam,</strong></span> <span class='ocrx_word' id='word_1_719' title='bbox 3211 5303 3338 5360; x_wconf 59' lang='lat' dir='ltr'><strong>quae</strong></span> <span class='ocrx_word' id='word_1_720' title='bbox 3389 5285 3553 5360; x_wconf 77' lang='lat' dir='ltr'><strong>addit</strong></span> <span class='ocrx_word' id='word_1_721' title='bbox 3608 5284 3904 5342; x_wconf 61' lang='lat' dir='ltr'><strong>haereticos.</strong></span> 
     </span>
    </p>
   </div>
   <div class='ocr_carea' id='block_1_103' title="bbox 2264 5357 3903 5430">
    <p class='ocr_par' dir='ltr' id='par_1_103' title="bbox 2264 5357 3903 5430">
     <span class='ocr_line' id='line_1_104' title="bbox 2264 5357 3903 5430; baseline -0.004 -17"><span class='ocrx_word' id='word_1_722' title='bbox 2264 5359 2347 5413; x_wconf 88' lang='lat' dir='ltr'><strong>uti</strong></span> <span class='ocrx_word' id='word_1_723' title='bbox 2381 5359 2555 5414; x_wconf 89' lang='lat' dir='ltr'><strong>etiam</strong></span> <span class='ocrx_word' id='word_1_724' title='bbox 2589 5360 2825 5414; x_wconf 88' lang='lat' dir='ltr'><strong>additur</strong></span> <span class='ocrx_word' id='word_1_725' title='bbox 2845 5360 2996 5430; x_wconf 88' lang='lat' dir='ltr'><strong>apud</strong></span> <span class='ocrx_word' id='word_1_726' title='bbox 3025 5357 3388 5414; x_wconf 86' lang='lat' dir='ltr'><strong>Gratianum.</strong></span> <span class='ocrx_word' id='word_1_727' title='bbox 3426 5357 3537 5412; x_wconf 87' lang='lat' dir='ltr'><strong>Sed</strong></span> <span class='ocrx_word' id='word_1_728' title='bbox 3566 5373 3687 5430; x_wconf 80' lang='lat' dir='ltr'><strong>eam</strong></span> <span class='ocrx_word' id='word_1_729' title='bbox 3707 5367 3903 5430; x_wconf 56' lang='lat' dir='ltr'><strong>vacem</strong></span> 
     </span>
    </p>
   </div>
   <div class='ocr_carea' id='block_1_104' title="bbox 2264 5425 3906 5502">
    <p class='ocr_par' dir='ltr' id='par_1_104' title="bbox 2264 5425 3906 5502">
     <span class='ocr_line' id='line_1_105' title="bbox 2264 5425 3906 5502; baseline -0.005 -18"><span class='ocrx_word' id='word_1_730' title='bbox 2264 5447 2368 5502; x_wconf 85' lang='lat' dir='ltr'><strong>ego</strong></span> <span class='ocrx_word' id='word_1_731' title='bbox 2402 5447 2515 5484; x_wconf 89' lang='lat' dir='ltr'><strong>non</strong></span> <span class='ocrx_word' id='word_1_732' title='bbox 2547 5432 2732 5502; x_wconf 88' lang='lat' dir='ltr'><strong>reperi</strong></span> <span class='ocrx_word' id='word_1_733' title='bbox 2765 5425 2959 5485; x_wconf 37' lang='lat' dir='ltr'><strong>nisi-in</strong></span> <span class='ocrx_word' id='word_1_734' title='bbox 2990 5429 3183 5486; x_wconf 87' lang='lat' dir='ltr'><strong>tribus</strong></span> <span class='ocrx_word' id='word_1_735' title='bbox 3215 5430 3383 5502; x_wconf 84' lang='lat' dir='ltr'><strong>libris</strong></span> <span class='ocrx_word' id='word_1_736' title='bbox 3412 5425 3906 5502; x_wconf 80' lang='lat' dir='ltr'><strong>veteribus.__Cum</strong></span> 
     </span>
    </p>
   </div>
   <div class='ocr_carea' id='block_1_105' title="bbox 2263 5496 3910 5566">
    <p class='ocr_par' dir='ltr' id='par_1_105' title="bbox 2263 5496 3910 5566">
     <span class='ocr_line' id='line_1_106' title="bbox 2263 5496 3910 5566; baseline -0.005 -12"><span class='ocrx_word' id='word_1_737' title='bbox 2263 5496 2394 5556; x_wconf 67' lang='lat' dir='ltr'><strong>vero</strong></span> <span class='ocrx_word' id='word_1_738' title='bbox 2424 5496 2679 5557; x_wconf 77' lang='lat' dir='ltr'><strong>viderem</strong></span> <span class='ocrx_word' id='word_1_739' title='bbox 2713 5519 2917 5558; x_wconf 89' lang='lat' dir='ltr'><strong>omnes</strong></span> <span class='ocrx_word' id='word_1_740' title='bbox 2951 5506 3167 5558; x_wconf 83' lang='lat' dir='ltr'><strong>veteres</strong></span> <span class='ocrx_word' id='word_1_741' title='bbox 3212 5500 3521 5566; x_wconf 87' lang='lat' dir='ltr'><strong>editiones,</strong></span> <span class='ocrx_word' id='word_1_742' title='bbox 3554 5515 3667 5554; x_wconf 76' lang='lat' dir='ltr'><strong>xxxi</strong></span> <span class='ocrx_word' id='word_1_743' title='bbox 3729 5496 3910 5551; x_wconf 84' lang='lat' dir='ltr'><strong>libros</strong></span> 
     </span>
    </p>
   </div>
   <div class='ocr_carea' id='block_1_106' title="bbox 2265 5565 3910 5646">
    <p class='ocr_par' dir='ltr' id='par_1_106' title="bbox 2265 5565 3910 5646">
     <span class='ocr_line' id='line_1_107' title="bbox 2265 5565 3910 5646; baseline -0.005 -19"><span class='ocrx_word' id='word_1_744' title='bbox 2265 5579 2514 5638; x_wconf 86' lang='lat' dir='ltr'><strong>nostros,</strong></span> <span class='ocrx_word' id='word_1_745' title='bbox 2544 5579 2599 5628; x_wconf 89' lang='lat' dir='ltr'><strong>et</strong></span> <span class='ocrx_word' id='word_1_746' title='bbox 2630 5591 2729 5628; x_wconf 88' lang='lat' dir='ltr'><strong>sex</strong></span> <span class='ocrx_word' id='word_1_747' title='bbox 2776 5573 3128 5646; x_wconf 86' lang='lat' dir='ltr'><strong>Anglicanos</strong></span> <span class='ocrx_word' id='word_1_748' title='bbox 3163 5589 3296 5646; x_wconf 87' lang='lat' dir='ltr'><strong>eam</strong></span> <span class='ocrx_word' id='word_1_749' title='bbox 3324 5587 3456 5646; x_wconf 89' lang='lat' dir='ltr'><strong>non_</strong></span> <span class='ocrx_word' id='word_1_750' title='bbox 3486 5570 3714 5646; x_wconf 76' lang='lat' dir='ltr'><strong>habere,</strong></span> <span class='ocrx_word' id='word_1_751' title='bbox 3752 5565 3910 5646; x_wconf 65' lang='lat' dir='ltr'><strong>arbi—</strong></span> 
     </span>
    </p>
   </div>
   <div class='ocr_carea' id='block_1_107' title="bbox 2262 5641 3906 5701">
    <p class='ocr_par' dir='ltr' id='par_1_107' title="bbox 2262 5641 3906 5701">
     <span class='ocr_line' id='line_1_108' title="bbox 2262 5641 3906 5701; baseline -0.004 -3"><span class='ocrx_word' id='word_1_752' title='bbox 2262 5649 2450 5700; x_wconf 87' lang='lat' dir='ltr'><strong>tratus</strong></span> <span class='ocrx_word' id='word_1_753' title='bbox 2481 5661 2611 5700; x_wconf 91' lang='lat' dir='ltr'><strong>sum</strong></span> <span class='ocrx_word' id='word_1_754' title='bbox 2652 5661 2776 5700; x_wconf 88' lang='lat' dir='ltr'><strong>eam</strong></span> <span class='ocrx_word' id='word_1_755' title='bbox 2836 5641 2953 5700; x_wconf 72' lang='lat' dir='ltr'><strong>non</strong></span> <span class='ocrx_word' id='word_1_756' title='bbox 3020 5661 3148 5701; x_wconf 86' lang='lat' dir='ltr'><strong>esse</strong></span> <span class='ocrx_word' id='word_1_757' title='bbox 3195 5641 3580 5700; x_wconf 84' lang='lat' dir='ltr'><strong>retinendam.</strong></span> <span class='ocrx_word' id='word_1_758' title='bbox 3639 5641 3788 5696; x_wconf 85' lang='lat' dir='ltr'><strong>Nam</strong></span> <span class='ocrx_word' id='word_1_759' title='bbox 3851 5641 3906 5692; x_wconf 76' lang='lat' dir='ltr'><strong>et</strong></span> 
     </span>
    </p>
   </div>
   <div class='ocr_carea' id='block_1_108' title="bbox 2264 5715 3308 5787">
    <p class='ocr_par' dir='ltr' id='par_1_108' title="bbox 2264 5715 3308 5787">
     <span class='ocr_line' id='line_1_109' title="bbox 2264 5715 3308 5787; baseline -0.002 -16"><span class='ocrx_word' id='word_1_760' title='bbox 2264 5717 2484 5787; x_wconf 89' lang='lat' dir='ltr'><strong>absque</strong></span> <span class='ocrx_word' id='word_1_761' title='bbox 2514 5715 2612 5770; x_wconf 91' lang='lat' dir='ltr'><strong>illa</strong></span> <span class='ocrx_word' id='word_1_762' title='bbox 2639 5721 2790 5772; x_wconf 85' lang='lat' dir='ltr'><strong>recte</strong></span> <span class='ocrx_word' id='word_1_763' title='bbox 2822 5720 3050 5772; x_wconf 88' lang='lat' dir='ltr'><strong>constat</strong></span> <span class='ocrx_word' id='word_1_764' title='bbox 3079 5731 3308 5772; x_wconf 87' lang='lat' dir='ltr'><strong>sensus.</strong></span> 
     </span>
    </p>
   </div>
  </div>
