4098 6178
177 352 340 414 1185

1187 352 1391 414 PARS
1434 353 1485 413 Ι.
1518 385 1597 398 --
1623 353 2126 417 MONUMENTA
2173 357 2582 422 VETERUM.

3437 365 3591 428 1186

173 483 514 556 colligentes
563 498 799 556 gregem
847 500 1025 540 suum
1055 489 1402 556 spargerent
1452 486 1817 542 adversarios
1847 488 1904 555 Α
1932 486 2162 545 minora
2194 496 2499 556 peccantes
2519 496 2576 548 et
2594 496 2822 548 tantum
2856 495 3124 550 Ecclesiae
3155 501 3592 568 contemptores

179 589 320 628 suos
348 587 478 627 esse
509 573 768 628 ostendit
799 573 1034 629 dicens:
1070 575 1186 644 Qui
1212 590 1326 630 non
1363 578 1441 630 est
1461 591 1676 630 mecum
1715 575 1830 647 (14)

173 661 470 716 adversum
495 677 580 715 me
603 670 683 716 est
702 678 723 723 ;
755 665 806 716 et
847 664 943 732 qui
997 678 1214 718 mecum
1258 678 1370 719 non
1422 662 1639 734 colligit
1690 665 1824 736 (15),

175 751 400 820 spargit
441 750 593 821 (Luc.
623 766 704 818 xx,
734 751 852 821 23.)
881 752 1022 807 ltem
1055 753 1264 808 beatus
1298 755 1558 807 Joannes
1588 757 1829 824 aposto-

174 838 273 893 lus
304 854 406 894 nec
434 838 562 909 ipse
584 837 809 893 nullam
833 840 1214 895 hmresimaut
1242 840 1500 896 schisma
1531 842 1828 908 discrevit,

176 933 280 983 aut
308 927 538 998 aliquos
561 927 866 998 speciatim
925 944 1162 1001 separes
1190 929 1240 964 ⁸⁸
1281 930 1396 1000 (16)
1453 930 1670 1001 posuit,
1725 931 1826 986 sed

176 1016 485 1072 universos
512 1015 610 1086 qui
637 1016 708 1071 de
739 1016 995 1072 Ecclesia
1047 1017 1325 1085 exissent,
1369 1018 1582 1088 quique
1629 1026 1831 1074 contra

173 1104 492 1161 Ecclesium
527 1105 802 1172 facerent,
836 1105 1217 1162 antichristos
1247 1105 1559 1178 appellavit
1589 1107 1827 1162 dicens:

170 1193 419 1249 Audistis
441 1195 576 1265 quia
619 1193 988 1250 Antichristus
1039 1197 1212 1261 venit,
1267 1211 1418 1250 nunc
1465 1203 1649 1251 autem
1679 1197 1825 1251 anti-

167 1287 367 1343 christi
422 1286 587 1340 multi
638 1288 774 1356 facti
842 1292 991 1343 sunt.
1051 1288 1198 1344 Unde
1254 1290 1638 1357 cognoscimus
1695 1291 1830 1359 quia

171 1379 489 1435 novissima
537 1378 674 1432 hora
728 1386 824 1434 est.
883 1381 968 1434 Ex
1021 1380 1177 1434 nobis
1245 1381 1524 1443 exierunt,
1581 1379 1672 1435 sed
1716 1395 1826 1434 non

171 1468 409 1536 fuerunt
449 1480 524 1519 ea:
547 1465 724 1520 nobis.
756 1464 822 1520 Si
846 1467 998 1520 enim
1032 1467 1267 1535 fuissent
1317 1482 1389 1521 ea:
1440 1467 1617 1537 nobis,
1666 1481 1828 1520 man-

174 1559 378 1613 sissent
405 1560 598 1629 utique
624 1558 906 1612 nobiscum
935 1557 981 1628 (Ι
1003 1558 1160 1612 Joan.
1211 1573 1273 1627 η,
1316 1558 1405 1623 18,
1436 1561 1489 1613 et
1519 1557 1606 1628 19)
1663 1557 1828 1612 Unde

174 1651 417 1719 apparet
455 1644 821 1703 adversarios
848 1644 1072 1700 Domini
1096 1647 1304 1701 1139
1328 1645 1826 1702 etantichristos“

176 1752 384 1793 omnes
430 1753 559 1793 esse
635 1751 785 1807 quos
838 1740 1064 1792 constet
1112 1752 1148 1791 a
1195 1736 1476 1792 charitate
1541 1742 1714 1809 atque
1753 1737 1824 1792 ab

177 1827 406 1883 unitate
465 1827 738 1884 Ecclesia
783 1826 1081 1883 catholica:
1126 1828 1438 1884 recessisse
1487 1828 1550 1882 ⁸⁸.
1621 1828 1827 1884 Adhuc

179 1932 414 1988 quoque
459 1915 746 1972 Dominus
800 1915 1112 1988 Evangelio
1168 1933 1276 1972 suo
1316 1916 1482 1987 ponit
1533 1920 1589 1971 et
1645 1916 1824 1971 dicit:

173 2005 241 2061 Si
259 2021 380 2061 vero
408 2007 462 2060 et
505 2006 801 2060 Ecclesium
858 2007 1263 2076 contempserit,
1313 2011 1383 2060 sit
1432 2005 1541 2060 sibi
1569 2014 1829 2077 tanquam

169 2095 424 2150 ethnicus
451 2098 503 2150 et
525 2095 855 2167 publicanus
889 2095 1099 2166 (Matth.
1162 2111 1321 2164 xvm,
1347 2096 1454 2164 17).
1512 2095 1572 2150 Si
1631 2099 1827 2150 autem

169 2184 276 2254 qui
329 2183 642 2239 Ecclesium
692 2187 1084 2240 contemnunt
1138 2183 1358 2238 ethnici
1417 2188 1474 2239 et
1530 2183 1828 2255 publicani

172 2273 490 2341 habentur,
523 2272 707 2327 multo
741 2271 930 2344 magis
974 2271 1179 2344 utique
1236 2271 1481 2327 rebelles
1527 2277 1585 2327 et
1631 2271 1827 2327 hostes

171 2359 328 2416 falsa
357 2359 564 2416 altaria
593 2365 650 2416 et
671 2360 878 2416 illicita
910 2359 1239 2416 sacerdotia
1263 2363 1320 2415 et
1341 2360 1628 2415 sacrificia
1648 2361 1826 2416 sacri-

167 2449 302 2522 lega
330 2453 387 2504 et
417 2448 654 2505 nomina
683 2449 1013 2506 adulterata
1047 2448 1330 2521 ﬁngentes
1378 2449 1532 2505 inter
1562 2448 1828 2504 ethnicos

162 2543 222 2594 et
274 2538 618 2609 publicanos
669 2554 908 2595 necesse
955 2542 1046 2594 est
1105 2542 1539 2610 computentur,
1590 2539 1825 2608 quando

1937 577 2155 633 ethnici
2184 583 2242 634 et
2264 580 2553 650 publicani
2595 585 2888 639 sententia
2944 585 3176 640 Domini
3219 586 3589 655 judicentur.

2012 666 2079 721 II.
2135 668 2297 732 Quod
2347 675 2544 725 autem
2607 671 2861 727 Ecclesia
2911 690 3029 728 una
3098 674 3171 729 sit
3218 674 3474 730 declarat
3529 676 3588 729 in

1937 754 2176 812 Cantico
2192 758 2554 814 canticorum
2574 761 2686 831 (l7)
2707 761 2961 832 Spiritus
2990 767 3233 818 sanctus
3256 779 3321 818 ex
3338 780 3592 835 persona

1938 843 2151 901 Christi
2202 847 2429 903 dicens:
2507 850 2623 904 Uua
2693 854 2774 904 est
2819 851 3070 905 columba
3134 867 3278 918 mea,
3347 855 3595 923 perfecta

1936 949 2076 1002 mea,
2107 950 2222 991 una
2247 940 2329 992 est
2353 937 2524 991 matri
2549 952 2668 994 suae
2695 939 2866 994 electa
2917 943 3175 1010 genitrici
3210 955 3328 998 sum
3377 941 3588 1012 (Cant.

1935 1040 2013 1090 v1,
2043 1025 2140 1092 9);
2174 1026 2247 1080 de
2289 1042 2402 1096 qua
2432 1027 2571 1082 item
2627 1027 2821 1082 denuo
2878 1028 3056 1083 dicit:
3115 1032 3311 1084 Hortus
3369 1032 3591 1085 conclu-

1936 1127 2031 1168 sus
2059 1114 2193 1183 (18),
2240 1129 2398 1170 soror
2441 1131 2583 1182 mea,
2635 1132 2850 1188 sponsa,
2906 1120 3030 1187 fons
3075 1121 3348 1189 signatus,
3390 1128 3591 1190 puteus

1935 1218 2097 1274 aqua?
2142 1205 2273 1260 vitae
2327 1204 2438 1276 (l9)
2485 1206 2664 1276 (Cant.
2705 1222 2782 1276 1v,
2844 1207 2952 1277 12).
3003 1207 3062 1262 Si
3120 1213 3313 1263 autem
3372 1209 3580 1264 hortus

1936 1291 2250 1347 conclusus
2298 1298 2388 1348 est
2424 1295 2652 1365 Sponsa
2705 1295 2937 1362 Christi,
2989 1311 3117 1367 qua
3175 1301 3266 1352 est
3299 1296 3576 1363 Ecclesia,

1934 1385 2134 1452 patere
2163 1398 2253 1436 res
2283 1381 2482 1437 clausa
2508 1384 2551 1417 ⁶⁷
2591 1381 2797 1438 alienis
2827 1389 2882 1438 et
2913 1385 3173 1454 profanis
3205 1400 3323 1440 non
3366 1389 3581 1456 potest.

1936 1469 2071 1525 Etsi
2095 1470 2224 1525 fons
2255 1469 2519 1543 signatus
2565 1476 2672 1540 est,
2726 1487 2914 1543 neque
2959 1472 3156 1527 bibere
3211 1474 3348 1528 inde
3403 1489 3594 1544 neque

1937 1559 2268 1631 consignari
2296 1563 2489 1630 potest
2526 1560 2619 1614 cui
2652 1561 2793 1615 foris
2834 1561 3024 1631 posito
3057 1577 3331 1617 accessus
3364 1563 3435 1617 ad
3467 1565 3594 1618 fon-

1936 1653 2055 1703 tem
2087 1665 2201 1702 non
2231 1651 2342 1703 est.
2377 1651 2594 1704 Puteus
2626 1665 2862 1720 quoque
2907 1666 3070 1720 aquae
3134 1651 3272 1705 vivas
3324 1651 3377 1706 si
3435 1668 3588 1706 unus

1937 1741 2042 1806 est,
2077 1738 2350 1808 idemque
2379 1736 2542 1792 intus
2576 1743 2684 1807 est,
2716 1737 2991 1794 viviﬁcari
3018 1739 3439 1795 etsanctificari
3473 1740 3593 1812 (20)

1937 1826 2078 1881 foris
2100 1826 2329 1898 positus
2352 1841 2419 1880 ex
2449 1823 2550 1880 illa
2574 1841 2726 1897 aqua
2756 1842 2870 1881 non
2912 1831 3103 1898 potest
3157 1842 3225 1882 ex
3268 1843 3386 1899 qua
3444 1827 3587 1883 solis

1937 1914 2022 1970 eis
2053 1914 2152 1985 qui
2204 1914 2367 1970 intus
2395 1918 2536 1969 sunt
2582 1932 2726 1970 usus
2753 1915 2945 1971 omnis
2975 1920 3031 1970 et
3065 1920 3235 1988 potus
3275 1933 3593 1972 concessus

1936 2008 2044 2059 est.
2064 2003 2227 2066 Quod
2250 2009 2308 2059 et
2339 2007 2546 2059 Petrus
2565 2005 2880 2059 ostendens
2911 2019 3088 2059 unam
3105 2005 3421 2061 Ecclesiam
3452 2022 3584 2061 esse

1938 2097 1996 2148 et
2024 2091 2180 2147 solos
2205 2108 2303 2147 eos
2335 2092 2516 2163 quiin
2574 2092 2825 2148 Ecclesia
2882 2093 3001 2148 sint
3055 2094 3335 2164 baptizari
3389 2111 3584 2165 posse,

1937 2181 2136 2254 posuit
2165 2188 2222 2236 et
2271 2181 2467 2236 dixit:
2515 2181 2578 2236 In
2607 2197 2739 2235 arca
2792 2182 2902 2236 Noe
2955 2185 3137 2251 pauci,
3201 2183 3258 2236 id
3312 2189 3413 2251 est,
3473 2192 3591 2239 octo

1937 2273 2147 2328 animm
2174 2270 2456 2325 hominum
2482 2271 2654 2327 salvae
2681 2271 2840 2340 facta
2889 2280 3022 2325 sunt
3067 2287 3169 2342 per
3195 2287 3414 2343 aquam,
3448 2274 3593 2344 quod

1936 2364 1990 2416 et
2064 2375 2158 2414 vos
2189 2359 2237 2395 ⁸1
2291 2360 2561 2414 similiter
2615 2360 2791 2415 salvos
2837 2361 3006 2429 faciet
3059 2361 3267 2415 1140
3322 2362 3590 2432 baptisma

1937 2449 1987 2521 (Ι
2020 2449 2166 2504 Petr.
2220 2464 2304 2518 ιιι,
2336 2449 2426 2514 20,
2460 2448 2572 2518 51(,
2606 2448 2862 2520 probans
2891 2449 2940 2483 ⁸³
2959 2453 3016 2504 et
3045 2454 3382 2505 contestans
3409 2467 3586 2505 unam

1937 2554 2133 2594 arcam
2177 2535 2297 2592 Noe
2327 2542 2530 2609 typum
2563 2537 2743 2593 fuisse
2773 2536 2950 2593 unius
2980 2538 3267 2594 Ecclesiae.
3301 2538 3362 2595 Si
3395 2541 3587 2610 potuit

1595 2699 1802 2760 Variae
1832 2699 2152 2760 lectiones.

240 2831 285 2874 55
313 2833 406 2887 Sic
438 2831 570 2886 80d.
610 2832 667 2902 1.7
706 2836 837 2886 Ben.
889 2833 994 2886 Lin
1025 2831 1132 2886 ΝΟ.
1165 2833 1216 2886 2.
1254 2832 1544 2902 Separans
1577 2832 1708 2887 Boil.
1736 2834 1789 2886 2.
1825 2831 2135 2902 Separatos
2169 2831 2340 2902 Oxon.
2366 2836 2414 2902 et
2444 2831 2611 2899 impr.
2647 2837 2737 2902 etc
2839 2831 2883 2864 ⁸⁸
2941 2833 3034 2888 Sic
3083 2831 3212 2887 Bod.
3272 2834 3322 2899 1,
3354 2835 3408 2886 2.
3455 2834 3578 2887 Lin.

164 2905 326 2958 Lam.
376 2903 553 2956 Ebor.
586 2901 696 2958 ΝΟ,
740 2907 786 2972 1,
821 2905 874 2957 2.
914 2903 1144 2958 Domini
1171 2901 1554 2959 antichristus
1597 2905 1716 2972 Rig.

165 2947 421 3040 Vota;
433 2947 802 3029 statim.
821 2947 885 3029 ἒ.

1819 2903 1864 2938 ⁸⁸
1905 2900 2134 2958 Unitate
2166 2901 2445 2974 Ecclesia
2470 2900 2783 2974 recessisse
2814 2903 2966 2958 Lam.

990 2975 1036 3010 δ’
1070 2975 1325 3030 Probans
1383 2975 1608 3030 scilicet
1633 2977 1790 3030 Lam.
1820 2973 1950 3029 Bod.
2009 2975 2062 3026 2.
2097 2974 2258 3038 Ebor,
2284 2973 2395 3027 ΝΟ.
2430 2973 2476 3026 1.

3073 2905 3116 2937 ⁸⁷
3159 2903 3406 2959 Reclusa
3463 2906 3584 2958 Lin.

1515 3144 1736 3224 Steph.
1770 3143 2010 3205 Baluzii
2053 3147 2240 3203 notat.

180 3346 192 3358 .
247 3274 372 3356 (111)
409 3275 514 3358 Qui
556 3292 671 3358 non
718 3284 796 3330 est
851 3293 1080 3358 mecum.
1134 3277 1458 3358 Labuntur
1507 3276 1822 3358 aliquando
1855 3278 1896 3344 ρ
1935 3274 2231 3358 improbat
2279 3272 2903 3358 hanc__etymologiam,
2941 3283 2997 3331 et
3041 3278 3122 3331 ait
3173 3278 3396 3346 Separis
3451 3294 3582 3333 esse

176 3346 414 3418 ingenia
489 3346 829 3420 ho_minum_
879 3350 1264 3404 eruditorum.
1341 3346 1621 3404 Editores
1655 3347 1823 3420 Angli

177 3416 534 3473 monuerunt
564 3416 756 3473 locum
817 3418 973 3474 hunc
1033 3421 1150 3475 fere
1196 3425 1385 3474 totum
1436 3437 1504 3475 ex
1563 3420 1711 3475 libro
1749 3416 1828 3474 He

179 3491 397 3546 Unitate
427 3489 678 3544 Ecclesiae
715 3491 969 3563 desumi,
1029 3491 1289 3562 adeoque
1321 3491 1668 3563 Cyprianum
1697 3492 1826 3560 jure

174 3567 386 3616 mento
410 3576 584 3614 usum
640 3577 789 3632 esse
815 3561 888 3617 iis
940 3563 1134 3618 verbis
1179 3561 1456 3632 tanquam
1491 3563 1636 3618 suis.
1662 3563 1825 3627 Quod

172 3648 374 3688 verum
409 3636 661 3704 nonest.
689 3631 912 3704 Quippe
941 3633 1056 3688 ista
1111 3651 1228 3689 non
1262 3631 1401 3688 sunt
1455 3633 1514 3688 in
1561 3634 1706 3687 libro
1763 3633 1828 3688 de

178 3706 395 3761 Unitale
426 3703 703 3773 Ecclesia,
736 3703 930 3759 sed’in
959 3705 1205 3777 epistola
1231 3722 1355 3775 LXX,
1417 3723 1543 3776 quae
1574 3705 1710 3760 data
1740 3709 1831 3760 est

178 3778 242 3830 ad
276 3775 582 3831 episcenos
630 3774 914 3830 Numidas
948 3793 1080 3831 nas.
1117 3778 1244 3831 126.

988 3793 1080 3832 a2.
1117 3780 1244 3831 126.

244 3793 582 3919 (ῗξῗυδξῖῗδ
597 3793 1256 3919 ὢὲιῗῗὲαῗοτῗᾶἕόιῖἰὲῗί.
1323 3847 1705 3919 Hieronymus
1743 3845 1821 3919 Ain

177 3916 440 3989 Epistola
461 3917 529 3971 ad
548 3918 845 3991 Damasum
871 3918 942 3973 de
970 3916 1185 3991 tribus,
1212 3916 1682 3991 Hypostasibus:
1723 3917 1830 3991 Qui

175 3987 356 4044 tecum
405 4003 512 4062 non
579 3989 787 4062 colligit
870 3995 1097 4062 spargit,
1169 3987 1278 4046 hoc'
1307 3987 1411 4052 est,
1463 3990 1563 4060 qui
1623 3987 1829 4043 Christi

170 4076 283 4116 non
313 4067 394 4114 est
422 4059 760 4115 Antichristi
779 4069 878 4116 est.

248 4131 365 4202 (16)
396 4129 645 4200 Separes.
683 4137 768 4187 lta
823 4131 990 4202 posui
1021 4148 1125 4203 pro
1154 4147 1220 4186 eo
1269 4131 1423 4202 quod
1456 4134 1627 4203 antea
1669 4129 1830 4202 lege-

174 4202 354 4276 batur
372 4208 676 4276 separatos,
695 4220 823 4276 non
841 4202 1038 4258 solum
1053 4204 1194 4276 quia
1215 4203 1295 4258 ita
1315 4202 1508 4276 inveni
1529 4202 1826 4276 scriptum

173 4274 238 4346 in
262 4273 523 4344 antiquis
569 4274 945 4341 editionibus,
987 4273 1088 4330 sed
1121 4275 1294 4330 etiam
1346 4275 1485 4346 quia
1528 4273 1678 4329 hanc
1711 4273 1828 4329 lec-

177 4344 400 4417 tionem
430 4346 742 4414 praiferunt
768 4346 1160 4417 septendecim
1219 4344 1577 4417 exemplaria
1607 4351 1826 4417 nostra,

175 4415 338 4471 inter
388 4431 520 4487 quas
539 4433 710 4489 pono
735 4415 1175 4489 Seguierianum
1207 4415 1472 4489 omnium
1502 4416 1830 4489 vetustissi-

173 4502 364 4553 mum,
395 4497 450 4543 et
477 4487 590 4542 tria
618 4487 959 4561 Anglic'ana.
993 4488 1212 4544 Statius
1234 4487 1335 4543 lib.
1363 4505 1444 4556 IV,
1468 4488 1824 4544 Thebaidos:

173 3778 242 3830 ad
276 3775 582 3846 episcopos
630 3774 914 3830 Numidas

453 4663 489 4678 ,γ
520 4677 523 4678 ν
585 4665 622 4678 κ
860 4605 934 4678 ’ζα
960 4617 1145 4678 separe
1175 4608 1360 4678 cretus
1442 4665 1476 4678 η

324 4663 548 4730 Elysios,
584 4665 807 4730 Peraeae,
835 4667 952 4729 pios
983 4663 1245 4730 Virgaque
1276 4665 1497 4730 potenti,

331 4726 575 4778 Nubibus
609 4729 773 4778 Arcas
801 4726 942 4792 agat.

1936 3344 2283 3402 vocabulum
2317 3344 2623 3400 Gallicum.

2008 3417 2427 3490 (17)‘De_clarat
2474 3420 2563 3490 in
2615 3419 2854 3473 Cantico.
2914 3418 3041 3473 Haec
3098 3435 3283 3490 pauca
3353 3425 3584 3474 exstant

1937 3487 2187 3545 sane’in
2217 3487 2365 3543 libro
2396 3487 2461 3561 de
2522 3489 2734 3561 Unitute
2783 3490 3060 3554 Ecclesia},
3100 3487 3242 3561 'pag.
3298 3491 3417 3544 195.
3471 3490 3580 3544 Sed

1935 3565 2132 3687 {agmen
2166 3576 2278 3614 non
2313 3560 2447 3615 inde
2479 3559 2670 3631 colligi
2704 3566 2896 3631 potest
2939 3559 3174 3633 sumpta
3193 3559 3355 3616 _esse
3376 3578 3444 3616 ex
3475 3562 3581 3617 hoc

1960 3649 1975 3686 ι
2022 3648 2105 3686 ro.

1960 3648 2105 3686 IDI‘O.

2009 3704 2122 3775 (18)
2178 3703 2374 3756 Hortus
2417 3701 2716 3775 conclusus
2775 3702 3166 3775 Hieronymus
3223 3704 3282 3758 in
3333 3703 3585 3774 epistola

1935 3773 2023 3829 ad.
2057 3775 2350 3828 Damasum
2399 3773 2470 3827 de
2545 3773 2735 3828 tribus
2815 3773 3264 3846 bypos‘tasibus:
3327 3773 3391 3832 Ut
3440 3778 3588 3830 inter

1937 3845 2088 3901 lacus
2113 3847 2390 3905 contritas,
2423 3846 2518 3915 qui
2574 3861 2773 3916 aquam
2795 3845 2904 3899 non
2943 3846 3167 3915 habent,
3196 3846 3424 3916 difﬁcile
3482 3847 3578 3900 ubi

1934 3918 2060 3987 fons
2089 3919 2341 3988 signatus
2369 3919 2417 3969 et
2448 3916 2638 3970 hortus
2668 3916 2762 3970 ille
2781 3918 3068 3972 conclusus
3097 3922 3184 3987 sit,
3213 3919 3385 3988 possit
3413 3918 3574 3971 intel-

1935 3986 2059 4054 ligi.
2111 3987 2180 4040 Et
2246 3986 2423 4040 infra:
2486 3988 2600 4058 Ego
2679 3997 2864 4042 autem
2903 3990 3118 4043 nullum
3177 3986 3424 4058 primum
3464 3989 3579 4041 nisi

1937 4060 2215 4115 Christum
2233 4073 2460 4127 sequens
2489 4057 2824 4113 beatitudini
2853 4063 2970 4116 tuae
2994 4069 3050 4115 et
3093 4057 3370 4115 cathedrae
3425 4061 3579 4112 Petri

1936 4131 2318 4202 communione
2339 4131 2632 4184 consocior.
2670 4130 2845 4200 Super
2892 4132 3050 4186 illam
3122 4140 3337 4202 petram
3380 4129 3579 4202 facili/i-

1935 4211 2120 4256 catam
2151 4201 2447 4255 Ecclesium
2466 4203 2596 4256 scio.
2633 4203 2951 4271 Quicunque
2983 4201 3148 4258 extra
3182 4206 3330 4256 hanc
3357 4201 3584 4256 domum

1937 4289 2142 4344 agnum
2170 4271 2471 4345 comederit
2489 4275 2764 4343 profanus
2795 4283 2895 4328 est.
2927 4276 2990 4329 Si
3015 4276 3137 4345 quis
3185 4277 3246 4328 in
3290 4289 3419 4345 arca
3473 4275 3582 4327 Noe

1935 4343 2047 4400 nan
2095 4345 2284 4414 fuerit,
2334 4343 2534 4414 peribit
2602 4347 2870 4412 regnante
2911 4343 3148 4400 diluvio.
3198 4344 3453 4414 Respicit
3509 4345 3580 4398 ad

1937 4416 2285 4488 dignitatem
2335 4420 2394 4470 et
2446 4415 2846 4488 auctoritatem
2902 4416 3162 4472 Ecclesia
3215 4415 3573 4488 principalis.

2035 4488 2122 4557 19)
2155 4489 2352 4541 Putens
2383 4501 2545 4557 aqua:
2586 4489 2744 4543 vivae.
2781 4487 2953 4543 Recte
2990 4487 3229 4544 monent
3255 4487 3423 4557 Angli
3457 4487 3575 4540 haec

1936 4555 2113 4612 verba
2143 4573 2259 4611 non
2316 4555 2551 4626 reperiri
2602 4557 2658 4610 in
2719 4574 2883 4613 sacro
2940 4564 3119 4614 textu.
3181 4555 3404 4629 Quippe
3462 4573 3577 4613 non

1862 4654 1908 4717 n
1939 4632 2775 4717 seu?secunturut
2801 4631 2924 4717 fors
2980 4632 3248 4717 senatus
3281 4630 3380 4684 sed
3405 4629 3579 4717 ρθυιο

1941 4701 2114 4773 infra,
2150 4707 2341 4773 patens
2370 4714 2643 4773 aquarum
2680 4702 3006 4773 viventium.
3050 4703 3371 4773 Cyprianus
3422 4701 3580 4773 hunc

1941 4769 2130 4844 locum
2164 4770 2366 4844 eodem
2405 4769 2578 4844 modo
2609 4772 2831 4844 retulit
2885 4774 2942 4826 in
2977 4769 3224 4844 epistola
3272 4789 3454 4839 Lxxw,
3508 4772 3578 4826 ad

166 4845 324 4895 Puto
355 4840 699 4916 Crderieum
728 4844 974 4900 Vitalem
1008 4844 1147 4900 inde
1199 4842 1492 4913 accepisse
1535 4842 1690 4914 quod
1749 4843 1832 4898 ait
1938 4841 2878 4916 Pompeiumpag.142._Sicetiam
2897 4840 3228 4900 referturab
3246 4843 3490 4916 Augusti
3509 4859 3580 4916 no

167 4912 525 4987 pag.__9_07:
577 4914 873 4985 Optimates
920 4925 1109 4972 autem
1150 4917 1247 4986 qui
1299 4911 1520 4986 separes
1552 4911 1739 4969 cretus
1769 4917 1831 4969 in
1938 4913 2042 4968 lib.
2073 4929 2126 4966 xi
2158 4913 2228 4967 de
2272 4911 2466 4966 Genesi
2523 4913 2594 4987 ad
2651 4915 2916 4983 litteram,
2973 4933 3099 4987 cap.
3159 4917 3248 4986 21,
3300 4911 3490 4987 li‘b._v
3518 4913 3584 4968 de

163 4982 514 5054 Expeditiones
581 4982 747 5056 legali
805 4987 968 5042 ductu
1021 4982 1281 5043 dubitare
1354 4982 1632 5042 debebant.
1683 4987 1829 5042 Vide

168 5055 537 5130 glossarium
595 5057 866 5130 Latinum
899 5057 1123 5130 Cangii.

245 5125 618 5183 Mabillonius
704 5129 806 5184 lib.
894 5146 952 5185 ix
1023 5125 1336 5184 'Etnnatium
1411 5128 1828 5184 Benedictorum

163 5197 314 5323 837,
349 5199 524 5253 refert
551 5215 621 5254 ex
657 5202 911 5270 quadarn
927 5202 1104 5256 veteri
1136 5200 1468 5256 narratione
1502 5200 1820 5255 Laudosam

212 5269 422 5323 avium
445 5269 761 5323 Britannia
791 5277 1000 5323 nostris
1033 5277 1260 5323 mutato
1291 5270 1528 5323 nomine
1554 5276 1820 5323 vocatum

212 5269 422 5324 avium
445 5269 761 5328 Britannia
791 5277 1000 5329 nostra;
1033 5277 1260 5327 mutato
1291 5270 1528 5325 nomine
1554 5276 1820 5326 vocatum

162 5341 358 5416 fuisse
401 5345 694 5416 Separem,
729 5345 868 5415 quia
898 5361 960 5400 se
995 5342 1286 5416 separavit
1331 5346 1397 5397 ut
1423 5341 1575 5396 viam
1611 5343 1825 5416 faceret

159 5411 637 5487 _V_ertavensi_bus
667 5411 1041 5487 cupientibus
1061 5411 1078 5416 ’
1101 5415 1314 5487 habere
1370 5429 1582 5487 cogpus
1632 5415 1819 5487 sancti

159 5483 411 5538 Martini
441 5485 676 5541 abbatis
706 5483 819 5553 sui,
849 5491 907 5542 et
925 5503 1053 5543 eam
1088 5485 1411 5540 occluserat
1433 5484 1820 5540 Duriensibus

156 5560 374 5610 contra
405 5557 800 5614 tendentibus.
839 5559 984 5614 [llud
1017 5562 1239 5613 certum
1261 5560 1368 5624 est,
1402 5556 1631 5626 Separis
1662 5557 1818 5611 ﬂuvii

159 5627 223 5679 in
258 5642 326 5680 ea
358 5633 522 5698 parte
550 5628 858 5685 britannize
888 5631 1246 5685 mentionem
1281 5628 1517 5698 reperiri
1550 5629 1606 5681 in
1665 5631 1817 5682 vete-

159 5697 338 5752 ribus
365 5700 510 5754 Actis
545 5700 721 5756 editis
739 5701 799 5756 in
829 5705 989 5757 temo
1014 5701 1268 5757 secundo
1297 5713 1532 5757 nupera:
1558 5697 1817 5754 historiae

155 5714 338 5752 ηῡῑιι
365 5714 510 5754 acus
545 5714 721 5756 οαιῑιε
739 5717 799 5756 1n
829 5714 989 5758 tome
1014 5714 1268 5758 secundo
1297 5714 1532 5758 nupera:
1558 5714 1819 5754 ωειοιυιεθ

155 5715 338 5752 unus
365 5715 510 5754 acus
545 5715 721 5756 cuius
739 5717 799 5756 1n
829 5715 989 5758 temo
1014 5715 1268 5758 secundo
1297 5715 1532 5770 nupera;
1558 5715 1819 5754 historiae

149 5768 516 5826 Britannica
544 5787 678 5844 pag.
709 5773 838 5842 278,
881 5773 1006 5828 279.
1038 5773 1145 5830 Sed
1187 5770 1520 5828 Hadrianus
1547 5769 1820 5826 Valesius

1936 4987 2214 5059 Baptismo
2286 4994 2478 5059 contra
2552 4986 2883 5056 Donatistas,
2970 4985 3094 5059 cap.
3159 4989 3248 5058 27,
3300 4985 3500 5059 etplib.
3537 5001 3576 5038 ιι

1935 5065 2131 5139 contra
2152 5057 2545 5139 Aceesconium,
2580 5059 2829 5139 cepa-4‘5,
2862 5056 3128 5139 et_epist._
3153 5056 3240 5139 ιγ.
3272 5057 3383 5113 Sed
3407 5056 3577 5139 alitgr

1934 5129 2088 5199 apud
2133 5127 2524 5200 (Ambrosium,
2573 5127 2672 5198 qui
2705 5128 2849 5184 lib.1
2898 5127 3293 5200 deVirgirzibus
3323 5144 3450 5197 cap.
3513 5128 3569 5200 8,

1935 5198 1991 5272 et
2016 5200 2088 5272 in
2129 5199 2282 5254 libro
2330 5199 2401 5272 de
2445 5199 2781 5272 Virginitater
2817 5216 2942 5271 cap.
3006 5198 3092 5264 13’,
3161 5207 3218 5256 et
3274 5201 3446 5272 epist.
3503 5198 3573 5253 ad

1931 5271 2196 5326 Sabinum
2265 5271 2519 5324 referens
2570 5271 2722 5324 hunc
2775 5271 2962 5326 locum
3011 5288 3125 5327 non
3161 5271 3323 5327 addit
3375 5275 3569 5337 puteus

1931 5357 2094 5413 aqua:
2138 5343 2290 5422 viam
2330 5346 2460 5422 ppst
2507 5345 2632 5422 fons
2671 5344 2941 5422 signatus.
3001 5344 3161 5406 Quod
3221 5346 3570 5414 argumento

1931 5411 2062 5469 esse
2108 5417 2300 5486 potest
2326 5411 2494 5466 illum
2525 5413 2640 5486 alia
2661 5415 2924 5469 versione
2942 5431 3114 5470 usum
3131 5431 3260 5470 esse
3291 5411 3466 5486 quam
3500 5431 3568 5468 ea

1930 5502 2046 5557 qua
2074 5483 2396 5557 Cyprianus
2424 5483 2714 5539 utebatur.

1999 5556 2426 5628 (20)Viviﬁcari
2453 5563 2530 5628 (et
2573 5557 2939 5624 sanctiﬁcari.
2989 5558 3138 5612 Citat
3163 5556 3320 5612 hunc
3366 5557 3561 5611 locum

1929 5626 2170 5683 sanctus
2217 5626 2582 5701 Augustinus
2623 5628 2725 5684 lib.
2759 5644 2860 5694 vn,
2917 5629 2981 5684 de
3039 5631 3311 5701 Baptismo
3374 5637 3572 5684 contra

1927 5701 2258 5766 Donatistae,
2289 5714 2415 5769 cap.
2447 5698 2537 5751 50.
