4098 6178
565 332 718 391 H87

1607 329 1710 390 DE
1754 326 2345 427 ΗΛΕΒΕΤΙΟφΒΠΜ
2390 327 2924 389 BAPTISMATE.

3732 341 3847 400 i188

554 469 696 518 tunc
724 463 784 518 in
814 462 912 518 illo
942 463 1156 534 expiati
1185 467 1244 517 et
1277 461 1568 533 puriﬁcati
1596 462 1804 518 mundi
1834 463 2128 534 baptismo
2146 423 2204 495 ⁷ο
2233 466 2288 530 Α
2319 466 2376 518 et
2405 460 2576 534 Agni,
2608 461 2706 533 qui
2738 477 2928 533 agnus
2957 423 3252 516 Christum
3283 461 3608 534 designabat,
3629 469 3851 541 scriptum

554 551 749 607 salvus
797 569 898 624 per
919 569 1136 623 aquam
1167 551 1289 606 ﬁeri
1330 551 1428 622 qui
1460 552 1519 606 in
1553 569 1688 607 arca
1717 552 1834 607 Noe
1895 568 2008 606 non
2070 551 2204 616 fuit,

557 647 749 710 potest
804 646 861 696 et
935 657 1090 696 nunc
1145 640 1420 695 viviﬁcari
1475 657 1579 711 per
1617 641 1911 711 baptisma
1985 639 2084 710 qui
2143 638 2204 693 in

555 729 814 785 Ecclesia
845 746 955 784 non
987 735 1094 795 est,
1114 729 1208 783 cui
1241 729 1348 783 soli
1383 728 1674 800 baptisma
1695 745 2040 784 concessum
2092 732 2201 782 est.

550 817 660 872 Sed
692 823 747 872 et
776 817 992 873 Paulus
1023 816 1324 888 apostolus
1355 816 1464 871 hoc
1503 816 1660 871 idem
1695 817 1885 871 adhuc
1939 816 2204 887 apertius

553 911 612 960 et
649 905 867 962 clarius
913 905 1296 960 manifestans
1347 906 1390 940 ⁷¹
1443 905 1512 960 ad
1569 905 1848 976 Ephesios
1903 903 2105 959 scribit
2149 905 2208 958 et

555 993 696 1049 dicit
723 1011 736 1050 ε
768 995 1017 1051 Christus
1041 993 1240 1049 dilexit
1281 994 1598 1061 Ecclesiam,
1647 997 1697 1049 et
1743 1011 1799 1048 se
1845 994 2022 1065 ipsum
2081 996 2203 1047 tra-

549 1083 696 1138 didit
745 1099 845 1154 pro
895 1099 986 1150 ea,
1058 1091 1118 1136 ut
1161 1098 1281 1136 eam
1337 1083 1734 1151 sanctiﬁcaret,
1782 1097 2025 1153 purgans
2071 1097 2204 1136 eam

553 1174 768 1226 lavacro
797 1172 841 1206 ⁷³
874 1185 1041 1241 aqua?
1069 1171 1285 1242 (Ephcs.
1309 1188 1367 1237 v,
1397 1172 1492 1236 25,
1512 1172 1624 1241 26).
1651 1170 1811 1234 Quod
1858 1170 1907 1226 si
1939 1187 2057 1224 una
2113 1172 2205 1224 est

554 1259 829 1328 Ecclesia,
864 1276 990 1330 quae
1032 1259 1317 1314 aChristo
1374 1258 1642 1330 diligitur
1703 1264 1759 1313 et
1798 1257 2025 1313 lavacro
2075 1259 2204 1328 ejus

553 1348 678 1404 sola
708 1351 1008 1420 purgatur,
1033 1364 1147 1417 quo
1201 1348 1373 1403 modo
1417 1347 1516 1419 qui
1551 1347 1608 1400 in
1653 1345 1912 1402 Ecclesia
1970 1362 2084 1401 non
2111 1349 2205 1401 est

555 1441 657 1492 aut
685 1436 848 1507 diligi
893 1453 928 1490 a
973 1436 1202 1491 Christo
1234 1442 1334 1491 aut
1363 1436 1522 1490 ablui
1571 1442 1628 1491 et
1676 1435 1911 1507 purgari
1970 1434 2203 1489 lavacro

555 1528 684 1596 ejus
732 1524 963 1596 potest?

625 1615 723 1668 ΙΙΙ.
748 1613 988 1685 Propter
1003 1613 1157 1684 quod
1177 1629 1312 1667 cum
1337 1611 1461 1667 sola
1484 1611 1736 1668 Ecclesia
1757 1611 1971 1668 habeat
1989 1628 2203 1683 aquam

551 1700 788 1756 vitalem
819 1706 877 1756 et
904 1701 1234 1772 baptizandi
1265 1705 1439 1771 atque
1471 1701 1746 1755 abluendi
1794 1699 2050 1755 hominis
2101 1717 2203 1772 po-

551 1794 844 1855 testatem,
879 1789 980 1861 qui
1011 1789 1154 1844 dicit
1182 1789 1336 1859 apud
1370 1789 1756 1844 Novatianum
1807 1788 2087 1860 baptizari
2147 1793 2281 1896 etB

551 1878 902 1934 sanctilicari
929 1877 1186 1949 aliquem
1218 1894 1412 1949 posse,
1436 1877 1599 1948 prius
1624 1878 1898 1933 ostendat
1925 1883 1981 1933 et
2002 1879 2206 1934 doceat

549 1967 937 2022 Novatianum
963 1967 1022 2021 in
1046 1966 1304 2022 Ecclesia
1323 1982 1452 2021 esse
1477 1971 1578 2020 aut
1594 1965 1858 2021 Ecclesiae
1873 1966 2200 2037 praesidere.

551 2056 806 2111 Ecclesia
835 2056 991 2111 enim
1028 2073 1144 2110 una
1173 2060 1265 2110 est
1294 2055 1434 2126 (24),
1466 2072 1592 2125 quae
1618 2072 1734 2110 una
1764 2060 1820 2110 et
1859 2056 2020 2111 intus
2077 2071 2206 2112 esse

551 2150 606 2201 et
630 2145 768 2200 foris
798 2163 912 2200 non
942 2151 1154 2216 potest.
1191 2144 1248 2200 Si
1283 2144 1440 2198 enim
1475 2143 1637 2214 apud
1672 2143 2062 2199 Novatianum
2093 2148 2201 2210 est,

553 2234 707 2305 apud
737 2232 1070 2289 Cornelium
1099 2250 1214 2288 non
1247 2232 1375 2298 fuit,
1409 2233 1541 2302 (22).
1577 2231 1637 2286 Si
1687 2248 1819 2287 vero
1877 2233 2032 2304 apud
2065 2232 2205 2288 Cor-

553 2322 772 2377 nelium
808 2322 937 2388 fuit,
961 2323 1062 2392 qui
1099 2322 1348 2376 Fabiano
1379 2321 1651 2391 episcopo
1681 2319 1944 2392 legitima
1968 2321 2206 2376 ordina-

553 2409 710 2464 tione
750 2409 1053 2474 successit,
1073 2414 1130 2464 et
1159 2423 1332 2478 quem
1354 2411 1563 2478 praeter
1589 2406 1901 2462 sacerdotii
1921 2406 2203 2462 honorem

556 2497 831 2570 martyrio
861 2513 1095 2568 quoque
1124 2496 1407 2552 Dominus
1459 2494 1819 2566 gloriﬁcavit,
1847 2495 2203 2552 Novatianus

556 2586 616 2641 in
652 2585 908 2642 Ecclesia
936 2601 1050 2640 non
1079 2589 1186 2654 est,
1221 2601 1326 2639 nec
1383 2584 1694 2654 episcopus
1733 2584 2060 2655 computari
2109 2601 2205 2656 po-

558 2678 671 2730 test
701 2676 768 2742 ⁷³,
803 2674 904 2744 qui
945 2672 1276 2745 evangelica
1331 2673 1532 2727 1141
1596 2675 1654 2726 et
1712 2670 2030 2742 apostolica
2081 2677 2202 2728 tra-

565 2762 784 2818 ditione
801 2766 1158 2833 contempta,
1187 2760 1406 2816 nemini
1434 2760 1770 2830 succedens,
1785 2777 1820 2814 a
1835 2761 1915 2816 sei
1922 2777 2028 2832 pso
2040 2765 2204 2816 ortus

557 2857 666 2906 est.
695 2852 915 2907 Habere
960 2866 1214 2921 namque
1271 2854 1374 2904 aut
1433 2854 1627 2904 tenere
1689 2848 2004 2903 Ecclesiam
2041 2847 2203 2905 nullo

557 2941 728 2996 modo
751 2945 942 3010 potest
982 2939 1082 3010 qui
1113 2938 1417 2993 ordinatus
1449 2938 1506 2992 in
1537 2936 1796 2992 Ecclesia
1815 2953 1930 2992 non
1953 2943 2061 2992 est.

639 3028 730 3084 ιν.
783 3028 946 3085 Foris
997 3027 1154 3083 enim
1187 3043 1303 3082 non
1342 3041 1466 3081 esse
1522 3024 1834 3080 Ecclesiam
1867 3041 1972 3080 nec
2019 3026 2208 3081 scindi

573 3119 885 3173 adversum
919 3133 982 3172 se
1012 3121 1115 3171 aut
1155 3115 1335 3170 dividi
1384 3131 1574 3187 posse,
1638 3114 1740 3170 sed
1798 3113 2208 3186 inseparabilis

567 3211 742 3278 atque
767 3205 1078 3261 individua
1109 3205 1320 3260 domus
1347 3203 1631 3258 unitatem
1662 3203 2208 3260 teneremanifestat
2235 3190 2281 3260 Ο
2317 3203 2628 3277 incipiens,
2677 3203 2906 3260 alienus
2938 3205 3003 3259 ﬁt
3029 3205 3144 3275 (24)
3173 3209 3236 3259 et
3289 3205 3579 3276 protenus,
3638 3199 3861 3257 Dominice

558 3294 872 3367 Scriptura
893 3294 1103 3349 divinae
1121 3293 1286 3359 ﬁdes,
1314 3308 1446 3347 cum
1481 3293 1551 3347 de
1572 3295 1939 3348 sacramento
1968 3293 2202 3350 Pascha

1875 3428 2078 3489 Variae
2121 3429 2445 3492 lectiones.

627 3537 671 3571 ⁷ο
702 3537 978 3608 Expiatus
1009 3541 1066 3590 et
1097 3533 1462 3606 puriﬁcatus,
1496 3533 1699 3588 mundi
1724 3532 2016 3604 baptismo
2054 3537 2212 3592 Lam.
2253 3536 2382 3592 Bod.
2417 3538 2466 3589 2.
2490 3533 2776 3590 EborJVC.
2812 3535 2866 3590 1.

876 3617 922 3649 ⁷²
954 3616 1215 3686 Purgans
1246 3612 1476 3668 lavacro
1510 3613 1661 3668 Lam.
1694 3613 1824 3669 Bod.
1849 3616 1900 3669 2.
1934 3615 2090 3670 Ebor.
2123 3617 2243 3673 ΝΟ.
2277 3616 2328 3671 4.

555 3615 687 3670 Bod.
719 3618 772 3670 2.

553 3695 599 3729 ⁷⁴
631 3694 735 3750 Cui
765 3695 823 3750 id
856 3695 1168 3750 mandatur
1222 3695 1374 3748 Lam.
1412 3693 1547 3748 Bod.
1579 3693 1690 3750 ΝΟ.
1745 3693 1796 3748 4.

551 3767 706 3820 Lam.
800 3768 844 3802 ⁷⁸
886 3771 953 3820 Et
981 3771 1154 3820 erunt
1183 3781 1337 3820 unus
1386 3779 1525 3820 grex
1555 3765 1686 3820 Bod.
1720 3767 1771 3818 2.

596 3783 706 3823 am.

1873 3879 2088 3986 Steph,
2135 3907 2372 3969 Baluzii
2405 3913 2594 3968 notae.

630 4033 740 4158 (2i?
799 4033 1038 4088 Ecclesia
1092 4047 1204 4085 una
1260 4035 1331 4110 et:
1381 4027 1531 4082 Citat
1577 4027 2022 4110 hunc.locum,
2109 4031 2211 4086 sed

630 4110 708 4158 uti
737 4120 860 4158 um.
891 4103 1191 4158 Gerochus
1229 4099 1813 4158 Remhersoerzensm
1864 4118 1920 4154 ιι)
1957 4106 2210 4156 tractatu

560 4099 860 4170 mutilum,
891 4103 1191 4159 Gerochus
1229 4099 1813 4170 Reicherspergensis
1864 4101 1920 4154 in
1957 4106 2210 4156 tractatu

559 4179 840 4233 adversus
919 4173 1287 4231 Simoniacos
1365 4187 1492 4242 cap.
1573 4172 1674 4242 27.
1751 4173 1826 4226 Eo
1905 4189 2050 4227 usus
2125 4178 2213 4228 est

556 4249 814 4304 Joannes
845 4246 1224 4318 Capistranus
1246 4240 1557 4318 adversus.
1585 4240 1834 4318 Felicem
1862 4246 1908 4295 V
1961 4243 2210 4318 electum

560 4336 770 4392 papam
805 4335 837 4373 a
869 4311 1100 4392 concilii
1132 4315 1465 4392 Basileensi.
1493 4311 1637 4392 Vide
1657 4317 1968 4369 tractatum
1990 4316 2118 4386 ejus
2140 4316 2213 4371 de

560 4386 813 4464 papaet
837 4389 1070 4464 concilii
1111 4386 1664 4464 Auoioritateparte
1696 4401 1778 4440 ιιι.

634 4456 748 4531 (22)
780 4461 840 4515 Si
895 4463 1045 4517 enim
1095 4458 1245 4531 apud
1292 4457 1663 4531 Novatiapum
1714 4457 1968 4531 estapud
2007 4456 2210 4512 Come-

569 4526 863 4604 liumrnon
892 4535 1000 4604 [ait
1019 4526 1257 4588 Disértis
1287 4528 1478 4604 verbis
1509 4527 1675 4604 d_ocet
1723 4526 1980 4582 Ecclesia
2011 4533 2208 4604 notam

559 4620 690 4659 esse
725 4599 1047 4674 legitimam
1080 4601 1507 4674 successionem
1534 4601 1927 4674 Romanorum
1979 4599 2209 4674 pontiﬁ-

564 4692 722 4746 cum,
754 4669 956 4746 u'tpote
1003 4691 1134 4746 cum
1183 4673 1356 4746 dicat,
1421 4669 1993 4746 apudJCorneiium’
2029 4671 2211 4726 fuisse

563 4739 905 4824 Ecclesiam,
933 4747 1068 4824 quia
1095 4744 1357 4824 legitima
1388 4739 1754 4796 ordinatione
1805 4741 2054 4824 Fabiano
2081 4758 2211 4824 suc:

563 4817 759 4883 cessit,
793 4813 1375 4888 apud—Novatianum
1421 4828 1533 4866 non
1559 4827 1739 4888 _esse_,_
1793 4813 1941 4888 quia
1988 4813 2210 4868 nemini

1909 3695 1971 3766 "7
2009 3695 2112 3750 Hic
2157 3700 2246 3752 est
2273 3696 2430 3752 enim
2475 3694 2577 3766 qui
2607 3711 2741 3750 reus
2761 3693 2875 3748 sibi
2905 3693 3014 3749 erit
3043 3710 3160 3766 non
3210 3695 3347 3750 Bod.‘
3399 3695 3450 3765 Ι,
3497 3697 3548 3749 2.
3596 3693 3734 3749 Ebor.
3779 3691 3856 3742 La.

800 3768 844 3802 ⁷⁸
886 3771 953 3822 Et
981 3771 1154 3821 erunt
1183 3781 1337 3820 unus
1385 3779 1525 3837 grex
1555 3765 1686 3820 Bod.
1720 3767 1771 3818 2.
1849 3765 1892 3798 ⁷⁷
1951 3765 2061 3821 Sed
2094 3784 2128 3822 a
2157 3784 2220 3823 se
2249 3767 2379 3839 ipso
2418 3764 2574 3822 Lam.
2609 3766 2718 3821 ΝΟ.
2749 3767 2771 3820 I
2801 3766 2960 3822 Ebor.
2993 3764 3124 3820 Bod.
3159 3768 3218 3820 2.

2314 551 2424 606 sit:
2455 555 2524 606 In
2554 550 2711 606 domo
2754 567 2868 605 una
2894 550 3218 617 comedetur,
3269 565 3374 606 non
3401 553 3603 622 ejicietis
3651 556 3704 612 de
3741 559 3855 615 domo

2313 654 2534 693 carnem
2585 637 2739 709 foras
2797 639 2965 694 Exod.
3024 655 3166 705 xvu,
3218 639 3323 708 46).
3387 641 3531 705 Quod
3586 642 3702 698 item
3741 648 3854 703 circa

2313 727 2489 792 Raab,
2523 743 2650 798 qus:
2681 727 2808 798 ipsa
2850 742 3085 798 quoque
3116 731 3316 798 typum
3346 729 3587 797 portabat
3635 731 3854 801 Ecclesia,

2312 829 2648 885 expressum
2694 815 2980 881 videmus,
3039 815 3132 869 cui
3186 816 3486 870 mandatur
3511 819 3551 855 7‘
3574 823 3624 871 et
3669 818 3854 875 dicitur:

2311 905 2536 959 Patrem
2579 906 2738 959 tuum
2767 907 2819 959 et
2845 907 3078 958 matrem
3106 908 3258 958 tuam
3285 905 3540 971 etfratres
3581 914 3678 960 tuo:
3725 917 3765 962 et
3802 920 3855 964 to-

2311 1000 2425 1047 tam
2452 991 2675 1048 domum
2715 995 2896 1064 patris
2917 993 3000 1046 tui
3025 992 3245 1060 colliges
3278 990 3345 1046 ad
3367 994 3579 1062 teipsam
3597 995 3646 1048 in
3692 995 3855 1050 domum

2312 1097 2494 1153 tuam,
2521 1090 2572 1136 et
2617 1083 2800 1136 omnis
2827 1083 2924 1152 qui
2951 1082 3155 1136 exierit
3181 1081 3377 1135 ostium
3417 1079 3588 1136 domus
3615 1091 3706 1138 tua:
3749 1087 3859 1153 foras

2310 1186 2442 1225 rcus
2487 1171 2596 1224 sibi
2650 1172 2757 1224 erit
2830 1170 3035 1241 (Iosue.
3109 1168 3218 1240 18).
3271 1170 3388 1234 Quo
3440 1177 3757 1226 sacramento
3799 1174 3863 1228 de-

2309 1259 2564 1314 claratur
2607 1258 2667 1312 in
2701 1274 2877 1313 unam
2910 1258 3155 1312 domum
3182 1256 3387 1324 solam,
3420 1257 3473 1312 id
3517 1263 3613 1324 est,
3639 1259 3688 1313 in
3717 1261 3856 1316 Eccle-

2311 1345 2458 1401 siam
2491 1347 2767 1415 victuros,
2801 1350 2858 1400 et
2887 1346 2959 1400 ab
2990 1345 3229 1400 interitu
3247 1345 3706 1402 mundievasuros
3719 1347 3864 1420 colligi

2311 1439 2598 1506 oportere,
2624 1433 2896 1506 quisquis
2927 1439 3122 1489 autem
3155 1435 3226 1489 de
3264 1433 3511 1489 collectis
3538 1434 3675 1490 foras
3695 1437 3860 1503 exierit,

2313 1524 2368 1578 id
2401 1527 2508 1591 est,
2547 1523 2595 1578 si
2631 1524 2787 1594 quis,
2815 1524 3086 1594 quamvis
3112 1525 3172 1576 in
3205 1522 3459 1578 Ecclesia
3509 1524 3726 1595 gratiam
3764 1541 3860 1579 con-

2313 1619 2574 1679 secutus,
2632 1611 2934 1667 recesserit
2983 1617 3041 1666 et
3083 1611 3154 1665 ab
3205 1611 3455 1667 Ecclesia
3504 1612 3698 1679 exierit,
3745 1629 3858 1667 reum

2314 1701 2425 1756 sibi
2450 1701 2734 1770 futurum,
2757 1701 2814 1755 id
2848 1705 2956 1766 est,
2984 1700 3186 1772 ipsum
3218 1700 3331 1755 sibi
3362 1700 3506 1771 quod
3526 1708 3699 1772 pereat
3723 1701 3856 1773 impu-

2314 1795 2594 1845 taturum.
2622 1790 2781 1856 Quod
2815 1790 3118 1860 apostolus
3170 1788 3386 1844 Paulus
3423 1789 3671 1860 explanat
3705 1789 3857 1844 docens

2314 1885 2370 1935 et
2417 1878 2758 1951 praecipiens
2789 1877 3128 1933 hasreticum
3160 1877 3462 1933 vitandum
3491 1893 3609 1933 esse
3629 1881 3857 1950 utperver-

2313 1985 2442 2023 sum
2483 1971 2540 2023 et
2571 1972 2930 2038 peccatorem
2957 1971 3012 2022 et
3043 1984 3079 2021 a
3105 1967 3424 2037 semetipso
3454 1967 3752 2021 damnatum
3779 1967 3857 2035 (Tit.

2316 2075 2399 2126 ιιι,
2433 2057 2537 2128 10).
2569 2055 2672 2111 Hic
2705 2055 2861 2110 enim
2895 2072 3027 2110 reus
3060 2055 3172 2110 sibi
3199 2054 3312 2110 erit
3339 2055 3382 2089 ⁷⁵
3411 2053 3507 2126 qui
3537 2071 3638 2110 non
3678 2055 3736 2110 ab
3779 2054 3861 2125 epi-

2315 2160 2488 2216 sc0po
2514 2145 2754 2214 ejectus,
2811 2144 2913 2200 sed
2971 2149 3177 2215 sponte
3219 2143 3292 2199 de
3349 2141 3592 2198 Ecclesia
3628 2142 3855 2214 profugus,

2315 2231 2586 2288 haeretica
2633 2229 3087 2303 praeumptione
3115 2248 3148 2286 a
3179 2231 3493 2301 semetipso
3521 2230 3798 2284 damnatus.

2383 2320 2452 2374 V.
2476 2321 2545 2375 Et
2572 2319 2788 2376 idcirco
2822 2319 3101 2375 Dominus
3123 2319 3436 2374 insinuans
3468 2319 3621 2374 nobis
3649 2317 3857 2372 unitatem

2314 2412 2385 2466 de
2430 2409 2627 2463 divina
2675 2407 3020 2464 auctoritate
3065 2408 3398 2463 venientem
3454 2407 3605 2479 ponit
3647 2411 3694 2462 et
3739 2404 3857 2458 dicit:

2314 2503 2438 2571 Ego
2458 2503 2509 2553 et
2540 2499 2702 2552 Pater
2729 2513 2906 2553 unum
2923 2513 3112 2552 sumus
3143 2498 3334 2568 (Joan.
3385 2514 3442 2564 x,
3473 2497 3575 2566 30).
3630 2496 3697 2550 Ad
3739 2509 3858 2564 quam

2315 2587 2597 2642 unitatem
2632 2587 2901 2658 redigens
2959 2585 3283 2642 Ecclesiam
3343 2601 3506 2640 suam
3535 2586 3700 2639 denuo
3739 2582 3855 2636 dicit:

2312 2678 2378 2732 Et
2396 2679 2501 2731 erit
2532 2692 2674 2730 unus
2729 2690 2868 2744 grex
2894 2675 2938 2709 ⁷⁸
2987 2678 3044 2729 et
3064 2690 3208 2728 unus
3267 2678 3456 2744 pastor
3508 2672 3650 2740 (Ibid.
3692 2671 3776 2740 46).
3818 2668 3853 2722 Si

2313 2769 2508 2820 autem
2537 2779 2678 2833 grex
2709 2779 2862 2817 unus
2893 2767 3002 2827 est,
3036 2764 3335 2833 quomodo
3370 2766 3547 2834 potest
3562 2763 3710 2856 Agregi
3730 2759 3855 2813 adnu-
3969 2759 3975 2856 ι

2315 2852 2524 2908 merari
2561 2852 2662 2922 qui
2694 2852 2751 2905 in
2787 2867 3031 2906 numero
3063 2851 3263 2922 gregis
3305 2867 3419 2905 non
3451 2849 3586 2904 est?
3614 2855 3700 2904 aut
3726 2853 3856 2918 pastor

2316 2941 2516 2996 haberi
2551 2940 2848 3012 quomodo
2875 2944 3065 3011 potest
3089 2939 3210 3008 qui,
3243 2944 3513 2994 manente
3538 2953 3656 2992 vero
3683 2940 3856 3007 pastore,

2316 3033 2373 3085 et
2404 3029 2460 3083 in
2495 3027 2749 3083 Ecclesia
2783 3027 2877 3082 Dei
2923 3027 3129 3083 1142
3178 3025 3543 3082 ordinatione
3589 3024 3858 3080 succedanea

2320 3117 2427 3188 (23)
2461 3116 2823 3188 prsesidente,
2858 3115 3077 3170 nemini
3111 3116 3459 3185 succedens,
3491 3119 3544 3170 et
3570 3131 3601 3170 a
3627 3130 3678 3168 se
3719 3113 3808 3183 ipso
3838 3108 3862 3138 ⁷⁷

2315 3295 2475 3368 pacis
2505 3294 2616 3364 (25)
2647 3309 2714 3348 ac
2729 3291 2936 3348 divinas
2960 3292 3206 3348 unitatis
3223 3292 3524 3362 inimicus,
3549 3308 3656 3346 non
3671 3289 3861 3344 habitans

2948 3535 2987 3568 ⁷¹
3012 3533 3243 3591 Clarius
3273 3539 3332 3590 et
3367 3534 3729 3590 manifestium
3755 3531 3857 3588 Lam.

2430 3617 2474 3650 ⁷³
2508 3615 2621 3670 Nec
2665 3613 2974 3686 episcopus
3014 3614 3350 3685 computari
3391 3620 3572 3686 potest
3601 3614 3706 3668 Lis.
3757 3610 3859 3664 Εὺον.

2395 4029 2666 4104 cyprini
2699 4029 2923 4104 Similes.
2943 4029 3122 4104 ιοορε.
3153 4030 3319 4104 Idem
3335 4032 3407 4104 ad
3429 4021 3864 4104 eumdemseqqepi
3969 4095 3971 4100 I

2332 4101 2511 4157 stola:
2575 4103 2638 4156 Si
2694 4103 2816 4172 quis
2886 4101 3124 4172 (inquit)
3175 4102 3444 4158 cathedra:
3494 4103 3637 4156 Petri
3671 4101 3861 4172 {summa
3969 4135 3971 4140 ι

2321 4189 2472 4228 meus
2500 4178 2600 4228 est.
2639 4168 2732 4228 Sic
2789 4171 2833 4226 D
2884 4168 3034 4244 Aug.
3092 4168 3289 4229 contra
3349 4173 3622 4244 epistolam
3676 4168 3861 4244 Fundani.

2323 4261 2374 4299 c.
2408 4245 2478 4311 li;
2514 4245 2675 4298 Tenet
2705 4259 2810 4306 me,
2872 4233 3082 4315 inquit,
3140 4246 3202 4298 in
3261 4233 3502 4300 Ecclesia
3555 4244 3616 4298 ab
3663 4233 3863 4315 ipsased!

2321 4308 2561 4386 apostoli
2606 4316 2759 4388 Petri
2784 4315 2856 4388 ad
2892 4308 3195 4388 prr'cseutem
3226 4318 3587 4388 episcopatum
3614 4308 3861 4388 sacerdotii!

2319 4379 2609 4458 successio.
2631 4385 2725 4440 Sic
2747 4379 2906 4441 idem.
2923 4387 2987 4458 in
3015 4379 3282 4442 Psalmos
3300 4379 3489 4443 contra
3505 4389 3700 4458 partem

2320 4463 2377 4513 et
2407 4455 2654 4529 epistola
2682 4457 2809 4529 165,
2842 4473 2908 4512 ac
2958 4457 3205 4529 Optatus
3239 4457 3474 4514 Milevit.
3506 4455 3692 4529 contra
3737 4457 3858 4529 Pam-

2321 4529 2358 4582 l.
2394 4525 2457 4597 ιι,
2492 4527 2820 4583 Donatistae
2851 4525 3200 4583 convincunt
3227 4530 3495 4585 doctrina
3531 4525 3855 4597 continuom-

2318 4594 2523 4654 dita'in
2557 4598 3082 4672 EcclesiaRomana
3129 4617 3232 4672 per
3272 4601 3583 4672 legitimam
3613 4594 3858 4672 pontiﬁcatu

2319 4669 2776 4742 successionem,
2829 4676 2888 4726 et
2965 4666 3169 4726 eodem
3219 4666 3556 4742 argumento
3600 4666 3704 4723 sua
3737 4666 3858 4742 atatis

2323 4741 2626 4797 hereticos
2656 4730 3030 4814 impugnant,
3055 4730 3407 4814 praesertim“
3441 4743 3536 4814 lib.
3594 4757 3667 4814 ιιι,
3695 4752 3791 4806 cap.
3820 4730 3858 4814 .3-

2319 4817 2668 4884 Irenaaus,et
2697 4811 2890 4884 ipsum
2925 4811 3170 4869 imitatis
3190 4812 3437 4884 Tertull.
3456 4813 3550 4868 lib.
3577 4811 3859 4884 detft-astrif-

562 4879 882 4945 succedens
914 4905 948 4944 a
972 4888 1165 4958 seipse
1203 4891 1366 4958 ortus
1395 4889 1504 4938 est.
1556 4881 1782 4958 Similia
1811 4879 1973 4938 'dixit
2006 4901 2208 4958 supra
2239 4892 2284 4958 ι)
2315 4883 2576 4940 adversus
2639 4879 2918 4941 haereticos
2976 4901 3040 4940 ac
3099 4884 3380 4957 Origenes
3427 4883 3524 4938 lib.
3573 4900 3585 4937 ι
3633 4879 3858 4958 feriare!)-

561 4959 809 5031 epistola
837 4959 906 5014 ad
937 4953 1528 5036 Antonianum._Atque
1559 4953 1697 5036 hinc
1728 4961 1836 5020 est,
1867 4955 2022 5036 quod
2075 4953 2206 5036 aliis

567 5025 802 5102 quoque
838 5036 1062 5086 veteres
1109 5029 1272 5102 illam
1323 5025 1840 5102 judicarunt__esse
1891 5025 2210 5102 Ecciesiam

565 5096 936 5168 catholicam,
969 5105 1028 5158 in
1063 5117 1178 5172 qua
1207 5096 1504 5172 Romanus
1551 5096 1829 5172 pontifex_
1856 5097 2206 5172 praesideret.

567 5174 686 5239 Sic,
738 5178 884 5228 teste
943 5175 1006 5230 D.
1069 5169 1405 5233 Ambrosio,
1458 5172 1616 5224 Orat.
1673 5169 1915 5240 fuurbri.
1967 5169 2210 5240 Satyrus

565 5246 694 5315 ejus
754 5245 930 5300 frater
975 5241 1474 5319 percunctabatur
1509 5239 1900 5319 ab‘episcopo
1931 5239 2206 5319 quodam,

567 5308 906 5372 utrumnam
926 5308 1059 5373 eum
1105 5312 1396 5388 episcopis
1435 5308 1771 5388 catholicis,
1812 5308 1870 5365 id
1927 5308 2210 5388 aeneum

565 5391 826 5444 Romana
858 5389 1110 5445 Ecclesia
1135 5381 1494 5443 conveniret.
1516 5381 1605 5436 Sic
1625 5385 1686 5454 D.
1708 5381 1938 5437 Hieron.
1964 5382 2211 5454 epistola

561 5459 635 5514 ad
666 5464 990 5526 Damasum,
1015 5461 1232 5516 fontem
1264 5455 1560 5526 signatum
1592 5457 1647 5506 et
1675 5453 1909 5526 hortum
1943 5453 2210 5510 Ecclesiae

565 5530 906 5586 conclusum
942 5525 1000 5587 in
1051 5531 1200 5587 Petri
1227 5525 1505 5583 cathedra
1533 5539 1660 5577 esse
1703 5525 1890 5590 docet,
1941 5531 1999 5580 et
2048 5530 2209 5580 extra

566 5619 693 5657 eam
718 5603 1031 5659 Ecclesiam
1096 5603 1192 5674 qui
1244 5613 1461 5674 agnum
1512 5596 1844 5674 comederit,
1899 5598 2204 5674 profanum

567 5690 730 5747 esse;
765 5675 814 5729 si
846 5676 1073 5747 quisiin
1092 5666 1205 5747 illa
1232 5666 1351 5747 iiii
1370 5670 1428 5722 in
1481 5666 1813 5747 arca.N_oe_,.
1838 5666 1950 5747 non
1975 5738 1989 5747 _
2011 5668 2209 5747 fuerit,

565 5735 894 5818 periturum
925 5745 1166 5812 diluvio,
1198 5739 1466 5799 alludens
1487 5735 1644 5793 haud
1675 5737 1852 5795 dubie
1872 5739 1942 5796 ad
1975 5738 2133 5796 hunc
2152 5735 2208 5796 et

2390 5025 2503 5096 (23)
2527 5026 2895 5082 Succedanea.
2953 5031 3138 5081 Antea
3159 5026 3294 5082 istic
3325 5025 3597 5095 scriptum
3622 4953 3857 5078 eli-mlas-

2319 5096 2520 5152 danea.
2538 5098 2687 5177 .Qua:
2717 5097 2885 5180 lectio
2907 5103 2995 5153 est
3015 5097 3388 5180 optimaqsed
3402 5097 3536 5178 quia
3549 5109 3611 5150 ea
3632 5095 3856 5180 quamfﬁ’

2320 5158 2692 5240 reposuimus
2735 5169 2956 5240 optima
2985 5158 3161 5224 etiam
3193 5172 3284 5224 est
3313 5173 3369 5222 et
3416 5158 3472 5221 in
3502 5158 3738 5240 omnibus
3769 5158 3854 5240 fers

2321 5226 2485 5294 libris
2534 5226 2824 5296 veteribus
2873 5240 3178 5306 reperitur,
3239 5255 3368 5295 eam
3413 5238 3641 5293 retinere
3688 5226 3855 5306 placgit

2320 5309 2482 5393 Unus
2513 5325 2680 5366 meus
2719 5316 2885 5368 vetus
2915 5297 3108 5368 habet
3165 5297 3445 5367 mendose
3496 5297 3725 5365 succidua
3757 5297 3858 5356 alin!

2318 5384 2630 5437 subitanea.
3968 5435 3969 5444 η

2393 5454 2498 5520 (24)
2532 5453 2756 5508 Alienus
2781 5454 2862 5525 ﬁt.
2905 5453 3056 5525 Citat
3113 5454 3267 5509 hunc
3327 5452 3508 5508 locum
3564 5440 3858 5525 sanctus}?

2319 5516 2592 5598 gustinus
2649 5525 2750 5580 lib.
2781 5516 2877 5579 'vn
2954 5524 3018 5580 de
3070 5527 3342 5598 Baptismo
3404 5528 3582 5579 contra
3631 5516 3858 5572 Donatistat

2319 5596 2856 5740 ῗᾶῗέδῗοίθοηιίπίεέθ
2906 5670 3096 5740 pacis:
3177 5667 3368 5722 Codex
3420 5661 3594 5720 sancti
3640 5644 3857 5722 Amulphi

2318 5735 2494 5794 habet
2518 5739 2812 5809 passionis.
