2049 3089
107 178 182 208 1189

602 175 703 206 PARS
726 174 751 204 Ῑ.
767 190 807 197 -
825 175 1078 207 MONUMENTA
1098 175 1301 206 VETERUM.

1566 39 1758 131 WE

1726 179 1804 210 1190

105 244 133 271 in
149 243 236 272 domo
250 242 316 276 Det,
332 242 360 269 id
376 244 432 276 est,
447 242 477 270 in
493 242 620 270 Ecclesia
644 243 704 276 Dei,
730 243 760 270 in
785 250 844 278 qua
867 250 924 270 non
940 243 967 276 Α
981 241 1100 269 Nabath.
1118 242 1154 276 (II
1182 233 1343 279 Βαφῷἵξυ,
1364 224 1418 276 '20,
1447 242 1503 277 21).
1533 243 1636 271 1143
1666 243 1803 279 Indigna-

106 288 161 316 nisi
174 287 334 316 concordes
350 290 438 323 atque
453 287 607 315 unanimes
621 287 765 320 habitant,
789 287 927 323 loquente

104 333 133 360 in
149 331 277 359 Psalmis
301 331 412 367 Spiritu
438 334 539 359 sancto
563 333 591 359 et
615 331 752 360 dicente:
781 332 851 359 Deus
879 332 928 367 qui

105 377 268 405 inhabitare
279 377 349 411 facit
369 377 515 403 unanimes
533 377 565 403 in
588 375 664 403 doma
686 376 772 411 (Psal.
790 384 874 410 van,
887 376 925 409 6).

140 421 176 448 VI
193 420 323 455 Denique
339 420 564 447 unanimitatem
581 420 778 448 Christianam
806 421 892 448 ﬁrma
906 420 928 438 ⁷⁸

105 466 161 493 sibi
177 468 264 501 atque
280 464 468 500 inseparabili
493 464 633 492 charitate
656 473 815 492 connexam
840 465 928 492 etiam

105 510 170 545 ipsa
182 509 334 537 Dominica
344 508 547 544 sacrificia(26)
557 508 715 536 declarant.
725 511 799 536 Nam
810 509 928 545 quando

104 554 248 582 Dominus
275 561 381 589 corpus
406 561 494 580 suum
520 560 625 588 panem
653 555 736 581 vocat
759 554 795 581 de
821 553 928 581 multo-

104 607 170 626 rum
194 606 352 634 granorum
378 597 556 625 adunatioue
580 600 764 633 congestum,
786 597 928 634 populum

103 645 240 670 nostrum
264 650 352 678 quem
377 642 511 677 portabat
534 642 644 669 indicat
682 642 868 675 adunatum;
900 644 928 669 et

104 687 225 723 quando
240 686 412 722 sanguinem
429 694 516 713 suum
531 685 633 714 vinum
647 686 774 722 appellat
788 687 823 714 de
838 686 929 714 botris

105 734 194 766 atque
205 731 296 758 acinis
306 731 361 766 (37)
372 730 505 766 plurimis
516 738 686 766 expressum
698 732 785 766 atque
796 731 825 758 in
837 739 929 758 unum

106 778 254 808 coactum,
270 783 387 811 gregem
403 775 473 802 item
489 777 623 802 nostrum
640 775 786 811 significat
809 775 930 802 commi-

105 820 201 848 stione
216 820 351 847 adunataa
367 818 565 846 multitudinis
584 818 764 854 copulatum.
790 818 821 846 Si
835 821 930 846 Nova-

104 865 206 892 tianus
222 863 290 891 huic
307 864 373 899 pani
390 863 539 891 Dominico
555 863 704 890 adunatus
717 865 771 897 est,
783 863 806 890 si
822 862 929 891 Christi

105 908 216 944 populo
231 910 259 935 et
273 908 336 943 ipse
351 907 523 935 commistus
538 908 702 942 est,poterit
716 907 806 935 videri
821 910 850 935 et
864 907 929 935 uni-

105 953 132 980 ci
151 952 339 980 ecclesiastici
356 951 494 986 baptismi
517 952 624 979 habere
639 952 764 987 gratiam
788 959 885 987 posse,
905 951 930 979 ei

106 1005 177 1024 eum
193 996 355 1024 constiterit
370 996 504 1023 Ecclesite
518 996 662 1023 unitatem
677 998 784 1023 tenere.
802 996 931 1032 Denique

107 1049 200 1077 quam
223 1040 262 1068 sit
286 1039 479 1076 inseparabile
505 1040 627 1067 unitatis
656 1042 883 1074 sacramentum,
905 1042 933 1067 et

107 1094 201 1121 quam
217 1085 279 1112 sine
291 1093 342 1120 spe
357 1084 416 1111 sint
431 1086 459 1112 et
474 1083 666 1120 perditionem
692 1084 747 1111 sibi
773 1084 932 1112 maximam

108 1130 148 1156 de
169 1129 368 1165 indignatione
393 1128 442 1156 Dei
469 1128 622 1163 acquirunt
657 1129 706 1164 qui
734 1129 863 1156 schisma
890 1129 931 1155 fa-

107 1173 203 1205 ciunt,
220 1175 248 1200 et
258 1172 358 1200 relicto
372 1172 517 1208 episcopo,
534 1172 625 1199 alium
641 1172 697 1199 sibi
722 1172 791 1200 foris
808 1174 932 1208 pseudo-

108 1218 281 1252 episcopum
298 1216 490 1251 constituunt,
515 1217 643 1244 declarat
666 1216 695 1243 in
712 1217 794 1245 libris
819 1217 932 1253 Regno-

107 1270 177 1288 rum
192 1260 343 1297 Scriptura
358 1261 466 1294 divina,
479 1261 529 1288 ubi
547 1270 564 1288 a
578 1261 673 1288 tribus
687 1261 764 1289 Juda
785 1263 813 1289 et
827 1261 931 1297 Benja-

106 1306 170 1332 min
187 1305 285 1332 decem
300 1305 397 1332 tribus
410 1305 508 1333 scissae
525 1307 635 1338 sunt,et
645 1305 746 1333 relicto
757 1313 823 1341 rege
834 1314 887 1334 suo
898 1306 930 1340 7°,

104 1350 233 1377 alterum
250 1349 306 1376 sibi
318 1349 388 1376 l'oris
404 1350 621 1377 constituerunt
636 1357 643 1376 :
659 1350 691 1376 El
714 1350 879 1384 indignatus
894 1354 933 1377 est

106 1394 352 1429 inquit.Dominus
368 1395 398 1420 in
410 1394 487 1421 omni
498 1395 602 1421 semine
612 1393 634 1411 ³ο
647 1394 771 1427 lsrael,el
786 1394 899 1422 dimovit
908 1395 930 1412 ⁸¹

103 1446 161 1472 eos,
177 1442 201 1465 et
213 1438 290 1465 dedit
304 1446 346 1466 eos
360 1439 390 1465 in
405 1439 591 1473 direptionem
616 1437 699 1465 donec
726 1438 856 1473 abjicerel
876 1438 930 1473 (28)

104 1490 152 1510 eos
167 1490 184 1509 α
205 1483 278 1517 [acie
300 1491 362 1515 sua,
388 1483 453 1517 quia
475 1482 629 1517 dissipatus
653 1485 693 1509 est
710 1481 799 1509 Israel
822 1491 839 1509 a
854 1482 931 1510 domo

108 1526 207 1562 David,
224 1529 250 1554 et
263 1528 462 1554 constituerunt
475 1526 529 1554 sibi
547 1534 637 1561 regem
660 1526 820 1553 Hieroboam
842 1527 933 1561 ﬁlium

980 288 1044 313 tum
1060 294 1123 314 esse
1139 286 1293 313 Dominum
1311 286 1381 313 dicit
1397 286 1419 302 ⁸⁷
1446 289 1473 313 et
1487 295 1536 314 eos
1565 288 1594 314 in
1610 288 1802 322 perditionem

981 330 1097 358 dedisse
1116 331 1192 365 quod
1210 331 1244 358 ab
1263 331 1374 357 unitate
1398 331 1420 347 ⁸³
1445 330 1579 366 dissipati
1604 334 1702 359 essent
1717 335 1803 368 atque

981 374 1106 402 alterum
1122 376 1144 396 8"
1160 375 1214 402 sibi
1232 383 1328 411 regem
1344 375 1398 410 (29)
1416 375 1646 403 constituissent.
1670 377 1704 403 Et
1724 379 1804 404 tanta

982 419 1145 454 indignatio
1161 419 1273 446 Domini
1291 420 1401 446 exstitit
1416 420 1555 447 adversus
1572 420 1636 448 illos
1661 421 1710 456 qui
1726 422 1803 448 schi-

983 471 1047 490 sma
1062 463 1234 495 fecerant,ut
1249 465 1335 491 etiam
1344 472 1409 490 cum
1421 464 1508 491 homo
1524 464 1572 491 Dei
1585 465 1620 492 ad
1631 465 1802 493 Hieroboam

984 507 1094 535 missus
1108 510 1186 535 esset
1201 508 1248 542 qui
1265 508 1290 535 ei
1308 511 1425 542 peccata
1443 517 1495 535 sua
1506 510 1701 544 exprobraret,
1715 513 1803 545 atque

983 551 1123 580 ultionem
1141 553 1268 579 futuram
1285 553 1571 588 pradiceret,panem
1589 562 1702 589 quoque
1725 555 1801 590 apud

983 595 1048 623 illos
1063 596 1147 624 edere
1164 599 1191 624 et
1207 605 1312 632 aquam
1330 597 1428 624 bibere
1448 600 1603 625 vetaretur.
1630 599 1709 630 Quod
1736 607 1803 626 cum

983 649 1041 668 non
1056 641 1233 668 custodisset
1247 641 1272 668 ei
1289 644 1389 668 contra
1406 644 1580 676 praeceptum
1604 643 1650 669 Dei
1668 644 1804 678 prandis—

983 687 1027 712 set
1041 684 1108 721 (30),
1123 686 1221 712 statim
1239 685 1340 712 divina
1361 694 1489 713 censuras
1507 687 1660 721 majestate
1684 696 1803 722 percus-

983 737 1035 757 sus
1052 731 1105 763 est,
1129 732 1159 756 ut
1187 730 1254 756 inde
1280 730 1445 765 regrediens
1468 730 1579 765 impetu
1604 731 1625 747 ⁸⁵
1650 739 1682 758 ac
1703 740 1803 758 morsu

984 773 1077 801 leonis
1092 773 1120 800 in
1138 774 1239 801 itinere
1256 777 1416 801 necaretur.
1433 775 1465 801 Et
1480 775 1567 801 audet
1589 775 1743 810 quisquam
1760 776 1803 803 di-

984 825 1048 845 cere
1063 826 1169 853 aquam
1186 818 1324 853 baptismi
1339 818 1495 846 salutarem
1519 821 1547 845 et
1574 820 1696 854 gratiam
1719 820 1804 847 cccle—

985 867 1057 889 stem
1074 870 1258 889 communem
1276 872 1341 889 cum
1357 863 1553 890 schismaticis
1564 872 1627 891 esse
1638 872 1804 899 posse,cum

984 906 1093 941 quibus
1105 915 1157 933 nec
1173 907 1318 934 terrestris
1334 907 1415 934 cibus
1433 916 1484 934 nec
1500 908 1647 935 saecularis
1656 911 1741 943 potus
1758 910 1805 936 de-

985 951 1034 978 bet
1048 959 1113 978 esse
1128 951 1291 978 communis
1302 952 1314 978 ‘2
1331 952 1421 978 Satiat
1441 952 1461 968 ⁸⁵
1478 952 1571 979 adhuc
1589 953 1643 986 (31)
1657 953 1685 979 in
1714 953 1803 980 Evan-

986 994 1061 1031 gelio
1077 1003 1130 1023 suo
1146 996 1288 1022 Dominus
1304 999 1331 1022 et
1356 997 1495 1030 majorem
1521 996 1720 1032 intelligentiae
1751 998 1805 1033 (32)

986 1039 1082 1067 lucem
1097 1040 1264 1067 manifestat
1280 1041 1356 1075 quod
1372 1040 1458 1067 iidem
1475 1041 1524 1075 qui
1549 1049 1579 1068 se
1604 1044 1673 1068 tunc
1689 1051 1705 1068 a
1727 1042 1804 1069 tribu

985 1084 1062 1111 Juda
1076 1086 1105 1111 et
1125 1084 1274 1118 Beniamin
1301 1084 1456 1116 sciderunt,
1483 1087 1510 1111 et
1534 1085 1740 1120 Hierosolymis
1757 1086 1806 1112 de-

986 1128 1094 1155 relictis
1118 1128 1278 1154 Samariam
1300 1132 1490 1161 secesserant,
1519 1129 1593 1155 inter
1625 1130 1762 1164 profanos
1779 1132 1806 1157 et

986 1171 1109 1208 gentiles
1125 1175 1373 1207 computarentur.
1392 1173 1462 1200 Nam
1480 1181 1545 1199 cum
1574 1173 1702 1207 primum
1718 1173 1805 1200 disci-

986 1217 1071 1252 pulos
1086 1224 1155 1243 suos
1171 1216 1199 1242 in
1217 1216 1411 1243 ministerium
1423 1216 1528 1243 salutis
1547 1217 1806 1249 mitteret,manda-

987 1261 1026 1288 vit
1040 1263 1070 1288 et
1083 1261 1153 1287 dixit
1171 1269 1176 1287 ;
1194 1262 1223 1287 In
1238 1261 1309 1287 viam
1325 1262 1472 1288 nationum
1487 1261 1508 1278 3“
1523 1270 1558 1288 ne
1583 1262 1719 1295 abierilis,
1736 1265 1760 1289 et
1776 1263 1805 1289 in

985 1306 1124 1333 civitatem
1138 1306 1379 1332 Samaritanorum
1392 1314 1424 1332 ne
1440 1306 1610 1333 introierilis.
1629 1307 1668 1333 Ad
1686 1307 1805 1333 Judaios

987 1350 1066 1385 prius
1088 1349 1110 1366 ⁸⁸
1134 1349 1262 1381 mittens,
1289 1349 1412 1384 gentiles
1437 1350 1532 1376 adhuc
1560 1350 1805 1386 przeteririjubet.

985 1393 1125 1421 Addendo
1142 1396 1238 1420 autem
1256 1396 1283 1420 et
1314 1394 1459 1420 civitatem
1491 1394 1740 1421 Samaritanorum
1772 1395 1807 1421 de

987 1438 1054 1465 bere
1082 1438 1187 1470 omitti,
1207 1438 1254 1464 ubi
1271 1440 1353 1465 erant
1366 1438 1557 1471 schismntici,
1584 1439 1710 1466 ostendit
1734 1439 1809 1465 schi-

986 1481 1126 1509 smaticos
1142 1481 1300 1516 gentilibus
1317 1482 1474 1517 adaquari.

1021 1525 1081 1553 VII.
1098 1526 1158 1559 Qod
1177 1526 1200 1552 si
1218 1525 1323 1561 aliquis
1344 1526 1415 1553 illud
1432 1527 1552 1562 opponit
1577 1529 1608 1553 ut
1633 1527 1709 1554 dicat
1731 1535 1810 1554 eam—

816 1576 917 1606 Varies
949 1575 1109 1605 lectiones.

148 1624 171 1641 ⁷⁸
185 1624 382 1651 Christianam
402 1624 517 1651 ﬁrmam
537 1623 602 1651 Bod.
625 1623 652 1650 2.
676 1624 753 1659 Lam.
777 1623 856 1651 Ebor.
882 1624 964 1659 NCJ,
987 1624 1014 1651 3.
1040 1623 1100 1659 Lin.

109 1660 135 1677 ⁸ο
150 1659 182 1686 In
198 1661 276 1687 omni
300 1660 411 1687 semine
435 1659 502 1687 Bod.
528 1658 554 1691 1,
577 1660 605 1686 2.
625 1659 687 1687 Lin.
712 1658 767 1687 ΝΕ.
791 1660 816 1686 1.
842 1661 927 1687 Ebor.

1005 1658 1156 1686 Demolivit
1181 1660 1241 1685 Lin.
1268 1659 1319 1686 ΝΟ.
1345 1661 1371 1686 2.

1152 1624 1173 1643 ⁷⁹
1200 1623 1307 1650 Relicto
1332 1632 1398 1659 rege
1418 1632 1471 1651 suo
1497 1627 1571 1651 Lam.
1599 1624 1663 1651 Bod.
1691 1626 1716 1651 3.
1745 1626 1809 1653 Lin.

1410 1661 1432 1676 ⁸²
1457 1660 1611 1686 Dominum
1638 1660 1709 1687 dixit
1733 1661 1810 1687 Lam.

107 1695 191 1722 Ebor.
207 1696 269 1722 Lin.
285 1695 340 1723 NG.
359 1696 384 1722 1.
405 1698 431 1722 2.
470 1694 654 1729 “Quotquot
678 1694 714 1721 ab
738 1695 861 1722 unitate.
887 1696 963 1722 Lam.
981 1694 1050 1722 Bod.
1076 1694 1093 1720 2
1117 1695 1202 1721 [ι’ὸον.
1230 1694 1282 1721 NG.
1314 1695 1339 1721 1.
1377 1695 1400 1711 ⁸⁵
1427 1695 1480 1722 Sic.
1512 1696 1590 1722 Lam.
1617 1696 1715 1723 Bened.
1747 1697 1808 1723 Lin.

108 1731 177 1759 Bod.
194 1732 219 1758 1.
235 1732 262 1758 2.
278 1731 358 1759 Ebor.
374 1731 427 1758 NG.
444 1730 470 1763 l,
488 1729 657 1758 Adulteram
683 1730 744 1764 Big.

796 1730 818 1747 "
834 1730 1011 1767 Regrediens
1037 1730 1223 1767 morsumBod.
1246 1731 1271 1767 1ζ

1323 1731 1344 1747 ⁸⁸
1359 1730 1413 1757 Sic.
1440 1731 1503 1758 Bod.
1531 1732 1555 1764 1,
1575 1732 1601 1757 2.
1628 1732 1703 1758 Lam.
1731 1732 1810 1758 Ebor.

106 1766 165 1795 ΝΟ.
183 1766 207 1802 1,
223 1767 249 1793 2.
266 1767 326 1794 Lin.
345 1767 443 1794 Sonat.
461 1766 547 1794 Oxon.
585 1765 608 1783 ⁸9
623 1765 654 1793 In
670 1766 745 1793 viam
761 1765 893 1802 gentium
907 1766 973 1794 Bod.
989 1766 1016 1793 2.
1034 1766 1109 1792 Lam.
1127 1765 1205 1792 Ebor.
1228 1766 1281 1793 NG.
1296 1765 1322 1793 1.
1361 1766 1382 1782 ⁸⁸
1400 1767 1441 1793 Ad
1457 1767 1573 1794 Judzsos
1598 1766 1724 1802 primum
1752 1767 1806 1795 ΝΟ.

108 1803 123 1829 1
131 1823 137 1828 .
155 1801 235 1830 Ebor.

783 1837 893 1868 Stenh.
910 1837 1028 1868 Baluzii
1044 1839 1138 1866 uotae.

783 1847 836 1867 me
861 1847 893 1867 n.
910 1847 1028 1868 natuzu
1044 1847 1138 1866 noue.

147 1885 202 1921 (26)
218 1886 360 1913 Dominica
373 1886 521 1921 sacriﬁcia.
537 1885 600 1913 Duo
615 1885 680 1912 libri
706 1887 818 1914 veteres
834 1847 935 1921 ξτωΐθ-
951 1887 973 1920 C
992 1885 1062 1921 bent
1077 1892 1157 1920 quem
1173 1885 1252 1921 jussit
1267 1885 1355 1912 Zenon
1377 1886 1538 1921 imperatori
1559 1886 1662 1921 expelli
1684 1890 1815 1921 tanquam

108 1923 182 1948 runt
196 1926 377 1949 sacramenta.

149 1958 204 1991 (27)
221 1958 310 1984 Botris
331 1959 411 1993 atque
433 1957 533 1984 acinis.
557 1955 650 1983 Codex
661 1956 765 1993 sancti
789 1956 937 1992 Arnulphi

111 1993 207 2020 botrui
214 2000 225 2023 ;
240 1991 477 2027 Fuxensis,botris
488 1994 567 2027 atque
581 1991 937 2026 uvis.Corbeiensis,bolris

110 2032 195 2063 atque
210 2029 336 2056 racemis.
353 2028 440 2056 Vetus
457 2027 657 2063 Remigianus,
680 2027 765 2055 bolris
788 2028 938 2056 unionibus

110 2068 195 2099 atque
209 2065 308 2099 acinis,
324 2064 373 2092 ubi
404 2063 537 2091 fortassis
552 2063 708 2099 legendum
734 2066 812 2091 esset
839 2065 938 2092 bolrio-

111 2098 197 2135 nibus
210 2101 291 2135 atque
301 2098 394 2128 acinis
407 2102 480 2127 Nam
496 2098 638 2126 Martialis
657 2098 707 2125 lib.
724 2107 764 2134 xi,
794 2099 937 2135 epigram,

110 2134 159 2168 28,
178 2134 251 2162 dixit
267 2144 273 2163 :
291 2135 342 2163 Nec
352 2136 465 2170 dignum
478 2136 532 2163 toto
547 2136 573 2161 te
587 2134 717 2170 botryone
730 2134 831 2170 putati;
846 2134 937 2163 Palla-

111 2170 183 2198 dius
197 2170 285 2198 etiam
301 2171 353 2199 lib.
370 2180 401 2205 ιι,
421 2172 454 2199 de
478 2171 515 2198 Re
535 2170 657 2206 rustica,
675 2178 727 2206 cep
759 2171 813 2205 33;
829 2170 892 2199 lib:
909 2180 937 2206 x,

111 2206 350 2247 cap..17..et.lib.
365 2215 416 2247 xxi,
442 2215 504 2247 cap.
531 2206 585 2247 12,"
601 2205 673 2247 dixit
689 2205 937 2247 _bolryones._Pru~

111 2240 230 2278 dentius
246 2242 275 2269 in
290 2240 504 2278 hamartigenia
526 2240 630 2278 vallem
651 2240 791 2278 botryonis
813 2243 937 2278 opinam.

112 2277 277 2313 Ludovicus
292 2276 634 2312 Caecilius—Rhodiginus,
650 2276 702 2304 lib.
727 2285 778 2310 νη,
799 2276 862 2313 cap.
879 2279 913 2305 45
930 2286 937 2305 ;

113 2312 236 2346 Quidam
248 2313 339 2341 dictus
352 2314 529 2349 philobotryz
548 2316 598 2346 est,
614 2313 744 2347 quoniam
766 2312 938 2350 uvis’affice-

112 2353 191 2376 retur
205 2349 360 2384 insigniter.

152 2384 207 2419 (28)
224 2383 364 2417 Abite-cret.
382 2384 463 2412 Unus
479 2383 553 2411 liber
568 2390 651 2419 merus
675 2384 758 2411 vetus
773 2383 860 2411 habet
875 2384 938 2412 abi-

113 2418 203 2455 geret;
219 2420 265 2447 Sic
282 2421 368 2448 etiam
387 2420 416 2447 in
434 2418 713 2455 Gratianopolitano.

154 2456 208 2491 (29)
223 2456 348 2483 Alterum
363 2457 418 2483 sibi
432 2463 533 2491 regem.
550 2454 666 2491 Septem
683 2454 748 2491 libri
772 2456 883 2482 veteres
911 2456 940 2481 et

116 2491 245 2526 antiquae
256 2492 399 2519 editiones
409 2490 831 2519 habentadullerum.Erasmus
842 2498 939 2518 emen-

115 2525 206 2553 davit.
230 2527 472 2555 Emendationem
499 2525 611 2553 Erasmi
638 2526 812 2553 conﬁrmant
836 2534 939 2553 novem

992 1920 1153 1948 hxreticum
1172 1922 1197 1947 et
1213 1920 1379 1953 adulterum,
1403 1920 1513 1950 veteres
1539 1920 1652 1950 codices
1682 1920 1813 1949 Ecclesia:

991 1955 1205 1984 Bellovacensis
1238 1958 1266 1983 et
1303 1958 1472 1985 monasterii
1493 1957 1676 1985 Corbeiensis
1706 1957 1815 1984 habent

991 1993 1120 2025 alterum,
1137 1993 1213 2018 certo
1230 1999 1334 2019 errore.

1028 2027 1083 2062 (30)
1103 2027 1271 2054 Prandzsset.
1290 2028 1375 2063 lianc
1401 2028 1553 2055 lectionem
1583 2027 1740 2063 praeferunt
1763 2027 1814 2054 ali—

992 2065 1064 2098 quot
1078 2064 1175 2089 vetera
1186 2062 1369 2098 exemplaria.
1382 2064 1444 2091 Alia
1460 2064 1569 2091 habent
1578 2062 1814 2099 plausisselAr/ide

993 2106 1055 2135 quis
1071 2106 1088 2125 a
1104 2098 1187 2135 nobis
1203 2099 1354 2126 observata
1369 2103 1438 2126 sunt
1453 2100 1487 2127 ad
1505 2098 1587 2135 gesta
1603 2098 1715 2126 concilii
1733 2098 1816 2126 Chal-

992 2134 1174 2166 cedonensis,
1193 2142 1257 2169 pag.
1275 2134 1353 2162 1051.

1029 2169 1085 2205 (31)
1101 2169 1199 2196 Satial.
1216 2169 1383 2197 Necessario
1400 2169 1600 2197 revocavimus
1626 2169 1702 2196 hanc
1717 2169 1816 2196 lectio-

994 2213 1071 2238 nem,
1089 2205 1158 2241 quia
1178 2208 1270 2232 exstat
1287 2206 1314 2232 in
1332 2206 1468 2233 omnibus
1492 2205 1620 2241 antiquis
1637 2205 1816 2241 editionibus

993 2240 1065 2268 etin
1081 2240 1294 2277 xixrcodicibus
1312 2242 1531 2277 manuscriptis.
1560 2240 1706 2268 Pamelius
1722 2243 1817 2277 muta-

993 2276 1035 2303 vit
1052 2278 1081 2303 et
1095 2276 1185 2304 edidit
1196 2278 1273 2303 sonat
1298 2285 1330 2303 ex
1354 2277 1410 2304 ﬁde
1431 2276 1539 2304 codicis
1562 2276 1815 2304 Camberonensis.

993 2311 1040 2348 Ait
1054 2314 1149 2339 autem
1166 2320 1264 2338 vocem
1280 2313 1373 2344 satiat,
1391 2322 1454 2348 quae
1470 2313 1595 2340 habetur
1620 2312 1648 2338 in
1664 2312 1729 2339 aliis
1741 2311 1819 2339 codi-

994 2347 1088 2383 cibus,
1104 2355 1168 2374 esse
1184 2350 1361 2382 corruptam.
1386 2347 1415 2375 In
1433 2358 1490 2376 uno
1521 2356 1583 2375 meo
1610 2347 1716 2383 legitur
1745 2349 1818 2383 favet

994 2382 1083 2410 Satiat
1100 2383 1165 2419 istic
1181 2382 1326 2419 signiﬁcat
1343 2384 1463 2419 probare
1479 2393 1512 2412 ex
1539 2382 1721 2411 abundantia
1738 2383 1817 2418 quod

994 2421 1079 2455 antea
1093 2418 1204 2455 dictum
1221 2418 1285 2453 fuit,
1301 2419 1377 2446 sicut
1394 2420 1506 2447 Plinius
1521 2419 1572 2447 lib.
1595 2428 1622 2454 ν,
1640 2428 1703 2455 cap.
1719 2418 1820 2451 9,dicit

994 2454 1097 2490 Nilum,
1109 2454 1270 2481 increscere
1286 2458 1371 2490 prout
1382 2464 1398 2482 a
1415 2456 1591 2483 Mauritania
1603 2454 1684 2482 nives
1696 2455 1819 2490 imbres-

994 2497 1028 2517 ve
1043 2489 1222 2521 satiaverint,
1239 2490 1266 2516 id
1285 2492 1329 2517 est
1342 2491 1566 2519 abundaverint.
1584 2491 1617 2517 Et
1629 2489 1819 2517 Tertullanus

995 2525 1024 2565 in
1040 2524 1182 2565 Scorpiacc
1197 2526 1237 2565 ait
1252 2526 1329 2561 quod
1347 2527 1370 2554 si
1387 2528 1500 2565 scorpio
1525 2527 1636 2565 plagam
1660 2525 1818 2565 satiaverit,

115 2561 184 2602 libri
211 2565 331 2602 veteres,
355 2562 511 2602 in__primis
530 2570 610 2602 _vero_
620 2560 838 2602 Seguieramus.
864 2561 939 2589 Con-
954 2570 979 2602 Ι)
994 2560 1087 2602 idest
1101 2569 1187 2588 omne
1203 2560 1282 2588 virus
1294 2570 1380 2589 suum
1407 2563 1436 2590 in
1454 2560 1530 2602 eam
1547 2561 1690 2602 eti'uderit,
1717 2560 1819 2587 statim

115 2597 238 2625 ﬁrmant
259 2599 348 2627 etiam
372 2596 452 2626 illam
478 2597 566 2625 verba
591 2596 724 2632 Cypriani
748 2596 834 2632 paulo
861 2600 939 2631 ante,

114 2637 143 2660 et
159 2634 253 2670 relicto
268 2643 330 2670 rege
352 2635 471 2662 alterum
498 2633 552 2670 sibi
574 2632 649 2670 foris
664 2633 885 2670 _conslituerunt.
904 2634 938 2660 Et

114 2671 216 2705 tamen
232 2667 378 2698 Pam'elius
393 2670 474 2705 sequi
491 2667 599 2705 maluit»
614 2667 791 2705 scripturam
807 2672 937 2705 veterum

112 2704 287 2733 editionum.
314 2703 478 2734 Pamelium
508 2703 600 2732 secuti
638 2706 708 2731 sunt
737 2703 881 2739 Rigaltius
911 2706 939 2732 et

114 2740 304 2783 Re‘inhartus.
321 2742 407 2783 Angli
422 2743 499 2783 recte
525 2741 720 2775 reposuerunt
742 2739 940 2783 αυξτ-κῃ...βί-

112 2775 193 2804 milis
208 2785 287 2805 error
297 2775 445 2805 admissus
456 2777 484 2804 in
495 2783 607 2804 canone
629 2783 705 2803 nono
717 2775 831 2802 concilii
847 2775 940 2803 Elibe—

111 2811 201 2839 ritani
213 2814 385 2841 emendatus
401 2822 418 2840 a
434 2812 518 2840 nobis
534 2813 578 2839 est
592 2811 627 2838 ad
646 2810 823 2847 Reginonem
840 2811 889 2838 lib.
908 2819 938 2844 ιι,

112 2855 179 2885 cap.
215 2849 273 2885 103,
353 2848 516 2885 Disciplinis
546 2847 748 2885 ecclesiasticis.
781 2848 896 2885 Cout_ra_
909 2847 940 2874 in

114 2881 211 2919 capite
226 2881 270 2917 t7;
288 2881 492 2920 Liberati,'pro
505 2891 537 2911 eo
553 2882 631 2918 quod
641 2882 782 2910 editiones
797 2883 873 2910 recte
888 2881 940 2910 ha-

994 2596 1134 2631 pristinos
1150 2605 1255 2623 sensus
1271 2600 1475 2632 rctorpescere.
1494 2599 1523 2625 In
1546 2597 1680 2625 eumdem
1698 2603 1819 2623 sensum

994 2632 1166 2668 Cyprianus,
1184 2632 1211 2658 in
1229 2632 1302 2659 libro
1318 2633 1350 2660 de
1363 2634 1448 2668 Opere
1476 2637 1501 2661 et
1525 2633 1718 2668 Eleemosynis,
1752 2639 1818 2668 pag.

994 2641 1166 2695 ugprianus,
1184 2641 1211 2658 in
1229 2641 1302 2659 noro
1318 2641 1350 2660 ae
1363 2641 1382 2661 υ
1403 2642 1448 2661 ere
1476 2641 1501 2661 et
1525 2641 1718 2668 eteemosynis,
1752 2641 1817 2668 pag.

992 2668 1009 2695 2
1027 2668 1054 2708 ξ),
1067 2668 1107 2695 ait
1116 2668 1334 2708 deprecationes
1348 2643 1426 2697 soiyas
1433 2678 1537 2705 parum
1549 2668 1817 2708 adimpetrandnm

993 2703 1087 2740 valere
1097 2703 1158 2740 nisi
1165 2704 1308 2740 factorum
1321 2707 1348 2731 et
1360 2703 1480 2740 operum
1488 2703 1654 2733 accessione
1663 2704 1819 2740 satientur.

993 2739 1124 2771 Ovidius,
1141 2739 1191 2765 lib.
1217 2747 1246 2765 IlI
1275 2739 1403 2767 Tristiuin
1433 2741 1467 2767 el.
1500 2750 1519 2774 ι,
1550 2740 1643 2767 dixit:
1667 2739 1733 2766 Cum
1757 2739 1821 2774 jam

993 2775 1136 2803 satiaverit
1153 2775 1234 2801 iram.

1031 2811 1085 2845 (32)
1101 2809 1231 2846 Blajorem
1253 2810 1478 2846 intelligentiam.
1495 2812 1589 2839 Codex
1610 2811 1703 2838 sancti
1719 2809 1823 2838 Arnul-

995 2846 1045 2882 phi
1059 2845 1165 2881 majore
1180 2844 1378 2881 intelligentiae
1394 2847 1464 2876 luce.
