2049 3089
110 156 185 186 1193

610 153 711 184 PARS
734 154 758 183 1.
775 169 814 175 —
828 153 1078 184 MONUMENTA
1100 153 1303 184 VETERUM.

1028 0 1140 27 Μετ’-ε
1146 0 1467 27 XT":itii-'viﬂW-Tté
1534 0 1559 26 Ῑῖ
1566 0 1597 27 ἐς
1610 2 1622 14 ἰ

983 10 984 14 η
1012 3 1063 22 ,ἱΤὙ
1070 3 1097 17 λνξ
1109 3 1140 6 "'
1150 3 1176 18 _"1
1194 3 1234 15 ff
1245 3 1252 6 ·

1024 20 1055 44 ,ηζνῄ
1071 24 1086 37 ε
1102 15 1138 37 [-ι
1151 31 1153 33 .
1167 23 1193 34 μδ
1218 19 1254 45 νβ.

1733 155 1813 184 119Δ

143 221 176 249 Χ.
193 221 260 253 Quae
276 228 344 257 ergo
360 220 437 255 apud
452 228 502 248 eos
530 220 637 247 merita
664 227 728 248 esse
748 219 824 247 circa
839 219 930 247 Deum
946 222 973 254 Α
989 222 1077 247 ctum.
1096 220 1669 256 DeniqueipsumChristumDominum‘
1681 222 1815 248 nostrum

110 268 234 303 possunt
248 265 354 301 quibus
370 263 514 300 supplicia
525 264 665 292 divinitus
678 264 845 300 irrogantur
855 264 930 291 ‘2Aut

110 311 255 347 quomodo
268 309 341 338 tales
353 309 518 344 justiticare
533 311 562 336 et
572 309 755 336 sanctificare
770 308 931 344 baptizatos

110 357 234 391 possunt
250 354 301 390 qui
315 354 415 381 hostes
436 353 621 380 sacerdotum
639 353 733 380 aliena
745 355 772 380 et
788 353 890 380 illicita
904 355 933 380 et

109 400 188 428 nullo
204 399 259 427 sibi
273 399 338 434 jure
353 405 491 425 concessa
516 405 659 433 usurpare
675 399 819 424 conantur
829 397 843 424 7
855 398 932 429 Quos

108 443 293 479 tamenipsos
306 451 364 470 non
372 442 515 469 miramur
526 449 577 477 pro
586 450 640 468 sua
655 441 797 477 pravitate
812 444 932 469 conten-

108 490 185 517 dere.
201 489 341 516 Asserant
356 486 434 514 cnim
463 493 581 514 necesse
596 488 641 513 est
652 487 660 503 ¹
678 485 787 521 singuli
798 486 809 502 ³
825 486 934 521 quique

109 533 187 569 quod
203 532 324 565 faciunt,
342 539 394 559 nec
409 530 522 563 volunt,
544 530 611 558 victi
632 529 715 558 facile
730 531 931 564 succumbere,

107 577 213 605 1146
227 575 361 612 quamvis
376 574 471 603 sciant
485 574 514 602 id
539 575 615 610 quod
637 574 749 602 faciunt
765 583 822 602 non
836 574 932 602 licere.

107 622 181 650 Illud
190 621 356 648 mirandum
363 622 407 647 est
416 619 437 653 ³,
449 619 508 647 imo
517 619 732 655 indignandum
739 619 837 655 potius
848 619 933 647 etdo-

107 666 240 699 lendum,
256 664 436 692 Christianos
445 663 628 691 antichristis
635 663 772 691 assistere
783 666 811 691 et
826 671 934 699 praeva-

109 711 249 738 ricatores
257 708 325 736 fidei
336 710 423 744 atque
431 708 564 735 Ecclesiae
573 708 736 743 proditores
746 707 860 736 intusin
870 708 936 743 ipsa

108 754 257 783 Ecclesia‘
273 754 326 789 (38)
343 755 445 781 contra
458 751 618 780 Ecclesiam
634 755 721 780 stare.
752 752 817 786 Qui,
841 760 935 788 quan-

108 808 199 836 quam
221 798 383 835 pertinsces
399 796 473 825 alias
488 799 517 824 et
540 796 692 831 indociles,
708 796 751 824 vel
767 797 822 824 hoc
837 799 935 824 tamen

107 844 288 873 conﬁtentur
300 842 378 878 quod
386 841 513 869 universi
520 841 579 869 sive
586 841 716 869 haeretici
725 841 785 869 sive
793 841 935 869 schisma-

108 888 158 916 tici
173 896 230 916 non
246 886 375 914 habeant
388 886 528 921 Spiritum
544 888 690 921 sanctum,
706 888 736 913 et
760 885 824 913 ideo
839 886 935 921 hapti-
951 906 976 939 Β

106 940 176 961 zare
191 932 310 968 quidem
325 932 459 967 possunt,
488 930 557 958 dare
585 932 684 958 autem
709 930 851 965 Spiritum
868 939 936 958 san-

105 981 191 1006 ctum
206 985 264 1004 non
280 977 414 1012 possunt,
444 975 474 1002 in
503 975 558 1002 hoc
581 975 645 1010 ipso
670 974 784 1002 anobis
799 976 937 1002 tenentur

107 1024 178 1050 utro
193 1020 350 1049 tendamus
366 1027 419 1047 nec
432 1019 580 1055 baptizare
596 1018 715 1046 omnino
731 1027 780 1047 eos
790 1027 876 1054 posse
886 1019 937 1054 qui

105 1075 168 1094 non
185 1065 312 1093 habeant
326 1063 465 1100 Spiritum
477 1065 622 1091 sanctum.

142 1110 192 1138 XI.
208 1109 281 1138 Nam
297 1116 363 1136 cum
379 1107 409 1135 in
424 1107 573 1143 baptismo
585 1107 744 1143 unicuique
755 1109 873 1143 peccata
883 1115 937 1135 sua

106 1154 306 1188 remittantur,
321 1152 425 1188 probat
440 1154 469 1180 et
496 1151 625 1179 declarat
640 1151 670 1179 in
698 1151 853 1188 Evangelia
882 1160 936 1180 suo

107 1198 254 1227 Dominus
269 1205 321 1233 per
334 1205 384 1225 eos
408 1196 487 1224 solos
515 1199 636 1232 peccata
651 1204 738 1232 posse
753 1196 860 1224 dimitti
886 1196 936 1232 qui

107 1244 240 1271 habeant
267 1241 407 1278 Spiritum
436 1242 582 1268 sanctum.
612 1241 679 1269 Post
694 1240 936 1269 resurrectionem

106 1288 190 1316 enim
205 1285 366 1322 discipulos
381 1293 450 1313 suos
462 1285 580 1312 mittens
595 1284 724 1320 loquitur
738 1285 774 1313 ad
789 1293 838 1313 eos
849 1287 877 1313 et
892 1285 936 1312 di-

107 1333 168 1361 cit:
190 1332 264 1360 Sicut
284 1331 360 1359 misit
388 1339 433 1358 me
460 1331 553 1365 Pater,
573 1332 599 1358 et
626 1338 673 1366 ego
696 1331 774 1358 mitto
798 1338 852 1358 vos.
881 1331 937 1358 Hoc

107 1387 175 1406 cum
184 1375 474 1410 dixissel,insufﬂavit
487 1379 514 1403 et
529 1375 569 1402 ait
582 1374 640 1402 illis
652 1382 658 1401 :
676 1375 794 1411 Accipite
804 1374 938 1410 Spiritum

106 1423 249 1450 sanctum.
276 1420 307 1448 Si
331 1420 410 1455 cujus
438 1419 602 1460 remiseritis
624 1424 746 1454 peccata,
762 1420 939 1447 remittemur

107 1467 157 1495 illi
172 1475 184 1499 ;
197 1466 222 1493 si
231 1465 313 1500 cujus
333 1464 486 1498 teneruitis,
506 1463 670 1491 tenebuntur
684 1464 786 1498 (Joan.,
801 1464 859 1499 xx).
876 1464 936 1496 Quo

108 1510 213 1538 inloco
223 1509 422 1537 ostenditeum
430 1507 526 1536 solum
536 1516 621 1544 posse
632 1508 777 1543 baptizare
791 1511 819 1536 et
830 1508 936 1536 remis-

108 1555 228 1582 sionem
242 1555 428 1589 peccatorum
443 1552 511 1580 dare
528 1552 578 1587 qui
591 1552 698 1579 habeat
713 1552 855 1588 Spiritum
868 1561 936 1580 san-

986 265 1187 300 baptizaturus
1198 265 1324 292 Joannes
1331 264 1442 300 accepit
1449 267 1516 292 ante
1525 264 1667 300 Spiritum
1680 267 1815 292 sanctum

987 317 1053 335 cum
1069 309 1164 336 adhuc
1173 311 1250 336 esset
1262 309 1291 335 in
1302 312 1383 336 utero
1396 308 1499 336 matris
1512 308 1694 336 constitutus
1705 309 1779 344 (Luc.
1797 308 1817 344 ι)

988 356 1020 379 ut
1035 356 1146 380 certum
1164 356 1241 380 esset
1266 356 1353 388 atque
1380 352 1568 380 manifestum
1596 353 1741 388 baptizare
1757 362 1814 381 non

988 406 1075 433 posse
1093 398 1147 424 nisi
1165 406 1214 425 eos
1231 398 1280 433 qui
1298 398 1424 424 habeant
1441 398 1580 432 Spiritum
1597 400 1741 425 sanctum.
1758 400 1815 425 Ita-

989 451 1044 478 que
1062 442 1110 477 qui
1125 442 1267 469 hzsreticis
1295 442 1354 469 sive
1371 442 1567 468 schismaticis
1583 443 1814 478 patrocinentur,

989 487 1183 521 respondeant
1200 486 1284 513 nobis
1300 495 1335 513 an
1363 486 1486 512 habeant
1505 487 1558 521 pm)
1576 486 1717 521 Spiritum
1747 495 1814 514 san-

988 533 1078 563 ctum,
1095 540 1129 557 an
1148 539 1204 557 non
1217 530 1352 557 habeant.
1365 530 1392 556 Si
1408 530 1526 563 habent,
1545 539 1597 557 cur
1611 530 1670 557 illic
1686 530 1815 566 baptiza-

989 576 1035 609 tis,
1054 576 1170 610 quando
1187 575 1222 601 ad
1241 583 1292 601 nos
1309 574 1441 608 veniunt,
1460 583 1565 601 manus
1588 575 1751 610 imponitur
1780 576 1816 602 ad

989 620 1191 655 accipiendum
1204 619 1346 654 Spiritum
1359 621 1504 652 sanctum,
1515 628 1582 646 cum
1595 620 1658 654 jam
1676 619 1817 654 utiqueil-

989 663 1025 690 lic
1041 667 1177 699 acceptus
1207 664 1244 690 sit
1274 663 1323 690 ubi
1339 664 1363 690 si
1380 663 1433 690 fuit
1449 664 1511 690 dari
1527 663 1643 698 potuit?
1672 663 1701 690 Si
1718 665 1816 691 autem

991 709 1059 736 foris
1074 708 1155 735 tincti
1172 708 1228 743 H0)
1245 708 1370 735 hmretici
1387 710 1414 734 et
1426 708 1606 735 schismatici
1624 716 1680 735 non
1706 708 1816 736 habent

990 752 1131 787 Spiritum
1145 754 1290 785 sanctum,
1308 754 1336 778 et
1349 752 1447 778 1147
1469 752 1532 779 ideo
1548 752 1626 787 apud
1644 760 1695 779 nos
1712 761 1816 780 manus

991 798 1153 833 imponitur
1170 800 1200 824 ut
1225 797 1271 823 hic
1292 797 1453 832 accipiatur
1467 798 1523 830 (41)
1540 798 1617 832 quod
1634 797 1692 824 illic
1708 806 1759 824 nec
1772 799 1817 825 est

993 851 1043 869 nec
1059 842 1120 868 dari
1136 844 1240 876 potest,
1272 842 1459 869 manifestum
1485 844 1528 869 est
1545 850 1596 868 nec
1613 842 1815 869 remissionem

992 889 1177 922 peccatorum
1193 886 1255 913 dari
1273 894 1321 921 per
1336 894 1385 913 eos
1402 894 1486 921 posse
1504 894 1577 921 quos
1598 888 1710 913 constet
1725 886 1816 921 Spiri-

992 934 1054 958 tum
1072 934 1206 958 sanctum
1224 939 1281 957 non
1297 931 1412 957 habere.
1431 931 1464 957 Et
1485 931 1590 957 idcirco
1606 934 1639 957 ut
1654 931 1816 958 secundum

991 976 1119 1003 divinam
1137 975 1359 1010 dispositionem
1378 977 1464 1010 atque
1488 974 1683 1010 evangelicam
1710 975 1816 1002 verita-

991 1024 1049 1048 tem
1067 1024 1249 1055 peccatorum
1272 1019 1473 1046 remissionem
1491 1019 1629 1054 consequi
1644 1021 1672 1045 et
1687 1019 1817 1047 sanctiﬁ-

992 1067 1048 1093 cari
1058 1075 1089 1093 ac
1096 1065 1204 1101 templa
1216 1065 1265 1092 Dei
1277 1065 1336 1092 tieri
1352 1065 1464 1100 possint
1474 1065 1604 1092 Ecclesia:
1616 1065 1760 1101 baptismo
1770 1066 1818 1092 ba—

992 1110 1120 1146 ptizandi
1137 1112 1205 1136 sunt
1221 1118 1322 1137 omnes
1339 1108 1458 1136 omnino
1475 1109 1524 1144 qui
1542 1109 1577 1136 ab
1602 1109 1775 1136 adversariis
1791 1111 1819 1136 et

991 1155 1172 1182 antichristis
1189 1155 1224 1181 ad
1241 1157 1259 1181 (ἶ.
1284 1154 1346 1181 risti
1364 1154 1521 1181 Ecclesium
1544 1154 1673 1181 veniunt.

1027 1244 1085 1270 ΧΗ.
1108 1244 1241 1275 Quaesisti
1257 1243 1345 1270 etiam
1363 1244 1372 1260 ο
1388 1243 1453 1278 (42),
1478 1243 1516 1269 lili
1534 1243 1707 1270 charissime
1724 1243 1732 1259 ⁷
1749 1243 1815 1278 (43),

993 1288 1062 1324 quid
1080 1288 1150 1314 milii
1165 1287 1403 1315 deillisvideatur
1418 1287 1468 1322 qui
1484 1287 1511 1313 in
1528 1287 1698 1314 inﬁrmitate
1714 1287 1816 1314 etlan-

991 1341 1080 1368 guorc
1095 1332 1219 1367 gratiam
1237 1332 1286 1359 Dei
1303 1335 1534 1367 consequuntur,
1561 1340 1596 1358 an
1613 1331 1740 1359 habendi
1756 1331 1816 1359 sint

991 1377 1111 1412 legitimi
1129 1376 1295 1409 Christiani,
1313 1385 1345 1403 eo
1367 1377 1444 1411 quod
1461 1384 1535 1410 aqua
1551 1376 1672 1403 salutari
1688 1385 1744 1403 non
1765 1376 1817 1403 loti

992 1421 1062 1453 sint,
1079 1421 1128 1447 sed
1145 1420 1264 1455 perfusi.
1282 1421 1343 1451 Qua
1359 1420 1388 1446 in
1404 1422 1484 1455 parte
1508 1420 1616 1447 nemini
1643 1421 1817 1447 verecundia

992 1468 1019 1492 et
1036 1465 1177 1492 modestia
1190 1467 1288 1492 nostra
1300 1464 1470 1499 prisjudicat
1481 1472 1537 1499 quo
1547 1465 1645 1491 minus
1659 1464 1817 1499 unusquis-

993 1518 1048 1544 que
1062 1510 1138 1544 quod
1156 1511 1239 1544 putat
1255 1509 1361 1536 sentiat
1370 1511 1398 1535 et
1413 1509 1488 1543 quod
1501 1509 1729 1536 scnseritfaciat.
1747 1509 1818 1536 Nos-

993 1556 1135 1588 quantum
1152 1553 1279 1588 concipit
1304 1552 1490 1579 mediocritas
1508 1555 1606 1580 nostra
1636 1553 1818 1580 aestimamus

816 1606 917 1637 Varia:
933 1606 1095 1637 lectiones.

149 1658 158 1674 ί
177 1656 315 1683 Asserant
338 1662 458 1682 necesse
490 1657 535 1682 est
562 1655 640 1682 Lam.
654 1655 725 1682 Bod.
753 1655 779 1687 1,
808 1656 835 1682 2.
864 1655 918 1682 ΝΕ.
945 1655 973 1689 4,
1001 1657 1026 1681 '3.
1063 1656 1111 1682 Lin
1151 1656 1161 1671 ²
1185 1655 1308 1682 Necesse
1350 1658 1393 1682 est
1421 1655 1580 1682 insolenter
1613 1655 1686 1682 Lam.
1715 1655 1778 1682 Boil.
1796 1657 1823 1682 2.

110 1693 123 1709 ⁸
140 1691 217 1719 illud
240 1693 337 1718 autem
355 1690 523 1718 mirandum
540 1690 607 1718 Bod.
633 1691 659 1717 2.
676 1691 752 1718 Lam.
778 1691 856 1718 Ebor.
873 1690 928 1719 NG.
957 1690 983 1718 l.

110 1728 182 1763 ipsa
196 1729 277 1762 septa
299 1726 433 1763 Ecclesiae
452 1728 543 1763 03:011.
561 1726 647 1763 Tecta
662 1726 766 1754 Pamel.
804 1727 814 1743 ⁵
829 1726 928 1762 Ipsum
943 1726 1043 1754 Jesuiii
1060 1727 1208 1753 Christum
1223 1727 1298 1753 Lam.
1316 1726 1368 1753 ΝΟ.
1386 1727 1397 1753 1
1431 1727 1508 1754 Ebor.

110 1762 193 1791 Lam.
214 1762 282 1790 Bod.
302 1764 330 1789 2.
346 1762 400 1790 ΝΟ.
417 1762 443 1789 l.
481 1762 491 1778 ⁷
507 1762 601 1789 Frate.
617 1762 695 1790 Erus.
711 1762 783 1797 Spir.
814 1763 866 1789 Vel.
882 1763 986 1790 limam.

1022 1692 1090 1718 ‘Sic
1119 1691 1194 1717 Lam.
1220 1691 1328 1723 13011.1,
1345 1691 1371 1718 ‘3.
1410 1691 1489 1718 Ebor.
1520 1692 1572 1718 NG.
1599 1691 1622 1717 l.
1653 1692 1714 1718 Lin.
1747 1691 1826 1718 Intra

1547 1727 1557 1743 δ
1583 1727 1701 1759 Qumsiti
1732 1735 1748 1754 a
1779 1735 1824 1754 me

821 1812 866 1841 St.
887 1811 1005 1841 Baluzii
1029 1815 1121 1841 notio.

151 1860 210 1896 (38)
223 1861 300 1888 Intus
315 1860 355 1896 in?
368 1861 428 1895 ipsa
456 1859 587 1887 Ecclesia.
611 1860 653 1887 Ita
667 1868 723 1886 xxu
741 1859 807 1896 libri
822 1861 942 1887 veteres.
960 1863 981 1896 α
1000 1863 1109 1887 veteres
1135 1868 1253 1894 operum
1283 1860 1379 1896 sancti
1407 1860 1540 1895 martyris
1557 1860 1691 1887 editores.
1707 1860 1824 1887 Primus

111 1895 212 1924 Editio
228 1895 384 1931 Spirensis,
401 1897 511 1922 Veneta
525 1898 619 1928 vetus,
630 1897 658 1922 et
674 1895 886 1928 Remboltiana,
902 1896 944 1922 in-

115 1936 162 1960 tus
179 1930 270 1967 ipsum
284 1930 447 1959 Ecclesium.
477 1931 524 1958 Sic
552 1932 639 1958 etiam
669 1931 758 1958 codex
782 1930 943 1958 Beccensis.

114 1968 203 1999 Quod
219 1968 319 1994 eodem
335 1967 447 1994 recidit.
472 1968 566 1997 Quare
594 1975 651 1994 non
666 1975 787 2002 possum
809 1967 945 1994 accedere

115 2002 251 2031 Pamelio
267 2002 416 2035 scribenti,
432 2003 507 2029 intra
526 2004 586 2036 ipsa
601 2004 669 2030 tecta
684 2003 822 2031 Ecclesia
839 2003 945 2034 Quam-

115 2039 164 2066 vis
194 2039 271 2066 enim
301 2038 403 2065 afferat
431 2039 634 2065 auctoritatem
663 2043 788 2073 quatuor
816 2041 947 2066 veterum

117 2073 489 2109 exemplarium,quamvis
503 2074 561 2101 duo
577 2083 594 2101 θ,
609 2074 722 2101 mevisa
737 2074 947 2101 habeanteam-

117 2112 189 2138 dem
206 2109 371 2144 lectionem,
387 2112 483 2144 persto
498 2112 595 2137 tamen
611 2109 640 2136 in
656 2118 690 2136 ea
706 2118 793 2145 quam
819 2110 948 2145 reposui,

120 2154 184 2173 non
200 2145 295 2172 solum
311 2145 381 2180 quia
395 2145 544 2172 Manutius
559 2148 588 2173 et
602 2145 751 2173 Morellius
767 2145 807 2172 ita
832 2153 949 2181 quoque

119 2181 298 2213 ediderunt;
312 2184 341 2208 et
356 2181 424 2216 quia
432 2189 478 2208 me
493 2182 571 2216 cogit
586 2181 744 2209 auctoritas
761 2184 803 2208 tot
816 2184 949 2209 veterum

119 2216 349 2253 exemplarium,
364 2216 571 2253 sedimprimis
587 2217 657 2252 quia
670 2217 710 2245 ita
720 2216 797 2251 loqui
813 2220 892 2244 amat
902 2219 952 2252 Cy-

144 2252 257 2286 rianus,
275 2254 307 2279 ut
322 2254 471 2280 ostensum
492 2255 536 2280 est
551 2261 641 2288 supra
654 2252 684 2281 in
701 2253 777 2280 notis
794 2253 829 2280 ad
845 2253 951 2288 episto-

144 2296 185 2315 im
202 2296 248 2315 ιιι.
266 2288 400 2315 nau.450.

266 2296 331 2323 pag.
339 2296 400 2315 anu.

161 2324 219 2359 (39)
232 2324 273 2351 An
283 2323 410 2351 habeant.
427 2325 469 2350 Ita
495 2331 597 2351 omnes
612 2323 754 2351 editiones
769 2326 837 2351 ante
853 2325 951 2351 Manu-

122 2360 237 2387 tianam
254 2361 282 2386 et
298 2359 499 2394 quatordecim
513 2359 708 2387 libriveteres.
726 2360 874 2387 Manutius
885 2366 953 2394 ergo

122 2395 246 2430 scripsit
274 2395 437 2422 habeantur.
464 2397 498 2422 Et
527 2395 601 2422 hanc
623 2395 777 2423 lectionem
792 2403 844 2430 ego
860 2394 954 2430 reperi

121 2432 156 2458 in
171 2434 282 2465 septem
294 2431 443 2458 codicibus
458 2430 598 2465 antiquis.

163 2466 219 2499 (40)
237 2467 331 2493 Tineti.
344 2466 409 2494 Haec
425 2466 590 2494 emendatio
624 2467 747 2494 debetur
762 2466 811 2493 uni
824 2474 857 2492 ex
874 2465 954 2493 libris

122 2502 202 2530 meis
217 2502 375 2529 veteribus.
397 2501 443 2529 Sic
458 2505 545 2529 etiam
562 2502 591 2529 in
622 2501 743 2538 epistola
771 2509 858 2536 LXXII,
887 2509 953 2537 pag.

124 2538 180 2565 128
199 2545 209 2574 ῑν
234 2539 283 2574 Eos
301 2539 360 2574 ‘qui
383 2538 438 2565 sint
465 2538 535 2574 foris
572 2540 650 2565 extra
678 2537 830 2574 Ecclesium
865 2538 954 2574 liiicti.

123 2573 211 2609 Apud
228 2572 398 2609 Gratianum
413 2572 490 2607 xx1v,
507 2582 535 2609 q.
550 2574 577 2607 l,
594 2582 657 2608 cap.
671 2573 834 2605 Didicimus,
853 2573 957 2608 legitur

122 2608 448 2650 cuiicli.nutinvulgatis
463 2608 793 2650 Cyprianieditiunibus.
812 2609 857 2636 Sic
868 2608 956 2636 etiam

125 2645 219 2672 codex
235 2645 332 2672 Sancti
349 2645 506 2680 Arnulphi.

166 2680 223 2714 (41)
259 2683 293 2707 Ut
321 2681 366 2707 hic
389 2679 551 2716 accipiatur.
575 2680 667 2708 Codex
690 2679 891 2708 Fuxensiszut
913 2680 957 2707 hic

123 2716 271 2752 (recipiant
300 2716 375 2752 quod
389 2717 449 2744 illic
477 2725 532 2744 non
559 2720 723 2750 acceperunt
740 2723 844 2743 necesse
856 2717 894 2743 est
908 2723 958 2742 nec

125 2751 195 2813 ciiazi
209 2759 256 2786 per
271 2759 314 2778 eos
328 2760 403 2787 posse
414 2760 478 2787 quos
493 2755 600 2780 constat
616 2752 750 2788 Spiritum
764 2753 891 2779 sanctum
903 2759 958 2779 non

141 2795 168 2813 ia
188 2794 241 2813 ere.

141 2794 232 2814 ιαυενθ
236 2807 241 2813 ι

169 2822 235 2863 (42)-
258 2822 506 2863 Quasistictiai‘n.
537 2823 825 2863 Hancnpostremum
847 2825 957 2863 partem

125 2857 261 2894 epistolae
273 2857 407 2894 Cypriani
422 2859 457 2886 ad
471 2859 600 2894 Magnum
610 2857 817 2894 diéjunxerunt
832 2866 849 2885 a
863 2858 959 2893 prima

274 2921 407 2953 Ριηοι..
430 2920 483 2952 Ill.

134 2296 185 2316 am
202 2296 248 2321 ui,

1001 1896 1080 1923 illam
1098 1899 1172 1922 recto
1185 1895 1306 1922 consilio
1321 1895 1528 1930 redintegravit
1544 1896 1699 1923 Pamslius.
1717 1896 1824 1923 Omnes

1000 1932 1077 1958 enim
1090 1934 1199 1958 veteres
1209 1932 1274 1957 libri
1290 1931 1434 1964 inquibus
1448 1931 1681 1964 illacontinetur,
1698 1932 1825 1966 exceptis

1000 1968 1168 1994 Carnotensi
1186 1970 1215 1994 et
1231 1967 1371 2002 Eligiano,
1385 1967 1412 1993 in
1423 1967 1530 2001 quibus
1547 1968 1627 1994 deost
1643 1968 1737 2002 prima
1758 1975 1825 2002 pars

1002 2004 1125 2038 integra,
1142 2005 1169 2029 et
1193 2011 1304 2035 omnes,
1322 2003 1453 2037 inquam,
1485 2003 1547 2029 libri
1578 2006 1688 2029 veteres
1718 2003 1826 2029 habent:

1003 2042 1157 2073 utramque
1176 2040 1287 2073 partem
1318 2041 1537 2073 consequenter,
1564 2039 1694 2073 qu'dam,
1717 2039 1827 2073 absque

1003 2074 1256 2106 nllodiscrimine,
1283 2074 1396 2100 addunt
1419 2074 1446 2100 in
1479 2074 1571 2101 fronte
1595 2074 1729 2101 secundae
1760 2082 1827 2109 par—

1005 2111 1060 2137 tis:
1092 2111 1188 2145 Incipit
1216 2110 1251 2136 (ul
1280 2110 1404 2136 eumdem
1432 2110 1546 2143 cpistola
1572 2110 1700 2141 secunda,
1721 2109 1761 2136 vel
1779 2111 1828 2136 In-

1004 2147 1070 2181 cipit
1081 2146 1113 2172 de
1126 2146 1168 2172 his
1184 2147 1232 2179 qui
1248 2146 1275 2171 in
1305 2146 1371 2172 Iccio
1398 2146 1517 2177 gratiam
1545 2146 1593 2172 Dci
1622 2146 1665 2172 vel
1684 2146 1828 2180 baptisma,

1004 2180 1216 2216 ciiiisequuntur.
1234 2181 1288 2207 Sed
1305 2181 1363 2207 haec.
1380 2180 1549 2207 discrimina
1579 2181 1704 2207 adducta
1729 2183 1798 2207 sunt
1813 2188 1830 2207 Β.

1005 2217 1142 2245 librariis.
1160 2217 1199 2243 Ea
1216 2225 1282 2251 ergo
1291 2216 1468 2250 exemplaria
1476 2219 1544 2251 puto
1561 2225 1623 2243 esse
1636 2217 1755 2243 meliora
1767 2224 1830 2251 quas

1007 2253 1118 2280 nullam
1136 2253 1243 2279 habent
1269 2252 1488 2286 inscriptionem
1519 2252 1547 2279 in
1565 2253 1693 2279 secunda
1707 2254 1787 2287 parte
1803 2253 1831 2278 et

1007 2289 1115 2315 habent
1131 2289 1157 2314 in
1177 2288 1269 2314 fronte
1299 2287 1443 2322 epistolas:
1463 2288 1570 2323 incipit
1597 2288 1630 2315 ad
1654 2289 1780 2323 Magnum
1796 2288 1832 2314 de

1008 2325 1164 2351 Novatiano
1179 2328 1204 2350 cl
1218 2323 1249 2349 (lc
1264 2323 1307 2350 lii:
1335 2324 1383 2357 qui
1398 2324 1427 2349 in
1458 2322 1662 2358 lcclo'gratiam
1678 2325 1727 2351 Dei
1742 2330 1831 2351 conse-

1008 2362 1140 2395 quuntur,
1158 2361 1188 2385 ut
1204 2359 1290 2385 habet
1305 2359 1392 2385 etiam
1404 2359 1491 2385 editio
1503 2360 1658 2394 Spirensis,
1670 2362 1698 2387 et
1711 2360 1739 2386 in
1758 2360 1829 2386 tino:

1010 2396 1047 2422 Ait
1067 2396 1195 2427 Magnum
1208 2395 1243 2421 de
1257 2396 1410 2422 Novutiano
1438 2397 1461 2421 et
1476 2394 1507 2421 de
1523 2396 1564 2422 his
1580 2397 1625 2430 qui
1643 2397 1671 2422 in
1687 2396 1753 2422 Icelo
1767 2402 1830 2429 gra-

1009 2432 1076 2458 tiam
1091 2432 1138 2457 Dei
1153 2431 1365 2465 consequuntur,
1382 2431 1505 2464 cmplicit.
1527 2429 1616 2458 Miror
1645 2434 1742 2458 autem
1760 2429 1833 2456 Lati-

1011 2475 1079 2493 num
1097 2466 1254 2498 Latinium,
1271 2467 1322 2500 qui
1346 2466 1374 2492 in
1389 2466 1537 2493 codicibus
1554 2467 1615 2493 suis
1630 2467 1745 2493 vdehat
1761 2464 1834 2492 scri-

1013 2506 1094 2537 ptum
1113 2511 1140 2528 in
1155 2502 1239 2528 titulo
1256 2501 1342 2528 istius
1358 2502 1485 2537 cpistolw
1499 2511 1504 2529 :
1523 2502 1560 2528 Ait
1585 2503 1721 2536 Magnum,
1738 2501 1770 2528 de
1785 2501 1834 2528 Νο-

1013 2539 1125 2565 uatiano
1140 2539 1165 2564 et
1180 2538 1214 2564 de
1231 2538 1271 2564 his
1285 2538 1330 2572 qui
1346 2538 1375 2564 in
1401 2538 1465 2564 (crto
1493 2538 1610 2570 gratiam
1622 2541 1834 2572 consequuntur,

1013 2577 1123 2613 partem
1142 2573 1269 2613 epistolas
1286 2574 1313 2612 in
1325 2581 1384 2613 qua
1396 2574 1492 2608 agitur
1506 2574 1541 2613 de
1553 2573 1665 2613 bisqui
1679 2574 1707 2599 in
1720 2572 1836 2613 mgritu-

1013 2608 1080 2636 dine
1091 2608 1215 2643 gratiam
1228 2608 1331 2635 Christi
1348 2609 1717 2643 conscquuntur,divisisse
1728 2617 1745 2635 a
1756 2609 1838 2643 parte

1013 2645 1154 2680 superiori
1170 2645 1264 2671 etalio
1281 2644 1468 2671 transtulisse
1486 2645 1512 2670 in
1530 2645 1656 2671 editione
1671 2653 1736 2676 sua,
1752 2644 1779 2670 id
1793 2644 1839 2670 est

1014 2682 1040 2707 in
1052 2679 1237 2707 Manuliana.
1247 2679 1306 2706 Nisi
1318 2679 1341 2706 si
1357 2680 1382 2706 is
1394 2681 1442 2714 qui
1452 2680 1571 2707 editioni
1581 2680 1758 2707 Manutiana:
1768 2687 1840 2714 prin-

1014 2718 1067 2756 t‘uit
1083 2725 1151 2756 cum
1160 2724 1282 2755 summa
1291 2717 1442 2756 potestate.
1453 2717 1701 2756 quemadmodum
1711 2723 1838 2756 conque-

1014 2753 1087 2793 ritur
1105 2751 1247 2813 Laliinius,
1262 2751 1339 2777 istud
1353 2752 1477 2778 mutavit
1493 2754 1572 2779 motu
1588 2753 1715 2787 proprio,
1729 2750 1840 2778 Latinio

1014 2796 1133 2813 lnCOnSU
1161 2796 1189 2813 Ο.

1012 2789 1189 2815 inconsulto.

1049 2824 1103 2858 (43)
1119 2823 1172 2850 Fili
1186 2822 1359 2849 charissima.
1380 2821 1476 2850 Codex
1487 2823 1673 2851 Carnotensis
1683 2822 1773 2851 habet
1784 2823 1842 2858 fra-

1013 2863 1062 2887 ter.
1080 2859 1126 2887 Sic
1142 2858 1230 2886 etiam
1246 2857 1422 2886 vetustiores
1439 2858 1591 2888 editiones.

1664 2921 1702 2950 38
