  <div class='ocr_page' id='page_1' title='image "/cluster/home/n/w/nwhite01/storage/ocr_20150623/3/hvd.32044073549586/652.png"; bbox 0 0 4040 6178; ppageno 0'>
   <div class='ocr_carea' id='block_1_1' title="bbox 218 339 376 400">
    <p class='ocr_par' dir='ltr' id='par_1_1' title="bbox 218 339 376 400">
     <span class='ocr_line' id='line_1_1' title="bbox 218 339 376 400; baseline 0 -2"><span class='ocrx_word' id='word_1_1' title='bbox 218 339 376 400; x_wconf 78' lang='grc'>1197</span> 
     </span>
    </p>
   </div>
   <div class='ocr_carea' id='block_1_2' title="bbox 1228 339 2627 409">
    <p class='ocr_par' dir='ltr' id='par_1_2' title="bbox 1228 339 2627 409">
     <span class='ocr_line' id='line_1_2' title="bbox 1228 339 2627 409; baseline 0.001 -11"><span class='ocrx_word' id='word_1_2' title='bbox 1228 343 1424 406; x_wconf 74' lang='lat' dir='ltr'>PARS</span> <span class='ocrx_word' id='word_1_3' title='bbox 1468 345 1517 408; x_wconf 87' lang='grc' dir='ltr'>Ι.</span> <span class='ocrx_word' id='word_1_4' title='bbox 1549 374 1628 394; x_wconf 80' lang='grc'>--·</span> <span class='ocrx_word' id='word_1_5' title='bbox 1671 339 2173 409; x_wconf 79' lang='lat' dir='ltr'>MONUMENTA</span> <span class='ocrx_word' id='word_1_6' title='bbox 2217 340 2627 408; x_wconf 80' lang='lat' dir='ltr'>VETERUM.</span> 
     </span>
    </p>
   </div>
   <div class='ocr_carea' id='block_1_3' title="bbox 3477 353 3636 420">
    <p class='ocr_par' dir='ltr' id='par_1_3' title="bbox 3477 353 3636 420">
     <span class='ocr_line' id='line_1_3' title="bbox 3477 353 3636 420; baseline 0 0"><span class='ocrx_word' id='word_1_7' title='bbox 3477 353 3636 420; x_wconf 80' lang='grc'><strong>1198</strong></span> 
     </span>
    </p>
   </div>
   <div class='ocr_carea' id='block_1_4' title="bbox 209 469 3637 556">
    <p class='ocr_par' dir='ltr' id='par_1_4' title="bbox 209 469 3637 556">
     <span class='ocr_line' id='line_1_4' title="bbox 209 469 3637 556; baseline 0.004 -30"><span class='ocrx_word' id='word_1_8' title='bbox 209 471 365 526; x_wconf 86' lang='lat' dir='ltr'>centi</span> <span class='ocrx_word' id='word_1_9' title='bbox 397 469 968 528; x_wconf 82' lang='lat' dir='ltr'>nihilinﬁrmitatem</span> <span class='ocrx_word' id='word_1_10' title='bbox 1000 488 1165 528; x_wconf 88' lang='lat' dir='ltr'>suam</span> <span class='ocrx_word' id='word_1_11' title='bbox 1181 473 1440 532; x_wconf 85' lang='lat' dir='ltr'>obfuisse</span> <span class='ocrx_word' id='word_1_12' title='bbox 1458 473 1856 546; x_wconf 83' lang='lat' dir='ltr'>quominusad</span> <span class='ocrx_word' id='word_1_13' title='bbox 1889 473 1946 546; x_wconf 83' lang='grc' dir='ltr'><strong>Α</strong></span> <span class='ocrx_word' id='word_1_14' title='bbox 1977 471 2397 532; x_wconf 81' lang='lat' dir='ltr'>multiformem</span> <span class='ocrx_word' id='word_1_15' title='bbox 2443 473 2671 546; x_wconf 84' lang='lat' dir='ltr'>copiam</span> <span class='ocrx_word' id='word_1_16' title='bbox 2729 473 2819 532; x_wconf 91' lang='lat' dir='ltr'>vel</span> <span class='ocrx_word' id='word_1_17' title='bbox 2857 475 3138 534; x_wconf 87' lang='lat' dir='ltr'>tricesimi</span> <span class='ocrx_word' id='word_1_18' title='bbox 3195 480 3281 540; x_wconf 91' lang='lat' dir='ltr'>vel</span> <span class='ocrx_word' id='word_1_19' title='bbox 3311 484 3637 556; x_wconf 80' lang='lat' dir='ltr'>sexagesim</span> 
     </span>
    </p>
   </div>
   <div class='ocr_carea' id='block_1_5' title="bbox 215 559 1874 636">
    <p class='ocr_par' dir='ltr' id='par_1_5' title="bbox 215 559 1874 636">
     <span class='ocr_line' id='line_1_5' title="bbox 215 559 1874 636; baseline 0.002 -22"><span class='ocrx_word' id='word_1_20' title='bbox 215 561 560 616; x_wconf 78' lang='lat' dir='ltr'>ﬁrmitatem</span> <span class='ocrx_word' id='word_1_21' title='bbox 603 559 900 616; x_wconf 79' lang='lat' dir='ltr'>cmlestem</span> <span class='ocrx_word' id='word_1_22' title='bbox 954 561 1068 632; x_wconf 84' lang='grc'>(51)</span> <span class='ocrx_word' id='word_1_23' title='bbox 1126 563 1471 632; x_wconf 85' lang='lat' dir='ltr'>plenissime</span> <span class='ocrx_word' id='word_1_24' title='bbox 1527 564 1874 636; x_wconf 84' lang='lat' dir='ltr'>perveniret,</span> 
     </span>
    </p>
   </div>
   <div class='ocr_carea' id='block_1_6' title="bbox 224 649 1874 723">
    <p class='ocr_par' dir='ltr' id='par_1_6' title="bbox 224 649 1874 723">
     <span class='ocr_line' id='line_1_6' title="bbox 224 649 1874 723; baseline 0.006 -21"><span class='ocrx_word' id='word_1_25' title='bbox 224 665 332 705; x_wconf 86' lang='lat' dir='ltr'>nec</span> <span class='ocrx_word' id='word_1_26' title='bbox 353 653 587 704; x_wconf 87' lang='lat' dir='ltr'>tantum</span> <span class='ocrx_word' id='word_1_27' title='bbox 613 649 978 721; x_wconf 76' lang='lat' dir='ltr'>indulgentia</span> <span class='ocrx_word' id='word_1_28' title='bbox 1005 651 1303 708; x_wconf 87' lang='lat' dir='ltr'>Dominiea</span> <span class='ocrx_word' id='word_1_29' title='bbox 1324 653 1635 710; x_wconf 78' lang='lat' dir='ltr'>excitatum</span> <span class='ocrx_word' id='word_1_30' title='bbox 1655 653 1723 707; x_wconf 90' lang='lat' dir='ltr'>de</span> <span class='ocrx_word' id='word_1_31' title='bbox 1745 669 1874 723; x_wconf 73' lang='lat' dir='ltr'>gra~</span> 
     </span>
    </p>
   </div>
   <div class='ocr_carea' id='block_1_7' title="bbox 1987 559 3628 630">
    <p class='ocr_par' dir='ltr' id='par_1_7' title="bbox 1987 559 3628 630">
     <span class='ocr_line' id='line_1_7' title="bbox 1987 559 3628 630; baseline 0.009 -17"><span class='ocrx_word' id='word_1_32' title='bbox 1987 559 2073 619; x_wconf 88' lang='lat' dir='ltr'>vel</span> <span class='ocrx_word' id='word_1_33' title='bbox 2107 560 2409 620; x_wconf 88' lang='lat' dir='ltr'>centesimi</span> <span class='ocrx_word' id='word_1_34' title='bbox 2440 561 2667 618; x_wconf 90' lang='lat' dir='ltr'>numeri</span> <span class='ocrx_word' id='word_1_35' title='bbox 2698 561 2885 618; x_wconf 80' lang='lat' dir='ltr'>fructu</span> <span class='ocrx_word' id='word_1_36' title='bbox 2899 565 3251 622; x_wconf 75' lang='lat' dir='ltr'>exuberante</span> <span class='ocrx_word' id='word_1_37' title='bbox 3265 569 3628 630; x_wconf 82' lang='lat' dir='ltr'>cumulatur.</span> 
     </span>
    </p>
   </div>
   <div class='ocr_carea' id='block_1_8' title="bbox 1985 649 3625 730">
    <p class='ocr_par' dir='ltr' id='par_1_8' title="bbox 1985 649 3625 730">
     <span class='ocr_line' id='line_1_8' title="bbox 1985 649 3625 730; baseline 0.007 -25"><span class='ocrx_word' id='word_1_38' title='bbox 1985 649 2190 705; x_wconf 82' lang='lat' dir='ltr'>Adhuc</span> <span class='ocrx_word' id='word_1_39' title='bbox 2231 666 2364 705; x_wconf 91' lang='lat' dir='ltr'>vero</span> <span class='ocrx_word' id='word_1_40' title='bbox 2397 666 2530 706; x_wconf 90' lang='lat' dir='ltr'>cum</span> <span class='ocrx_word' id='word_1_41' title='bbox 2586 649 2800 722; x_wconf 85' lang='lat' dir='ltr'>singuli</span> <span class='ocrx_word' id='word_1_42' title='bbox 2833 651 2905 707; x_wconf 91' lang='lat' dir='ltr'>ad</span> <span class='ocrx_word' id='word_1_43' title='bbox 2961 654 3268 718; x_wconf 81' lang='lat' dir='ltr'>denarium</span> <span class='ocrx_word' id='word_1_44' title='bbox 3326 664 3625 730; x_wconf 90' lang='lat' dir='ltr'>vocentur,</span> 
     </span>
    </p>
   </div>
   <div class='ocr_carea' id='block_1_9' title="bbox 219 737 3627 813">
    <p class='ocr_par' dir='ltr' id='par_1_9' title="bbox 219 737 3627 813">
     <span class='ocr_line' id='line_1_9' title="bbox 219 737 3627 813; baseline 0.004 -21"><span class='ocrx_word' id='word_1_45' title='bbox 219 738 359 792; x_wconf 90' lang='lat' dir='ltr'>bato</span> <span class='ocrx_word' id='word_1_46' title='bbox 399 753 550 804; x_wconf 85' lang='lat' dir='ltr'>esse,</span> <span class='ocrx_word' id='word_1_47' title='bbox 587 738 686 792; x_wconf 90' lang='lat' dir='ltr'>sed</span> <span class='ocrx_word' id='word_1_48' title='bbox 723 737 916 808; x_wconf 87' lang='lat' dir='ltr'>ipsum</span> <span class='ocrx_word' id='word_1_49' title='bbox 949 739 1260 809; x_wconf 84' lang='lat' dir='ltr'>grabatum</span> <span class='ocrx_word' id='word_1_50' title='bbox 1299 757 1472 796; x_wconf 91' lang='lat' dir='ltr'>suum</span> <span class='ocrx_word' id='word_1_51' title='bbox 1506 741 1788 813; x_wconf 83' lang='lat' dir='ltr'>reparatis</span> <span class='ocrx_word' id='word_1_52' title='bbox 1819 745 1876 796; x_wconf 91' lang='lat' dir='ltr'>et</span> <span class='ocrx_word' id='word_1_53' title='bbox 1985 737 2126 809; x_wconf 89' lang='lat' dir='ltr'>quid</span> <span class='ocrx_word' id='word_1_54' title='bbox 2166 743 2254 794; x_wconf 92' lang='lat' dir='ltr'>est</span> <span class='ocrx_word' id='word_1_55' title='bbox 2283 743 2348 794; x_wconf 94' lang='lat' dir='ltr'>ut</span> <span class='ocrx_word' id='word_1_56' title='bbox 2393 740 2546 811; x_wconf 91' lang='lat' dir='ltr'>quod</span> <span class='ocrx_word' id='word_1_57' title='bbox 2589 756 2622 796; x_wconf 89' lang='lat' dir='ltr'>a</span> <span class='ocrx_word' id='word_1_58' title='bbox 2651 739 3081 812; x_wconf 76' lang='lat' dir='ltr'>Decaequaliter</span> <span class='ocrx_word' id='word_1_59' title='bbox 3109 743 3483 806; x_wconf 85' lang='lat' dir='ltr'>distribuitur</span> <span class='ocrx_word' id='word_1_60' title='bbox 3511 747 3627 804; x_wconf 89' lang='lat' dir='ltr'>hu-</span> 
     </span>
    </p>
   </div>
   <div class='ocr_carea' id='block_1_10' title="bbox 227 825 3038 900">
    <p class='ocr_par' dir='ltr' id='par_1_10' title="bbox 227 825 3038 900">
     <span class='ocr_line' id='line_1_10' title="bbox 227 825 3038 900; baseline 0.003 -20"><span class='ocrx_word' id='word_1_61' title='bbox 227 825 515 898; x_wconf 81' lang='lat' dir='ltr'>vegetatis</span> <span class='ocrx_word' id='word_1_62' title='bbox 541 826 770 882; x_wconf 89' lang='lat' dir='ltr'>viribus</span> <span class='ocrx_word' id='word_1_63' title='bbox 823 826 1155 882; x_wconf 79' lang='lat' dir='ltr'>sustulisse.</span> <span class='ocrx_word' id='word_1_64' title='bbox 1205 828 1273 882; x_wconf 88' lang='lat' dir='ltr'>Et</span> <span class='ocrx_word' id='word_1_65' title='bbox 1321 829 1555 895; x_wconf 90' lang='lat' dir='ltr'>idcirco,</span> <span class='ocrx_word' id='word_1_66' title='bbox 1589 833 1874 900; x_wconf 90' lang='lat' dir='ltr'>quantum</span> <span class='ocrx_word' id='word_1_67' title='bbox 1985 843 2162 886; x_wconf 82' lang='lat' dir='ltr'>mana</span> <span class='ocrx_word' id='word_1_68' title='bbox 2191 827 2665 899; x_wconf 84' lang='lat' dir='ltr'>interpretatione</span> <span class='ocrx_word' id='word_1_69' title='bbox 2697 829 3038 888; x_wconf 83' lang='lat' dir='ltr'>minuatur?</span> 
     </span>
    </p>
   </div>
   <div class='ocr_carea' id='block_1_11' title="bbox 217 914 1873 985">
    <p class='ocr_par' dir='ltr' id='par_1_11' title="bbox 217 914 1873 985">
     <span class='ocr_line' id='line_1_11' title="bbox 217 914 1873 985; baseline 0.002 -16"><span class='ocrx_word' id='word_1_70' title='bbox 217 915 335 971; x_wconf 85' lang='lat' dir='ltr'>{ide</span> <span class='ocrx_word' id='word_1_71' title='bbox 365 914 670 985; x_wconf 89' lang='lat' dir='ltr'>concipere</span> <span class='ocrx_word' id='word_1_72' title='bbox 688 919 743 970; x_wconf 90' lang='lat' dir='ltr'>et</span> <span class='ocrx_word' id='word_1_73' title='bbox 765 916 980 972; x_wconf 89' lang='lat' dir='ltr'>sentire</span> <span class='ocrx_word' id='word_1_74' title='bbox 1007 915 1174 972; x_wconf 90' lang='lat' dir='ltr'>nobis</span> <span class='ocrx_word' id='word_1_75' title='bbox 1197 917 1389 985; x_wconf 90' lang='lat' dir='ltr'>datur,</span> <span class='ocrx_word' id='word_1_76' title='bbox 1437 935 1564 976; x_wconf 88' lang='lat' dir='ltr'>mea</span> <span class='ocrx_word' id='word_1_77' title='bbox 1587 919 1873 980; x_wconf 83' lang='lat' dir='ltr'>sententia</span> 
     </span>
    </p>
   </div>
   <div class='ocr_carea' id='block_1_12' title="bbox 215 1004 1867 1078">
    <p class='ocr_par' dir='ltr' id='par_1_12' title="bbox 215 1004 1867 1078">
     <span class='ocr_line' id='line_1_12' title="bbox 215 1004 1867 1078; baseline 0.004 -18"><span class='ocrx_word' id='word_1_78' title='bbox 215 1004 341 1060; x_wconf 66' lang='lat' dir='ltr'>hinc</span> <span class='ocrx_word' id='word_1_79' title='bbox 356 1004 1536 1077; x_wconf 83' lang='lat' dir='ltr'>est,utCliristianusjudieeturlegitimus</span> <span class='ocrx_word' id='word_1_80' title='bbox 1551 1006 1867 1078; x_wconf 83' lang='lat' dir='ltr'>quisquis“</span> 
     </span>
    </p>
   </div>
   <div class='ocr_carea' id='block_1_13' title="bbox 216 1091 1869 1168">
    <p class='ocr_par' dir='ltr' id='par_1_13' title="bbox 216 1091 1869 1168">
     <span class='ocr_line' id='line_1_13' title="bbox 216 1091 1869 1168; baseline 0 -18"><span class='ocrx_word' id='word_1_81' title='bbox 216 1093 398 1151; x_wconf 79' lang='lat' dir='ltr'>fuerit</span> <span class='ocrx_word' id='word_1_82' title='bbox 427 1095 484 1149; x_wconf 91' lang='lat' dir='ltr'>in</span> <span class='ocrx_word' id='word_1_83' title='bbox 512 1091 767 1148; x_wconf 84' lang='lat' dir='ltr'>Ecclesia</span> <span class='ocrx_word' id='word_1_84' title='bbox 803 1091 927 1164; x_wconf 86' lang='lat' dir='ltr'>lege</span> <span class='ocrx_word' id='word_1_85' title='bbox 960 1094 1172 1164; x_wconf 84' lang='lat' dir='ltr'>etjure</span> <span class='ocrx_word' id='word_1_86' title='bbox 1225 1095 1360 1150; x_wconf 82' lang='lat' dir='ltr'>fidei</span> <span class='ocrx_word' id='word_1_87' title='bbox 1417 1096 1673 1154; x_wconf 82' lang='lat' dir='ltr'>divinam</span> <span class='ocrx_word' id='word_1_88' title='bbox 1733 1113 1869 1168; x_wconf 73' lang='lat' dir='ltr'>gra~</span> 
     </span>
    </p>
   </div>
   <div class='ocr_carea' id='block_1_14' title="bbox 217 1182 1868 1254">
    <p class='ocr_par' dir='ltr' id='par_1_14' title="bbox 217 1182 1868 1254">
     <span class='ocr_line' id='line_1_14' title="bbox 217 1182 1868 1254; baseline 0 -14"><span class='ocrx_word' id='word_1_89' title='bbox 217 1185 363 1240; x_wconf 90' lang='lat' dir='ltr'>tiam</span> <span class='ocrx_word' id='word_1_90' title='bbox 387 1188 758 1238; x_wconf 88' lang='lat' dir='ltr'>consecutus.</span> <span class='ocrx_word' id='word_1_91' title='bbox 792 1183 906 1238; x_wconf 86' lang='lat' dir='ltr'>Aut</span> <span class='ocrx_word' id='word_1_92' title='bbox 935 1182 983 1238; x_wconf 91' lang='lat' dir='ltr'>si</span> <span class='ocrx_word' id='word_1_93' title='bbox 1017 1182 1230 1254; x_wconf 88' lang='lat' dir='ltr'>aliquis</span> <span class='ocrx_word' id='word_1_94' title='bbox 1264 1184 1559 1240; x_wconf 85' lang='lat' dir='ltr'>existimat</span> <span class='ocrx_word' id='word_1_95' title='bbox 1589 1202 1687 1242; x_wconf 92' lang='lat' dir='ltr'>eos</span> <span class='ocrx_word' id='word_1_96' title='bbox 1720 1184 1868 1248; x_wconf 86' lang='lat' dir='ltr'>nihil</span> 
     </span>
    </p>
   </div>
   <div class='ocr_carea' id='block_1_15' title="bbox 213 1271 1866 1346">
    <p class='ocr_par' dir='ltr' id='par_1_15' title="bbox 213 1271 1866 1346">
     <span class='ocr_line' id='line_1_15' title="bbox 213 1271 1866 1346; baseline 0.003 -18"><span class='ocrx_word' id='word_1_97' title='bbox 213 1276 566 1329; x_wconf 84' lang='lat' dir='ltr'>consecutos</span> <span class='ocrx_word' id='word_1_98' title='bbox 593 1287 659 1325; x_wconf 90' lang='lat' dir='ltr'>eo</span> <span class='ocrx_word' id='word_1_99' title='bbox 689 1272 840 1341; x_wconf 84' lang='lat' dir='ltr'>quod</span> <span class='ocrx_word' id='word_1_100' title='bbox 873 1288 1027 1343; x_wconf 89' lang='lat' dir='ltr'>aqua</span> <span class='ocrx_word' id='word_1_101' title='bbox 1077 1271 1321 1328; x_wconf 86' lang='lat' dir='ltr'>salutari</span> <span class='ocrx_word' id='word_1_102' title='bbox 1380 1278 1609 1330; x_wconf 89' lang='lat' dir='ltr'>tantum</span> <span class='ocrx_word' id='word_1_103' title='bbox 1648 1275 1866 1346; x_wconf 79' lang='lat' dir='ltr'>perfusi</span> 
     </span>
    </p>
   </div>
   <div class='ocr_carea' id='block_1_16' title="bbox 211 1360 1862 1435">
    <p class='ocr_par' dir='ltr' id='par_1_16' title="bbox 211 1360 1862 1435">
     <span class='ocr_line' id='line_1_16' title="bbox 211 1360 1862 1435; baseline 0.001 -15"><span class='ocrx_word' id='word_1_104' title='bbox 211 1362 357 1427; x_wconf 82' lang='lat' dir='ltr'>sint,</span> <span class='ocrx_word' id='word_1_105' title='bbox 390 1362 490 1417; x_wconf 87' lang='lat' dir='ltr'>sed</span> <span class='ocrx_word' id='word_1_106' title='bbox 526 1360 728 1416; x_wconf 89' lang='lat' dir='ltr'>inanes</span> <span class='ocrx_word' id='word_1_107' title='bbox 763 1363 806 1401; x_wconf 67' lang='grc'>1³</span> <span class='ocrx_word' id='word_1_108' title='bbox 836 1364 893 1416; x_wconf 90' lang='lat' dir='ltr'>et</span> <span class='ocrx_word' id='word_1_109' title='bbox 921 1361 1089 1415; x_wconf 79' lang='lat' dir='ltr'>vacui</span> <span class='ocrx_word' id='word_1_110' title='bbox 1122 1367 1279 1431; x_wconf 89' lang='lat' dir='ltr'>sunt,</span> <span class='ocrx_word' id='word_1_111' title='bbox 1317 1380 1431 1417; x_wconf 92' lang='lat' dir='ltr'>non</span> <span class='ocrx_word' id='word_1_112' title='bbox 1476 1363 1862 1435; x_wconf 89' lang='lat' dir='ltr'>decipiantur.</span> 
     </span>
    </p>
   </div>
   <div class='ocr_carea' id='block_1_17' title="bbox 210 1449 1865 1520">
    <p class='ocr_par' dir='ltr' id='par_1_17' title="bbox 210 1449 1865 1520">
     <span class='ocr_line' id='line_1_17' title="bbox 210 1449 1865 1520; baseline 0.001 -12"><span class='ocrx_word' id='word_1_113' title='bbox 210 1456 276 1508; x_wconf 91' lang='lat' dir='ltr'>ut</span> <span class='ocrx_word' id='word_1_114' title='bbox 307 1452 354 1507; x_wconf 90' lang='lat' dir='ltr'>si</span> <span class='ocrx_word' id='word_1_115' title='bbox 384 1449 826 1506; x_wconf 90' lang='lat' dir='ltr'>incommodum</span> <span class='ocrx_word' id='word_1_116' title='bbox 857 1449 1158 1520; x_wconf 85' lang='lat' dir='ltr'>languoris</span> <span class='ocrx_word' id='word_1_117' title='bbox 1177 1451 1462 1508; x_wconf 80' lang='lat' dir='ltr'>evaserint</span> <span class='ocrx_word' id='word_1_118' title='bbox 1491 1451 1865 1510; x_wconf 64' lang='lat' dir='ltr'>etconvaluev</span> 
     </span>
    </p>
   </div>
   <div class='ocr_carea' id='block_1_18' title="bbox 209 1537 1864 1614">
    <p class='ocr_par' dir='ltr' id='par_1_18' title="bbox 209 1537 1864 1614">
     <span class='ocr_line' id='line_1_18' title="bbox 209 1537 1864 1614; baseline 0.001 -18"><span class='ocrx_word' id='word_1_119' title='bbox 209 1541 350 1604; x_wconf 86' lang='lat' dir='ltr'>rint,</span> <span class='ocrx_word' id='word_1_120' title='bbox 380 1539 766 1610; x_wconf 84' lang='lat' dir='ltr'>baptizentur,</span> <span class='ocrx_word' id='word_1_121' title='bbox 798 1537 854 1592; x_wconf 88' lang='lat' dir='ltr'>Si</span> <span class='ocrx_word' id='word_1_122' title='bbox 887 1543 1083 1596; x_wconf 89' lang='lat' dir='ltr'>autem</span> <span class='ocrx_word' id='word_1_123' title='bbox 1116 1539 1394 1612; x_wconf 84' lang='lat' dir='ltr'>baptizari</span> <span class='ocrx_word' id='word_1_124' title='bbox 1443 1558 1557 1597; x_wconf 88' lang='lat' dir='ltr'>non</span> <span class='ocrx_word' id='word_1_125' title='bbox 1616 1547 1864 1614; x_wconf 89' lang='lat' dir='ltr'>possunt</span> 
     </span>
    </p>
   </div>
   <div class='ocr_carea' id='block_1_19' title="bbox 211 1626 1862 1700">
    <p class='ocr_par' dir='ltr' id='par_1_19' title="bbox 211 1626 1862 1700">
     <span class='ocr_line' id='line_1_19' title="bbox 211 1626 1862 1700; baseline 0.001 -16"><span class='ocrx_word' id='word_1_126' title='bbox 211 1629 317 1700; x_wconf 89' lang='lat' dir='ltr'>qui</span> <span class='ocrx_word' id='word_1_127' title='bbox 344 1629 471 1698; x_wconf 89' lang='lat' dir='ltr'>jam</span> <span class='ocrx_word' id='word_1_128' title='bbox 530 1627 825 1698; x_wconf 89' lang='lat' dir='ltr'>baptismo</span> <span class='ocrx_word' id='word_1_129' title='bbox 873 1626 1270 1684; x_wconf 89' lang='lat' dir='ltr'>ecclesiastico</span> <span class='ocrx_word' id='word_1_130' title='bbox 1315 1630 1664 1685; x_wconf 83' lang='lat' dir='ltr'>sanetiﬁeati</span> <span class='ocrx_word' id='word_1_131' title='bbox 1723 1636 1862 1687; x_wconf 89' lang='lat' dir='ltr'>sunt</span> 
     </span>
    </p>
   </div>
   <div class='ocr_carea' id='block_1_20' title="bbox 209 1715 1858 1789">
    <p class='ocr_par' dir='ltr' id='par_1_20' title="bbox 209 1715 1858 1789">
     <span class='ocr_line' id='line_1_20' title="bbox 209 1715 1858 1789; baseline 0.001 -16"><span class='ocrx_word' id='word_1_132' title='bbox 209 1735 317 1773; x_wconf 90' lang='lat' dir='ltr'>cur</span> <span class='ocrx_word' id='word_1_133' title='bbox 344 1718 402 1771; x_wconf 93' lang='lat' dir='ltr'>in</span> <span class='ocrx_word' id='word_1_134' title='bbox 435 1717 546 1771; x_wconf 81' lang='lat' dir='ltr'>fide</span> <span class='ocrx_word' id='word_1_135' title='bbox 573 1733 682 1770; x_wconf 91' lang='lat' dir='ltr'>sua</span> <span class='ocrx_word' id='word_1_136' title='bbox 711 1721 768 1770; x_wconf 90' lang='lat' dir='ltr'>et</span> <span class='ocrx_word' id='word_1_137' title='bbox 797 1715 1026 1770; x_wconf 88' lang='lat' dir='ltr'>Domini</span> <span class='ocrx_word' id='word_1_138' title='bbox 1064 1716 1426 1789; x_wconf 85' lang='lat' dir='ltr'>indulgentia</span> <span class='ocrx_word' id='word_1_139' title='bbox 1457 1720 1858 1774; x_wconf 81' lang='lat' dir='ltr'>scandalizen-</span> 
     </span>
    </p>
   </div>
   <div class='ocr_carea' id='block_1_21' title="bbox 208 1803 1938 1911">
    <p class='ocr_par' dir='ltr' id='par_1_21' title="bbox 208 1803 1938 1911">
     <span class='ocr_line' id='line_1_21' title="bbox 208 1803 1938 1911; baseline 0 -49"><span class='ocrx_word' id='word_1_140' title='bbox 208 1813 307 1862; x_wconf 90' lang='lat' dir='ltr'>tur</span> <span class='ocrx_word' id='word_1_141' title='bbox 337 1806 452 1878; x_wconf 70' lang='lat'>(53)</span> <span class='ocrx_word' id='word_1_142' title='bbox 476 1805 505 1859; x_wconf 73' lang='lat' dir='ltr'>‘I</span> <span class='ocrx_word' id='word_1_143' title='bbox 535 1803 933 1876; x_wconf 70' lang='lat' dir='ltr'>Anconsecuti</span> <span class='ocrx_word' id='word_1_144' title='bbox 957 1809 1095 1859; x_wconf 90' lang='lat' dir='ltr'>sunt</span> <span class='ocrx_word' id='word_1_145' title='bbox 1115 1807 1351 1876; x_wconf 89' lang='lat' dir='ltr'>quidem</span> <span class='ocrx_word' id='word_1_146' title='bbox 1382 1808 1630 1879; x_wconf 83' lang='lat' dir='ltr'>gratiam</span> <span class='ocrx_word' id='word_1_147' title='bbox 1665 1808 1856 1863; x_wconf 89' lang='lat' dir='ltr'>Domi-</span> <span class='ocrx_word' id='word_1_148' title='bbox 1891 1847 1938 1911; x_wconf 82' lang='lat' dir='ltr'><strong>B</strong></span> 
     </span>
    </p>
   </div>
   <div class='ocr_carea' id='block_1_22' title="bbox 211 1893 1859 1964">
    <p class='ocr_par' dir='ltr' id='par_1_22' title="bbox 211 1893 1859 1964">
     <span class='ocr_line' id='line_1_22' title="bbox 211 1893 1859 1964; baseline 0.002 -13"><span class='ocrx_word' id='word_1_149' title='bbox 211 1897 430 1964; x_wconf 86' lang='lat' dir='ltr'>nicam,</span> <span class='ocrx_word' id='word_1_150' title='bbox 472 1895 571 1950; x_wconf 87' lang='lat' dir='ltr'>sed</span> <span class='ocrx_word' id='word_1_151' title='bbox 605 1893 864 1949; x_wconf 91' lang='lat' dir='ltr'>breviore</span> <span class='ocrx_word' id='word_1_152' title='bbox 896 1899 952 1949; x_wconf 91' lang='lat' dir='ltr'>et</span> <span class='ocrx_word' id='word_1_153' title='bbox 998 1894 1217 1950; x_wconf 90' lang='lat' dir='ltr'>minore</span> <span class='ocrx_word' id='word_1_154' title='bbox 1267 1911 1544 1952; x_wconf 88' lang='lat' dir='ltr'>mensura</span> <span class='ocrx_word' id='word_1_155' title='bbox 1602 1898 1859 1954; x_wconf 90' lang='lat' dir='ltr'>muneris</span> 
     </span>
    </p>
   </div>
   <div class='ocr_carea' id='block_1_23' title="bbox 209 1981 1858 2056">
    <p class='ocr_par' dir='ltr' id='par_1_23' title="bbox 209 1981 1858 2056">
     <span class='ocr_line' id='line_1_23' title="bbox 209 1981 1858 2056; baseline 0.001 -16"><span class='ocrx_word' id='word_1_156' title='bbox 209 1984 393 2040; x_wconf 86' lang='lat' dir='ltr'>divini</span> <span class='ocrx_word' id='word_1_157' title='bbox 426 2000 491 2039; x_wconf 90' lang='lat' dir='ltr'>ac</span> <span class='ocrx_word' id='word_1_158' title='bbox 521 1981 775 2055; x_wconf 89' lang='lat' dir='ltr'>Spiritus</span> <span class='ocrx_word' id='word_1_159' title='bbox 797 1983 1005 2054; x_wconf 90' lang='lat' dir='ltr'>sancti,</span> <span class='ocrx_word' id='word_1_160' title='bbox 1040 1983 1688 2056; x_wconf 72' lang='lat' dir='ltr'>uthabeanturquidem</span> <span class='ocrx_word' id='word_1_161' title='bbox 1706 1986 1858 2041; x_wconf 89' lang='lat' dir='ltr'>chri-</span> 
     </span>
    </p>
   </div>
   <div class='ocr_carea' id='block_1_24' title="bbox 208 2072 1617 2145">
    <p class='ocr_par' dir='ltr' id='par_1_24' title="bbox 208 2072 1617 2145">
     <span class='ocr_line' id='line_1_24' title="bbox 208 2072 1617 2145; baseline 0.001 -16"><span class='ocrx_word' id='word_1_162' title='bbox 208 2074 410 2141; x_wconf 87' lang='lat' dir='ltr'>stiani,</span> <span class='ocrx_word' id='word_1_163' title='bbox 447 2090 558 2129; x_wconf 91' lang='lat' dir='ltr'>non</span> <span class='ocrx_word' id='word_1_164' title='bbox 592 2072 712 2128; x_wconf 90' lang='lat' dir='ltr'>sint</span> <span class='ocrx_word' id='word_1_165' title='bbox 742 2076 934 2127; x_wconf 89' lang='lat' dir='ltr'>tamen</span> <span class='ocrx_word' id='word_1_166' title='bbox 969 2072 1194 2127; x_wconf 77' lang='lat' dir='ltr'>caeteris</span> <span class='ocrx_word' id='word_1_167' title='bbox 1223 2073 1617 2145; x_wconf 75' lang='lat' dir='ltr'>adaequandi?</span> 
     </span>
    </p>
   </div>
   <div class='ocr_carea' id='block_1_25' title="bbox 282 2162 1854 2234">
    <p class='ocr_par' dir='ltr' id='par_1_25' title="bbox 282 2162 1854 2234">
     <span class='ocr_line' id='line_1_25' title="bbox 282 2162 1854 2234; baseline 0 -13"><span class='ocrx_word' id='word_1_168' title='bbox 282 2167 426 2221; x_wconf 81' lang='lat' dir='ltr'>XIV.</span> <span class='ocrx_word' id='word_1_169' title='bbox 465 2163 611 2230; x_wconf 90' lang='lat' dir='ltr'>Quin</span> <span class='ocrx_word' id='word_1_170' title='bbox 645 2163 762 2219; x_wconf 88' lang='lat' dir='ltr'>imo</span> <span class='ocrx_word' id='word_1_171' title='bbox 810 2162 1063 2234; x_wconf 72' lang='lat' dir='ltr'>Spiritus</span> <span class='ocrx_word' id='word_1_172' title='bbox 1093 2168 1333 2218; x_wconf 90' lang='lat' dir='ltr'>sanctus</span> <span class='ocrx_word' id='word_1_173' title='bbox 1364 2181 1478 2220; x_wconf 91' lang='lat' dir='ltr'>non</span> <span class='ocrx_word' id='word_1_174' title='bbox 1515 2166 1585 2220; x_wconf 88' lang='lat' dir='ltr'>ad</span> <span class='ocrx_word' id='word_1_175' title='bbox 1621 2183 1854 2221; x_wconf 89' lang='lat' dir='ltr'>mensu-</span> 
     </span>
    </p>
   </div>
   <div class='ocr_carea' id='block_1_26' title="bbox 205 2254 1852 2325">
    <p class='ocr_par' dir='ltr' id='par_1_26' title="bbox 205 2254 1852 2325">
     <span class='ocr_line' id='line_1_26' title="bbox 205 2254 1852 2325; baseline -0.001 -13"><span class='ocrx_word' id='word_1_176' title='bbox 205 2274 336 2312; x_wconf 87' lang='lat' dir='ltr'>ram</span> <span class='ocrx_word' id='word_1_177' title='bbox 368 2257 561 2322; x_wconf 88' lang='lat' dir='ltr'>datur,</span> <span class='ocrx_word' id='word_1_178' title='bbox 596 2254 696 2308; x_wconf 90' lang='lat' dir='ltr'>sed</span> <span class='ocrx_word' id='word_1_179' title='bbox 727 2269 904 2325; x_wconf 85' lang='lat' dir='ltr'>super</span> <span class='ocrx_word' id='word_1_180' title='bbox 933 2254 1264 2308; x_wconf 87' lang='lat' dir='ltr'>credentem</span> <span class='ocrx_word' id='word_1_181' title='bbox 1295 2258 1452 2309; x_wconf 90' lang='lat' dir='ltr'>totus</span> <span class='ocrx_word' id='word_1_182' title='bbox 1504 2255 1852 2322; x_wconf 81' lang='lat' dir='ltr'>infunditur,</span> 
     </span>
    </p>
   </div>
   <div class='ocr_carea' id='block_1_27' title="bbox 205 2340 1857 2412">
    <p class='ocr_par' dir='ltr' id='par_1_27' title="bbox 205 2340 1857 2412">
     <span class='ocr_line' id='line_1_27' title="bbox 205 2340 1857 2412; baseline -0.001 -11"><span class='ocrx_word' id='word_1_183' title='bbox 205 2347 356 2402; x_wconf 84' lang='lat' dir='ltr'>Nam</span> <span class='ocrx_word' id='word_1_184' title='bbox 381 2346 432 2399; x_wconf 89' lang='lat' dir='ltr'>si</span> <span class='ocrx_word' id='word_1_185' title='bbox 457 2343 582 2398; x_wconf 88' lang='lat' dir='ltr'>dies</span> <span class='ocrx_word' id='word_1_186' title='bbox 613 2342 888 2397; x_wconf 81' lang='lat' dir='ltr'>omnibus</span> <span class='ocrx_word' id='word_1_187' title='bbox 920 2340 1221 2412; x_wconf 57' lang='lat' dir='ltr'>aequaliter</span> <span class='ocrx_word' id='word_1_188' title='bbox 1260 2342 1543 2411; x_wconf 89' lang='lat' dir='ltr'>nascitur,</span> <span class='ocrx_word' id='word_1_189' title='bbox 1578 2350 1631 2400; x_wconf 89' lang='lat' dir='ltr'>et</span> <span class='ocrx_word' id='word_1_190' title='bbox 1683 2345 1729 2400; x_wconf 85' lang='lat' dir='ltr'>si</span> <span class='ocrx_word' id='word_1_191' title='bbox 1767 2343 1857 2406; x_wconf 84' lang='lat' dir='ltr'>sol</span> 
     </span>
    </p>
   </div>
   <div class='ocr_carea' id='block_1_28' title="bbox 204 2430 1855 2506">
    <p class='ocr_par' dir='ltr' id='par_1_28' title="bbox 204 2430 1855 2506">
     <span class='ocr_line' id='line_1_28' title="bbox 204 2430 1855 2506; baseline 0 -16"><span class='ocrx_word' id='word_1_192' title='bbox 204 2451 390 2506; x_wconf 88' lang='lat' dir='ltr'>super</span> <span class='ocrx_word' id='word_1_193' title='bbox 419 2449 620 2488; x_wconf 89' lang='lat' dir='ltr'>omnes</span> <span class='ocrx_word' id='word_1_194' title='bbox 644 2430 765 2502; x_wconf 89' lang='lat' dir='ltr'>pari</span> <span class='ocrx_word' id='word_1_195' title='bbox 800 2436 853 2486; x_wconf 92' lang='lat' dir='ltr'>et</span> <span class='ocrx_word' id='word_1_196' title='bbox 876 2430 1081 2502; x_wconf 62' lang='lat' dir='ltr'>aequali</span> <span class='ocrx_word' id='word_1_197' title='bbox 1103 2430 1228 2488; x_wconf 89' lang='lat' dir='ltr'>luce</span> <span class='ocrx_word' id='word_1_198' title='bbox 1251 2431 1855 2504; x_wconf 78' lang='lat' dir='ltr'>diﬂ&#39;unditur,quanto</span> 
     </span>
    </p>
   </div>
   <div class='ocr_carea' id='block_1_29' title="bbox 205 2517 1855 2594">
    <p class='ocr_par' dir='ltr' id='par_1_29' title="bbox 205 2517 1855 2594">
     <span class='ocr_line' id='line_1_29' title="bbox 205 2517 1855 2594; baseline 0.001 -16"><span class='ocrx_word' id='word_1_199' title='bbox 205 2521 400 2594; x_wconf 87' lang='lat' dir='ltr'>magis</span> <span class='ocrx_word' id='word_1_200' title='bbox 433 2519 698 2575; x_wconf 86' lang='lat' dir='ltr'>Christus</span> <span class='ocrx_word' id='word_1_201' title='bbox 727 2517 894 2573; x_wconf 81' lang='lat' dir='ltr'>Solet</span> <span class='ocrx_word' id='word_1_202' title='bbox 928 2517 1058 2573; x_wconf 89' lang='lat' dir='ltr'>Dies</span> <span class='ocrx_word' id='word_1_203' title='bbox 1078 2535 1250 2576; x_wconf 86' lang='lat' dir='ltr'>verus</span> <span class='ocrx_word' id='word_1_204' title='bbox 1281 2521 1338 2575; x_wconf 94' lang='lat' dir='ltr'>in</span> <span class='ocrx_word' id='word_1_205' title='bbox 1355 2520 1611 2577; x_wconf 89' lang='lat' dir='ltr'>Ecclesia</span> <span class='ocrx_word' id='word_1_206' title='bbox 1641 2522 1855 2580; x_wconf 80' lang='lat' dir='ltr'>sualu-</span> 
     </span>
    </p>
   </div>
   <div class='ocr_carea' id='block_1_30' title="bbox 205 2607 1854 2683">
    <p class='ocr_par' dir='ltr' id='par_1_30' title="bbox 205 2607 1854 2683">
     <span class='ocr_line' id='line_1_30' title="bbox 205 2607 1854 2683; baseline 0.001 -17"><span class='ocrx_word' id='word_1_207' title='bbox 205 2628 342 2668; x_wconf 89' lang='lat' dir='ltr'>men</span> <span class='ocrx_word' id='word_1_208' title='bbox 374 2611 500 2664; x_wconf 64' lang='lat' dir='ltr'>vitae</span> <span class='ocrx_word' id='word_1_209' title='bbox 532 2613 758 2664; x_wconf 61' lang='lat' dir='ltr'>aeterna:</span> <span class='ocrx_word' id='word_1_210' title='bbox 792 2607 910 2677; x_wconf 88' lang='lat' dir='ltr'>pari</span> <span class='ocrx_word' id='word_1_211' title='bbox 949 2607 1279 2678; x_wconf 70' lang='lat' dir='ltr'>aequalitate</span> <span class='ocrx_word' id='word_1_212' title='bbox 1332 2608 1625 2682; x_wconf 85' lang='lat' dir='ltr'>largitur?</span> <span class='ocrx_word' id='word_1_213' title='bbox 1679 2613 1854 2683; x_wconf 88' lang='lat' dir='ltr'>Cujus</span> 
     </span>
    </p>
   </div>
   <div class='ocr_carea' id='block_1_31' title="bbox 202 2697 1855 2770">
    <p class='ocr_par' dir='ltr' id='par_1_31' title="bbox 202 2697 1855 2770">
     <span class='ocr_line' id='line_1_31' title="bbox 202 2697 1855 2770; baseline 0.002 -15"><span class='ocrx_word' id='word_1_214' title='bbox 202 2697 554 2770; x_wconf 70' lang='lat' dir='ltr'>equalitatis</span> <span class='ocrx_word' id='word_1_215' title='bbox 585 2699 1017 2752; x_wconf 83' lang='lat' dir='ltr'>sacramentum</span> <span class='ocrx_word' id='word_1_216' title='bbox 1051 2697 1258 2753; x_wconf 72' lang='lat'>1150</span> <span class='ocrx_word' id='word_1_217' title='bbox 1284 2698 1548 2756; x_wconf 83' lang='lat' dir='ltr'>videmus</span> <span class='ocrx_word' id='word_1_218' title='bbox 1580 2701 1636 2754; x_wconf 93' lang='lat' dir='ltr'>in</span> <span class='ocrx_word' id='word_1_219' title='bbox 1660 2701 1855 2758; x_wconf 82' lang='lat' dir='ltr'>Exodo</span> 
     </span>
    </p>
   </div>
   <div class='ocr_carea' id='block_1_32' title="bbox 203 2784 1856 2856">
    <p class='ocr_par' dir='ltr' id='par_1_32' title="bbox 203 2784 1856 2856">
     <span class='ocr_line' id='line_1_32' title="bbox 203 2784 1856 2856; baseline 0.001 -11"><span class='ocrx_word' id='word_1_220' title='bbox 203 2805 337 2846; x_wconf 88' lang='lat' dir='ltr'>esse</span> <span class='ocrx_word' id='word_1_221' title='bbox 369 2787 723 2843; x_wconf 88' lang='lat' dir='ltr'>celebratum</span> <span class='ocrx_word' id='word_1_222' title='bbox 757 2784 1111 2856; x_wconf 69' lang='lat' dir='ltr'>(E.1:od.xv1),</span> <span class='ocrx_word' id='word_1_223' title='bbox 1165 2803 1300 2842; x_wconf 95' lang='lat' dir='ltr'>cum</span> <span class='ocrx_word' id='word_1_224' title='bbox 1332 2788 1403 2843; x_wconf 91' lang='lat' dir='ltr'>de</span> <span class='ocrx_word' id='word_1_225' title='bbox 1437 2787 1578 2844; x_wconf 80' lang='lat' dir='ltr'>coelo</span> <span class='ocrx_word' id='word_1_226' title='bbox 1639 2806 1856 2846; x_wconf 89' lang='lat' dir='ltr'>manna</span> 
     </span>
    </p>
   </div>
   <div class='ocr_carea' id='block_1_33' title="bbox 203 2876 1852 2948">
    <p class='ocr_par' dir='ltr' id='par_1_33' title="bbox 203 2876 1852 2948">
     <span class='ocr_line' id='line_1_33' title="bbox 203 2876 1852 2948; baseline -0.001 -13"><span class='ocrx_word' id='word_1_227' title='bbox 203 2880 492 2935; x_wconf 80' lang='lat' dir='ltr'>deflueret</span> <span class='ocrx_word' id='word_1_228' title='bbox 521 2876 635 2948; x_wconf 83' lang='grc'>(53)</span> <span class='ocrx_word' id='word_1_229' title='bbox 664 2881 720 2930; x_wconf 89' lang='lat' dir='ltr'>et</span> <span class='ocrx_word' id='word_1_230' title='bbox 750 2876 1080 2931; x_wconf 85' lang='lat' dir='ltr'>futurorum</span> <span class='ocrx_word' id='word_1_231' title='bbox 1115 2876 1580 2947; x_wconf 69' lang='lat' dir='ltr'>prtetiguratione</span> <span class='ocrx_word' id='word_1_232' title='bbox 1609 2877 1852 2934; x_wconf 87' lang='lat' dir='ltr'>alimen-</span> 
     </span>
    </p>
   </div>
   <div class='ocr_carea' id='block_1_34' title="bbox 207 2963 1852 3038">
    <p class='ocr_par' dir='ltr' id='par_1_34' title="bbox 207 2963 1852 3038">
     <span class='ocr_line' id='line_1_34' title="bbox 207 2963 1852 3038; baseline 0 -14"><span class='ocrx_word' id='word_1_233' title='bbox 207 2974 336 3024; x_wconf 90' lang='lat' dir='ltr'>tum</span> <span class='ocrx_word' id='word_1_234' title='bbox 374 2965 540 3038; x_wconf 90' lang='lat' dir='ltr'>panis</span> <span class='ocrx_word' id='word_1_235' title='bbox 555 2963 1076 3020; x_wconf 81' lang='lat' dir='ltr'>ereleslisetcibum</span> <span class='ocrx_word' id='word_1_236' title='bbox 1099 2963 1314 3019; x_wconf 87' lang='lat' dir='ltr'>Christi</span> <span class='ocrx_word' id='word_1_237' title='bbox 1343 2965 1630 3022; x_wconf 88' lang='lat' dir='ltr'>venientis</span> <span class='ocrx_word' id='word_1_238' title='bbox 1659 2971 1852 3024; x_wconf 69' lang='lat' dir='ltr'>osteno</span> 
     </span>
    </p>
   </div>
   <div class='ocr_carea' id='block_1_35' title="bbox 206 3052 1853 3126">
    <p class='ocr_par' dir='ltr' id='par_1_35' title="bbox 206 3052 1853 3126">
     <span class='ocr_line' id='line_1_35' title="bbox 206 3052 1853 3126; baseline 0 -14"><span class='ocrx_word' id='word_1_239' title='bbox 206 3058 376 3112; x_wconf 87' lang='lat' dir='ltr'>deret</span> <span class='ocrx_word' id='word_1_240' title='bbox 406 3056 535 3126; x_wconf 69' lang='grc'><strong>(54).</strong></span> <span class='ocrx_word' id='word_1_241' title='bbox 572 3053 691 3109; x_wconf 91' lang='lat' dir='ltr'>Illic</span> <span class='ocrx_word' id='word_1_242' title='bbox 721 3052 877 3108; x_wconf 90' lang='lat' dir='ltr'>enim</span> <span class='ocrx_word' id='word_1_243' title='bbox 904 3053 1029 3108; x_wconf 89' lang='lat' dir='ltr'>sine</span> <span class='ocrx_word' id='word_1_244' title='bbox 1075 3053 1412 3110; x_wconf 89' lang='lat' dir='ltr'>discrimine</span> <span class='ocrx_word' id='word_1_245' title='bbox 1440 3054 1525 3110; x_wconf 90' lang='lat' dir='ltr'>vel</span> <span class='ocrx_word' id='word_1_246' title='bbox 1566 3072 1740 3112; x_wconf 83' lang='lat' dir='ltr'>sexus</span> <span class='ocrx_word' id='word_1_247' title='bbox 1766 3057 1853 3112; x_wconf 90' lang='lat' dir='ltr'>vel</span> 
     </span>
    </p>
   </div>
   <div class='ocr_carea' id='block_1_36' title="bbox 202 3140 1844 3217">
    <p class='ocr_par' dir='ltr' id='par_1_36' title="bbox 202 3140 1844 3217">
     <span class='ocr_line' id='line_1_36' title="bbox 202 3140 1844 3217; baseline 0 -15"><span class='ocrx_word' id='word_1_248' title='bbox 202 3147 394 3202; x_wconf 69' lang='lat' dir='ltr'>atatis</span> <span class='ocrx_word' id='word_1_249' title='bbox 425 3161 628 3216; x_wconf 88' lang='lat' dir='ltr'>gomor</span> <span class='ocrx_word' id='word_1_250' title='bbox 673 3160 704 3196; x_wconf 90' lang='lat' dir='ltr'>a</span> <span class='ocrx_word' id='word_1_251' title='bbox 744 3140 994 3213; x_wconf 86' lang='lat' dir='ltr'>singulis</span> <span class='ocrx_word' id='word_1_252' title='bbox 1026 3141 1324 3213; x_wconf 71' lang='lat' dir='ltr'>aequaliter</span> <span class='ocrx_word' id='word_1_253' title='bbox 1379 3141 1844 3217; x_wconf 70' lang='lat' dir='ltr'>colligebatur”.</span> 
     </span>
    </p>
   </div>
   <div class='ocr_carea' id='block_1_37' title="bbox 2056 915 3622 998">
    <p class='ocr_par' dir='ltr' id='par_1_37' title="bbox 2056 915 3622 998">
     <span class='ocr_line' id='line_1_37' title="bbox 2056 915 3622 998; baseline 0.01 -28"><span class='ocrx_word' id='word_1_254' title='bbox 2056 915 2174 970; x_wconf 83' lang='lat' dir='ltr'>XV.</span> <span class='ocrx_word' id='word_1_255' title='bbox 2208 916 2366 984; x_wconf 85' lang='lat' dir='ltr'>Quod</span> <span class='ocrx_word' id='word_1_256' title='bbox 2393 917 2437 972; x_wconf 91' lang='lat' dir='ltr'>si</span> <span class='ocrx_word' id='word_1_257' title='bbox 2457 916 2670 988; x_wconf 87' lang='lat' dir='ltr'>aliquis</span> <span class='ocrx_word' id='word_1_258' title='bbox 2703 917 2872 974; x_wconf 91' lang='lat' dir='ltr'>inillo</span> <span class='ocrx_word' id='word_1_259' title='bbox 2903 926 3168 978; x_wconf 86' lang='lat' dir='ltr'>movetur</span> <span class='ocrx_word' id='word_1_260' title='bbox 3198 925 3352 996; x_wconf 89' lang='lat' dir='ltr'>quod</span> <span class='ocrx_word' id='word_1_261' title='bbox 3383 927 3622 998; x_wconf 85' lang='lat' dir='ltr'>quidam</span> 
     </span>
    </p>
   </div>
   <div class='ocr_carea' id='block_1_38' title="bbox 1982 1005 3623 1084">
    <p class='ocr_par' dir='ltr' id='par_1_38' title="bbox 1982 1005 3623 1084">
     <span class='ocr_line' id='line_1_38' title="bbox 1982 1005 3623 1084; baseline 0.008 -24"><span class='ocrx_word' id='word_1_262' title='bbox 1982 1005 2053 1066; x_wconf 89' lang='lat' dir='ltr'>de</span> <span class='ocrx_word' id='word_1_263' title='bbox 2086 1005 2155 1064; x_wconf 90' lang='lat' dir='ltr'>iis</span> <span class='ocrx_word' id='word_1_264' title='bbox 2196 1005 2292 1084; x_wconf 86' lang='lat' dir='ltr'>qui</span> <span class='ocrx_word' id='word_1_265' title='bbox 2317 1005 2453 1078; x_wconf 66' lang='lat' dir='ltr'>aegri</span> <span class='ocrx_word' id='word_1_266' title='bbox 2484 1006 2853 1078; x_wconf 87' lang='lat' dir='ltr'>baptizantur</span> <span class='ocrx_word' id='word_1_267' title='bbox 2876 1016 2919 1050; x_wconf 72' lang='grc' dir='ltr'><strong><em>η</em></strong></span> <span class='ocrx_word' id='word_1_268' title='bbox 2949 1009 3256 1082; x_wconf 83' lang='lat' dir='ltr'>spiritibus</span> <span class='ocrx_word' id='word_1_269' title='bbox 3288 1014 3478 1072; x_wconf 88' lang='lat' dir='ltr'>adhuc</span> <span class='ocrx_word' id='word_1_270' title='bbox 3510 1016 3623 1072; x_wconf 86' lang='lat' dir='ltr'>im-</span> 
     </span>
    </p>
   </div>
   <div class='ocr_carea' id='block_1_39' title="bbox 1981 1093 3620 1180">
    <p class='ocr_par' dir='ltr' id='par_1_39' title="bbox 1981 1093 3620 1180">
     <span class='ocr_line' id='line_1_39' title="bbox 1981 1093 3620 1180; baseline 0.007 -27"><span class='ocrx_word' id='word_1_271' title='bbox 1981 1093 2220 1153; x_wconf 81' lang='lat' dir='ltr'>mundis</span> <span class='ocrx_word' id='word_1_272' title='bbox 2253 1099 2552 1150; x_wconf 87' lang='lat' dir='ltr'>tentantur</span> <span class='ocrx_word' id='word_1_273' title='bbox 2585 1097 2626 1130; x_wconf 84' lang='grc'>¹⁶</span> <span class='ocrx_word' id='word_1_274' title='bbox 2662 1097 2796 1169; x_wconf 85' lang='grc'>(55),</span> <span class='ocrx_word' id='word_1_275' title='bbox 2849 1099 2995 1153; x_wconf 89' lang='lat' dir='ltr'>sciat</span> <span class='ocrx_word' id='word_1_276' title='bbox 3024 1099 3239 1158; x_wconf 88' lang='lat' dir='ltr'>diaboli</span> <span class='ocrx_word' id='word_1_277' title='bbox 3300 1105 3620 1180; x_wconf 85' lang='lat' dir='ltr'>nequitiam</span> 
     </span>
    </p>
   </div>
   <div class='ocr_carea' id='block_1_40' title="bbox 1978 1183 3619 1262">
    <p class='ocr_par' dir='ltr' id='par_1_40' title="bbox 1978 1183 3619 1262">
     <span class='ocr_line' id='line_1_40' title="bbox 1978 1183 3619 1262; baseline 0.01 -25"><span class='ocrx_word' id='word_1_278' title='bbox 1978 1183 2333 1254; x_wconf 88' lang='lat' dir='ltr'>pertinacem</span> <span class='ocrx_word' id='word_1_279' title='bbox 2366 1199 2552 1254; x_wconf 89' lang='lat' dir='ltr'>usque</span> <span class='ocrx_word' id='word_1_280' title='bbox 2583 1183 2654 1238; x_wconf 90' lang='lat' dir='ltr'>ad</span> <span class='ocrx_word' id='word_1_281' title='bbox 2686 1200 2900 1256; x_wconf 81' lang='lat' dir='ltr'>aquam</span> <span class='ocrx_word' id='word_1_282' title='bbox 2955 1186 3270 1250; x_wconf 87' lang='lat' dir='ltr'>salutarem</span> <span class='ocrx_word' id='word_1_283' title='bbox 3313 1191 3526 1262; x_wconf 87' lang='lat' dir='ltr'>valere,</span> <span class='ocrx_word' id='word_1_284' title='bbox 3559 1195 3619 1254; x_wconf 86' lang='lat' dir='ltr'>in</span> 
     </span>
    </p>
   </div>
   <div class='ocr_carea' id='block_1_41' title="bbox 1977 1271 3617 1346">
    <p class='ocr_par' dir='ltr' id='par_1_41' title="bbox 1977 1271 3617 1346">
     <span class='ocr_line' id='line_1_41' title="bbox 1977 1271 3617 1346; baseline 0.009 -20"><span class='ocrx_word' id='word_1_285' title='bbox 1977 1271 2274 1344; x_wconf 82' lang='lat' dir='ltr'>Baptismo</span> <span class='ocrx_word' id='word_1_286' title='bbox 2305 1288 2436 1328; x_wconf 88' lang='lat' dir='ltr'>vero</span> <span class='ocrx_word' id='word_1_287' title='bbox 2476 1289 2648 1332; x_wconf 88' lang='lat' dir='ltr'>omne</span> <span class='ocrx_word' id='word_1_288' title='bbox 2681 1274 2959 1346; x_wconf 82' lang='lat' dir='ltr'>nequitiae</span> <span class='ocrx_word' id='word_1_289' title='bbox 2991 1293 3109 1333; x_wconf 64' lang='lat' dir='ltr'>sua</span> <span class='ocrx_word' id='word_1_290' title='bbox 3141 1279 3300 1338; x_wconf 86' lang='lat' dir='ltr'>virus</span> <span class='ocrx_word' id='word_1_291' title='bbox 3333 1283 3617 1342; x_wconf 87' lang='lat' dir='ltr'>amittere.</span> 
     </span>
    </p>
   </div>
   <div class='ocr_carea' id='block_1_42' title="bbox 1975 1359 3605 1444">
    <p class='ocr_par' dir='ltr' id='par_1_42' title="bbox 1975 1359 3605 1444">
     <span class='ocr_line' id='line_1_42' title="bbox 1975 1359 3605 1444; baseline 0.008 -31"><span class='ocrx_word' id='word_1_292' title='bbox 1975 1360 2134 1424; x_wconf 86' lang='lat' dir='ltr'>Quod</span> <span class='ocrx_word' id='word_1_293' title='bbox 2169 1359 2498 1432; x_wconf 85' lang='lat' dir='ltr'>exemplum</span> <span class='ocrx_word' id='word_1_294' title='bbox 2531 1361 2826 1419; x_wconf 90' lang='lat' dir='ltr'>cernimus</span> <span class='ocrx_word' id='word_1_295' title='bbox 2856 1361 2914 1417; x_wconf 91' lang='lat' dir='ltr'>in</span> <span class='ocrx_word' id='word_1_296' title='bbox 2967 1381 3098 1435; x_wconf 78' lang='lat' dir='ltr'>rege</span> <span class='ocrx_word' id='word_1_297' title='bbox 3130 1365 3451 1440; x_wconf 87' lang='lat' dir='ltr'>Pharaone,</span> <span class='ocrx_word' id='word_1_298' title='bbox 3484 1371 3605 1444; x_wconf 88' lang='lat' dir='ltr'>qui,</span> 
     </span>
    </p>
   </div>
   <div class='ocr_carea' id='block_1_43' title="bbox 1973 1447 3617 1522">
    <p class='ocr_par' dir='ltr' id='par_1_43' title="bbox 1973 1447 3617 1522">
     <span class='ocr_line' id='line_1_43' title="bbox 1973 1447 3617 1522; baseline 0.01 -20"><span class='ocrx_word' id='word_1_299' title='bbox 1973 1448 2074 1502; x_wconf 92' lang='lat' dir='ltr'>diu</span> <span class='ocrx_word' id='word_1_300' title='bbox 2093 1447 2482 1506; x_wconf 89' lang='lat' dir='ltr'>reluctatuset</span> <span class='ocrx_word' id='word_1_301' title='bbox 2505 1449 2560 1506; x_wconf 83' lang='lat' dir='ltr'>in</span> <span class='ocrx_word' id='word_1_302' title='bbox 2586 1466 2694 1506; x_wconf 87' lang='lat' dir='ltr'>sua</span> <span class='ocrx_word' id='word_1_303' title='bbox 2743 1452 2985 1522; x_wconf 82' lang='lat' dir='ltr'>perﬁdia</span> <span class='ocrx_word' id='word_1_304' title='bbox 3034 1453 3372 1516; x_wconf 81' lang='lat' dir='ltr'>demoratus</span> <span class='ocrx_word' id='word_1_305' title='bbox 3412 1460 3617 1520; x_wconf 88' lang='lat' dir='ltr'>tandiu</span> 
     </span>
    </p>
   </div>
   <div class='ocr_carea' id='block_1_44' title="bbox 1974 1537 3619 1622">
    <p class='ocr_par' dir='ltr' id='par_1_44' title="bbox 1974 1537 3619 1622">
     <span class='ocr_line' id='line_1_44' title="bbox 1974 1537 3619 1622; baseline 0.006 -32"><span class='ocrx_word' id='word_1_306' title='bbox 1974 1537 2241 1596; x_wconf 81' lang='lat' dir='ltr'>resistere</span> <span class='ocrx_word' id='word_1_307' title='bbox 2274 1538 2463 1614; x_wconf 89' lang='lat' dir='ltr'>potuit</span> <span class='ocrx_word' id='word_1_308' title='bbox 2493 1543 2550 1596; x_wconf 89' lang='lat' dir='ltr'>et</span> <span class='ocrx_word' id='word_1_309' title='bbox 2581 1539 2889 1612; x_wconf 71' lang='lat' dir='ltr'>prmvalere</span> <span class='ocrx_word' id='word_1_310' title='bbox 2911 1542 3095 1600; x_wconf 89' lang='lat' dir='ltr'>donec</span> <span class='ocrx_word' id='word_1_311' title='bbox 3123 1544 3192 1604; x_wconf 86' lang='lat' dir='ltr'>ad</span> <span class='ocrx_word' id='word_1_312' title='bbox 3210 1562 3423 1622; x_wconf 83' lang='lat' dir='ltr'>aquam</span> <span class='ocrx_word' id='word_1_313' title='bbox 3455 1550 3619 1606; x_wconf 75' lang='lat' dir='ltr'>veni...-</span> 
     </span>
    </p>
   </div>
   <div class='ocr_carea' id='block_1_45' title="bbox 1971 1627 3614 1706">
    <p class='ocr_par' dir='ltr' id='par_1_45' title="bbox 1971 1627 3614 1706">
     <span class='ocr_line' id='line_1_45' title="bbox 1971 1627 3614 1706; baseline 0.006 -22"><span class='ocrx_word' id='word_1_314' title='bbox 1971 1631 2058 1684; x_wconf 89' lang='lat' dir='ltr'>ret</span> <span class='ocrx_word' id='word_1_315' title='bbox 2087 1643 2098 1682; x_wconf 93' lang='lat'><strong>:</strong></span> <span class='ocrx_word' id='word_1_316' title='bbox 2126 1643 2240 1700; x_wconf 91' lang='lat' dir='ltr'>quo</span> <span class='ocrx_word' id='word_1_317' title='bbox 2271 1643 2402 1686; x_wconf 87' lang='lat' dir='ltr'>eum</span> <span class='ocrx_word' id='word_1_318' title='bbox 2437 1627 2709 1696; x_wconf 82' lang='lat' dir='ltr'>venisset,</span> <span class='ocrx_word' id='word_1_319' title='bbox 2734 1634 2792 1685; x_wconf 90' lang='lat' dir='ltr'>et</span> <span class='ocrx_word' id='word_1_320' title='bbox 2834 1628 3020 1688; x_wconf 89' lang='lat' dir='ltr'>vietus</span> <span class='ocrx_word' id='word_1_321' title='bbox 3059 1637 3148 1690; x_wconf 92' lang='lat' dir='ltr'>est</span> <span class='ocrx_word' id='word_1_322' title='bbox 3195 1638 3252 1691; x_wconf 89' lang='lat' dir='ltr'>et</span> <span class='ocrx_word' id='word_1_323' title='bbox 3299 1637 3614 1706; x_wconf 80' lang='lat' dir='ltr'>extinctus,</span> 
     </span>
    </p>
   </div>
   <div class='ocr_carea' id='block_1_46' title="bbox 1970 1714 3611 1792">
    <p class='ocr_par' dir='ltr' id='par_1_46' title="bbox 1970 1714 3611 1792">
     <span class='ocr_line' id='line_1_46' title="bbox 1970 1714 3611 1792; baseline 0.008 -23"><span class='ocrx_word' id='word_1_324' title='bbox 1970 1715 2126 1770; x_wconf 89' lang='lat' dir='ltr'>Mare</span> <span class='ocrx_word' id='word_1_325' title='bbox 2145 1720 2339 1771; x_wconf 91' lang='lat' dir='ltr'>autem</span> <span class='ocrx_word' id='word_1_326' title='bbox 2374 1714 2514 1770; x_wconf 91' lang='lat' dir='ltr'>illud</span> <span class='ocrx_word' id='word_1_327' title='bbox 2541 1721 2974 1773; x_wconf 88' lang='lat' dir='ltr'>sacramentum</span> <span class='ocrx_word' id='word_1_328' title='bbox 2998 1719 3274 1792; x_wconf 89' lang='lat' dir='ltr'>baptismi</span> <span class='ocrx_word' id='word_1_329' title='bbox 3310 1724 3490 1781; x_wconf 78' lang='lat' dir='ltr'>fuisse</span> <span class='ocrx_word' id='word_1_330' title='bbox 3512 1728 3611 1782; x_wconf 86' lang='lat' dir='ltr'>de-</span> 
     </span>
    </p>
   </div>
   <div class='ocr_carea' id='block_1_47' title="bbox 1969 1804 3615 1877">
    <p class='ocr_par' dir='ltr' id='par_1_47' title="bbox 1969 1804 3615 1877">
     <span class='ocr_line' id='line_1_47' title="bbox 1969 1804 3615 1877; baseline 0.009 -19"><span class='ocrx_word' id='word_1_331' title='bbox 1969 1805 2153 1859; x_wconf 88' lang='lat' dir='ltr'>clarat</span> <span class='ocrx_word' id='word_1_332' title='bbox 2185 1806 2390 1861; x_wconf 86' lang='lat' dir='ltr'>beatus</span> <span class='ocrx_word' id='word_1_333' title='bbox 2420 1804 2722 1877; x_wconf 87' lang='lat' dir='ltr'>apostolus</span> <span class='ocrx_word' id='word_1_334' title='bbox 2751 1808 2949 1864; x_wconf 73' lang='lat' dir='ltr'><strong>I151</strong></span> <span class='ocrx_word' id='word_1_335' title='bbox 2979 1808 3195 1866; x_wconf 89' lang='lat' dir='ltr'>Paulus</span> <span class='ocrx_word' id='word_1_336' title='bbox 3216 1812 3447 1870; x_wconf 87' lang='lat' dir='ltr'>dicens:</span> <span class='ocrx_word' id='word_1_337' title='bbox 3476 1817 3615 1874; x_wconf 84' lang='lat' dir='ltr'>Nolo</span> 
     </span>
    </p>
   </div>
   <div class='ocr_carea' id='block_1_48' title="bbox 1968 1894 3612 1969">
    <p class='ocr_par' dir='ltr' id='par_1_48' title="bbox 1968 1894 3612 1969">
     <span class='ocr_line' id='line_1_48' title="bbox 1968 1894 3612 1969; baseline 0.008 -21"><span class='ocrx_word' id='word_1_338' title='bbox 1968 1895 2117 1948; x_wconf 89' lang='lat' dir='ltr'>enim</span> <span class='ocrx_word' id='word_1_339' title='bbox 2138 1910 2228 1949; x_wconf 81' lang='lat' dir='ltr'>vos</span> <span class='ocrx_word' id='word_1_340' title='bbox 2249 1895 2532 1964; x_wconf 86' lang='lat' dir='ltr'>ignorare,</span> <span class='ocrx_word' id='word_1_341' title='bbox 2554 1894 2778 1969; x_wconf 77' lang='lat' dir='ltr'>fratres,</span> <span class='ocrx_word' id='word_1_342' title='bbox 2807 1898 2945 1967; x_wconf 86' lang='lat' dir='ltr'>quia</span> <span class='ocrx_word' id='word_1_343' title='bbox 2987 1906 3172 1969; x_wconf 78' lang='lat' dir='ltr'>patres</span> <span class='ocrx_word' id='word_1_344' title='bbox 3218 1905 3397 1958; x_wconf 77' lang='lat' dir='ltr'>nostri</span> <span class='ocrx_word' id='word_1_345' title='bbox 3428 1920 3612 1961; x_wconf 75' lang='lat' dir='ltr'>omnes</span> 
     </span>
    </p>
   </div>
   <div class='ocr_carea' id='block_1_49' title="bbox 1966 1982 3616 2058">
    <p class='ocr_par' dir='ltr' id='par_1_49' title="bbox 1966 1982 3616 2058">
     <span class='ocr_line' id='line_1_49' title="bbox 1966 1982 3616 2058; baseline 0.008 -22"><span class='ocrx_word' id='word_1_346' title='bbox 1966 1982 2064 2037; x_wconf 77' lang='lat' dir='ltr'>sub</span> <span class='ocrx_word' id='word_1_347' title='bbox 2084 1983 2225 2038; x_wconf 81' lang='lat' dir='ltr'>nube</span> <span class='ocrx_word' id='word_1_348' title='bbox 2243 1987 2547 2054; x_wconf 78' lang='lat' dir='ltr'>fuerunt,et</span> <span class='ocrx_word' id='word_1_349' title='bbox 2563 1999 2748 2040; x_wconf 73' lang='lat' dir='ltr'>omne:</span> <span class='ocrx_word' id='word_1_350' title='bbox 2768 2000 2868 2054; x_wconf 84' lang='lat' dir='ltr'>per</span> <span class='ocrx_word' id='word_1_351' title='bbox 2885 2002 3040 2043; x_wconf 88' lang='lat' dir='ltr'>mare</span> <span class='ocrx_word' id='word_1_352' title='bbox 3061 1992 3426 2058; x_wconf 72' lang='lat' dir='ltr'>transierunt,</span> <span class='ocrx_word' id='word_1_353' title='bbox 3439 2002 3492 2048; x_wconf 91' lang='lat' dir='ltr'>et</span> <span class='ocrx_word' id='word_1_354' title='bbox 3505 2010 3616 2050; x_wconf 84' lang='lat' dir='ltr'>om-</span> 
     </span>
    </p>
   </div>
   <div class='ocr_carea' id='block_1_50' title="bbox 1966 2073 3612 2156">
    <p class='ocr_par' dir='ltr' id='par_1_50' title="bbox 1966 2073 3612 2156">
     <span class='ocr_line' id='line_1_50' title="bbox 1966 2073 3612 2156; baseline 0.006 -28"><span class='ocrx_word' id='word_1_355' title='bbox 1966 2088 2062 2134; x_wconf 74' lang='lat' dir='ltr'>ne:</span> <span class='ocrx_word' id='word_1_356' title='bbox 2083 2074 2142 2130; x_wconf 83' lang='lat' dir='ltr'>in</span> <span class='ocrx_word' id='word_1_357' title='bbox 2170 2077 2355 2146; x_wconf 73' lang='lat' dir='ltr'>Moyse</span> <span class='ocrx_word' id='word_1_358' title='bbox 2386 2073 2429 2108; x_wconf 87' lang='grc'>¹⁷</span> <span class='ocrx_word' id='word_1_359' title='bbox 2459 2073 2870 2146; x_wconf 70' lang='lat' dir='ltr'>baptizatisunt</span> <span class='ocrx_word' id='word_1_360' title='bbox 2899 2076 2956 2130; x_wconf 84' lang='lat' dir='ltr'>in</span> <span class='ocrx_word' id='word_1_361' title='bbox 2991 2079 3132 2132; x_wconf 85' lang='lat' dir='ltr'>nube</span> <span class='ocrx_word' id='word_1_362' title='bbox 3159 2082 3209 2133; x_wconf 87' lang='lat' dir='ltr'>et</span> <span class='ocrx_word' id='word_1_363' title='bbox 3239 2081 3298 2134; x_wconf 87' lang='lat' dir='ltr'>in</span> <span class='ocrx_word' id='word_1_364' title='bbox 3326 2084 3472 2136; x_wconf 87' lang='lat' dir='ltr'>mari</span> <span class='ocrx_word' id='word_1_365' title='bbox 3500 2085 3612 2156; x_wconf 84' lang='grc'>(56)</span> 
     </span>
    </p>
   </div>
   <div class='ocr_carea' id='block_1_51' title="bbox 1968 2161 3610 2233">
    <p class='ocr_par' dir='ltr' id='par_1_51' title="bbox 1968 2161 3610 2233">
     <span class='ocr_line' id='line_1_51' title="bbox 1968 2161 3610 2233; baseline 0.007 -17"><span class='ocrx_word' id='word_1_366' title='bbox 1968 2163 2014 2233; x_wconf 84' lang='grc'>(1</span> <span class='ocrx_word' id='word_1_367' title='bbox 2046 2161 2164 2217; x_wconf 85' lang='lat' dir='ltr'>Cor.</span> <span class='ocrx_word' id='word_1_368' title='bbox 2199 2179 2254 2229; x_wconf 90' lang='lat' dir='ltr'>x,</span> <span class='ocrx_word' id='word_1_369' title='bbox 2289 2163 2340 2228; x_wconf 74' lang='grc' dir='ltr'>Ι,</span> <span class='ocrx_word' id='word_1_370' title='bbox 2374 2165 2426 2231; x_wconf 87' lang='lat'>2,</span> <span class='ocrx_word' id='word_1_371' title='bbox 2452 2162 2527 2232; x_wconf 89' lang='lat'>6).</span> <span class='ocrx_word' id='word_1_372' title='bbox 2565 2161 2632 2217; x_wconf 91' lang='lat' dir='ltr'>Et</span> <span class='ocrx_word' id='word_1_373' title='bbox 2686 2163 2909 2218; x_wconf 88' lang='lat' dir='ltr'>addidit</span> <span class='ocrx_word' id='word_1_374' title='bbox 2934 2165 3135 2222; x_wconf 88' lang='lat' dir='ltr'>dicens</span> <span class='ocrx_word' id='word_1_375' title='bbox 3186 2183 3198 2222; x_wconf 90' lang='lat'>:</span> <span class='ocrx_word' id='word_1_376' title='bbox 3260 2170 3385 2226; x_wconf 64' lang='lat' dir='ltr'>Haec</span> <span class='ocrx_word' id='word_1_377' title='bbox 3429 2177 3610 2228; x_wconf 85' lang='lat' dir='ltr'>autem</span> 
     </span>
    </p>
   </div>
   <div class='ocr_carea' id='block_1_52' title="bbox 1965 2250 3612 2333">
    <p class='ocr_par' dir='ltr' id='par_1_52' title="bbox 1965 2250 3612 2333">
     <span class='ocr_line' id='line_1_52' title="bbox 1965 2250 3612 2333; baseline 0.005 -26"><span class='ocrx_word' id='word_1_378' title='bbox 1965 2252 2158 2307; x_wconf 81' lang='lat' dir='ltr'>omnia</span> <span class='ocrx_word' id='word_1_379' title='bbox 2187 2250 2376 2322; x_wconf 74' lang='lat' dir='ltr'>ﬁgura:</span> <span class='ocrx_word' id='word_1_380' title='bbox 2408 2260 2601 2307; x_wconf 71' lang='lat' dir='ltr'>nostrae</span> <span class='ocrx_word' id='word_1_381' title='bbox 2629 2256 2873 2323; x_wconf 72' lang='lat' dir='ltr'>luerunt.</span> <span class='ocrx_word' id='word_1_382' title='bbox 2907 2253 3068 2317; x_wconf 87' lang='lat' dir='ltr'>Quod</span> <span class='ocrx_word' id='word_1_383' title='bbox 3101 2255 3272 2313; x_wconf 90' lang='lat' dir='ltr'>hodie</span> <span class='ocrx_word' id='word_1_384' title='bbox 3303 2259 3481 2314; x_wconf 87' lang='lat' dir='ltr'>etiam</span> <span class='ocrx_word' id='word_1_385' title='bbox 3512 2277 3612 2333; x_wconf 88' lang='lat' dir='ltr'>ge-</span> 
     </span>
    </p>
   </div>
   <div class='ocr_carea' id='block_1_53' title="bbox 1965 2340 3612 2420">
    <p class='ocr_par' dir='ltr' id='par_1_53' title="bbox 1965 2340 3612 2420">
     <span class='ocr_line' id='line_1_53' title="bbox 1965 2340 3612 2420; baseline 0.007 -26"><span class='ocrx_word' id='word_1_386' title='bbox 1965 2340 2136 2409; x_wconf 87' lang='lat' dir='ltr'>ritur,</span> <span class='ocrx_word' id='word_1_387' title='bbox 2181 2345 2244 2394; x_wconf 91' lang='lat' dir='ltr'>ut</span> <span class='ocrx_word' id='word_1_388' title='bbox 2275 2357 2376 2414; x_wconf 90' lang='lat' dir='ltr'>per</span> <span class='ocrx_word' id='word_1_389' title='bbox 2404 2341 2719 2398; x_wconf 80' lang='lat' dir='ltr'>exorcistas</span> <span class='ocrx_word' id='word_1_390' title='bbox 2749 2357 2888 2398; x_wconf 93' lang='lat' dir='ltr'>voce</span> <span class='ocrx_word' id='word_1_391' title='bbox 2921 2343 3177 2400; x_wconf 87' lang='lat' dir='ltr'>humana</span> <span class='ocrx_word' id='word_1_392' title='bbox 3226 2351 3281 2404; x_wconf 88' lang='lat' dir='ltr'>et</span> <span class='ocrx_word' id='word_1_393' title='bbox 3328 2353 3612 2420; x_wconf 86' lang='lat' dir='ltr'>potestate</span> 
     </span>
    </p>
   </div>
   <div class='ocr_carea' id='block_1_54' title="bbox 1963 2429 3607 2514">
    <p class='ocr_par' dir='ltr' id='par_1_54' title="bbox 1963 2429 3607 2514">
     <span class='ocr_line' id='line_1_54' title="bbox 1963 2429 3607 2514; baseline 0.007 -29"><span class='ocrx_word' id='word_1_394' title='bbox 1963 2430 2164 2488; x_wconf 87' lang='lat' dir='ltr'>divina</span> <span class='ocrx_word' id='word_1_395' title='bbox 2192 2429 2516 2502; x_wconf 82' lang='lat' dir='ltr'>ﬂagelletur</span> <span class='ocrx_word' id='word_1_396' title='bbox 2545 2435 2601 2488; x_wconf 89' lang='lat' dir='ltr'>et</span> <span class='ocrx_word' id='word_1_397' title='bbox 2631 2437 2836 2487; x_wconf 92' lang='lat' dir='ltr'>uratur</span> <span class='ocrx_word' id='word_1_398' title='bbox 2864 2437 2922 2488; x_wconf 92' lang='lat' dir='ltr'>et</span> <span class='ocrx_word' id='word_1_399' title='bbox 2955 2438 3298 2507; x_wconf 90' lang='lat' dir='ltr'>torqueatur</span> <span class='ocrx_word' id='word_1_400' title='bbox 3318 2438 3607 2514; x_wconf 85' lang='lat' dir='ltr'>diabolus,</span> 
     </span>
    </p>
   </div>
   <div class='ocr_carea' id='block_1_55' title="bbox 1965 2519 3607 2600">
    <p class='ocr_par' dir='ltr' id='par_1_55' title="bbox 1965 2519 3607 2600">
     <span class='ocr_line' id='line_1_55' title="bbox 1965 2519 3607 2600; baseline 0.004 -22"><span class='ocrx_word' id='word_1_401' title='bbox 1965 2523 2022 2578; x_wconf 80' lang='lat' dir='ltr'>et</span> <span class='ocrx_word' id='word_1_402' title='bbox 2050 2535 2184 2579; x_wconf 89' lang='lat' dir='ltr'>eum</span> <span class='ocrx_word' id='word_1_403' title='bbox 2216 2519 2370 2576; x_wconf 83' lang='lat' dir='ltr'>exire</span> <span class='ocrx_word' id='word_1_404' title='bbox 2387 2535 2447 2575; x_wconf 90' lang='lat' dir='ltr'>se</span> <span class='ocrx_word' id='word_1_405' title='bbox 2478 2525 2535 2576; x_wconf 90' lang='lat' dir='ltr'>et</span> <span class='ocrx_word' id='word_1_406' title='bbox 2565 2519 2833 2576; x_wconf 89' lang='lat' dir='ltr'>homines</span> <span class='ocrx_word' id='word_1_407' title='bbox 2864 2521 2965 2576; x_wconf 90' lang='lat' dir='ltr'>Dei</span> <span class='ocrx_word' id='word_1_408' title='bbox 2998 2523 3294 2586; x_wconf 80' lang='lat' dir='ltr'>dimittere</span> <span class='ocrx_word' id='word_1_409' title='bbox 3335 2543 3486 2600; x_wconf 74' lang='lat' dir='ltr'>saepe</span> <span class='ocrx_word' id='word_1_410' title='bbox 3518 2529 3607 2588; x_wconf 88' lang='lat' dir='ltr'>di-</span> 
     </span>
    </p>
   </div>
   <div class='ocr_carea' id='block_1_56' title="bbox 1963 2609 3610 2688">
    <p class='ocr_par' dir='ltr' id='par_1_56' title="bbox 1963 2609 3610 2688">
     <span class='ocr_line' id='line_1_56' title="bbox 1963 2609 3610 2688; baseline 0.006 -23"><span class='ocrx_word' id='word_1_411' title='bbox 1963 2613 2078 2678; x_wconf 83' lang='lat' dir='ltr'>cat,</span> <span class='ocrx_word' id='word_1_412' title='bbox 2114 2609 2173 2670; x_wconf 85' lang='lat' dir='ltr'>in</span> <span class='ocrx_word' id='word_1_413' title='bbox 2205 2624 2270 2666; x_wconf 88' lang='lat' dir='ltr'>eo</span> <span class='ocrx_word' id='word_1_414' title='bbox 2299 2612 2494 2666; x_wconf 90' lang='lat' dir='ltr'>tamen</span> <span class='ocrx_word' id='word_1_415' title='bbox 2519 2610 2672 2680; x_wconf 89' lang='lat' dir='ltr'>quod</span> <span class='ocrx_word' id='word_1_416' title='bbox 2697 2609 2907 2668; x_wconf 82' lang='lat' dir='ltr'>dixerit</span> <span class='ocrx_word' id='word_1_417' title='bbox 2938 2611 3120 2680; x_wconf 75' lang='lat' dir='ltr'>fallat,</span> <span class='ocrx_word' id='word_1_418' title='bbox 3155 2615 3286 2676; x_wconf 87' lang='lat' dir='ltr'>etid</span> <span class='ocrx_word' id='word_1_419' title='bbox 3327 2618 3482 2688; x_wconf 87' lang='lat' dir='ltr'>quod</span> <span class='ocrx_word' id='word_1_420' title='bbox 3509 2635 3610 2688; x_wconf 88' lang='lat' dir='ltr'>per</span> 
     </span>
    </p>
   </div>
   <div class='ocr_carea' id='block_1_57' title="bbox 1965 2697 3609 2770">
    <p class='ocr_par' dir='ltr' id='par_1_57' title="bbox 1965 2697 3609 2770">
     <span class='ocr_line' id='line_1_57' title="bbox 1965 2697 3609 2770; baseline 0.005 -16"><span class='ocrx_word' id='word_1_421' title='bbox 1965 2697 2324 2760; x_wconf 84' lang='lat' dir='ltr'>Pharaonem</span> <span class='ocrx_word' id='word_1_422' title='bbox 2347 2697 2506 2768; x_wconf 89' lang='lat' dir='ltr'>prius</span> <span class='ocrx_word' id='word_1_423' title='bbox 2525 2701 2755 2770; x_wconf 89' lang='lat' dir='ltr'>gestum</span> <span class='ocrx_word' id='word_1_424' title='bbox 2774 2703 2862 2754; x_wconf 88' lang='lat' dir='ltr'>est</span> <span class='ocrx_word' id='word_1_425' title='bbox 2887 2701 3090 2760; x_wconf 84' lang='lat' dir='ltr'>eodem</span> <span class='ocrx_word' id='word_1_426' title='bbox 3116 2704 3420 2764; x_wconf 82' lang='lat' dir='ltr'>mendacio</span> <span class='ocrx_word' id='word_1_427' title='bbox 3435 2707 3609 2764; x_wconf 84' lang='lat' dir='ltr'>obsti-</span> 
     </span>
    </p>
   </div>
   <div class='ocr_carea' id='block_1_58' title="bbox 1963 2785 3607 2867">
    <p class='ocr_par' dir='ltr' id='par_1_58' title="bbox 1963 2785 3607 2867">
     <span class='ocr_line' id='line_1_58' title="bbox 1963 2785 3607 2867; baseline 0.009 -26"><span class='ocrx_word' id='word_1_428' title='bbox 1963 2785 2216 2846; x_wconf 82' lang='lat' dir='ltr'>nationis</span> <span class='ocrx_word' id='word_1_429' title='bbox 2246 2799 2301 2840; x_wconf 78' lang='lat' dir='ltr'>ei</span> <span class='ocrx_word' id='word_1_430' title='bbox 2325 2785 2548 2840; x_wconf 83' lang='lat' dir='ltr'>fraudis</span> <span class='ocrx_word' id='word_1_431' title='bbox 2579 2793 2856 2842; x_wconf 87' lang='lat' dir='ltr'>exerceat.</span> <span class='ocrx_word' id='word_1_432' title='bbox 2889 2788 3036 2848; x_wconf 87' lang='lat' dir='ltr'>Cum</span> <span class='ocrx_word' id='word_1_433' title='bbox 3059 2794 3252 2848; x_wconf 87' lang='lat' dir='ltr'>tamen</span> <span class='ocrx_word' id='word_1_434' title='bbox 3287 2794 3359 2850; x_wconf 89' lang='lat' dir='ltr'>ad</span> <span class='ocrx_word' id='word_1_435' title='bbox 3390 2811 3607 2867; x_wconf 86' lang='lat' dir='ltr'>aquam</span> 
     </span>
    </p>
   </div>
   <div class='ocr_carea' id='block_1_59' title="bbox 1963 2873 3606 2944">
    <p class='ocr_par' dir='ltr' id='par_1_59' title="bbox 1963 2873 3606 2944">
     <span class='ocr_line' id='line_1_59' title="bbox 1963 2873 3606 2944; baseline 0.005 -14"><span class='ocrx_word' id='word_1_436' title='bbox 1963 2873 2283 2932; x_wconf 85' lang='lat' dir='ltr'>salutarem</span> <span class='ocrx_word' id='word_1_437' title='bbox 2300 2877 2474 2944; x_wconf 90' lang='lat' dir='ltr'>atque</span> <span class='ocrx_word' id='word_1_438' title='bbox 2496 2873 2567 2928; x_wconf 91' lang='lat' dir='ltr'>ad</span> <span class='ocrx_word' id='word_1_439' title='bbox 2592 2873 2867 2944; x_wconf 86' lang='lat' dir='ltr'>baptismi</span> <span class='ocrx_word' id='word_1_440' title='bbox 2890 2879 3418 2938; x_wconf 80' lang='lat' dir='ltr'>sanctificationem</span> <span class='ocrx_word' id='word_1_441' title='bbox 3447 2886 3606 2940; x_wconf 88' lang='lat' dir='ltr'>veni-</span> 
     </span>
    </p>
   </div>
   <div class='ocr_carea' id='block_1_60' title="bbox 1963 2961 3605 3044">
    <p class='ocr_par' dir='ltr' id='par_1_60' title="bbox 1963 2961 3605 3044">
     <span class='ocr_line' id='line_1_60' title="bbox 1963 2961 3605 3044; baseline 0.006 -26"><span class='ocrx_word' id='word_1_442' title='bbox 1963 2966 2080 3032; x_wconf 87' lang='lat' dir='ltr'>tur,</span> <span class='ocrx_word' id='word_1_443' title='bbox 2113 2961 2261 3018; x_wconf 85' lang='lat' dir='ltr'>scire</span> <span class='ocrx_word' id='word_1_444' title='bbox 2291 2961 2575 3018; x_wconf 88' lang='lat' dir='ltr'>debemus</span> <span class='ocrx_word' id='word_1_445' title='bbox 2604 2967 2661 3017; x_wconf 87' lang='lat' dir='ltr'>et</span> <span class='ocrx_word' id='word_1_446' title='bbox 2686 2962 2863 3020; x_wconf 80' lang='lat' dir='ltr'>ﬁdere</span> <span class='ocrx_word' id='word_1_447' title='bbox 2894 2965 3034 3040; x_wconf 89' lang='lat' dir='ltr'>quia</span> <span class='ocrx_word' id='word_1_448' title='bbox 3051 2965 3171 3026; x_wconf 91' lang='lat' dir='ltr'>illic</span> <span class='ocrx_word' id='word_1_449' title='bbox 3203 2969 3471 3026; x_wconf 84' lang='lat' dir='ltr'>diabolus</span> <span class='ocrx_word' id='word_1_450' title='bbox 3503 2989 3605 3044; x_wconf 90' lang='lat' dir='ltr'>op-</span> 
     </span>
    </p>
   </div>
   <div class='ocr_carea' id='block_1_61' title="bbox 1964 3049 3607 3132">
    <p class='ocr_par' dir='ltr' id='par_1_61' title="bbox 1964 3049 3607 3132">
     <span class='ocr_line' id='line_1_61' title="bbox 1964 3049 3607 3132; baseline 0.009 -26"><span class='ocrx_word' id='word_1_451' title='bbox 1964 3051 2258 3124; x_wconf 84' lang='lat' dir='ltr'>primitur,</span> <span class='ocrx_word' id='word_1_452' title='bbox 2291 3054 2347 3106; x_wconf 92' lang='lat' dir='ltr'>et</span> <span class='ocrx_word' id='word_1_453' title='bbox 2378 3049 2551 3106; x_wconf 90' lang='lat' dir='ltr'>homo</span> <span class='ocrx_word' id='word_1_454' title='bbox 2585 3055 2695 3106; x_wconf 91' lang='lat' dir='ltr'>Dee</span> <span class='ocrx_word' id='word_1_455' title='bbox 2727 3051 2954 3109; x_wconf 88' lang='lat' dir='ltr'>dicatus</span> <span class='ocrx_word' id='word_1_456' title='bbox 3005 3054 3199 3114; x_wconf 91' lang='lat' dir='ltr'>divina</span> <span class='ocrx_word' id='word_1_457' title='bbox 3243 3057 3607 3132; x_wconf 84' lang='lat' dir='ltr'>indulgentia</span> 
     </span>
    </p>
   </div>
   <div class='ocr_carea' id='block_1_62' title="bbox 1964 3139 3603 3221">
    <p class='ocr_par' dir='ltr' id='par_1_62' title="bbox 1964 3139 3603 3221">
     <span class='ocr_line' id='line_1_62' title="bbox 1964 3139 3603 3221; baseline 0.007 -26"><span class='ocrx_word' id='word_1_458' title='bbox 1964 3140 2261 3196; x_wconf 84' lang='lat' dir='ltr'>liberatur.</span> <span class='ocrx_word' id='word_1_459' title='bbox 2294 3139 2438 3195; x_wconf 87' lang='lat' dir='ltr'>Nam</span> <span class='ocrx_word' id='word_1_460' title='bbox 2472 3139 2516 3196; x_wconf 92' lang='lat' dir='ltr'>si</span> <span class='ocrx_word' id='word_1_461' title='bbox 2551 3140 2700 3196; x_wconf 90' lang='lat' dir='ltr'>sicut</span> <span class='ocrx_word' id='word_1_462' title='bbox 2721 3142 2932 3214; x_wconf 90' lang='lat' dir='ltr'>scorpii</span> <span class='ocrx_word' id='word_1_463' title='bbox 2962 3149 3018 3199; x_wconf 91' lang='lat' dir='ltr'>et</span> <span class='ocrx_word' id='word_1_464' title='bbox 3046 3151 3365 3218; x_wconf 82' lang='lat' dir='ltr'>serpentes,</span> <span class='ocrx_word' id='word_1_465' title='bbox 3403 3151 3502 3221; x_wconf 89' lang='lat' dir='ltr'>qui</span> <span class='ocrx_word' id='word_1_466' title='bbox 3545 3151 3603 3208; x_wconf 93' lang='lat' dir='ltr'>in</span> 
     </span>
    </p>
   </div>
   <div class='ocr_carea' id='block_1_63' title="bbox 199 3217 3604 3309">
    <p class='ocr_par' dir='ltr' id='par_1_63' title="bbox 199 3217 3604 3309">
     <span class='ocr_line' id='line_1_63' title="bbox 199 3217 3604 3309; baseline 0.001 -18"><span class='ocrx_word' id='word_1_467' title='bbox 199 3235 369 3291; x_wconf 88' lang='lat' dir='ltr'>Unde</span> <span class='ocrx_word' id='word_1_468' title='bbox 399 3232 715 3306; x_wconf 88' lang='lat' dir='ltr'>apparebat</span> <span class='ocrx_word' id='word_1_469' title='bbox 767 3229 978 3285; x_wconf 88' lang='lat' dir='ltr'>Christi</span> <span class='ocrx_word' id='word_1_470' title='bbox 1011 3231 1438 3302; x_wconf 85' lang='lat' dir='ltr'>indulgentiam</span> <span class='ocrx_word' id='word_1_471' title='bbox 1469 3233 1843 3294; x_wconf 73' lang='lat' dir='ltr'>etcmlestem</span> <span class='ocrx_word' id='word_1_472' title='bbox 1879 3217 1920 3284; x_wconf 87' lang='lat' dir='ltr'>C</span> <span class='ocrx_word' id='word_1_473' title='bbox 1959 3229 2112 3284; x_wconf 87' lang='lat' dir='ltr'>sicco</span> <span class='ocrx_word' id='word_1_474' title='bbox 2152 3228 2484 3300; x_wconf 69' lang='lat' dir='ltr'>przevalent,</span> <span class='ocrx_word' id='word_1_475' title='bbox 2530 3229 2588 3284; x_wconf 93' lang='lat' dir='ltr'>in</span> <span class='ocrx_word' id='word_1_476' title='bbox 2630 3246 2840 3300; x_wconf 88' lang='lat' dir='ltr'>aquam</span> <span class='ocrx_word' id='word_1_477' title='bbox 2903 3217 3243 3307; x_wconf 68' lang='lat' dir='ltr'>praecipitati</span> <span class='ocrx_word' id='word_1_478' title='bbox 3296 3217 3604 3309; x_wconf 63' lang='lat' dir='ltr'>pravalere</span> 
     </span>
    </p>
   </div>
   <div class='ocr_carea' id='block_1_64' title="bbox 193 3320 1841 3397">
    <p class='ocr_par' dir='ltr' id='par_1_64' title="bbox 193 3320 1841 3397">
     <span class='ocr_line' id='line_1_64' title="bbox 193 3320 1841 3397; baseline -0.001 -17"><span class='ocrx_word' id='word_1_479' title='bbox 193 3325 448 3397; x_wconf 87' lang='lat' dir='ltr'>gratiam</span> <span class='ocrx_word' id='word_1_480' title='bbox 475 3320 846 3394; x_wconf 83' lang='lat' dir='ltr'>postmodum</span> <span class='ocrx_word' id='word_1_481' title='bbox 871 3323 1205 3374; x_wconf 89' lang='lat' dir='ltr'>secuturam</span> <span class='ocrx_word' id='word_1_482' title='bbox 1233 3320 1534 3392; x_wconf 63' lang='lat' dir='ltr'>aequaliter</span> <span class='ocrx_word' id='word_1_483' title='bbox 1565 3323 1841 3380; x_wconf 90' lang='lat' dir='ltr'>omnibus</span> 
     </span>
    </p>
   </div>
   <div class='ocr_carea' id='block_1_65' title="bbox 191 3407 1840 3470">
    <p class='ocr_par' dir='ltr' id='par_1_65' title="bbox 191 3407 1840 3470">
     <span class='ocr_line' id='line_1_65' title="bbox 191 3407 1840 3470; baseline -0.001 -3"><span class='ocrx_word' id='word_1_484' title='bbox 191 3413 375 3467; x_wconf 85' lang='lat' dir='ltr'>dividi</span> <span class='ocrx_word' id='word_1_485' title='bbox 406 3413 532 3466; x_wconf 88' lang='lat' dir='ltr'>sine</span> <span class='ocrx_word' id='word_1_486' title='bbox 562 3425 733 3464; x_wconf 82' lang='lat' dir='ltr'>sexus</span> <span class='ocrx_word' id='word_1_487' title='bbox 763 3407 1056 3470; x_wconf 88' lang='lat' dir='ltr'>varietate,</span> <span class='ocrx_word' id='word_1_488' title='bbox 1091 3408 1216 3462; x_wconf 90' lang='lat' dir='ltr'>sine</span> <span class='ocrx_word' id='word_1_489' title='bbox 1242 3426 1530 3464; x_wconf 87' lang='lat' dir='ltr'>annorum</span> <span class='ocrx_word' id='word_1_490' title='bbox 1549 3410 1840 3466; x_wconf 88' lang='lat' dir='ltr'>discrimi-</span> 
     </span>
    </p>
   </div>
   <div class='ocr_carea' id='block_1_66' title="bbox 192 3499 1843 3571">
    <p class='ocr_par' dir='ltr' id='par_1_66' title="bbox 192 3499 1843 3571">
     <span class='ocr_line' id='line_1_66' title="bbox 192 3499 1843 3571; baseline -0.002 -14"><span class='ocrx_word' id='word_1_491' title='bbox 192 3519 286 3570; x_wconf 88' lang='lat' dir='ltr'>ne,</span> <span class='ocrx_word' id='word_1_492' title='bbox 322 3500 448 3556; x_wconf 84' lang='lat' dir='ltr'>sine</span> <span class='ocrx_word' id='word_1_493' title='bbox 479 3499 810 3569; x_wconf 87' lang='lat' dir='ltr'>acceptione</span> <span class='ocrx_word' id='word_1_494' title='bbox 842 3513 1122 3566; x_wconf 68' lang='lat' dir='ltr'>personae,</span> <span class='ocrx_word' id='word_1_495' title='bbox 1147 3513 1324 3568; x_wconf 90' lang='lat' dir='ltr'>super</span> <span class='ocrx_word' id='word_1_496' title='bbox 1355 3515 1587 3554; x_wconf 88' lang='lat' dir='ltr'>omnem</span> <span class='ocrx_word' id='word_1_497' title='bbox 1624 3500 1717 3554; x_wconf 88' lang='lat' dir='ltr'>Dei</span> <span class='ocrx_word' id='word_1_498' title='bbox 1745 3517 1843 3571; x_wconf 87' lang='lat' dir='ltr'>po-</span> 
     </span>
    </p>
   </div>
   <div class='ocr_carea' id='block_1_67' title="bbox 187 3585 1839 3662">
    <p class='ocr_par' dir='ltr' id='par_1_67' title="bbox 187 3585 1839 3662">
     <span class='ocr_line' id='line_1_67' title="bbox 187 3585 1839 3662; baseline -0.001 -17"><span class='ocrx_word' id='word_1_499' title='bbox 187 3593 400 3662; x_wconf 89' lang='lat' dir='ltr'>pulum</span> <span class='ocrx_word' id='word_1_500' title='bbox 419 3586 699 3660; x_wconf 86' lang='lat' dir='ltr'>spiritalis</span> <span class='ocrx_word' id='word_1_501' title='bbox 722 3585 919 3657; x_wconf 69' lang='lat' dir='ltr'>gratiaz</span> <span class='ocrx_word' id='word_1_502' title='bbox 937 3602 1152 3640; x_wconf 89' lang='lat' dir='ltr'>munus</span> <span class='ocrx_word' id='word_1_503' title='bbox 1175 3585 1425 3642; x_wconf 84' lang='lat' dir='ltr'>infundi.</span> <span class='ocrx_word' id='word_1_504' title='bbox 1449 3588 1622 3643; x_wconf 89' lang='lat' dir='ltr'>Plane</span> <span class='ocrx_word' id='word_1_505' title='bbox 1637 3590 1839 3644; x_wconf 81' lang='lat' dir='ltr'>eadem</span> 
     </span>
    </p>
   </div>
   <div class='ocr_carea' id='block_1_68' title="bbox 182 3673 1838 3750">
    <p class='ocr_par' dir='ltr' id='par_1_68' title="bbox 182 3673 1838 3750">
     <span class='ocr_line' id='line_1_68' title="bbox 182 3673 1838 3750; baseline -0.001 -17"><span class='ocrx_word' id='word_1_506' title='bbox 182 3679 382 3750; x_wconf 80' lang='lat' dir='ltr'>gratia</span> <span class='ocrx_word' id='word_1_507' title='bbox 412 3675 718 3750; x_wconf 86' lang='lat' dir='ltr'>spiritalis,</span> <span class='ocrx_word' id='word_1_508' title='bbox 751 3691 878 3745; x_wconf 73' lang='lat' dir='ltr'>quae</span> <span class='ocrx_word' id='word_1_509' title='bbox 901 3673 1202 3744; x_wconf 72' lang='lat' dir='ltr'>aequaliter</span> <span class='ocrx_word' id='word_1_510' title='bbox 1230 3673 1287 3728; x_wconf 92' lang='lat' dir='ltr'>in</span> <span class='ocrx_word' id='word_1_511' title='bbox 1323 3676 1616 3747; x_wconf 90' lang='lat' dir='ltr'>baptismo</span> <span class='ocrx_word' id='word_1_512' title='bbox 1649 3693 1681 3730; x_wconf 94' lang='lat' dir='ltr'>a</span> <span class='ocrx_word' id='word_1_513' title='bbox 1715 3692 1838 3731; x_wconf 86' lang='lat' dir='ltr'>crc-</span> 
     </span>
    </p>
   </div>
   <div class='ocr_carea' id='block_1_69' title="bbox 183 3763 1837 3836">
    <p class='ocr_par' dir='ltr' id='par_1_69' title="bbox 183 3763 1837 3836">
     <span class='ocr_line' id='line_1_69' title="bbox 183 3763 1837 3836; baseline -0.002 -13"><span class='ocrx_word' id='word_1_514' title='bbox 183 3769 464 3823; x_wconf 88' lang='lat' dir='ltr'>dentibus</span> <span class='ocrx_word' id='word_1_515' title='bbox 496 3765 751 3820; x_wconf 87' lang='lat' dir='ltr'>sumitur</span> <span class='ocrx_word' id='word_1_516' title='bbox 784 3765 848 3832; x_wconf 75' lang='grc'>¹⁵,</span> <span class='ocrx_word' id='word_1_517' title='bbox 884 3763 941 3817; x_wconf 91' lang='lat' dir='ltr'>in</span> <span class='ocrx_word' id='word_1_518' title='bbox 973 3763 1409 3820; x_wconf 90' lang='lat' dir='ltr'>conversatione</span> <span class='ocrx_word' id='word_1_519' title='bbox 1469 3769 1642 3836; x_wconf 89' lang='lat' dir='ltr'>atque</span> <span class='ocrx_word' id='word_1_520' title='bbox 1701 3772 1837 3822; x_wconf 88' lang='lat' dir='ltr'>actu</span> 
     </span>
    </p>
   </div>
   <div class='ocr_carea' id='block_1_70' title="bbox 185 3851 1837 3927">
    <p class='ocr_par' dir='ltr' id='par_1_70' title="bbox 185 3851 1837 3927">
     <span class='ocr_line' id='line_1_70' title="bbox 185 3851 1837 3927; baseline -0.002 -13"><span class='ocrx_word' id='word_1_521' title='bbox 185 3863 390 3914; x_wconf 89' lang='lat' dir='ltr'>nostro</span> <span class='ocrx_word' id='word_1_522' title='bbox 418 3853 794 3927; x_wconf 88' lang='lat' dir='ltr'>postmodum</span> <span class='ocrx_word' id='word_1_523' title='bbox 818 3851 904 3906; x_wconf 90' lang='lat' dir='ltr'>vel</span> <span class='ocrx_word' id='word_1_524' title='bbox 940 3853 1226 3907; x_wconf 87' lang='lat' dir='ltr'>minuitur</span> <span class='ocrx_word' id='word_1_525' title='bbox 1255 3853 1341 3909; x_wconf 92' lang='lat' dir='ltr'>vel</span> <span class='ocrx_word' id='word_1_526' title='bbox 1375 3859 1656 3926; x_wconf 88' lang='lat' dir='ltr'>augetur;</span> <span class='ocrx_word' id='word_1_527' title='bbox 1691 3859 1755 3909; x_wconf 92' lang='lat' dir='ltr'>ut</span> <span class='ocrx_word' id='word_1_528' title='bbox 1778 3855 1837 3910; x_wconf 91' lang='lat' dir='ltr'>in</span> 
     </span>
    </p>
   </div>
   <div class='ocr_carea' id='block_1_71' title="bbox 185 3942 1835 4017">
    <p class='ocr_par' dir='ltr' id='par_1_71' title="bbox 185 3942 1835 4017">
     <span class='ocr_line' id='line_1_71' title="bbox 185 3942 1835 4017; baseline -0.002 -15"><span class='ocrx_word' id='word_1_529' title='bbox 185 3944 501 4017; x_wconf 80' lang='lat' dir='ltr'>Evangelio</span> <span class='ocrx_word' id='word_1_530' title='bbox 535 3942 898 3998; x_wconf 89' lang='lat' dir='ltr'>Dominicum</span> <span class='ocrx_word' id='word_1_531' title='bbox 935 3957 1134 3996; x_wconf 90' lang='lat' dir='ltr'>semen</span> <span class='ocrx_word' id='word_1_532' title='bbox 1166 3942 1468 4013; x_wconf 55' lang='lat' dir='ltr'>aequaliter</span> <span class='ocrx_word' id='word_1_533' title='bbox 1489 3944 1835 4013; x_wconf 89' lang='lat' dir='ltr'>seminatur,</span> 
     </span>
    </p>
   </div>
   <div class='ocr_carea' id='block_1_72' title="bbox 186 4029 1835 4106">
    <p class='ocr_par' dir='ltr' id='par_1_72' title="bbox 186 4029 1835 4106">
     <span class='ocr_line' id='line_1_72' title="bbox 186 4029 1835 4106; baseline -0.003 -15"><span class='ocrx_word' id='word_1_534' title='bbox 186 4037 289 4091; x_wconf 86' lang='lat' dir='ltr'>sed</span> <span class='ocrx_word' id='word_1_535' title='bbox 325 4051 430 4106; x_wconf 90' lang='lat' dir='ltr'>pro</span> <span class='ocrx_word' id='word_1_536' title='bbox 461 4033 735 4090; x_wconf 84' lang='lat' dir='ltr'>varietate</span> <span class='ocrx_word' id='word_1_537' title='bbox 765 4035 928 4085; x_wconf 71' lang='lat' dir='ltr'>terras</span> <span class='ocrx_word' id='word_1_538' title='bbox 963 4029 1120 4086; x_wconf 88' lang='lat' dir='ltr'>aliud</span> <span class='ocrx_word' id='word_1_539' title='bbox 1159 4030 1492 4088; x_wconf 89' lang='lat' dir='ltr'>absumitur</span> <span class='ocrx_word' id='word_1_540' title='bbox 1558 4031 1717 4088; x_wconf 91' lang='lat' dir='ltr'>aliud</span> <span class='ocrx_word' id='word_1_541' title='bbox 1778 4033 1835 4087; x_wconf 92' lang='lat' dir='ltr'>in</span> 
     </span>
    </p>
   </div>
   <div class='ocr_carea' id='block_1_73' title="bbox 1959 3318 3601 3396">
    <p class='ocr_par' dir='ltr' id='par_1_73' title="bbox 1959 3318 3601 3396">
     <span class='ocr_line' id='line_1_73' title="bbox 1959 3318 3601 3396; baseline 0.006 -22"><span class='ocrx_word' id='word_1_542' title='bbox 1959 3335 2073 3376; x_wconf 89' lang='lat' dir='ltr'>non</span> <span class='ocrx_word' id='word_1_543' title='bbox 2116 3322 2365 3388; x_wconf 90' lang='lat' dir='ltr'>possunt</span> <span class='ocrx_word' id='word_1_544' title='bbox 2393 3318 2432 3351; x_wconf 86' lang='grc'>¹⁸</span> <span class='ocrx_word' id='word_1_545' title='bbox 2462 3323 2565 3374; x_wconf 86' lang='lat' dir='ltr'>aut</span> <span class='ocrx_word' id='word_1_546' title='bbox 2595 3335 2702 3374; x_wconf 91' lang='lat' dir='ltr'>sua</span> <span class='ocrx_word' id='word_1_547' title='bbox 2754 3336 2974 3376; x_wconf 82' lang='lat' dir='ltr'>venena</span> <span class='ocrx_word' id='word_1_548' title='bbox 3014 3323 3258 3380; x_wconf 89' lang='lat' dir='ltr'>retinere</span> <span class='ocrx_word' id='word_1_549' title='bbox 3300 3326 3362 3396; x_wconf 74' lang='grc'>³⁸,</span> <span class='ocrx_word' id='word_1_550' title='bbox 3422 3327 3505 3388; x_wconf 90' lang='lat' dir='ltr'>sic</span> <span class='ocrx_word' id='word_1_551' title='bbox 3544 3334 3601 3390; x_wconf 85' lang='lat' dir='ltr'>et</span> 
     </span>
    </p>
   </div>
   <div class='ocr_carea' id='block_1_74' title="bbox 1951 3407 3595 3489">
    <p class='ocr_par' dir='ltr' id='par_1_74' title="bbox 1951 3407 3595 3489">
     <span class='ocr_line' id='line_1_74' title="bbox 1951 3407 3595 3489; baseline 0.007 -29"><span class='ocrx_word' id='word_1_552' title='bbox 1951 3407 2193 3478; x_wconf 87' lang='lat' dir='ltr'>spiritus</span> <span class='ocrx_word' id='word_1_553' title='bbox 2224 3423 2473 3477; x_wconf 90' lang='lat' dir='ltr'>nequam</span> <span class='ocrx_word' id='word_1_554' title='bbox 2507 3407 2572 3473; x_wconf 59' lang='lat'>2°,</span> <span class='ocrx_word' id='word_1_555' title='bbox 2605 3408 2705 3480; x_wconf 88' lang='lat' dir='ltr'>qui</span> <span class='ocrx_word' id='word_1_556' title='bbox 2757 3410 2968 3481; x_wconf 90' lang='lat' dir='ltr'>scorpii</span> <span class='ocrx_word' id='word_1_557' title='bbox 2992 3416 3048 3466; x_wconf 94' lang='lat' dir='ltr'>et</span> <span class='ocrx_word' id='word_1_558' title='bbox 3063 3419 3362 3484; x_wconf 89' lang='lat' dir='ltr'>serpentes</span> <span class='ocrx_word' id='word_1_559' title='bbox 3394 3416 3595 3489; x_wconf 71' lang='lat' dir='ltr'>appel~</span> 
     </span>
    </p>
   </div>
   <div class='ocr_carea' id='block_1_75' title="bbox 1951 3495 3594 3576">
    <p class='ocr_par' dir='ltr' id='par_1_75' title="bbox 1951 3495 3594 3576">
     <span class='ocr_line' id='line_1_75' title="bbox 1951 3495 3594 3576; baseline 0.006 -26"><span class='ocrx_word' id='word_1_560' title='bbox 1951 3495 2168 3563; x_wconf 92' lang='lat' dir='ltr'>lantur,</span> <span class='ocrx_word' id='word_1_561' title='bbox 2202 3499 2259 3549; x_wconf 90' lang='lat' dir='ltr'>et</span> <span class='ocrx_word' id='word_1_562' title='bbox 2288 3499 2484 3550; x_wconf 91' lang='lat' dir='ltr'>tamen</span> <span class='ocrx_word' id='word_1_563' title='bbox 2519 3513 2619 3568; x_wconf 89' lang='lat' dir='ltr'>per</span> <span class='ocrx_word' id='word_1_564' title='bbox 2651 3513 2756 3554; x_wconf 92' lang='lat' dir='ltr'>nos</span> <span class='ocrx_word' id='word_1_565' title='bbox 2785 3498 2922 3554; x_wconf 88' lang='lat' dir='ltr'>data</span> <span class='ocrx_word' id='word_1_566' title='bbox 2955 3517 2988 3554; x_wconf 89' lang='lat' dir='ltr'>a</span> <span class='ocrx_word' id='word_1_567' title='bbox 3018 3499 3266 3562; x_wconf 87' lang='lat' dir='ltr'>Domino</span> <span class='ocrx_word' id='word_1_568' title='bbox 3307 3509 3594 3576; x_wconf 88' lang='lat' dir='ltr'>potestate</span> 
     </span>
    </p>
   </div>
   <div class='ocr_carea' id='block_1_76' title="bbox 1950 3583 3595 3661">
    <p class='ocr_par' dir='ltr' id='par_1_76' title="bbox 1950 3583 3595 3661">
     <span class='ocr_line' id='line_1_76' title="bbox 1950 3583 3595 3661; baseline 0.008 -22"><span class='ocrx_word' id='word_1_569' title='bbox 1950 3583 2268 3649; x_wconf 89' lang='lat' dir='ltr'>calcantur,</span> <span class='ocrx_word' id='word_1_570' title='bbox 2301 3600 2641 3656; x_wconf 87' lang='lat' dir='ltr'>permanere</span> <span class='ocrx_word' id='word_1_571' title='bbox 2667 3586 2820 3642; x_wconf 90' lang='lat' dir='ltr'>ultra</span> <span class='ocrx_word' id='word_1_572' title='bbox 2843 3604 2956 3643; x_wconf 91' lang='lat' dir='ltr'>non</span> <span class='ocrx_word' id='word_1_573' title='bbox 2983 3591 3303 3661; x_wconf 89' lang='lat' dir='ltr'>possuntin</span> <span class='ocrx_word' id='word_1_574' title='bbox 3336 3593 3595 3654; x_wconf 88' lang='lat' dir='ltr'>hominis</span> 
     </span>
    </p>
   </div>
   <div class='ocr_carea' id='block_1_77' title="bbox 1948 3672 3598 3757">
    <p class='ocr_par' dir='ltr' id='par_1_77' title="bbox 1948 3672 3598 3757">
     <span class='ocr_line' id='line_1_77' title="bbox 1948 3672 3598 3757; baseline 0.007 -28"><span class='ocrx_word' id='word_1_575' title='bbox 1948 3690 2208 3744; x_wconf 90' lang='lat' dir='ltr'>corpore,</span> <span class='ocrx_word' id='word_1_576' title='bbox 2240 3672 2298 3728; x_wconf 92' lang='lat' dir='ltr'>in</span> <span class='ocrx_word' id='word_1_577' title='bbox 2331 3689 2446 3744; x_wconf 93' lang='lat' dir='ltr'>quo</span> <span class='ocrx_word' id='word_1_578' title='bbox 2503 3673 2794 3746; x_wconf 87' lang='lat' dir='ltr'>baptizato</span> <span class='ocrx_word' id='word_1_579' title='bbox 2857 3676 2914 3731; x_wconf 89' lang='lat' dir='ltr'>in</span> <span class='ocrx_word' id='word_1_580' title='bbox 2972 3679 3330 3738; x_wconf 82' lang='lat' dir='ltr'>sanctiﬁcato</span> <span class='ocrx_word' id='word_1_581' title='bbox 3392 3683 3598 3757; x_wconf 89' lang='lat' dir='ltr'>incipit</span> 
     </span>
    </p>
   </div>
   <div class='ocr_carea' id='block_1_78' title="bbox 1949 3761 2784 3834">
    <p class='ocr_par' dir='ltr' id='par_1_78' title="bbox 1949 3761 2784 3834">
     <span class='ocr_line' id='line_1_78' title="bbox 1949 3761 2784 3834; baseline 0.007 -20"><span class='ocrx_word' id='word_1_582' title='bbox 1949 3761 2201 3834; x_wconf 90' lang='lat' dir='ltr'>Spiritus</span> <span class='ocrx_word' id='word_1_583' title='bbox 2233 3767 2470 3818; x_wconf 81' lang='lat' dir='ltr'>sanctus</span> <span class='ocrx_word' id='word_1_584' title='bbox 2501 3761 2784 3820; x_wconf 87' lang='lat' dir='ltr'>habitare.</span> 
     </span>
    </p>
   </div>
   <div class='ocr_carea' id='block_1_79' title="bbox 2019 3850 3596 3930">
    <p class='ocr_par' dir='ltr' id='par_1_79' title="bbox 2019 3850 3596 3930">
     <span class='ocr_line' id='line_1_79' title="bbox 2019 3850 3596 3930; baseline 0.01 -25"><span class='ocrx_word' id='word_1_585' title='bbox 2019 3850 2164 3912; x_wconf 86' lang='lat' dir='ltr'>XVI.</span> <span class='ocrx_word' id='word_1_586' title='bbox 2194 3851 2310 3908; x_wconf 85' lang='lat' dir='ltr'>Hoc</span> <span class='ocrx_word' id='word_1_587' title='bbox 2341 3851 2594 3922; x_wconf 89' lang='lat' dir='ltr'>denique</span> <span class='ocrx_word' id='word_1_588' title='bbox 2624 3857 2681 3907; x_wconf 90' lang='lat' dir='ltr'>et</span> <span class='ocrx_word' id='word_1_589' title='bbox 2711 3854 2884 3909; x_wconf 88' lang='lat' dir='ltr'>rebus</span> <span class='ocrx_word' id='word_1_590' title='bbox 2942 3855 3087 3927; x_wconf 88' lang='lat' dir='ltr'>ipsis</span> <span class='ocrx_word' id='word_1_591' title='bbox 3144 3860 3496 3930; x_wconf 78' lang='lat' dir='ltr'>eXperimur,</span> <span class='ocrx_word' id='word_1_592' title='bbox 3533 3867 3596 3920; x_wconf 90' lang='lat' dir='ltr'>ut</span> 
     </span>
    </p>
   </div>
   <div class='ocr_carea' id='block_1_80' title="bbox 1949 3939 3594 4022">
    <p class='ocr_par' dir='ltr' id='par_1_80' title="bbox 1949 3939 3594 4022">
     <span class='ocr_line' id='line_1_80' title="bbox 1949 3939 3594 4022; baseline -0.001 -25"><span class='ocrx_word' id='word_1_593' title='bbox 1949 3939 2294 3997; x_wconf 86' lang='lat' dir='ltr'>necessitate</span> <span class='ocrx_word' id='word_1_594' title='bbox 2325 3945 2566 4011; x_wconf 84' lang='lat' dir='ltr'>urgente</span> <span class='ocrx_word' id='word_1_595' title='bbox 2594 3941 2650 3996; x_wconf 90' lang='lat' dir='ltr'>in</span> <span class='ocrx_word' id='word_1_596' title='bbox 2683 3942 3027 4014; x_wconf 71' lang='lat' dir='ltr'>aegritudine</span> <span class='ocrx_word' id='word_1_597' title='bbox 3068 3946 3344 4018; x_wconf 87' lang='lat' dir='ltr'>baptizati</span> <span class='ocrx_word' id='word_1_598' title='bbox 3375 3954 3432 4004; x_wconf 85' lang='lat' dir='ltr'>et</span> <span class='ocrx_word' id='word_1_599' title='bbox 3460 3967 3594 4022; x_wconf 62' lang='grc' dir='ltr'>ενα-</span> 
     </span>
    </p>
   </div>
   <div class='ocr_carea' id='block_1_81' title="bbox 1947 4027 3602 4109">
    <p class='ocr_par' dir='ltr' id='par_1_81' title="bbox 1947 4027 3602 4109">
     <span class='ocr_line' id='line_1_81' title="bbox 1947 4027 3602 4109; baseline 0.008 -25"><span class='ocrx_word' id='word_1_600' title='bbox 1947 4030 2090 4088; x_wconf 88' lang='lat' dir='ltr'>tiam</span> <span class='ocrx_word' id='word_1_601' title='bbox 2121 4027 2417 4085; x_wconf 89' lang='lat' dir='ltr'>consecuti</span> <span class='ocrx_word' id='word_1_602' title='bbox 2449 4034 2685 4086; x_wconf 88' lang='lat' dir='ltr'>careant</span> <span class='ocrx_word' id='word_1_603' title='bbox 2708 4029 3013 4092; x_wconf 89' lang='lat' dir='ltr'>immundo</span> <span class='ocrx_word' id='word_1_604' title='bbox 3044 4035 3250 4106; x_wconf 90' lang='lat' dir='ltr'>spiritu</span> <span class='ocrx_word' id='word_1_605' title='bbox 3277 4053 3392 4109; x_wconf 89' lang='lat' dir='ltr'>quo</span> <span class='ocrx_word' id='word_1_606' title='bbox 3427 4045 3602 4100; x_wconf 85' lang='lat' dir='ltr'>antea</span> 
     </span>
    </p>
   </div>
   <div class='ocr_carea' id='block_1_82' title="bbox 1625 4163 2182 4228">
    <p class='ocr_par' dir='ltr' id='par_1_82' title="bbox 1625 4163 2182 4228">
     <span class='ocr_line' id='line_1_82' title="bbox 1625 4163 2182 4228; baseline -0.011 -1"><span class='ocrx_word' id='word_1_607' title='bbox 1625 4167 1829 4227; x_wconf 64' lang='lat' dir='ltr'>Varim</span> <span class='ocrx_word' id='word_1_608' title='bbox 1861 4163 2182 4228; x_wconf 88' lang='lat' dir='ltr'>lectiones.</span> 
     </span>
    </p>
   </div>
   <div class='ocr_carea' id='block_1_83' title="bbox 267 4269 3204 4343">
    <p class='ocr_par' dir='ltr' id='par_1_83' title="bbox 267 4269 3204 4343">
     <span class='ocr_line' id='line_1_83' title="bbox 267 4269 3204 4343; baseline 0 -14"><span class='ocrx_word' id='word_1_609' title='bbox 267 4289 306 4318; x_wconf 76' lang='grc' dir='ltr'><strong><em>ιι</em></strong></span> <span class='ocrx_word' id='word_1_610' title='bbox 341 4270 1041 4343; x_wconf 81' lang='lat' dir='ltr'>Christianusjudicatur.</span> <span class='ocrx_word' id='word_1_611' title='bbox 1079 4270 1349 4342; x_wconf 88' lang='lat' dir='ltr'>quisquis</span> <span class='ocrx_word' id='word_1_612' title='bbox 1380 4276 1534 4327; x_wconf 87' lang='lat' dir='ltr'>Lam.</span> <span class='ocrx_word' id='word_1_613' title='bbox 1617 4274 1658 4306; x_wconf 81' lang='grc'>¹²</span> <span class='ocrx_word' id='word_1_614' title='bbox 1702 4272 1759 4328; x_wconf 89' lang='lat' dir='ltr'>Si</span> <span class='ocrx_word' id='word_1_615' title='bbox 1787 4273 1987 4343; x_wconf 88' lang='lat' dir='ltr'>inanes</span> <span class='ocrx_word' id='word_1_616' title='bbox 2039 4271 2166 4343; x_wconf 67' lang='lat' dir='ltr'>Boil.</span> <span class='ocrx_word' id='word_1_617' title='bbox 2202 4269 2337 4343; x_wconf 77' lang='lat'>1,2.</span> <span class='ocrx_word' id='word_1_618' title='bbox 2398 4272 2554 4343; x_wconf 67' lang='lat' dir='ltr'>Lam,</span> <span class='ocrx_word' id='word_1_619' title='bbox 2586 4270 2724 4324; x_wconf 87' lang='lat' dir='ltr'>Lim.</span> <span class='ocrx_word' id='word_1_620' title='bbox 2758 4271 2912 4326; x_wconf 87' lang='lat' dir='ltr'>Ebor.</span> <span class='ocrx_word' id='word_1_621' title='bbox 2975 4274 3080 4328; x_wconf 76' lang='grc' dir='ltr'>ΝΟ.</span> <span class='ocrx_word' id='word_1_622' title='bbox 3156 4276 3204 4328; x_wconf 92' lang='grc'><strong>1.</strong></span> 
     </span>
    </p>
   </div>
   <div class='ocr_carea' id='block_1_84' title="bbox 189 4341 1710 4418">
    <p class='ocr_par' dir='ltr' id='par_1_84' title="bbox 189 4341 1710 4418">
     <span class='ocr_line' id='line_1_84' title="bbox 189 4341 1710 4418; baseline 0 -18"><span class='ocrx_word' id='word_1_623' title='bbox 189 4346 411 4418; x_wconf 84' lang='lat' dir='ltr'>singuli</span> <span class='ocrx_word' id='word_1_624' title='bbox 469 4341 768 4418; x_wconf 60' lang='lat' dir='ltr'>aequaliter</span> <span class='ocrx_word' id='word_1_625' title='bbox 849 4341 1427 4418; x_wconf 29' lang='lat' dir='ltr'>colligebant’Lam.</span> <span class='ocrx_word' id='word_1_626' title='bbox 1462 4345 1594 4418; x_wconf 29' lang='lat' dir='ltr'>iNC.</span> <span class='ocrx_word' id='word_1_627' title='bbox 1647 4345 1710 4418; x_wconf 15' lang='lat'>72.</span> 
     </span>
    </p>
   </div>
   <div class='ocr_carea' id='block_1_85' title="bbox 187 4485 867 4544">
    <p class='ocr_par' dir='ltr' id='par_1_85' title="bbox 187 4485 867 4544">
     <span class='ocr_line' id='line_1_85' title="bbox 187 4485 867 4544; baseline -0.009 -1"><span class='ocrx_word' id='word_1_628' title='bbox 187 4485 524 4543; x_wconf 44' lang='lat' dir='ltr'>Limebor.</span> <span class='ocrx_word' id='word_1_629' title='bbox 567 4489 672 4544; x_wconf 72' lang='grc' dir='ltr'>ΝΟ.</span> <span class='ocrx_word' id='word_1_630' title='bbox 707 4488 756 4540; x_wconf 69' lang='grc'>1·</span> <span class='ocrx_word' id='word_1_631' title='bbox 816 4485 867 4537; x_wconf 88' lang='lat'>2.</span> 
     </span>
    </p>
   </div>
   <div class='ocr_carea' id='block_1_86' title="bbox 189 4555 1084 4615">
    <p class='ocr_par' dir='ltr' id='par_1_86' title="bbox 189 4555 1084 4615">
     <span class='ocr_line' id='line_1_86' title="bbox 189 4555 1084 4615; baseline -0.004 -1"><span class='ocrx_word' id='word_1_632' title='bbox 189 4562 343 4615; x_wconf 88' lang='lat' dir='ltr'>Lam.</span> <span class='ocrx_word' id='word_1_633' title='bbox 398 4561 557 4615; x_wconf 83' lang='lat' dir='ltr'>Ebor.</span> <span class='ocrx_word' id='word_1_634' title='bbox 617 4558 721 4615; x_wconf 75' lang='grc' dir='ltr'>ΝΕ.</span> <span class='ocrx_word' id='word_1_635' title='bbox 756 4555 960 4610; x_wconf 82' lang='lat' dir='ltr'>l.Bod.</span> <span class='ocrx_word' id='word_1_636' title='bbox 1030 4557 1084 4610; x_wconf 80' lang='grc'>2.</span> 
     </span>
    </p>
   </div>
   <div class='ocr_carea' id='block_1_87' title="bbox 190 4629 847 4698">
    <p class='ocr_par' dir='ltr' id='par_1_87' title="bbox 190 4629 847 4698">
     <span class='ocr_line' id='line_1_87' title="bbox 190 4629 847 4698; baseline -0.008 -12"><span class='ocrx_word' id='word_1_637' title='bbox 190 4632 368 4687; x_wconf 65' lang='lat' dir='ltr'>Oxon.</span> <span class='ocrx_word' id='word_1_638' title='bbox 402 4632 609 4686; x_wconf 74' lang='lat' dir='ltr'>t&#39;amel.</span> <span class='ocrx_word' id='word_1_639' title='bbox 648 4629 847 4698; x_wconf 78' lang='lat' dir='ltr'>Rigalt.</span> 
     </span>
    </p>
   </div>
   <div class='ocr_carea' id='block_1_88' title="bbox 3286 4278 3601 4337">
    <p class='ocr_par' dir='ltr' id='par_1_88' title="bbox 3286 4278 3601 4337">
     <span class='ocr_line' id='line_1_88' title="bbox 3286 4278 3601 4337; baseline 0.016 -5"><span class='ocrx_word' id='word_1_640' title='bbox 3286 4278 3329 4316; x_wconf 84' lang='grc'>¹³</span> <span class='ocrx_word' id='word_1_641' title='bbox 3385 4280 3601 4337; x_wconf 89' lang='lat' dir='ltr'>Gomor</span> 
     </span>
    </p>
   </div>
   <div class='ocr_carea' id='block_1_89' title="bbox 1776 4339 3592 4410">
    <p class='ocr_par' dir='ltr' id='par_1_89' title="bbox 1776 4339 3592 4410">
     <span class='ocr_line' id='line_1_89' title="bbox 1776 4339 3592 4410; baseline 0.004 -12"><span class='ocrx_word' id='word_1_642' title='bbox 1776 4345 1874 4398; x_wconf 83' lang='lat' dir='ltr'>Lin</span> <span class='ocrx_word' id='word_1_643' title='bbox 1953 4342 1992 4376; x_wconf 82' lang='grc'>¹⁴</span> <span class='ocrx_word' id='word_1_644' title='bbox 2054 4339 2374 4410; x_wconf 66' lang='lat' dir='ltr'>)Equaliter</span> <span class='ocrx_word' id='word_1_645' title='bbox 2429 4340 2850 4410; x_wconf 78' lang='lat' dir='ltr'>colligebantur</span> <span class='ocrx_word' id='word_1_646' title='bbox 2930 4345 3080 4400; x_wconf 86' lang='lat' dir='ltr'>Lam.</span> <span class='ocrx_word' id='word_1_647' title='bbox 3143 4347 3300 4400; x_wconf 85' lang='lat' dir='ltr'>Ebor.</span> <span class='ocrx_word' id='word_1_648' title='bbox 3370 4351 3475 4404; x_wconf 69' lang='grc' dir='ltr'>Νι).</span> <span class='ocrx_word' id='word_1_649' title='bbox 3540 4352 3592 4406; x_wconf 72' lang='grc'><strong>4.</strong></span> 
     </span>
    </p>
   </div>
   <div class='ocr_carea' id='block_1_90' title="bbox 191 4412 2821 4488">
    <p class='ocr_par' dir='ltr' id='par_1_90' title="bbox 191 4412 2821 4488">
     <span class='ocr_line' id='line_1_90' title="bbox 191 4412 2821 4488; baseline -0.001 -17"><span class='ocrx_word' id='word_1_650' title='bbox 191 4419 235 4453; x_wconf 75' lang='grc'>³⁸</span> <span class='ocrx_word' id='word_1_651' title='bbox 267 4412 719 4488; x_wconf 66' lang='grc' dir='ltr'>Ηδρίῐκδὺὶιηιω·</span> <span class='ocrx_word' id='word_1_652' title='bbox 743 4417 894 4488; x_wconf 70' lang='lat' dir='ltr'>Lam.</span> <span class='ocrx_word' id='word_1_653' title='bbox 927 4412 1120 4488; x_wconf 72' lang='lat' dir='ltr'>NC._l.</span> <span class='ocrx_word' id='word_1_654' title='bbox 1150 4413 1311 4488; x_wconf 84' lang='lat' dir='ltr'>_Ebor.</span> <span class='ocrx_word' id='word_1_655' title='bbox 1391 4417 1432 4451; x_wconf 80' lang='grc'>⁸⁸</span> <span class='ocrx_word' id='word_1_656' title='bbox 1458 4417 1860 4488; x_wconf 80' lang='lat' dir='ltr'>Tentabantur</span> <span class='ocrx_word' id='word_1_657' title='bbox 1897 4414 2049 4469; x_wconf 86' lang='lat' dir='ltr'>Lam.</span> <span class='ocrx_word' id='word_1_658' title='bbox 2083 4412 2215 4488; x_wconf 51' lang='lat' dir='ltr'>Boii.</span> <span class='ocrx_word' id='word_1_659' title='bbox 2271 4413 2320 4479; x_wconf 84' lang='grc'><strong>1,</strong></span> <span class='ocrx_word' id='word_1_660' title='bbox 2439 4413 2597 4488; x_wconf 66' lang='grc' dir='ltr'>Ερον.</span> <span class='ocrx_word' id='word_1_661' title='bbox 2620 4414 2738 4488; x_wconf 33' lang='grc' dir='ltr'>λΛὈ.</span> 
     </span>
    </p>
   </div>
   <div class='ocr_carea' id='block_1_91' title="bbox 2930 4416 3598 4490">
    <p class='ocr_par' dir='ltr' id='par_1_91' title="bbox 2930 4416 3598 4490">
     <span class='ocr_line' id='line_1_91' title="bbox 2930 4416 3598 4490; baseline 0.013 -21"><span class='ocrx_word' id='word_1_662' title='bbox 2930 4416 2969 4490; x_wconf 59' lang='grc' dir='ltr'><strong><em>ξτ</em></strong></span> <span class='ocrx_word' id='word_1_663' title='bbox 3006 4416 3086 4490; x_wconf 24' lang='grc' dir='ltr'>ᾂΙη</span> <span class='ocrx_word' id='word_1_664' title='bbox 3115 4421 3376 4490; x_wconf 59' lang='grc' dir='ltr'>ΔΜογεθῐι</span> <span class='ocrx_word' id='word_1_665' title='bbox 3442 4425 3598 4478; x_wconf 83' lang='lat' dir='ltr'>Lam.</span> 
     </span>
    </p>
   </div>
   <div class='ocr_carea' id='block_1_92' title="bbox 948 4483 3602 4558">
    <p class='ocr_par' dir='ltr' id='par_1_92' title="bbox 948 4483 3602 4558">
     <span class='ocr_line' id='line_1_92' title="bbox 948 4483 3602 4558; baseline 0.005 -20"><span class='ocrx_word' id='word_1_666' title='bbox 948 4486 989 4519; x_wconf 76' lang='grc'>¹⁸</span> <span class='ocrx_word' id='word_1_667' title='bbox 1021 4483 1110 4558; x_wconf 84' lang='lat' dir='ltr'>Sic</span> <span class='ocrx_word' id='word_1_668' title='bbox 1140 4486 1286 4556; x_wconf 77' lang='lat' dir='ltr'>Lips.</span> <span class='ocrx_word' id='word_1_669' title='bbox 1319 4495 1369 4542; x_wconf 89' lang='lat' dir='ltr'>et</span> <span class='ocrx_word' id='word_1_670' title='bbox 1395 4493 1518 4542; x_wconf 87' lang='lat' dir='ltr'>vett.</span> <span class='ocrx_word' id='word_1_671' title='bbox 1552 4487 1868 4543; x_wconf 75' lang='lat' dir='ltr'>Prrevalere</span> <span class='ocrx_word' id='word_1_672' title='bbox 1898 4491 2113 4558; x_wconf 89' lang='lat' dir='ltr'>posunt</span> <span class='ocrx_word' id='word_1_673' title='bbox 2142 4485 2291 4558; x_wconf 54' lang='lat' dir='ltr'>ann</span> <span class='ocrx_word' id='word_1_674' title='bbox 2353 4484 2550 4558; x_wconf 67' lang='lat' dir='ltr'>Rigalt.</span> <span class='ocrx_word' id='word_1_675' title='bbox 2611 4485 2821 4558; x_wconf 80' lang='lat' dir='ltr'>Pamel,</span> <span class='ocrx_word' id='word_1_676' title='bbox 2904 4487 2947 4522; x_wconf 78' lang='grc'>¹⁹</span> <span class='ocrx_word' id='word_1_677' title='bbox 3005 4483 3272 4546; x_wconf 75' lang='lat' dir='ltr'>Retinere</span> <span class='ocrx_word' id='word_1_678' title='bbox 3329 4495 3602 4551; x_wconf 87' lang='lat' dir='ltr'>nesciunt</span> 
     </span>
    </p>
   </div>
   <div class='ocr_carea' id='block_1_93' title="bbox 1166 4555 3600 4639">
    <p class='ocr_par' dir='ltr' id='par_1_93' title="bbox 1166 4555 3600 4639">
     <span class='ocr_line' id='line_1_93' title="bbox 1166 4555 3600 4639; baseline 0.005 -26"><span class='ocrx_word' id='word_1_679' title='bbox 1166 4555 1229 4613; x_wconf 34' lang='lat'>20&#39;.</span> <span class='ocrx_word' id='word_1_680' title='bbox 1265 4563 1347 4614; x_wconf 81' lang='lat' dir='ltr'>An</span> <span class='ocrx_word' id='word_1_681' title='bbox 1381 4559 1622 4630; x_wconf 85' lang='lat' dir='ltr'>spiritus</span> <span class='ocrx_word' id='word_1_682' title='bbox 1654 4555 1915 4631; x_wconf 77' lang='lat' dir='ltr'>nequam</span> <span class='ocrx_word' id='word_1_683' title='bbox 1942 4558 2091 4614; x_wconf 87' lang='lat' dir='ltr'>Lam.</span> <span class='ocrx_word' id='word_1_684' title='bbox 2136 4555 2292 4612; x_wconf 84' lang='lat' dir='ltr'>Ebor.</span> <span class='ocrx_word' id='word_1_685' title='bbox 2352 4556 2465 4610; x_wconf 77' lang='lat' dir='ltr'>NG.</span> <span class='ocrx_word' id='word_1_686' title='bbox 2532 4559 2578 4610; x_wconf 86' lang='lat' dir='ltr'>l.</span> <span class='ocrx_word' id='word_1_687' title='bbox 2641 4555 2768 4611; x_wconf 84' lang='lat' dir='ltr'>Bod.</span> <span class='ocrx_word' id='word_1_688' title='bbox 2828 4558 2882 4613; x_wconf 87' lang='lat'>2.</span> <span class='ocrx_word' id='word_1_689' title='bbox 2942 4558 3196 4616; x_wconf 87' lang='lat' dir='ltr'>Possunt</span> <span class='ocrx_word' id='word_1_690' title='bbox 3251 4568 3308 4618; x_wconf 90' lang='lat' dir='ltr'>et</span> <span class='ocrx_word' id='word_1_691' title='bbox 3355 4565 3600 4639; x_wconf 76' lang='lat' dir='ltr'>spiritus</span> 
     </span>
    </p>
   </div>
   <div class='ocr_carea' id='block_1_94' title="bbox 1598 4707 2178 4772">
    <p class='ocr_par' dir='ltr' id='par_1_94' title="bbox 1598 4707 2178 4772">
     <span class='ocr_line' id='line_1_94' title="bbox 1598 4707 2178 4772; baseline -0.016 0"><span class='ocrx_word' id='word_1_692' title='bbox 1598 4712 1688 4772; x_wconf 91' lang='lat' dir='ltr'>St.</span> <span class='ocrx_word' id='word_1_693' title='bbox 1723 4707 1961 4771; x_wconf 87' lang='lat' dir='ltr'>Baluzii</span> <span class='ocrx_word' id='word_1_694' title='bbox 1991 4710 2178 4767; x_wconf 75' lang='lat' dir='ltr'>notae.</span> 
     </span>
    </p>
   </div>
   <div class='ocr_carea' id='block_1_95' title="bbox 264 4808 2717 4892">
    <p class='ocr_par' dir='ltr' id='par_1_95' title="bbox 264 4808 2717 4892">
     <span class='ocr_line' id='line_1_95' title="bbox 264 4808 2717 4892; baseline -0.001 -22"><span class='ocrx_word' id='word_1_695' title='bbox 264 4817 373 4892; x_wconf 75' lang='lat' dir='ltr'>(5i)</span> <span class='ocrx_word' id='word_1_696' title='bbox 407 4817 484 4872; x_wconf 84' lang='lat' dir='ltr'>Ad</span> <span class='ocrx_word' id='word_1_697' title='bbox 513 4818 832 4892; x_wconf 81' lang='lat' dir='ltr'>ﬁrmitatem</span> <span class='ocrx_word' id='word_1_698' title='bbox 863 4823 1154 4877; x_wconf 73' lang='lat' dir='ltr'>cmlestem.</span> <span class='ocrx_word' id='word_1_699' title='bbox 1197 4817 1385 4875; x_wconf 80' lang='lat' dir='ltr'>Codex</span> <span class='ocrx_word' id='word_1_700' title='bbox 1440 4817 1741 4887; x_wconf 82' lang='lat' dir='ltr'>Fuxensis,</span> <span class='ocrx_word' id='word_1_701' title='bbox 1772 4816 1842 4871; x_wconf 88' lang='lat' dir='ltr'>ad</span> <span class='ocrx_word' id='word_1_702' title='bbox 1871 4827 1919 4892; x_wconf 84' lang='lat' dir='ltr'><strong>D</strong></span> <span class='ocrx_word' id='word_1_703' title='bbox 1951 4809 2224 4870; x_wconf 90' lang='lat' dir='ltr'>Tibullus</span> <span class='ocrx_word' id='word_1_704' title='bbox 2247 4809 2351 4864; x_wconf 90' lang='lat' dir='ltr'>lib.</span> <span class='ocrx_word' id='word_1_705' title='bbox 2387 4827 2442 4882; x_wconf 76' lang='grc' dir='ltr'>Χ,</span> <span class='ocrx_word' id='word_1_706' title='bbox 2475 4808 2620 4883; x_wconf 84' lang='lat' dir='ltr'>eleg.</span> <span class='ocrx_word' id='word_1_707' title='bbox 2645 4813 2717 4866; x_wconf 85' lang='lat'>5:</span> 
     </span>
    </p>
   </div>
   <div class='ocr_carea' id='block_1_96' title="bbox 190 4889 1840 4971">
    <p class='ocr_par' dir='ltr' id='par_1_96' title="bbox 190 4889 1840 4971">
     <span class='ocr_line' id='line_1_96' title="bbox 190 4889 1840 4971; baseline 0.001 -30"><span class='ocrx_word' id='word_1_708' title='bbox 190 4889 514 4971; x_wconf 58' lang='lat' dir='ltr'>ﬁrmitatem</span> <span class='ocrx_word' id='word_1_709' title='bbox 562 4891 766 4947; x_wconf 63' lang='lat' dir='ltr'>caelesti</span> <span class='ocrx_word' id='word_1_710' title='bbox 820 4895 1004 4964; x_wconf 83' lang='lat' dir='ltr'>gratia</span> <span class='ocrx_word' id='word_1_711' title='bbox 1048 4893 1368 4965; x_wconf 70' lang='lat' dir='ltr'>plenissime</span> <span class='ocrx_word' id='word_1_712' title='bbox 1411 4899 1586 4962; x_wconf 80' lang='lat' dir='ltr'>posset</span> <span class='ocrx_word' id='word_1_713' title='bbox 1649 4905 1840 4963; x_wconf 85' lang='lat' dir='ltr'>perve-</span> 
     </span>
    </p>
   </div>
   <div class='ocr_carea' id='block_1_97' title="bbox 193 4975 344 5014">
    <p class='ocr_par' dir='ltr' id='par_1_97' title="bbox 193 4975 344 5014">
     <span class='ocr_line' id='line_1_97' title="bbox 193 4975 344 5014; baseline -0.007 0"><span class='ocrx_word' id='word_1_714' title='bbox 193 4975 344 5014; x_wconf 83' lang='lat' dir='ltr'>mre.</span> 
     </span>
    </p>
   </div>
   <div class='ocr_carea' id='block_1_98' title="bbox 265 5031 1842 5103">
    <p class='ocr_par' dir='ltr' id='par_1_98' title="bbox 265 5031 1842 5103">
     <span class='ocr_line' id='line_1_98' title="bbox 265 5031 1842 5103; baseline 0.002 -19"><span class='ocrx_word' id='word_1_715' title='bbox 265 5032 380 5103; x_wconf 73' lang='grc'>(52)</span> <span class='ocrx_word' id='word_1_716' title='bbox 411 5031 894 5089; x_wconf 78' lang='lat' dir='ltr'>Scandalimntur.</span> <span class='ocrx_word' id='word_1_717' title='bbox 931 5035 1015 5090; x_wconf 90' lang='lat' dir='ltr'>Ita</span> <span class='ocrx_word' id='word_1_718' title='bbox 1043 5038 1264 5089; x_wconf 90' lang='lat' dir='ltr'>veteres</span> <span class='ocrx_word' id='word_1_719' title='bbox 1295 5033 1581 5090; x_wconf 90' lang='lat' dir='ltr'>editiones</span> <span class='ocrx_word' id='word_1_720' title='bbox 1612 5038 1668 5088; x_wconf 90' lang='lat' dir='ltr'>et</span> <span class='ocrx_word' id='word_1_721' title='bbox 1698 5048 1842 5103; x_wconf 87' lang='lat' dir='ltr'>qua-</span> 
     </span>
    </p>
   </div>
   <div class='ocr_carea' id='block_1_99' title="bbox 194 5102 1844 5177">
    <p class='ocr_par' dir='ltr' id='par_1_99' title="bbox 194 5102 1844 5177">
     <span class='ocr_line' id='line_1_99' title="bbox 194 5102 1844 5177; baseline 0.001 -21"><span class='ocrx_word' id='word_1_722' title='bbox 194 5108 336 5158; x_wconf 87' lang='lat' dir='ltr'>tuor</span> <span class='ocrx_word' id='word_1_723' title='bbox 366 5102 498 5158; x_wconf 91' lang='lat' dir='ltr'>libri</span> <span class='ocrx_word' id='word_1_724' title='bbox 528 5109 769 5160; x_wconf 87' lang='lat' dir='ltr'>veteres.</span> <span class='ocrx_word' id='word_1_725' title='bbox 820 5106 1119 5162; x_wconf 87' lang='lat' dir='ltr'>Manutius</span> <span class='ocrx_word' id='word_1_726' title='bbox 1148 5111 1203 5162; x_wconf 85' lang='lat' dir='ltr'>et</span> <span class='ocrx_word' id='word_1_727' title='bbox 1236 5111 1366 5177; x_wconf 88' lang='lat' dir='ltr'>post</span> <span class='ocrx_word' id='word_1_728' title='bbox 1412 5122 1546 5161; x_wconf 89' lang='lat' dir='ltr'>cum</span> <span class='ocrx_word' id='word_1_729' title='bbox 1577 5105 1674 5160; x_wconf 90' lang='lat' dir='ltr'>alii</span> <span class='ocrx_word' id='word_1_730' title='bbox 1697 5102 1844 5159; x_wconf 87' lang='lat' dir='ltr'>seri-</span> 
     </span>
    </p>
   </div>
   <div class='ocr_carea' id='block_1_100' title="bbox 198 5177 1842 5244">
    <p class='ocr_par' dir='ltr' id='par_1_100' title="bbox 198 5177 1842 5244">
     <span class='ocr_line' id='line_1_100' title="bbox 198 5177 1842 5244; baseline 0.002 -16"><span class='ocrx_word' id='word_1_731' title='bbox 198 5183 446 5244; x_wconf 88' lang='lat' dir='ltr'>pserunt</span> <span class='ocrx_word' id='word_1_732' title='bbox 472 5177 954 5232; x_wconf 60' lang='lat' dir='ltr'>scandalisantur.</span> <span class='ocrx_word' id='word_1_733' title='bbox 988 5180 1124 5241; x_wconf 59' lang='lat' dir='ltr'>Quae</span> <span class='ocrx_word' id='word_1_734' title='bbox 1165 5177 1335 5234; x_wconf 85' lang='lat' dir='ltr'>lectio</span> <span class='ocrx_word' id='word_1_735' title='bbox 1387 5179 1594 5232; x_wconf 88' lang='lat' dir='ltr'>nititur</span> <span class='ocrx_word' id='word_1_736' title='bbox 1645 5181 1842 5231; x_wconf 87' lang='lat' dir='ltr'>aucto-</span> 
     </span>
    </p>
   </div>
   <div class='ocr_carea' id='block_1_101' title="bbox 200 5246 1843 5321">
    <p class='ocr_par' dir='ltr' id='par_1_101' title="bbox 200 5246 1843 5321">
     <span class='ocr_line' id='line_1_101' title="bbox 200 5246 1843 5321; baseline 0.001 -21"><span class='ocrx_word' id='word_1_737' title='bbox 200 5250 373 5300; x_wconf 85' lang='lat' dir='ltr'>ritate</span> <span class='ocrx_word' id='word_1_738' title='bbox 401 5246 601 5321; x_wconf 87' lang='lat' dir='ltr'>decem</span> <span class='ocrx_word' id='word_1_739' title='bbox 638 5253 896 5321; x_wconf 77' lang='lat' dir='ltr'>veterum</span> <span class='ocrx_word' id='word_1_740' title='bbox 949 5248 1393 5320; x_wconf 86' lang='lat' dir='ltr'>exemplarium.</span> <span class='ocrx_word' id='word_1_741' title='bbox 1458 5250 1573 5321; x_wconf 88' lang='lat' dir='ltr'>Ego</span> <span class='ocrx_word' id='word_1_742' title='bbox 1604 5248 1843 5321; x_wconf 66' lang='lat' dir='ltr'>praefero</span> 
     </span>
    </p>
   </div>
   <div class='ocr_carea' id='block_1_102' title="bbox 194 5318 1845 5392">
    <p class='ocr_par' dir='ltr' id='par_1_102' title="bbox 194 5318 1845 5392">
     <span class='ocr_line' id='line_1_102' title="bbox 194 5318 1845 5392; baseline 0.001 -20"><span class='ocrx_word' id='word_1_743' title='bbox 194 5323 474 5392; x_wconf 70' lang='lat' dir='ltr'>veterem,</span> <span class='ocrx_word' id='word_1_744' title='bbox 505 5318 934 5392; x_wconf 82' lang='lat' dir='ltr'>utimeliorem,</span> <span class='ocrx_word' id='word_1_745' title='bbox 967 5337 1096 5376; x_wconf 91' lang='lat' dir='ltr'>meo</span> <span class='ocrx_word' id='word_1_746' title='bbox 1121 5318 1628 5392; x_wconf 29' lang='lat' dir='ltr'>quidemjudi&#39;cio’.</span> <span class='ocrx_word' id='word_1_747' title='bbox 1664 5320 1845 5375; x_wconf 84' lang='lat' dir='ltr'>Erunt</span> 
     </span>
    </p>
   </div>
   <div class='ocr_carea' id='block_1_103' title="bbox 197 5389 1094 5458">
    <p class='ocr_par' dir='ltr' id='par_1_103' title="bbox 197 5389 1094 5458">
     <span class='ocr_line' id='line_1_103' title="bbox 197 5389 1094 5458; baseline 0.006 -16"><span class='ocrx_word' id='word_1_748' title='bbox 197 5389 469 5444; x_wconf 78' lang='lat' dir='ltr'>fortassis</span> <span class='ocrx_word' id='word_1_749' title='bbox 504 5390 603 5458; x_wconf 88' lang='lat' dir='ltr'>qui</span> <span class='ocrx_word' id='word_1_750' title='bbox 634 5391 800 5446; x_wconf 89' lang='lat' dir='ltr'>aliter</span> <span class='ocrx_word' id='word_1_751' title='bbox 821 5394 1094 5448; x_wconf 88' lang='lat' dir='ltr'>sentient.</span> 
     </span>
    </p>
   </div>
   <div class='ocr_carea' id='block_1_104' title="bbox 270 5461 1843 5532">
    <p class='ocr_par' dir='ltr' id='par_1_104' title="bbox 270 5461 1843 5532">
     <span class='ocr_line' id='line_1_104' title="bbox 270 5461 1843 5532; baseline 0.001 -17"><span class='ocrx_word' id='word_1_752' title='bbox 270 5461 382 5526; x_wconf 70' lang='lat'>(53)</span> <span class='ocrx_word' id='word_1_753' title='bbox 415 5461 626 5517; x_wconf 81' lang='lat' dir='ltr'>Manna</span> <span class='ocrx_word' id='word_1_754' title='bbox 653 5462 932 5532; x_wconf 82' lang='lat' dir='ltr'>deﬂueret.</span> <span class='ocrx_word' id='word_1_755' title='bbox 964 5464 1153 5520; x_wconf 82' lang='lat' dir='ltr'>Codex</span> <span class='ocrx_word' id='word_1_756' title='bbox 1181 5463 1375 5518; x_wconf 88' lang='lat' dir='ltr'>Sancti</span> <span class='ocrx_word' id='word_1_757' title='bbox 1405 5461 1712 5532; x_wconf 86' lang='lat' dir='ltr'>Arnulphi,</span> <span class='ocrx_word' id='word_1_758' title='bbox 1757 5461 1843 5517; x_wconf 84' lang='lat' dir='ltr'>de-</span> 
     </span>
    </p>
   </div>
   <div class='ocr_carea' id='block_1_105' title="bbox 193 5532 1844 5605">
    <p class='ocr_par' dir='ltr' id='par_1_105' title="bbox 193 5532 1844 5605">
     <span class='ocr_line' id='line_1_105' title="bbox 193 5532 1844 5605; baseline 0.001 -19"><span class='ocrx_word' id='word_1_759' title='bbox 193 5534 412 5600; x_wconf 79' lang='lat' dir='ltr'>ﬂueret.</span> <span class='ocrx_word' id='word_1_760' title='bbox 450 5532 622 5605; x_wconf 80' lang='lat' dir='ltr'>Recte</span> <span class='ocrx_word' id='word_1_761' title='bbox 654 5537 927 5605; x_wconf 81' lang='lat' dir='ltr'>profecto.</span> <span class='ocrx_word' id='word_1_762' title='bbox 982 5537 1073 5592; x_wconf 89' lang='lat' dir='ltr'>Ps.</span> <span class='ocrx_word' id='word_1_763' title='bbox 1121 5550 1367 5600; x_wconf 80' lang='lat' dir='ltr'>Lxxvm;</span> <span class='ocrx_word' id='word_1_764' title='bbox 1428 5537 1491 5590; x_wconf 84' lang='lat' dir='ltr'>Et</span> <span class='ocrx_word' id='word_1_765' title='bbox 1543 5532 1699 5604; x_wconf 85' lang='lat' dir='ltr'>pluit</span> <span class='ocrx_word' id='word_1_766' title='bbox 1731 5533 1844 5588; x_wconf 77' lang='lat' dir='ltr'>illis</span> 
     </span>
    </p>
   </div>
   <div class='ocr_carea' id='block_1_106' title="bbox 195 5603 1709 5672">
    <p class='ocr_par' dir='ltr' id='par_1_106' title="bbox 195 5603 1709 5672">
     <span class='ocr_line' id='line_1_106' title="bbox 195 5603 1709 5672; baseline 0.001 -16"><span class='ocrx_word' id='word_1_767' title='bbox 195 5621 406 5657; x_wconf 86' lang='lat' dir='ltr'>manna</span> <span class='ocrx_word' id='word_1_768' title='bbox 443 5603 518 5658; x_wconf 84' lang='lat' dir='ltr'>ad</span> <span class='ocrx_word' id='word_1_769' title='bbox 554 5603 1022 5663; x_wconf 74' lang='lat' dir='ltr'>manducandum.</span> <span class='ocrx_word' id='word_1_770' title='bbox 1073 5605 1436 5672; x_wconf 90' lang='lat' dir='ltr'>Collumella,</span> <span class='ocrx_word' id='word_1_771' title='bbox 1495 5603 1596 5672; x_wconf 86' lang='lat' dir='ltr'>lib.</span> <span class='ocrx_word' id='word_1_772' title='bbox 1628 5623 1664 5662; x_wconf 88' lang='lat' dir='ltr'>x</span> <span class='ocrx_word' id='word_1_773' title='bbox 1697 5621 1709 5658; x_wconf 89' lang='lat'><strong>:</strong></span> 
     </span>
    </p>
   </div>
   <div class='ocr_carea' id='block_1_107' title="bbox 260 5675 1538 5741">
    <p class='ocr_par' dir='ltr' id='par_1_107' title="bbox 260 5675 1538 5741">
     <span class='ocr_line' id='line_1_107' title="bbox 260 5675 1538 5741; baseline 0.002 -17"><span class='ocrx_word' id='word_1_774' title='bbox 260 5675 431 5738; x_wconf 85' lang='lat' dir='ltr'>[nque</span> <span class='ocrx_word' id='word_1_775' title='bbox 461 5677 612 5726; x_wconf 82' lang='lat' dir='ltr'>sinus</span> <span class='ocrx_word' id='word_1_776' title='bbox 641 5679 824 5728; x_wconf 90' lang='lat' dir='ltr'>matris</span> <span class='ocrx_word' id='word_1_777' title='bbox 853 5679 1090 5730; x_wconf 87' lang='lat' dir='ltr'>violento</span> <span class='ocrx_word' id='word_1_778' title='bbox 1119 5676 1324 5741; x_wconf 87' lang='lat' dir='ltr'>depluit</span> <span class='ocrx_word' id='word_1_779' title='bbox 1350 5677 1538 5727; x_wconf 91' lang='lat' dir='ltr'>imbre.</span> 
     </span>
    </p>
   </div>
   <div class='ocr_carea' id='block_1_108' title="bbox 2011 4917 3186 4990">
    <p class='ocr_par' dir='ltr' id='par_1_108' title="bbox 2011 4917 3186 4990">
     <span class='ocr_line' id='line_1_108' title="bbox 2011 4917 3186 4990; baseline 0.007 -23"><span class='ocrx_word' id='word_1_780' title='bbox 2011 4917 2210 4967; x_wconf 85' lang='lat' dir='ltr'>Multus</span> <span class='ocrx_word' id='word_1_781' title='bbox 2241 4920 2300 4968; x_wconf 93' lang='lat' dir='ltr'>ut</span> <span class='ocrx_word' id='word_1_782' title='bbox 2322 4917 2379 4966; x_wconf 88' lang='lat' dir='ltr'>iu</span> <span class='ocrx_word' id='word_1_783' title='bbox 2409 4920 2584 4970; x_wconf 87' lang='lat' dir='ltr'>terras</span> <span class='ocrx_word' id='word_1_784' title='bbox 2616 4917 3002 4985; x_wconf 82' lang='lat' dir='ltr'>deplueretque</span> <span class='ocrx_word' id='word_1_785' title='bbox 3032 4923 3186 4990; x_wconf 81' lang='lat' dir='ltr'>lapis.</span> 
     </span>
    </p>
   </div>
   <div class='ocr_carea' id='block_1_109' title="bbox 2021 5023 3605 5102">
    <p class='ocr_par' dir='ltr' id='par_1_109' title="bbox 2021 5023 3605 5102">
     <span class='ocr_line' id='line_1_109' title="bbox 2021 5023 3605 5102; baseline 0.009 -25"><span class='ocrx_word' id='word_1_786' title='bbox 2021 5023 2415 5102; x_wconf 82' lang='lat' dir='ltr'>’_I‘_e_rtulli_anus</span> <span class='ocrx_word' id='word_1_787' title='bbox 2445 5023 2506 5080; x_wconf 90' lang='lat' dir='ltr'>in</span> <span class='ocrx_word' id='word_1_788' title='bbox 2532 5024 2679 5080; x_wconf 91' lang='lat' dir='ltr'>libro</span> <span class='ocrx_word' id='word_1_789' title='bbox 2701 5025 2766 5081; x_wconf 88' lang='lat' dir='ltr'>de</span> <span class='ocrx_word' id='word_1_790' title='bbox 2795 5030 3096 5096; x_wconf 78' lang='lat' dir='ltr'>Patientia,</span> <span class='ocrx_word' id='word_1_791' title='bbox 3125 5036 3241 5102; x_wconf 72' lang='lat' dir='ltr'>post</span> <span class='ocrx_word' id='word_1_792' title='bbox 3264 5050 3484 5090; x_wconf 66' lang='lat' dir='ltr'>manna:</span> <span class='ocrx_word' id='word_1_793' title='bbox 3523 5052 3605 5092; x_wconf 75' lang='lat' dir='ltr'>u-</span> 
     </span>
    </p>
   </div>
   <div class='ocr_carea' id='block_1_110' title="bbox 1950 5095 2481 5166">
    <p class='ocr_par' dir='ltr' id='par_1_110' title="bbox 1950 5095 2481 5166">
     <span class='ocr_line' id='line_1_110' title="bbox 1950 5095 2481 5166; baseline 0 -12"><span class='ocrx_word' id='word_1_794' title='bbox 1950 5095 2181 5154; x_wconf 79' lang='lat' dir='ltr'>cabilem</span> <span class='ocrx_word' id='word_1_795' title='bbox 2207 5096 2481 5166; x_wconf 78' lang='lat' dir='ltr'>pluviam.</span> 
     </span>
    </p>
   </div>
   <div class='ocr_carea' id='block_1_111' title="bbox 2023 5167 3600 5252">
    <p class='ocr_par' dir='ltr' id='par_1_111' title="bbox 2023 5167 3600 5252">
     <span class='ocr_line' id='line_1_111' title="bbox 2023 5167 3600 5252; baseline 0.011 -36"><span class='ocrx_word' id='word_1_796' title='bbox 2165 5167 2492 5252; x_wconf 70' lang='lat' dir='ltr'>Qstenderet.</span> <span class='ocrx_word' id='word_1_797' title='bbox 2528 5169 2943 5252; x_wconf 59' lang='lat' dir='ltr'>Quatuorlibri</span> <span class='ocrx_word' id='word_1_798' title='bbox 2979 5174 3600 5252; x_wconf 67' lang='lat' dir='ltr'>veteres_.__exprimefet,</span> 
     </span>
    </p>
   </div>
   <div class='ocr_carea' id='block_1_112' title="bbox 2023 5239 3602 5313">
    <p class='ocr_par' dir='ltr' id='par_1_112' title="bbox 2023 5239 3602 5313">
     <span class='ocr_line' id='line_1_112' title="bbox 2023 5239 3602 5313; baseline 0.008 -20"><span class='ocrx_word' id='word_1_799' title='bbox 2023 5241 2132 5309; x_wconf 81' lang='lat'>(55)</span> <span class='ocrx_word' id='word_1_800' title='bbox 2168 5240 2557 5313; x_wconf 84' lang='lat' dir='ltr'>Tentabantur.</span> <span class='ocrx_word' id='word_1_801' title='bbox 2609 5239 2828 5313; x_wconf 87' lang='lat' dir='ltr'>Viginti</span> <span class='ocrx_word' id='word_1_802' title='bbox 2883 5247 2939 5296; x_wconf 90' lang='lat' dir='ltr'>et</span> <span class='ocrx_word' id='word_1_803' title='bbox 2980 5260 3134 5298; x_wconf 91' lang='lat' dir='ltr'>unus</span> <span class='ocrx_word' id='word_1_804' title='bbox 3195 5239 3328 5301; x_wconf 81' lang='lat' dir='ltr'>libri</span> <span class='ocrx_word' id='word_1_805' title='bbox 3380 5239 3602 5305; x_wconf 80' lang='lat' dir='ltr'>veteres</span> 
     </span>
    </p>
   </div>
   <div class='ocr_carea' id='block_1_113' title="bbox 1952 5310 3605 5388">
    <p class='ocr_par' dir='ltr' id='par_1_113' title="bbox 1952 5310 3605 5388">
     <span class='ocr_line' id='line_1_113' title="bbox 1952 5310 3605 5388; baseline 0.006 -22"><span class='ocrx_word' id='word_1_806' title='bbox 1952 5310 2172 5388; x_wconf 83' lang='lat' dir='ltr'>habent</span> <span class='ocrx_word' id='word_1_807' title='bbox 2200 5312 2587 5388; x_wconf 54' lang='lat' dir='ltr'>(succedatur.</span> <span class='ocrx_word' id='word_1_808' title='bbox 2619 5310 2728 5388; x_wconf 70' lang='lat' dir='ltr'>Sed</span> <span class='ocrx_word' id='word_1_809' title='bbox 2757 5319 2963 5388; x_wconf 15' lang='lat' dir='ltr'>tamen,</span> <span class='ocrx_word' id='word_1_810' title='bbox 2996 5315 3196 5383; x_wconf 91' lang='lat' dir='ltr'>iidem,</span> <span class='ocrx_word' id='word_1_811' title='bbox 3258 5321 3458 5388; x_wconf 91' lang='lat' dir='ltr'>paucis</span> <span class='ocrx_word' id='word_1_812' title='bbox 3513 5338 3605 5376; x_wconf 81' lang='lat' dir='ltr'>ex-</span> 
     </span>
    </p>
   </div>
   <div class='ocr_carea' id='block_1_114' title="bbox 1953 5381 3601 5455">
    <p class='ocr_par' dir='ltr' id='par_1_114' title="bbox 1953 5381 3601 5455">
     <span class='ocr_line' id='line_1_114' title="bbox 1953 5381 3601 5455; baseline 0.007 -20"><span class='ocrx_word' id='word_1_813' title='bbox 1953 5381 2156 5453; x_wconf 88' lang='lat' dir='ltr'>ceptis,</span> <span class='ocrx_word' id='word_1_814' title='bbox 2187 5387 2244 5436; x_wconf 90' lang='lat' dir='ltr'>et</span> <span class='ocrx_word' id='word_1_815' title='bbox 2274 5383 2531 5454; x_wconf 76' lang='lat' dir='ltr'>quinque</span> <span class='ocrx_word' id='word_1_816' title='bbox 2547 5383 2851 5455; x_wconf 85' lang='lat' dir='ltr'>Anglicani</span> <span class='ocrx_word' id='word_1_817' title='bbox 2875 5385 3093 5441; x_wconf 91' lang='lat' dir='ltr'>habent</span> <span class='ocrx_word' id='word_1_818' title='bbox 3124 5381 3297 5455; x_wconf 77' lang='lat' dir='ltr'>paulo</span> <span class='ocrx_word' id='word_1_819' title='bbox 3329 5396 3464 5446; x_wconf 91' lang='lat' dir='ltr'>ante</span> <span class='ocrx_word' id='word_1_820' title='bbox 3509 5392 3601 5446; x_wconf 83' lang='lat' dir='ltr'>ba-</span> 
     </span>
    </p>
   </div>
   <div class='ocr_carea' id='block_1_115' title="bbox 1950 5456 3606 5524">
    <p class='ocr_par' dir='ltr' id='par_1_115' title="bbox 1950 5456 3606 5524">
     <span class='ocr_line' id='line_1_115' title="bbox 1950 5456 3606 5524; baseline 0.006 -16"><span class='ocrx_word' id='word_1_821' title='bbox 1950 5456 2248 5524; x_wconf 63' lang='lat' dir='ltr'>ptizantur.</span> <span class='ocrx_word' id='word_1_822' title='bbox 2296 5457 2367 5510; x_wconf 89' lang='lat' dir='ltr'>At</span> <span class='ocrx_word' id='word_1_823' title='bbox 2420 5456 2716 5512; x_wconf 84' lang='lat' dir='ltr'>Beecensis</span> <span class='ocrx_word' id='word_1_824' title='bbox 2748 5464 2804 5511; x_wconf 91' lang='lat' dir='ltr'>et</span> <span class='ocrx_word' id='word_1_825' title='bbox 2852 5457 3028 5512; x_wconf 85' lang='lat' dir='ltr'>editio</span> <span class='ocrx_word' id='word_1_826' title='bbox 3080 5456 3327 5516; x_wconf 86' lang='lat' dir='ltr'>Morellii</span> <span class='ocrx_word' id='word_1_827' title='bbox 3390 5463 3606 5520; x_wconf 87' lang='lat' dir='ltr'>habent</span> 
     </span>
    </p>
   </div>
   <div class='ocr_carea' id='block_1_116' title="bbox 1954 5526 2332 5594">
    <p class='ocr_par' dir='ltr' id='par_1_116' title="bbox 1954 5526 2332 5594">
     <span class='ocr_line' id='line_1_116' title="bbox 1954 5526 2332 5594; baseline -0.005 -15"><span class='ocrx_word' id='word_1_828' title='bbox 1954 5526 2332 5594; x_wconf 63' lang='lat' dir='ltr'>baptizantur.</span> 
     </span>
    </p>
   </div>
   <div class='ocr_carea' id='block_1_117' title="bbox 2021 5596 3604 5666">
    <p class='ocr_par' dir='ltr' id='par_1_117' title="bbox 2021 5596 3604 5666">
     <span class='ocr_line' id='line_1_117' title="bbox 2021 5596 3604 5666; baseline 0.008 -15"><span class='ocrx_word' id='word_1_829' title='bbox 2021 5598 2133 5666; x_wconf 82' lang='lat'>(56)</span> <span class='ocrx_word' id='word_1_830' title='bbox 2165 5596 2226 5650; x_wconf 84' lang='lat' dir='ltr'>In</span> <span class='ocrx_word' id='word_1_831' title='bbox 2255 5599 2398 5652; x_wconf 82' lang='lat' dir='ltr'>nube</span> <span class='ocrx_word' id='word_1_832' title='bbox 2434 5600 2488 5652; x_wconf 77' lang='lat' dir='ltr'>et</span> <span class='ocrx_word' id='word_1_833' title='bbox 2519 5598 2576 5652; x_wconf 84' lang='lat' dir='ltr'>in</span> <span class='ocrx_word' id='word_1_834' title='bbox 2607 5599 2772 5656; x_wconf 88' lang='lat' dir='ltr'>mari.</span> <span class='ocrx_word' id='word_1_835' title='bbox 2805 5598 2934 5654; x_wconf 80' lang='lat' dir='ltr'>Haec</span> <span class='ocrx_word' id='word_1_836' title='bbox 2963 5615 3075 5656; x_wconf 91' lang='lat' dir='ltr'>non</span> <span class='ocrx_word' id='word_1_837' title='bbox 3131 5602 3387 5664; x_wconf 83' lang='lat' dir='ltr'>existant</span> <span class='ocrx_word' id='word_1_838' title='bbox 3417 5607 3475 5662; x_wconf 93' lang='lat' dir='ltr'>in</span> <span class='ocrx_word' id='word_1_839' title='bbox 3506 5623 3604 5663; x_wconf 87' lang='lat' dir='ltr'>co-</span> 
     </span>
    </p>
   </div>
   <div class='ocr_carea' id='block_1_118' title="bbox 1951 5665 2653 5744">
    <p class='ocr_par' dir='ltr' id='par_1_118' title="bbox 1951 5665 2653 5744">
     <span class='ocr_line' id='line_1_118' title="bbox 1951 5665 2653 5744; baseline -0.003 -16"><span class='ocrx_word' id='word_1_840' title='bbox 1951 5665 2076 5728; x_wconf 89' lang='lat' dir='ltr'>dice</span> <span class='ocrx_word' id='word_1_841' title='bbox 2103 5665 2293 5726; x_wconf 87' lang='lat' dir='ltr'>Sancti</span> <span class='ocrx_word' id='word_1_842' title='bbox 2340 5668 2653 5744; x_wconf 87' lang='lat' dir='ltr'>Arnulphi.</span> 
     </span>
    </p>
   </div>
  </div>
