4088 6174
517 347 674 406 1199
1564 345 1666 404 DE
1710 341 2301 406 HERETICORUM
2344 340 2878 422 BAPTISMATE.
3684 345 3798 406 1200

513 476 916 541 movebantur,
942 479 1000 531 et
1021 473 1348 531 laudabiles
1382 492 1446 530 ac
1465 474 1874 546 probabilesin
1899 473 2158 530 Ecclesia
2189 475 2243 540 Α
2274 471 2516 543 perfusi,
2552 475 2827 526 utrumne
2859 468 3049 524 clinici
3083 469 3200 524 sint
3233 485 3302 522 an
3355 469 3657 540 peripatetici
3704 476 3800 545 (57).

513 564 732 629 vivant,
767 563 1018 636 plusque
1047 581 1150 637 per
1207 565 1331 620 dies
1364 563 1628 637 singulos
1660 564 1717 618 in
1776 568 2162 637 augmentum
2273 561 2427 633 apud
2463 577 2570 616 nos
2600 563 2797 616 autem
2830 559 2900 614 de
2931 558 3161 631 integra
3184 557 3311 613 fidei
3337 559 3546 614 veritate
3590 561 3805 618 detraha—

517 653 770 708 coelestis
800 653 998 725 gratim
1023 669 1126 724 per
1157 653 1290 708 ﬁdei
1322 653 1686 708 incrementa
1732 653 2057 725 proﬁciant.
2096 654 2166 706 Et
2270 653 2388 716 tur,
2421 653 2476 703 et
2507 649 2799 720 baptismo
2829 646 3222 703 ecclesiastico
3245 647 3495 717 majestas
3514 655 3663 704 suaet
3706 668 3805 706 san-

518 746 719 798 contra
750 758 900 814 saepe
926 741 1171 796 nonnuli
1201 741 1272 796 de
1306 741 1423 797 illis
1454 741 1553 813 qui
1607 742 1734 796 sani
1767 741 2160 813 baptizantur,
2273 739 2444 794 ctitas
2467 739 2798 810 derogetur.

519 828 570 883 si
601 829 975 898 postmodum
1007 843 1246 899 peccare
1275 829 1576 900 cmperint,
1610 829 1822 898 spiritu
1855 828 2161 883 immundo
2344 828 2513 882 XVII.
2551 826 2858 898 Rescripsi,
2894 825 2974 880 lili
3016 825 3354 881 charissime
3384 826 3499 898 (58),
3535 827 3595 881 ad
3643 827 3810 886 litteras

519 917 800 972 redeunte
829 917 1206 988 quatiuntur;
1260 922 1324 972 ut
1354 918 1732 973 manifestum
1766 917 1842 973 sit
1862 917 2162 973 diabolum
2274 920 2408 971 tuas
2435 919 2718 986 quantum
2753 931 2929 986 parva
2959 919 3162 970 nostra
3191 913 3533 968 mediocritas
3570 914 3734 981 valuit,
3776 924 3816 972 et

519 1007 578 1060 in
612 1005 904 1078 baptismo
955 1006 1070 1061 fide
1091 1007 1378 1062 credentis
1399 1006 1645 1070 excludi,
1681 1007 1729 1062 si
1745 1007 1888 1062 ﬁdes
1912 1012 2167 1079 postmo-
2274 1004 2499 1061 ostendi
2531 1004 2670 1076 quid
2693 1021 2806 1059 non
2832 1007 3059 1059 tantum
3083 1003 3143 1057 in
3168 1003 3332 1058 nobis
3348 1007 3430 1058 est
3443 1004 3732 1072 sentiamus,
3752 1024 3817 1060 ne-

519 1095 663 1149 dum
696 1093 988 1163 defecerit,
1019 1094 1264 1166 regredi.
1297 1095 1417 1149 Nisi
1451 1095 1499 1150 si
1525 1096 1756 1166 justum
1807 1096 2163 1166 quibusdam
2275 1094 2417 1148 mini
2449 1094 2892 1165 prmscribentes
2923 1091 3238 1164 quonimus
3280 1097 3485 1147 statuat
3526 1092 3657 1163 quod
3699 1099 3821 1164 putat

516 1183 750 1239 videtur
771 1188 837 1238 ut
866 1183 951 1238 illi
984 1183 1082 1254 qui
1107 1189 1266 1238 extra
1290 1183 1603 1239 Ecclesiam
1624 1183 1778 1255 apud
1801 1185 2166 1239 adversarios
2275 1182 2683 1254 unusquisque
2702 1182 3046 1254 praepositus
3063 1187 3226 1236 actus
3257 1181 3341 1235 sui
3359 1182 3611 1236 rationem
3631 1181 3817 1238 Domino

520 1277 576 1328 et
599 1272 974 1328 antichristos
1001 1273 1245 1345 profana
1302 1289 1455 1344 aqua
1493 1271 1839 1344 polluuntur
1893 1273 2164 1344 baptizati
2273 1272 2631 1339 redditurus,
2656 1274 2979 1329 secundum
3013 1273 3168 1343 quod
3203 1273 3399 1327 beatus
3427 1271 3684 1342 apostolus
3712 1277 3817 1328 Pau-

512 1362 873 1432 judicentur,
906 1361 964 1416 hi
993 1377 1125 1416 vero
1157 1362 1256 1432 qui
1291 1361 1349 1416 in
1376 1361 1630 1418 Ecclesia
1651 1362 2025 1434 baptizantur
2056 1361 2164 1416 mi-
2273 1361 2368 1416 lus
2402 1360 2461 1415 in
2492 1361 2737 1433 epistola
2769 1378 2876 1416 sua
2908 1361 2978 1416 ad
3011 1361 3303 1416 Romanos
3359 1360 3545 1416 scribit
3595 1367 3643 1414 et
3687 1362 3821 1415 dicit:

519 1466 632 1506 nus
657 1449 1033 1522 indulgentiae
1064 1453 1121 1504 et
1150 1450 1573 1522 gratimdivinae
1602 1451 1901 1506 consecuti
1934 1465 2060 1506 esse
2091 1451 2169 1504 vi-
2279 1451 2666 1521 Unusquisque
2696 1453 2946 1506 nostrum
2988 1465 3090 1520 pro
3138 1466 3196 1503 se
3256 1450 3507 1503 rationem
3555 1448 3700 1504 dabit.
3746 1451 3825 1504 Non

517 1537 788 1608 deantur,
821 1543 879 1594 et
907 1543 1108 1594 tantus
1139 1537 1326 1594 honor
1355 1538 1640 1594 habeatur
1671 1537 1954 1594 haereticis
1985 1543 2051 1594 ut
2083 1537 2167 1593 in-
2270 1553 2394 1608 ergo
2446 1553 2543 1594 nos
2575 1539 2810 1595 invicem
2851 1538 3162 1609 7udicemus
3193 1538 3394 1594 1152
3425 1539 3582 1610 (Rom.
3632 1554 3724 1603 xw,
3753 1540 3826 1604 12).

516 1629 588 1683 de
606 1627 906 1684 venientes
935 1644 1050 1683 non
1079 1626 1512 1700 interrogentur
1529 1632 1807 1683 utrumne
1836 1626 1938 1682 loti
1957 1627 2073 1683 sint
2092 1645 2164 1683 an
2273 1626 2421 1697 Opto
2466 1631 2544 1693 te,
2580 1627 2658 1681 {ili
2719 1627 3086 1695 charissime,
3119 1642 3350 1699 semper
3377 1626 3512 1682 bene
3544 1625 3719 1681 valere.

1197 1930 1677 1996 CONCILIUM
1712 1931 2197 1994 [CONIENSE
2230 1930 2561 1994 CONTRA
2615 1929 3251 1994 CATAPHRYGAS

1591 2083 1965 2124 CELEBRATUM
2003 2083 2150 2122 ANNO
2187 2066 2293 2122 258
2332 2081 2616 2121 s'rsrnmo
2647 2082 2781 2121 ΡΑΡΑ
2814 2083 2852 2119 1.

591 2339 916 2396 Concilium
964 2340 1263 2397 Ieoniense
1292 2340 1562 2396 habitum
1602 2342 1692 2394 est
1722 2354 1874 2392 anno
1904 2337 2029 2404 258,
2055 2353 2156 2392 seu
2189 2335 2380 2391 verius
2409 2336 2536 2402 256,
2571 2333 2747 2390 Iconii
2799 2334 2857 2388 in
2916 2333 3184 2406 Phrygia,
3250 2334 3543 2390 occasione
3587 2333 3837 2404 Cataphry-

521 2444 731 2500 garum
789 2429 1168 2496 herticorum,
1202 2434 1268 2484 ut
1298 2429 1369 2483 de
1401 2427 1664 2500 ipsorum
1698 2426 2082 2497 omniumque
2109 2425 2353 2480 aliorum
2388 2423 2793 2479 haereticorum
2825 2421 3198 2491 baptismatis
3247 2421 3457 2488 valore,
3491 2421 3617 2492 quid
3647 2427 3834 2475 statuen-

522 2517 664 2572 dum
711 2517 790 2572 sit
817 2517 1198 2589 inquirerent.
1232 2519 1312 2572 Ex
1342 2515 1725 2588 Cappadocia,
1757 2513 1976 2580 Cilicia,
2011 2513 2240 2568 Galatia
2266 2512 2512 2583 aliisque
2543 2511 2822 2584 proximis
2871 2511 3269 2566 Orientalibus
3301 2510 3622 2584 regionibus
3647 2507 3836 2581 episcopi

522 2607 593 2662 ad
627 2607 777 2663 hanc
816 2609 1099 2680 synodum
1134 2611 1543 2664 accesserunt:
1573 2624 1607 2661 a
1636 2605 1854 2677 quibus
1883 2602 2159 2660 omnibus
2188 2606 2572 2659 constitutum
2605 2619 2669 2657 ac
2700 2603 2996 2657 decretum
3025 2607 3113 2657 est
3143 2601 3291 2657 nihil
3324 2619 3518 2657 eorum
3548 2618 3661 2672 qua:
3683 2601 3740 2655 ab
3765 2601 3836 2653 hs-

521 2693 716 2750 reticis
745 2695 896 2750 facta
923 2699 1081 2766 sunt,
1113 2695 1184 2750 ab
1215 2693 1458 2750 ecclesia
1486 2692 1772 2748 catholica
1800 2691 2202 2762 recipiendum
2223 2706 2379 2746 esse:
2415 2689 2831 2758 ordinationes,
2865 2689 3251 2760 baptismum,
3312 2706 3587 2744 manuum
3615 2687 3836 2758 impositio

521 2798 643 2852 nes,
665 2781 897 2838 aliudve
919 2799 1151 2839 sacrum
1168 2783 1413 2855 quodvis
1435 2781 1506 2838 ab
1527 2780 1815 2837 hareticis
1837 2779 2315 2836 administratum
2359 2776 2686 2834 invalidum
2735 2793 2882 2832 esse.
2919 2777 3273 2849 Stephanus,
3327 2777 3574 2849 pontifex
3616 2777 3837 2831 Romanus

523 2871 825 2943 episcopos
855 2871 1177 2927 Orientales
1210 2873 1331 2927 haec
1360 2870 1783 2927 constituentes
1815 2867 2278 2924 excommunicat
2309 2871 2365 2921 et
2403 2865 2731 2937 apostolicae
2763 2866 2916 2921 sedis
2974 2867 3393 2922 communione
3452 2865 3656 2938 privat:
3711 2866 3839 2936 ipsam

522 2976 658 3016 vero
688 2961 976 3033 synodum
1017 2961 1347 3028 erraticam,
1396 2964 1598 3015 contra
1630 2955 2026 3030 apostolorum
2058 2957 2432 3011 traditionem
2485 2971 2793 3010 erroneum
2852 2955 3065 3026 dogma
3106 2957 3568 3024 conﬁrmantem,
3624 2954 3838 3024 reprobat.

525 3047 848 3105 Orientales
878 3050 948 3104 ad
980 3049 1318 3105 Pontiﬁcem
1377 3065 1514 3105 suos
1555 3047 1790 3120 quidem
1822 3045 2066 3118 legatos,
2100 3044 2196 3116 qui
2229 3046 2298 3100 de
2329 3045 2502 3099 rebus
2533 3045 2591 3098 in
2625 3045 2843 3116 synodo
2874 3044 3056 3116 gestis
3111 3061 3311 3099 coram
3345 3044 3603 3117 pontiﬁce
3630 3041 3839 3098 rationem

527 3137 858 3204 redderent,
880 3137 1225 3210 ablegarunt
1248 3157 1260 3206 ;
1293 3155 1494 3193 verum
1516 3138 1760 3193 Romam
1793 3135 2110 3199 venientes,
2143 3151 2176 3189 a
2205 3138 2407 3190 sancto
2427 3134 2721 3205 Stephano
2754 3133 3026 3204 pontifice
3049 3149 3240 3205 neque
3260 3133 3494 3205 recepti,
3528 3150 3691 3204 neque
3713 3131 3840 3186 auditi

527 3227 784 3281 luerunt.
817 3226 900 3281 Ob
931 3243 1110 3298 quam
1141 3244 1381 3282 causam
1413 3223 2496 3303 Firmilianus,CaesareaeCappadocize
2528 3223 2859 3294 episcopus,
2891 3223 2960 3277 ad
2992 3223 3347 3294 Cyprianum
3367 3239 3493 3278 eam
3523 3239 3637 3294 qua:
3665 3219 3844 3276 actahu-

518 3312 622 3383 jus
653 3313 881 3368 concilii
910 3317 1163 3382 enarrat,
1191 3318 1249 3370 et
1278 3313 1348 3368 de
1378 3312 1585 3385 legatis
1605 3329 1716 3367 non
1753 3310 1969 3366 auditis
1997 3311 2163 3366 valde
2195 3310 2573 3382 conqueritur
2598 3328 2610 3378 ;
2635 3309 2940 3382 epistolam
2973 3317 3320 3381 sequentem
3365 3311 3511 3367 hanc
3550 3309 3836 3380 conscripsit.

527 3402 756 3466 Bmou.,
786 3417 921 3457 ann.
971 3402 1096 3468 258,
1133 3402 1219 3472 14,
1256 3402 1321 3456 15
1350 3406 1405 3456 et
1437 3401 1523 3455 16.

595 3491 829 3547 Certum
860 3494 968 3560 est,
1000 3491 1194 3563 inquit
1221 3489 1434 3564 Pagius
1465 3490 1536 3544 ad
1571 3505 1706 3544 ann.
1737 3488 1871 3543 Chr.
1906 3489 2013 3542 255
2045 3505 2101 3544 n.
2135 3488 2204 3544 15
2234 3493 2291 3544 et
2322 3490 2408 3558 16,
2437 3487 2748 3544 concilium
2780 3489 3096 3556 Ieoniense,
3132 3489 3190 3542 in
3228 3506 3347 3561 quo
3403 3489 3744 3561 rebaptizatio
3774 3486 3844 3539 be

523 3579 872 3635 recticorum
905 3579 1154 3646 decreta,
1189 3585 1323 3634 ante
1351 3579 1624 3650 Stephani
1657 3577 2063 3650 pontificatum
2094 3578 2471 3633 celebratum.
2504 3578 2563 3631 Id
2595 3577 2752 3632 enim
2784 3578 2996 3633 diserte
3023 3581 3281 3634 testatur
3315 3578 3673 3634 Firmilianus
3695 3579 3739 3630 in
3762 3574 3842 3645 epi-

527 3666 677 3723 stola
715 3667 785 3721 ad
819 3667 1191 3738 Cyprianum,
1225 3667 1323 3722 ubi
1365 3668 1436 3724 de
1467 3667 1750 3722 lconiensi
1785 3666 2006 3737 synodo
2037 3666 2118 3720 ita
2137 3665 2429 3738 loquitur:
2457 3667 2616 3735 Quod
2647 3675 2817 3721 totum
2847 3683 2943 3722 nos
2965 3668 3311 3738 jampridem
3331 3670 3390 3723 in
3423 3670 3612 3733 Iconio,
3641 3663 3846 3738 quiPhry-

522 3758 634 3828 giae
663 3755 808 3809 locus
838 3757 933 3825 est,
965 3755 1194 3826 collecti,
1227 3771 1287 3809 in
1317 3772 1492 3810 unum
1545 3754 1987 3810 convenientibus
2006 3771 2079 3808 ea:
2136 3754 2324 3810 Gallia
2390 3759 2440 3810 ct
2501 3755 2716 3824 Cilicia,
2770 3756 2982 3810 caeteris
3039 3758 3316 3826 proximis
3379 3756 3670 3826 regionibus
3709 3751 3845 3820 conﬁr-

525 3844 817 3898 mavimus.
852 3842 958 3898 Ubi
991 3860 1311 3916 pronomen
1341 3860 1439 3899 nos
1470 3860 1584 3898 non
1619 3843 1688 3899 de
1709 3842 1896 3915 ipsius
1928 3843 2246 3899 Firmiliani
2276 3860 2541 3915 persona:
2579 3845 2678 3900 sed
2715 3846 2907 3916 potius
2939 3846 3009 3900 de
3041 3847 3168 3915 ejus
3201 3847 3608 3902 decessoribus
3635 3842 3846 3914 accipien-

528 3931 668 3986 dum
695 3950 709 4000 ;
741 3948 876 3987 cum
909 3931 1300 3988 Firmalianus
1327 3949 1454 3989 eam
1482 3932 1769 4004 synodum
1791 3931 2150 4004 jampridem
2177 3932 2478 3988 collectam
2511 3933 2774 4002 affirmel,
2806 3937 2862 3989 et
2893 3935 2952 3989 in
2977 3935 3089 3990 fine
3111 3935 3381 4003 ejusdem
3412 3934 3655 4007 epistola:
3703 3926 3844 4004 synodi

527 4019 707 4091 hujus
735 4025 1118 4077 vestustatem
1149 4021 1626 4078 manifestissime
1659 4021 1893 4085 indicet,
1939 4025 2001 4075 ut
2031 4021 2358 4077 observavit
2386 4019 2656 4078 Valesius
2687 4023 2742 4076 in
2775 4024 2924 4078 Notis
2957 4024 3288 4079 Eusebianis
3321 4025 3394 4079 ad
3429 4024 3525 4078 lib.
3557 4041 3647 4088 vn,
3696 4036 3790 4089 cap.
3813 4017 3845 4066 7.

526 4108 696 4178 Nam,
728 4125 860 4164 cum
888 4110 1217 4182 Stephanus
1248 4127 1416 4183 papa,
1450 4111 1732 4182 Cypriano
1755 4111 2038 4175 scribens,
2063 4110 2366 4182 antiquam
2402 4111 2669 4166 Ecclesiae
2700 4113 3186 4168 consuetudinem
3221 4115 3282 4168 in
3325 4112 3657 4184 recipiendis
3685 4103 3845 4163 haereti-

526 4198 612 4255 cis
640 4199 918 4254 adversus
949 4204 1326 4256 assertatores
1348 4199 1477 4255 novi
1498 4199 1790 4271 dogmatis
1821 4198 2214 4270 opposuisset,
2235 4199 2604 4256 Firmilianus
2618 4200 2727 4256 hoc
2747 4205 3157 4274 argumentum
3187 4203 3476 4258 adversus
3500 4202 3656 4256 Afros
3672 4199 3847 4252 fortasse

524 4288 732 4345 H58
763 4286 950 4344 valere
974 4288 1118 4344 dicit
1146 4306 1160 4356 ;
1194 4292 1250 4344 et
1282 4289 1573 4358 quomodo
1606 4288 1726 4342 Afri
1757 4287 1815 4342 id
1848 4286 2101 4343 refutare
2133 4289 2379 4360 possint,
2414 4288 2630 4345 ibidem
2689 4290 2875 4345 docet.
2911 4292 3122 4346 Contra
3145 4290 3477 4346 Orientales
3542 4287 3736 4344 nullam
3770 4282 3842 4334 vim

518 4376 666 4433 illud
699 4376 913 4433 habere
942 4377 1326 4444 demonstrat,
1359 4377 1514 4450 apud
1546 4393 1694 4448 quos
1727 4393 1959 4449 semper
2016 4376 2355 4448 rebaptizati
2387 4378 2604 4433 fuerint
2630 4378 2900 4445 haeretici,
2926 4381 3051 4450 jam
3084 4380 3221 4436 inde
3253 4381 3329 4436 ab
3357 4377 3634 4436 Iconiensi
3674 4372 3850 4447 synodo,

517 4484 641 4540 quae
667 4466 741 4521 ob
774 4466 1163 4523 Montanistas
1195 4466 1381 4522 fuerat
1410 4467 1651 4522 indicta.
1677 4465 1778 4520 His
1809 4465 1973 4520 addit
2010 4465 2279 4521 Valesius
2301 4465 2639 4539 Dionysium
2664 4467 3126 4523 Alexandrinum
3159 4469 3218 4524 in
3242 4469 3419 4541 epist.
3444 4469 3512 4524 ad
3537 4467 3846 4522 Philemonem

518 4558 792 4612 Romanis
815 4555 976 4610 urbis
1009 4555 1436 4628 presbyterum,
1460 4571 1635 4624 quam
1670 4553 1906 4625 scripsit
1927 4554 2037 4608 sub
2068 4553 2235 4608 initia
2267 4553 2642 4626 pontificatus
2699 4555 2862 4628 Xysti
2893 4573 3076 4628 papae,
3103 4556 3204 4612 ubi
3238 4558 3352 4613 ait:
3387 4555 3526 4613 Illud
3539 4559 3770 4628 praeterea
3799 4548 3850 4601 di-

517 4645 647 4713 dici,
681 4659 792 4697 non
840 4643 907 4698 ab
942 4644 1095 4715 Afris
1121 4645 1257 4699 solis
1279 4644 1423 4698 hunc
1447 4660 1656 4698 morem
1678 4659 1824 4698 nunc
1851 4644 2095 4714 primum
2145 4644 2419 4698 invectum
2445 4645 2637 4714 fuisse,
2670 4645 2766 4699 sed
2803 4649 2852 4700 et
2883 4646 3054 4701 multo
3084 4650 3252 4701 antea
3310 4649 3649 4717 superiorum
3700 4641 3847 4710 ερὶςςεῡι

511 4749 711 4804 porum
741 4733 1067 4802 temporibus
1104 4734 1162 4787 in
1191 4735 1432 4788 ecclesiis
1463 4731 1929 4803 popularissimis,
1957 4734 2006 4786 et
2037 4733 2094 4785 in
2115 4733 2388 4786 concilliis
2440 4735 2684 4804 fratrum
2736 4734 2881 4804 apud
2934 4735 3180 4790 Iconium
3239 4737 3290 4790 et
3351 4733 3630 4807 Synnada,
3675 4738 3717 4784 et
3755 4718 3847 4796 apud

514 4822 656 4876 alios
682 4822 948 4893 plurimos
978 4820 1122 4874 idem
1148 4823 1424 4877 sancitum
1449 4823 1642 4892 fuisse.
1667 4821 1833 4887 Hinc,
1869 4819 1977 4875 sub
2011 4825 2268 4875 extrema
2298 4820 2606 4876 Alexandri
2639 4822 2828 4877 Severi
2853 4827 3137 4894 tempora,
3171 4824 3395 4894 quibus
3429 4821 3766 4878 Firmilianus
3804 4808 3847 4862 ad

512 4910 886 4967 Caesariensis
912 4907 1168 4964 ecclesiae
1201 4911 1592 4966 sacerdotium
1626 4925 1827 4965 recens
1859 4914 2160 4980 promotus
2194 4909 2398 4979 fuerat,
2425 4915 2488 4965 ut
2517 4911 2683 4966 docet
2704 4911 2990 4968 Eusebius
3019 4913 3079 4966 in
3111 4912 3214 4967 lib.
3237 4929 3319 4979 vr,
3343 4911 3625 4985 synodum
3652 4901 3850 4961 Iconieno

514 5017 640 5055 sem
667 4997 970 5055 collectam
1000 4997 1182 5054 credit
1210 4997 1499 5067 Valesius,
1535 4997 1780 5069 ideoque
1810 5002 1942 5052 ante
1969 4996 2214 5054 Cornelii
2239 5015 2398 5069 papae
2431 5000 2853 5070 pontificatum.
2877 5005 3172 5058 Hactenus
3219 5003 3437 5073 Pagius
3490 4987 3847 5059 Harduinusﬁﬂ

510 5089 694 5144 Indice
724 5087 1111 5156 Camillorum,
1172 5093 1314 5144 tom.
1348 5105 1386 5157 ι,
1422 5087 1596 5144 Iconii
1628 5091 1684 5143 et
1713 5086 2002 5159 Synnadis
2031 5087 2275 5143 concilia
2313 5087 2516 5144 habita
2544 5105 2671 5145 esse
2701 5107 2854 5146 anno
2875 5090 3109 5147 circiter
3130 5092 3238 5146 255
3265 5091 3537 5147 afﬁrmat.
3568 5088 3640 5144 De
3668 5081 3744 5139 his
3765 5073 3850 5133 vide
3960 5073 3961 5136 ἦ

512 5182 570 5232 et
611 5175 1008 5251 Augustinum
1039 5175 1141 5233 lib.
1176 5194 1238 5232 ιιι
1268 5185 1462 5233 contra
1484 5177 1759 5244 Crescon.,
1793 5191 1919 5246 cap.
1957 5177 2006 5242 1,
2033 5175 2088 5229 3.

1943 5319 2280 5379 Variorum
2313 5328 2500 5382 notae.

579 5456 691 5528 (57)
747 5454 1047 5528 Clinician
1106 5454 1480 5528 Peripatetici.
1543 5451 2011 5528 Nisiﬂconstaret
2071 5452 2166 5528 hic
2274 5456 2713 5522 conclamabant,
2747 5440 3848 5528 Peripatetici,Academitici,Stoic_i,tight??-

509 5515 602 5599 agi
628 5515 704 5622 923
734 5526 927 5593 clinis,
960 5526 1018 5622 id
1052 5532 1141 5609 est
1168 5515 1527 5622 pa'ralytici‘s,
1561 5521 1754 5622 facileL
1777 5527 2046 5622 pgtarem
2085 5523 2170 5580 le-
2285 5597 2317 5622 μ
2356 5529 2469 5622 ςῦβ)
2501 5529 2613 5622 ξίὶί
2641 5515 2982 5586 οΙιάνίεδίὲηε.
3012 5515 3196 5588 Codex
3248 5530 3446 5586 Sancti
3490 5515 3738 5593 'Arnulpbi
3783 5515 3854 5567 Ιη-

506 5594 764 5677 gsndum
798 5613 928 5653 esse
974 5594 1438 5677 Cynici—propter
1468 5596 1591 5650 haec
1623 5594 1796 5650 verba
1825 5594 2056 5677 Senecae
2104 5612 2173 5652 ex
2285 5594 2380 5653 bet
2407 5594 2611 5670 [ratem

504 5665 756 5741 Epistola
782 5685 953 5726 χχιιι
987 5665 1090 5725 Sed
1139 5665 1282 5726 idem
1310 5665 1411 5724 hoc
1439 5683 1622 5723 omnes
1669 5682 1740 5722 ea:
1792 5667 1945 5721 omni
1995 5665 2213 5734 domo.”
