4088 6174
223 325 382 387 1905

1237 322 1441 386 pass
1486 322 1537 384 ι.
1565 349 1645 366 --
1673 321 2179 386 MONUMENTA
2222 323 2630 405 VETEBUM.

3479 328 3638 391 1908

219 459 577 529 conjungere
608 455 909 512 charitatis
939 460 1115 528 atque
1147 455 1388 512 unitatis
1423 455 1657 511 vinculo
1688 455 1865 512 etiam
1900 458 1953 524 Α
1983 458 2030 527 (1
2056 457 2177 513 Cor.
2228 473 2347 527 xrv,
2405 460 2515 531 30).
2577 463 2702 526 Qua
2745 476 2814 516 ex
2867 475 3046 517 causa
3094 460 3424 517 necessario
3474 462 3635 531 apud

214 563 281 602 ea
312 563 441 619 qua:
471 546 741 600 videntur
767 543 968 601 1151
1023 545 1283 617 longiore
1336 549 1627 600 terrarum
1676 543 1864 616 spatio

213 651 343 692 esse
372 634 581 704 divisa,
615 634 940 689 secundum
972 633 1129 705 quod
1153 638 1209 688 et
1230 632 1370 689 olim
1393 633 1696 688 intervallo
1719 638 1863 688 tem-

211 741 421 798 porum
452 728 756 798 separatos
786 726 859 780 ab
889 725 1000 781 Job
1029 728 1085 780 et
1108 725 1247 792 Noe,
1280 725 1381 796 qui
1411 724 1471 778 in
1504 725 1713 796 primis
1746 723 1865 778 fue-

208 819 360 879 rant,
394 813 760 869 Ezechielem
794 818 851 868 et
881 811 1180 868 Danielem
1210 813 1563 884 posteriores
1593 817 1759 868 aetate
1791 813 1860 867 ad

212 903 622 958 unanimitatis
651 902 952 957 vinculum
985 903 1169 957 virtus
1201 902 1397 957 divina
1427 901 1751 973 conjunxit,
1775 906 1860 971 ut,

214 993 489 1065 quamvis
517 989 884 1063 temporibus
914 991 1104 1064 longis
1136 991 1371 1047 discreti
1410 995 1625 1058 essent,
1657 993 1862 1046 eadem

214 1075 414 1137 divina
444 1080 827 1153 inspiratione
853 1081 1157 1136 sentirent.
1191 1081 1353 1146 Quod
1398 1085 1456 1136 et
1483 1092 1640 1136 nunc
1671 1081 1729 1135 in
1764 1095 1863 1135 vos

211 1171 306 1226 bis
338 1169 882 1236 animadvertimus,
917 1173 982 1224 ut
1011 1170 1110 1241 qui
1137 1169 1500 1241 longissimis
1523 1169 1863 1238 regionibus

213 1276 248 1314 a
280 1259 451 1314 nobis
482 1258 735 1330 separati
765 1259 929 1328 estis,
962 1273 1136 1313 sensu
1179 1261 1373 1312 tamen
1422 1263 1479 1314 et
1526 1257 1734 1329 spiritu
1764 1273 1860 1312 co-

211 1347 448 1420 pulatos
476 1363 579 1403 vos
609 1361 737 1402 esse
767 1346 1076 1402 nobiscum
1108 1347 1448 1419 probaretis.
1487 1347 1650 1410 Quod
1672 1351 1859 1401 totum

207 1437 320 1493 hoc
350 1435 417 1492 ﬁt
444 1434 640 1491 divina
674 1436 916 1491 unitate.
968 1436 1136 1503 Nam,
1187 1450 1320 1491 cum
1372 1435 1659 1492 Dominus
1706 1447 1862 1491 unus

204 1531 386 1598 atque
413 1525 568 1580 idem
602 1525 680 1580 sit
709 1524 810 1595 qui
875 1524 1100 1580 habitat
1121 1525 1179 1578 in
1203 1525 1391 1592 nobis,
1413 1524 1718 1597 conjungit
1737 1524 1860 1579 ubi-

205 1629 323 1687 que
353 1618 409 1671 et
437 1614 672 1686 copulat
701 1629 842 1669 suos
869 1613 1098 1668 vinculo
1132 1613 1391 1668 unitatis.
1443 1613 1607 1669 Unde
1634 1613 1694 1668 in
1727 1613 1856 1668 uni-

202 1718 436 1760 versam
466 1707 682 1758 terram
717 1702 892 1758 exivit
930 1717 1113 1758 sonus
1163 1715 1364 1757 eorum
1414 1702 1515 1774 qui
1546 1719 1579 1758 ι
1608 1703 1856 1758 Domino

204 1793 375 1849 missi
430 1797 572 1847 sunt
603 1792 846 1847 unitatis
877 1791 1089 1864 spiritu
1118 1790 1391 1846 velociter
1419 1796 1755 1857 currentes;
1781 1791 1855 1846 si-

205 1886 309 1937 cut
338 1898 368 1936 e
401 1879 690 1936 centrario
721 1878 868 1934 nihil
919 1880 1158 1951 prodest
1204 1879 1432 1950 aliquos
1479 1879 1775 1951 proximos
1804 1883 1860 1934 et

194 1970 442 2041 junctus
472 1968 587 2023 sibi
638 1983 768 2024 esse
818 1967 1183 2037 corporibus,
1235 1967 1286 2022 si
1331 1967 1526 2023 animo
1568 1971 1626 2023 et
1669 1972 1862 2023 mente

202 2057 558 2124 dissideant,
585 2057 819 2128 quando
844 2055 1089 2112 adunari
1111 2056 1319 2112 animae
1342 2056 1580 2112 omnino
1602 2071 1714 2112 non
1735 2068 1864 2128 pos-

200 2147 330 2204 sint
375 2161 505 2218 quae
557 2159 619 2202 se
668 2159 701 2200 a
752 2143 853 2200 Dei
901 2145 1126 2200 unitate
1157 2144 1496 2200 diviserint:
1533 2147 1659 2201 Ecce
1685 2147 1858 2212 enim,

201 2235 421 2307 inquit,
453 2237 550 2306 qui
605 2235 974 2305 longinquam
1018 2248 1079 2288 se
1126 2233 1229 2288 abs
1274 2238 1325 2288 te
1368 2234 1632 2304 peribunt
1679 2235 1855 2302 (Pent.

201 2338 382 2391 αξη,
410 2323 524 2393 27).
558 2322 671 2378 Sed
712 2321 859 2377 tales
881 2321 1180 2392 judicium
1235 2321 1468 2376 Domini
1500 2337 1603 2393 pro
1648 2322 1857 2378 merito

196 2429 314 2469 suo
344 2412 650 2478 subibunt,
684 2411 1021 2466 recedentes
1054 2426 1086 2466 a
1113 2411 1306 2466 verbis
1335 2411 1465 2481 ejus
1496 2411 1594 2482 qui
1627 2411 1855 2466 Patrem

192 2516 308 2573 pro
340 2501 562 2556 unitate
593 2500 941 2572 deprecatur
969 2504 1026 2554 et
1055 2499 1198 2555 dicit
1227 2516 1240 2553 :
1274 2501 1459 2570 Pater,
1507 2500 1577 2555 da
1605 2503 1685 2567 ut,
1716 2514 1852 2572 quo-

195 2589 365 2646 modo
387 2605 484 2661 ego
514 2596 570 2645 et
599 2591 658 2643 tu
687 2603 864 2644 unum
890 2603 1104 2657 sumus,
1134 2589 1214 2643 sic
1243 2591 1295 2644 et
1325 2587 1386 2643 hi
1416 2591 1476 2644 in
1504 2589 1659 2644 nobis
1679 2600 1850 2645 unum

193 2681 315 2734 sint
347 2680 529 2750 (Joan.
562 2694 700 2747 xvu,
733 2677 852 2748 21).

273 2766 368 2824 IV.
396 2766 514 2822 Nos
543 2782 676 2822 vero
707 2782 797 2832 ea,
829 2781 956 2836 qua:
987 2782 1021 2820 a
1049 2764 1212 2820 vobis
1242 2765 1461 2834 scripta
1490 2769 1648 2836 sunt,
1683 2766 1852 2836 quasi

195 2861 406 2911 nostra
452 2855 688 2927 proprie.
728 2853 1100 2924 suscepimus
1121 2853 1184 2921 ’9,
1240 2869 1347 2909 nec
1394 2853 1452 2908 in
1507 2857 1850 2908 transcursu

195 2943 478 3016 legimus,
530 2943 630 2998 sed
683 2958 832 3014 saepe
883 2941 1132 3013 repetita
1200 2942 1495 2997 memoriae
1543 2941 1848 2997 mandavi-

197 3049 340 3088 mus
369 3034 414 3072 ³ο
446 3033 576 3102 (66).
609 3031 803 3100 Neque
835 3033 1002 3086 obest
1034 3030 1275 3085 utilitati
1305 3029 1570 3097 salutari,
1623 3035 1724 3086 aut
1752 3047 1845 3086 ea-

197 3123 336 3177 dem
369 3125 620 3176 retexere
652 3120 723 3174 ad
773 3119 1238 3174 confirmandam
1286 3119 1606 3186 veritatem,
1659 3124 1760 3174 aut
1789 3124 1847 3174 et

194 3210 469 3282 quaedam
500 3209 714 3264 addere
745 3209 815 3262 ad
859 3205 1280 3262 cumulandam
1327 3201 1751 3280 probationem.
1789 3201 1847 3263 Si
1873 3187 1920 3282 β

193 3301 342 3372 quid
375 3305 569 3356 autem
600 3318 634 3355 a
665 3299 835 3354 nobis
860 3298 1126 3354 additum
1151 3297 1343 3368 fuerit,
1371 3311 1481 3353 non
1508 3297 1590 3352 sic
1613 3299 1850 3353 additur

194 3389 373 3460 quasi
406 3407 438 3445 a
465 3387 632 3444 vobis
665 3386 881 3458 aliquid
917 3387 1113 3441 minus
1144 3387 1366 3442 dictum
1420 3387 1515 3454 sit,
1571 3387 1673 3442 sed
1705 3401 1848 3458 quo-

189 3477 366 3534 niam
399 3493 588 3533 sermo
621 3476 854 3532 divinus
884 3475 1205 3530 humanam
1237 3479 1507 3529 naturam
1542 3491 1846 3547 supergre-

189 3566 381 3637 ditur,
417 3583 519 3621 nec
555 3569 745 3636 potest
774 3568 961 3619 totum
990 3567 1046 3618 et
1079 3562 1400 3635 perfectum
1432 3563 1632 3619 anima
1659 3562 1849 3618 conci-

190 3671 360 3727 pere,
391 3654 606 3710 idcirco
638 3658 695 3710 et
726 3659 925 3709 tantus
953 3658 1043 3708 est
1064 3668 1349 3707 numerus
1372 3652 1578 3709 1158
1603 3653 1848 3724 prephe-

191 3752 421 3809 tarum,
437 3747 502 3798 ut
521 3742 824 3814 multiplex
845 3747 902 3797 et
921 3741 1173 3796 divina“
1197 3741 1488 3812 sapientia
1508 3755 1611 3813 per
1631 3741 1851 3796 multos

190 3831 612 3889 distribuatur.
647 3831 809 3886 Unde
841 3833 899 3885 et
946 3833 1137 3885 tacere
1186 3831 1521 3902 praecipitur
1569 3829 1758 3902 primo
1791 3827 1851 3886 in

191 3920 510 3995 prophetia
555 3921 841 3992 loquenti,
897 3919 947 3976 si
996 3919 1253 3975 secundo
1312 3919 1487 3975 fuerit
1534 3919 1852 3975 revelatum

1976 561 2082 601 nos
2112 547 2174 602 fit
2207 551 2272 602 ut
2303 563 2404 619 per
2431 548 2700 620 singulos
2733 565 2920 605 annos
2964 548 3222 604 seniores
3254 553 3312 604 et
3340 549 3637 620 prtepositi

1975 637 2033 690 in
2066 651 2250 691 unum
2283 638 2701 693 conveniamus
2733 639 2804 692 ad
2843 639 3214 710 disponenda
3243 654 3310 692 ea
3332 653 3458 708 quae
3481 651 3635 692 cures

1975 728 2184 779 nostrae
2215 725 2532 782 commissa
2562 731 2720 792 sunt,
2753 731 2840 793 ut,
2908 727 2958 782 si
3009 743 3124 796 qua
3176 726 3442 798 graviora
3472 730 3634 792 sunt,

1973 815 2271 869 communi
2305 815 2551 871 consilio
2583 815 2935 886 dirigantur,
2975 815 3160 888 lapsis
3182 831 3418 887 quoque
3442 815 3636 870 fratri-

1971 903 2082 957 bus
2113 908 2170 958 et
2199 908 2330 974 post
2361 905 2655 960 lavacrum
2687 903 2946 960 salutare
2979 920 3013 959 a
3051 903 3286 958 diabolo
3316 901 3636 959 vulneratis

1972 1003 2076 1062 per
2106 991 2509 1061 pcenitentiam
2558 992 2786 1049 medela
2833 997 3172 1064 quaeratur;
3228 1008 3348 1047 non
3398 993 3570 1064 quasi
3599 1005 3634 1048 ι

1973 1079 2140 1136 nobis
2169 1080 2572 1136 remissionem
2607 1086 2979 1152 peccatorum
3023 1085 3482 1151 consequantur,
3527 1076 3629 1137 sed

1972 1173 2034 1223 ut
2066 1184 2169 1241 per
2198 1183 2304 1224 nos
2351 1171 2422 1225 ad
2474 1169 2922 1241 intelligentiam
2974 1169 3327 1225 delictorum
3384 1183 3628 1225 suorum

1971 1262 2379 1314 convertantur
2431 1263 2490 1315 et
2546 1258 2792 1314 Domino
2853 1258 3093 1330 plenius
3146 1258 3485 1314 satisfacere
3533 1274 3628 1314 co-

1969 1352 2203 1419 gantur.

2039 1436 2105 1491 V.
2136 1437 2422 1500 Quoniam
2454 1450 2590 1492 vero
2621 1436 2853 1508 legatus
2892 1436 3005 1491 iste
3037 1451 3072 1490 a
3101 1435 3264 1491 vobis
3295 1435 3518 1491 missus
3537 1451 3628 1490 re-

1967 1525 2129 1597 gredi
2162 1526 2232 1581 ad
2264 1538 2366 1582 vos
2405 1526 2740 1594 festinabat,
2793 1529 2854 1581 et
2885 1524 3200 1580 hibernum
3251 1530 3484 1596 tempus
3517 1524 3629 1595 (67)

1966 1615 2232 1687 urgebat,
2265 1619 2552 1686 quantum
2582 1615 2883 1684 potuimus
2934 1614 3006 1670 ad
3059 1613 3280 1685 scripta
3308 1618 3502 1668 vestra
3529 1629 3623 1669 re-

1966 1704 2331 1774 scripsimus.
2376 1706 2442 1758 Et
2471 1703 2728 1774 quidem,
2775 1706 3071 1775 quantum
3122 1703 3192 1757 ad
3242 1702 3299 1758 id
3335 1702 3623 1774 pertineat

1967 1793 2121 1864 quod
2171 1792 2498 1864 Stephanus
2547 1792 2710 1858 dixit,
2766 1791 2939 1864 quasi
2989 1789 3235 1863 apostoli
3284 1799 3384 1846 eas
3415 1789 3515 1862 qui
3547 1791 3622 1847 ab

1971 1881 2177 1937 haeresi
2206 1881 2449 1938 veniunt
2495 1881 2776 1953 baptizari
2830 1879 3244 1952 prohibuerint
3291 1883 3348 1936 et
3376 1881 3486 1936 hoc
3517 1895 3622 1936 cu-

1971 1968 2342 2026 stodiendum
2394 1970 2644 2042 posteris
2698 1965 3067 2036 tradiderint,
3118 1967 3460 2038 plenissime
3511 1980 3619 2022 vos

1971 2059 2359 2131 respondistis
2389 2058 2684 2114 neminem
2730 2063 2854 2114 tam
2903 2056 3150 2113 stultum
3202 2067 3329 2111 esse
3373 2056 3474 2128 qui
3505 2053 3617 2112 hoc

1970 2149 2164 2204 credat
2207 2147 2504 2220 apostolos
2553 2146 2890 2217 tradidisse,
2945 2145 3180 2217 quando
3229 2145 3405 2200 etiam
3453 2144 3614 2216 ipsas

1967 2237 2218 2294 haereses
2247 2237 2474 2293 constet
2500 2235 2887 2292 exsecrabiles
2919 2249 2986 2291 ac
3015 2234 3395 2290 detestandae
3417 2238 3618 2304 postea

1965 2326 2256 2382 exstitisse
2285 2326 2400 2397 (68)
2443 2335 2580 2382 cum
2630 2331 2689 2380 et
2737 2324 3014 2394 Marcion,
3045 2323 3324 2379 Cerdonts
3354 2317 3619 2394 discipu‘

1963 2414 2076 2483 lus,
2109 2413 2442 2470 inveniatur
2469 2423 2598 2470 sero
2629 2417 2763 2484 post
2793 2411 3090 2484 apostolos
3111 2416 3170 2467 et
3194 2415 3326 2483 post
3348 2409 3523 2482 longa
3543 2408 3617 2466 ab

1962 2505 2046 2560 eis
2066 2507 2332 2574 tempore.
2355 2501 2699 2574 sacrilegam
2721 2502 3005 2557 adversus
3027 2505 3208 2556 Deum
3231 2498 3610 2556 traditionem

1962 2593 2266 2648 induxisse
2292 2609 2306 2657 ;
2341 2590 2567 2662 Apelles
2599 2601 2849 2660 quoque,
2895 2588 3275 2661 blasphemia
3305 2590 3436 2659 ejus
3465 2603 3610 2642 con.

1962 2682 2242 2751 sentiens,
2301 2678 2490 2734 multa
2545 2678 2658 2734 alia
2716 2695 2886 2746 nova,
2944 2681 3003 2733 et
3045 2677 3314 2750 graviora
3362 2675 3496 2731 fidei
3542 2693 3611 2734 ac

1959 2769 2187 2826 veritati
2218 2767 2458 2823 inimica
2487 2766 2798 2822 addiderit.
2842 2766 2953 2822 Sed
3002 2772 3060 2823 et
3088 2764 3383 2822 Valentini
3414 2769 3472 2820 et
3497 2769 3607 2820 Ba-

1959 2857 2150 2914 silidis
2180 2861 2412 2928 tempus
2443 2855 2556 2926 (69)
2589 2854 2967 2910 manifestum
3015 2857 3126 2919 est,
3175 2853 3330 2926 quod
3378 2857 3436 2908 et
3465 2851 3601 2924 ipsi,

1958 2949 2090 3020 post
2119 2944 2412 3018 apostolos
2457 2948 2516 3000 et
2563 2945 2694 3015 post
2740 2942 2974 3015 longam
3029 2945 3281 3011 aetatem,
3321 2942 3604 2998 adversus

1957 3034 2275 3090 Ecclesiam
2322 3033 2421 3087 Dei
2469 3030 2768 3089 sceleratis
2815 3029 3136 3086 mendaciis
3190 3030 3314 3085 suis
3361 3028 3603 3085 rebella-

1956 3124 2162 3181 verint.
2203 3124 2452 3180 Caeteros
2497 3137 2731 3194 quoque
2778 3115 3083 3175 hiereticos
3124 3122 3351 3174 constat
3395 3135 3604 3190 pravas

1959 3230 2099 3270 suas
2128 3215 2316 3267 sectas
2346 3215 2403 3266 et
2431 3207 2793 3264 inventiones
2816 3224 3137 3279 perversae,
3163 3210 3336 3278 prout
3355 3206 3606 3279 quisque

1959 3316 2151 3357 errore
2181 3302 2394 3356 ductus
2424 3301 2532 3364 est,
2576 3297 2781 3354 1159
2833 3302 3035 3368 postea
3084 3295 3422 3363 induxisse;
3457 3311 3606 3367 quos

1958 3401 2162 3446 omnes
2193 3387 2567 3444 manifestum
2600 3391 2688 3442 est
2709 3403 2743 3441 a
2763 3384 3101 3456 semetipsis
3123 3383 3432 3439 damnatos
3453 3397 3603 3450 esse,

1959 3485 2016 3536 et
2047 3484 2180 3535 ante
2212 3473 2366 3533 diem
2394 3474 2605 3545 judicii
2637 3473 3092 3530 inexcusabilem
3125 3471 3477 3529 sententiam
3508 3473 3606 3528 ad-

1958 3583 2160 3623 versus
2193 3561 2541 3636 semetipsos
2569 3561 2824 3618 dixisse:
2875 3578 3130 3633 quorum
3177 3560 3474 3633 baptisma
3503 3559 3606 3632 qui

1959 3656 2289 3724 confirmat,
2314 3654 2455 3725 quid
2481 3651 2637 3708 aliud
2663 3667 2839 3723 quam
2864 3665 2996 3706 cum
3022 3650 3168 3722 ipsis
3209 3667 3272 3706 se
3323 3650 3604 3721 adjuicat.

1960 3749 2016 3799 et
2041 3759 2103 3799 se
2133 3743 2257 3813 ipse
2299 3741 2642 3814 participem
2672 3739 2892 3795 talibus
2913 3738 3176 3794 faciendo
3206 3736 3608 3794 condemnat?

2029 3831 2124 3886 VI.
2159 3831 2272 3887 Eos
2302 3835 2495 3885 autem
2519 3828 2619 3902 qui
2646 3828 2842 3884 Romae
2865 3830 3004 3883 sunt
3027 3843 3141 3883 non
3163 3843 3230 3882 ea
3250 3827 3310 3881 in
3332 3823 3610 3883 omnibus

1961 3919 2268 3976 observare
2294 3936 2423 3990 quae
2462 3919 2582 3974 sint
2629 3917 2701 3974 ab
2749 3915 2973 3990 origine
3017 3914 3270 3971 tradita:
3304 3919 3363 3970 et
3394 3913 3612 3970 frustra

266 4144 318 4179 ²⁹
349 4143 441 4199 Sic
464 4144 620 4198 Lam.
653 4142 811 4212 Ebor.
848 4140 940 4195 Ar.
960 4139 1131 4212 iMich.
1168 4140 1306 4212 Vict.
1327 4043 2423 4212 Suscipimuzagznieitmlagzdemus
2455 4138 2611 4194 Mich.
2648 4137 2778 4194 Vict.
2813 4135 2967 4193 Gaul.
3013 4137 3058 4174 ³¹
3117 4136 3208 4191 Sic
3263 4135 3438 4192 Mich.
3480 4135 3608 4191 Vict.

187 4217 289 4272 Ar.
329 4220 478 4271 Lam.
511 4215 676 4270 Ebor.
703 4211 806 4269 ΝΟ.
855 4213 903 4266 1.
937 4211 1008 4267 Et
1035 4213 1245 4268 omittit
1277 4211 1452 4267 Oxon.

1636 4292 1966 4353 Variorum
1998 4296 2187 4352 notes.

185 4399 643 4477 gitDionj'sius,
661 4403 854 4477 atque
882 4396 991 4454 hoc
1013 4415 1075 4477 se
1100 4396 1531 4477 ab_Anti_ochize,
1555 4399 1846 4456 Caesareis.

187 4471 382 4540 Elim,
441 4471 596 4544 Tyri,
660 4471 970 4539 Laodiceae,
1023 4471 1191 4526 Tarsi
1242 4471 1532 4543 episc0pis
1583 4477 1848 4542 rogatum

189 4545 458 4599 scribere
488 4531 662 4599 Xvsto
689 4561 702 4598 :
737 4541 878 4599 quin
931 4548 986 4596 et
1031 4543 1522 4599 comuresbvteris
1554 4544 1677 4596 suis
1709 4543 1841 4597 Dio—

189 4547 458 4603 scribere
488 4547 534 4599 X
575 4547 702 4599 sto:
737 4547 878 4612 quin
931 4548 986 4596 et
1031 4547 1522 4613 compresbyteris
1554 4547 1677 4596 suis
1709 4547 1841 4597 Dio—

189 4615 370 4684 nysio
402 4622 458 4672 et
491 4563 838 4680 Philemoni,
876 4613 975 4684 qui
1008 4614 1238 4668 fuerant
1267 4615 1528 4684 ejusdem
1561 4629 1693 4684 cum
1728 4613 1850 4668 Ste-

188 4682 400 4761 phano
430 4687 749 4761 sententiae,
783 4682 1095 4757 scripsisse
1146 4685 1253 4739 hac
1298 4682 1374 4739 de
1426 4699 1484 4739 re
1532 4682 1763 4756 plenius
1796 4688 1853 4740 et

193 4759 466 4817 uberius.
504 4759 835 4813 RIGALTIUS.

272 4831 390 4899 (66)
419 4829 757 4885 Mandamus.
793 4827 884 4882 Sic
920 4827 1207 4899 Routhius
1240 4843 1341 4899 pro
1365 4826 1654 4899 praeterito
1686 4843 1850 4881 man-

187 4897 456 4960 dauimus
486 4919 554 4956 ex
587 4901 849 4972 quinque
880 4899 1048 4953 codd.
1079 4898 1335 4968 scriptis,
1361 4915 1392 4952 e
1416 4897 1770 4972 quibustres
1796 4900 1852 4952 in

188 4976 345 5032 edit.
404 4969 1081 5034 Oxonfmemorantur,
1163 4976 1408 5039 quartus
1480 4969 1856 5034 Bodleianus,

189 5043 612 5120 quintusil‘lcvi
646 5039 886 5112 Collegii
921 5046 1028 5096 est.
1066 5041 1284 5120 ito-0TH.

276 5115 392 5188 (67)
451 5115 752 5188 Hibemum
804 5110 1046 5188 tempus.
1093 5111 1235 5165 Hinc
1291 5111 1524 5188 collegit
1573 5110 1858 5188 Beronius

193 5182 700 5259 hanc'epistolam
736 5182 1215 5253 fuisse—scriptam
1239 5198 1392 5259 anno
1410 5182 1534 5259 267,
1561 5183 1858 5259 aliquanto

193 5253 476 5331 tempore
506 5264 640 5331 ante
675 5259 1045 5331 hyemem.At
1076 5253 1427 5331 Pearsonius
1456 5253 1517 5307 in
1549 5254 1860 5331 Antiatibus

195 5325 575 5405 Cyprianicis
595 5325 897 5385 contendit
918 5328 1031 5383 ista
1053 5325 1337 5381 accidisse
1361 5326 1858 5405 anno_superiore.

1509 5401 1712 5453 Bsz.

277 5475 394 5542 (68)
448 5475 635 5528 Postea
692 5471 984 5542 exstitisse.
1039 5471 1254 5542 Yegrum
1303 5466 1414 5522 hoc
1437 5472 1545 5532 est,
1579 5469 1628 5524 si
1689 5467 1861 5524 modo

201 5539 410 5604 sermo
462 5544 540 5599 sit
589 5543 656 5598 de
703 5541 993 5598 haereticis
1045 5539 1182 5602 illis.
1230 5555 1482 5610 quorum
1514 5556 1693 5595 causa
1726 5545 1866 5610 tunc

193 5617 499 5689 temporis
525 5614 829 5689 agebatur,
863 5629 1126 5683 quosque
1157 5609 1868 5689 biclncminatij‘irmilia;

197 5682 360 5759 nus,
385 5682 638 5745 maxime
667 5682 906 5758 quidem
936 5689 1198 5757 tempore
1219 5683 1346 5754 ejus
1368 5682 1702 5755 vigentibus
1727 5701 1740 5752 ;
1764 5683 1866 5740 sed

575 4536 702 4635 sto:
737 4541 878 4624 quin
931 4536 1522 4635 etpcompresbyteris
1554 4536 1681 4596 suis
1709 4543 1841 4635 lgi‘o—
1881 4567 1923 4635 Β
1963 4536 2072 4635 Ιλξιθ
2123 4556 2198 4624 [ιθ⁸
2227 4539 2559 4635 conferatur
2603 4537 3057 4635 Tertglli‘agusb
3074 4550 3275 4608 supra,
3316 4536 3374 4592 in

1963 4411 2124 4470 seque
2155 4409 2354 4454 verum
2387 4401 2494 4462 est,
2522 4394 2775 4470 haereses
2805 4393 2962 4470 haud
2994 4394 3191 4450 minus
3213 4393 3523 4470 pestiferas
3546 4393 3607 4470 in

1963 4461 2282 4541 apostolico
2311 4483 2431 4525 aevo
2462 4461 2774 4523 exstitisse.
2810 4465 3034 4537 Dignus
3056 4461 3251 4521 autem
3282 4468 3391 4529 est,
3457 4461 3609 4520 uide

1963 4543 2072 4593 hac
2123 4556 2182 4593 re
2227 4539 2559 4593 conferatur
2603 4537 3021 4593 Tertullianus.
3074 4550 3275 4593 supra.
3316 4536 3374 4592 in
3406 4482 3510 4593 11b.
3542 4533 3607 4592 de

3497 4551 3607 4592 ,αθ

1962 4613 2274 4677 Ρνωδενίρι.
2310 4611 2512 4682 Haeret.
2546 4622 2672 4682 cap.
2708 4611 2862 4682 33_et
2894 4609 2983 4682 34,
3018 4607 3231 4664 Rosia.

2034 4683 2146 4754 (69)
2193 4679 2450 4737 Basilidis
2500 4678 2732 4754 tempus.
2782 4679 2963 4735 Variae
3013 4685 3151 4754 sunt
3202 4678 3505 4754 opiniones
3528 4679 3613 4735 vi-

1966 4749 2159 4810 rorum
2196 4755 2497 4809 doctorum
2531 4749 2892 4824 de'iempore
2940 4765 3052 4823 quo
3097 4749 3374 4824 Basilidis
3400 4749 3616 4824 dogma

1965 4839 2136 4881 suum
2173 4823 2598 4880 disseminavit.
2633 4821 2854 4890 Qua'de
2908 4821 3299 4877 controversia
3323 4821 3456 4875 vide
3487 4837 3614 4892 qua;

1965 4895 2132 4952 docte
2162 4903 2218 4951 et
2243 4893 2468 4952 erudite
2514 4895 2749 4967 scripsit
2779 4895 3022 4967 amicus
3073 4892 3211 4967 olim
3241 4897 3438 4967 noster
3465 4891 3518 4946 J.
3555 4893 3612 4967 β.

1966 4968 2289 5024 Cotelerius
2321 4969 2378 5022 in
2421 4959 2727 5038 epistolium
2776 4963 2985 5038 [gnatii
3035 4965 3109 5020 ad
3149 4964 3487 5038 Trallianos,
3517 4959 3614 5038 ubi

1968 5048 2202 5111 tempus
2250 5033 2522 5111 Basilidis
2575 5033 2919 5111 revOcat:ad
2981 5035 3319 5111 imperium_
3351 5033 3614 5111 Adriani.

1969 5101 2111 5166 Vide
2135 5110 2308 5166 etiam
2334 5109 2439 5164 viri
2467 5110 2789 5166 doctissimi
2816 5108 3016 5165 Renati
3043 5101 3322 5161 Massueti
3345 5103 3615 5160 observa-

1971 5185 2156 5239 tiones
2187 5183 2258 5237 ad
2293 5184 2570 5237 Irenaeum
2606 5195 2732 5253 pag.
2765 5181 2854 5244 59,
2888 5185 2914 5248 §
2942 5175 3321 5253 112.1neptos
3344 5175 3617 5253 Basilidis

1970 5267 2215 5318 errores,
2250 5267 2397 5326 quos
2423 5243 3172 5326 portentavvccat[graviter
3195 5243 3459 5326 exagitat
3488 5243 3616 5326 Hie-

1974 5317 2343 5398 ronymus'in
2375 5317 2669 5398 epitaphip
2702 5317 3149 5398 Lucinii'Dsetici
3181 5323 3237 5374 et
3266 5317 3496 5398 inlibro
3518 5319 3615 5372 ad-

1969 5389 2159 5468 versus
2183 5389 2563 5468 Vigilantiam:
2591 5391 2762 5449 Illum
2793 5392 2946 5448 idem
2980 5392 3371 5468 Hieronymus
3401 5389 3504 5468 1ib_.
3552 5407 3617 5455 ιι,

1972 5462 2645 5525 αάυθνειιεἾουίηἰαηιιηι
2691 5469 2859 5520 vocat
2905 5465 3236 5534 magistrum
3294 5462 3548 5534 luxuria
3571 5468 3623 5517 et

1972 5541 2418 5610 turpissimarum
2466 5540 2871 5610 complacitum,
2919 5540 2978 5591 et
2999 5530 3077 5589 'in
3123 5530 3372 5605 epistola
3401 5532 3473 5610 ad
3502 5537 3621 5610 (lte—

1975 5604 2293 5680 siphonlem,
2327 5604 2607 5680 adversus
2653 5604 3016 5680 Pelagianos,
3057 5604 3485 5663 commemorat
3513 5605 3623 5660 im-

1976 5675 2249 5755 pietatem
2281 5675 2572 5738 Basilidis.
