4088 6174
516 339 541 394 1
553 336 666 396 207

1558 333 1660 392 DE
1706 330 2300 392 HERETICOBUM
2352 327 2873 390 BAPTISMATE.

3689 337 3808 398 i208

513 465 912 537 apostolorum
962 466 1072 535 (70)
1131 464 1535 519 auctoritatem
1601 463 1959 534 praetendere
2009 463 2157 516 scire
2188 464 2240 529 Α
2260 461 2386 532 jam
2419 460 2711 532 probastis
2742 459 2886 515 satis
2919 457 3236 514 ridiculum
3255 458 3299 493 ³⁴
3319 475 3434 514 esse
3452 465 3508 516 ut
3527 463 3639 534 quis
3654 483 3811 538 sequa-

515 553 647 625 quis
677 553 852 608 etiam
885 554 1019 608 inde
1055 557 1260 624 potest,
1285 553 1438 624 quod
1463 553 1615 608 circa
1637 552 2015 608 celebrandos
2037 551 2159 606 dies

517 642 752 698 Paschze
785 647 840 697 et
869 643 1024 698 circa
1055 641 1241 697 multa
1271 642 1385 696 alia
1435 642 1637 696 divinae
1684 643 1763 697 rei
1795 644 2163 696 sacramenta

520 732 712 787 videat
741 747 868 786 esse
900 731 1054 802 apud
1088 729 1218 786 illos
1250 731 1472 800 aliquas
1505 729 1888 794 diversitates,
1924 745 2029 783 nec
2060 729 2163 784 ob-

525 821 741 877 servari
799 820 915 875 illic
973 820 1171 875 omnia
1217 819 1516 890 aequaliter
1565 835 1691 890 qua:
1744 816 2165 889 Hierosolymis

524 910 926 978 observantur,
976 909 1301 964 secundum
1354 909 1509 979 quod
1555 908 1612 961 in
1662 907 1884 963 caeteris
1935 923 2167 978 quoque

524 997 796 1070 plurimis
826 997 1138 1069 provinciis
1166 996 1354 1052 multa
1376 1014 1476 1067 pro
1502 995 1758 1051 locorum
1785 1001 1840 1050 et
1861 995 2167 1050 nominum

525 1087 861 1143 diversitate
893 1088 1007 1156 (71)
1040 1086 1361 1154 variantur,
1395 1103 1499 1141 nec
1555 1090 1748 1140 tamen
1794 1089 2031 1156 propter
2061 1084 2169 1139 hoc

525 1177 598 1231 ab
628 1175 894 1232 Ecclesiae
927 1175 1222 1230 catholicae
1247 1190 1387 1247 pace
1408 1181 1588 1246 atque
1611 1175 1832 1228 unitate
1853 1173 2168 1244 aliquando

525 1265 854 1320 discessum
899 1269 1007 1318 est.
1060 1264 1221 1326 Quod
1272 1280 1428 1318 nunc
1480 1263 1813 1334 Stephanus
1864 1279 2045 1317 ausus
2085 1268 2173 1317 est

525 1353 731 1420 facere,
766 1369 1046 1424 rumpens
1077 1353 1386 1407 adversum
1419 1369 1520 1407 vos
1551 1368 1774 1423 pacem,
1809 1368 1985 1422 quam
2018 1367 2172 1406 sem-

527 1459 630 1514 per
658 1446 1057 1498 antecessores
1100 1442 1232 1511 ejus
1275 1440 1577 1496 vobiscum
1626 1456 1824 1494 amore
1872 1444 1928 1494 et
1957 1439 2174 1494 honore

528 1534 733 1585 mutuo
766 1529 1192 1596 custodierunt,
1225 1529 1418 1584 adhuc
1459 1529 1634 1583 etiam
1678 1528 1973 1584 infamans
1995 1531 2040 1562 ³³
2072 1533 2162 1584 Pe-

528 1623 684 1673 trum
720 1622 775 1672 et
805 1617 1048 1673 Paulum
1101 1618 1299 1673 beatos
1347 1616 1661 1688 apostolos,
1713 1616 1880 1689 quasi
1930 1617 2034 1672 hoc
2064 1617 2176 1687 ipsi

528 1706 898 1777 tradiderint,
925 1706 1023 1778 qui
1055 1706 1112 1760 in
1137 1705 1401 1777 epistolis
1423 1705 1546 1760 suis
1567 1706 1874 1760 haereticos
1895 1705 2175 1761 exsecrati

531 1801 671 1853 sunt
700 1800 755 1850 et
788 1799 851 1850 ut
879 1812 978 1851 eos
1009 1795 1293 1850 evitemus
1326 1799 1696 1850 monuerunt.
1752 1794 1908 1850 Unde
1939 1799 2180 1866 apparet

530 1884 904 1940 traditionem
957 1884 1107 1939 hanc
1156 1884 1471 1938 humanam
1525 1899 1653 1938 esse
1704 1900 1830 1954 quae
1876 1883 2179 1939 haereticos

535 1973 764 2042 asserit,
797 1978 853 2028 et
899 1973 1214 2044 baptisma,
1266 1974 1474 2027 1160
1515 1973 1668 2043 quod
1701 1989 1817 2028 non
1853 1972 1961 2028 nisi
1997 1972 2180 2028 solius

532 2061 803 2117 Ecclesiae
833 2066 922 2117 est
951 2061 1086 2132 (72),
1118 2077 1218 2116 eos
1247 2060 1462 2116 habere
1492 2061 1774 2116 defendit.

604 2151 723 2205 VII.
777 2150 888 2206 Sed
935 2154 993 2204 et
1041 2151 1112 2205 ad
1161 2149 1321 2204 illam
1373 2154 1598 2221 partem
1646 2150 1793 2204 bene
1844 2149 2068 2204 avobis
2100 2166 2184 2204 re-

533 2233 821 2312 sponsum
871 2243 961 2294 est
1011 2239 1112 2293 ubi
1159 2238 1494 2309 Stephanus
1537 2238 1597 2292 in
1628 2237 1876 2309 epistola
1905 2255 2013 2293 sua
2038 2238 2185 2292 dixit

535 2350 565 2379 ‹‹
597 2327 900 2383 haereticos
931 2343 1163 2398 quoque
1204 2326 1363 2397 ipsos
1411 2326 1470 2380 in
1515 2327 1804 2396 baptismo
1855 2326 2181 2398 convenire,

536 2418 592 2471 et
623 2416 778 2486 quod
838 2413 1185 2470 alterutrum
1243 2415 1287 2450 ³³
1331 2415 1403 2470 ad
1455 2431 1516 2470 se
1566 2413 1866 2470 venientes
1914 2415 2024 2486 (73)
2069 2431 2182 2470 non

535 2504 854 2576 baptizent,
907 2503 1006 2558 sed
1057 2503 1490 2560 communicent
1542 2507 1795 2571 tantum,
1832 2525 1861 2553 »
1911 2503 2082 2575 quasi
2130 2508 2187 2560 et

539 2609 646 2648 nos
695 2593 803 2648 hoc
852 2592 1038 2648 facere
1086 2593 1426 2648 debeamus.
1477 2592 1598 2657 Quo
1649 2592 1708 2647 in
1758 2593 1905 2664 loco,
1945 2593 2054 2649 etsi
2084 2610 2186 2650 vos

2270 555 2365 604 tur
2394 554 2674 616 errantes,
2709 548 2856 604 illud
2905 553 3101 602 tamen
3151 564 3220 602 ex
3263 548 3554 605 abundanti
3581 553 3814 624 addimus,

2271 655 2386 692 non
2417 653 2546 693 esse
2577 637 2793 692 mirum
2820 637 2870 691 si
2900 637 2984 691 sic
3025 634 3278 691 haeretici
3307 642 3486 707 agant,
3522 640 3625 709 qui,
3654 645 3739 696 etsi
3774 647 3815 701 in

2273 726 2629 798 quibusdam
2679 726 3007 782 minoribus
3057 725 3403 795 discrepant,
3459 727 3510 780 in
3558 745 3614 782 eo
3652 736 3817 799 tamen,

2274 815 2428 886 quod
2459 819 2548 870 est
2581 815 2922 882 maximum,
2968 830 3151 868 unum
3183 818 3240 868 et
3260 816 3509 869 eumdem
3539 832 3820 876 consensum

2275 908 2478 960 tenent
2505 908 2570 958 ut
2601 902 3012 974 blasphement
3030 902 3376 968 Creatorem,
3398 904 3631 972 quaedam
3651 908 3824 963 somnia

2277 993 2389 1050 sibi
2414 997 2470 1048 et
2491 993 2909 1064 phantasmata
2931 990 3115 1062 ignoti
3137 990 3236 1045 Dei
3258 990 3623 1062 contingentes
3645 1038 3657 1059 ,
3673 998 3826 1064 quos”

2278 1083 2479 1152 utique
2509 1096 2876 1151 consequens
2925 1083 3013 1134 est
3053 1079 3136 1134 sic
3184 1079 3498 1134 consentire
3538 1081 3588 1134 in
3616 1083 3826 1152 baptismi

2280 1170 2372 1226 sui
2404 1169 2657 1224 vanitate
2703 1171 2769 1221 ut
2815 1167 3192 1222 consentiunt
3238 1167 3297 1221 in
3330 1167 3654 1238 repudianda
3675 1171 3829 1226 divini-

2281 1260 2421 1315 tatis
2450 1257 2713 1313 veritate.
2748 1261 2826 1311 De
2857 1256 3094 1326 quibus,
3128 1256 3402 1327 quoniam
3449 1255 3662 1327 longum
3687 1264 3758 1313 est
3781 1262 3828 1314 ad

2282 1347 2516 1419 singula
2545 1362 2746 1401 eorum
2778 1344 2866 1399 vel
2897 1343 3145 1400 scelesta
3171 1343 3254 1399 vel
3301 1361 3631 1415 supervacua
3655 1363 3836 1417 respon-

2283 1437 2439 1505 dere,
2471 1435 2615 1490 satis
2645 1439 2737 1489 est
2765 1434 3014 1488 breviter
3043 1431 3185 1487 illud
3225 1432 3285 1486 in
3338 1434 3651 1504 compendio
3678 1435 3833 1502 dicere,

2283 1542 2383 1580 eos
2415 1523 2516 1596 qui
2549 1539 2665 1578 non
2696 1526 2934 1577 teneant
2963 1522 3008 1555 ³⁸
3057 1537 3255 1576 verum
3307 1520 3618 1588 Dominum,
3645 1522 3836 1591 Patrem,

2285 1619 2479 1669 tenere
2511 1629 2624 1667 non
2659 1626 2830 1684 posse
2861 1627 2966 1665 nec
2998 1609 3123 1664 Filii
3155 1626 3261 1664 nec
3291 1609 3530 1681 Spiritus
3557 1612 3714 1665 sancti
3732 1612 3836 1666 veri-

2285 1707 2487 1768 tatem,
2523 1701 2849 1756 secundum
2880 1699 3029 1770 quod
3055 1699 3233 1754 etiam
3257 1699 3299 1732 ³⁷
3325 1697 3406 1753 illi
3429 1699 3524 1769 qui
3542 1699 3838 1772 Cataphryga

2288 1791 2681 1864 appellantur,
2714 1794 2772 1844 et
2802 1805 2982 1844 novas
3030 1787 3365 1859 prophetiae
3396 1804 3657 1859 usurpare
3682 1805 3840 1843 conan-

2287 1885 2404 1948 tur,
2441 1896 2547 1935 nec
2578 1879 2805 1934 Patrem
2839 1881 3087 1948 possunt
3118 1876 3330 1932 habere
3363 1892 3463 1931 nec
3511 1876 3750 1932 Filium”
3774 1892 3841 1931 nec

2289 1969 2597 2042 [Spiritum
2650 1972 2921 2023 sanctum
2960 1967 3005 2001 3’
3057 1965 3229 2038 (711)];
3281 1983 3316 2022 a
3358 1966 3562 2037 quibus
3589 1983 3843 2037 quaeramus

2290 2075 2466 2130 quem
2517 2056 2816 2112 Christum
2861 2057 3062 2110 1161
3121 2055 3458 2127 praedicent,
3499 2055 3844 2126 respondebunt

2291 2164 2427 2203 eum
2458 2163 2520 2202 se
2549 2145 2864 2218 praedicare
2894 2143 2993 2217 qui
3039 2144 3268 2200 miserit
3314 2143 3586 2216 Spiritum
3621 2161 3708 2215 per
3731 2144 3845 2199 Mon-

2291 2241 2496 2294 tanum
2528 2240 2584 2292 et
2613 2235 2873 2290 Priscam
2904 2233 3188 2290 locutum.
3228 2234 3294 2289 In
3325 2233 3533 2304 quibus
3561 2248 3678 2288 cum
3721 2232 3846 2286 anim-

2293 2327 2666 2381 advertamus
2718 2340 2834 2378 non
2878 2322 3142 2379 veritatis
3200 2321 3503 2393 Spiritum,
3561 2322 3650 2376 sed
3699 2321 3848 2376 erroris

2293 2414 2496 2481 fuisse,
2517 2411 2928 2485 cognoscimus
2953 2428 3053 2467 eos
3074 2410 3174 2482 qui
3198 2410 3412 2466 falsam
3436 2409 3653 2465 illorum
3675 2409 3848 2481 prophe-

2293 2504 2440 2558 tiam
2469 2505 2672 2559 contra
2694 2500 2906 2557 Christi
2938 2501 3114 2556 fidem
3164 2499 3467 2555 vindicant
3507 2498 3758 2555 Christum
3780 2498 3851 2552 ba-

2295 2593 2430 2649 bere
2462 2609 2576 2648 non
2609 2608 2800 2664 posse.
2834 2590 2946 2646 Sed
2995 2592 3053 2646 et
3098 2590 3292 2645 caeteri
3341 2589 3553 2661 quique
3577 2587 3798 2654 haeretici,
3819 2585 3848 2640 si

1964 2710 2169 2770 Variae
2210 2709 2525 2770 lectiones.

615 2814 661 2847 ³²
692 2812 943 2868 Infamat
969 2813 1062 2867 Ar.
1095 2815 1248 2867 Lam.
1280 2813 1438 2868 Ebor.
1471 2811 1584 2869 ΝΟ.
1622 2815 1671 2868 1.
1703 2815 1843 2870 Bod.
1869 2816 1923 2868 2.
1956 2814 2001 2849 ³³
2031 2815 2191 2878 Quod
2225 2816 2298 2871 ad
2329 2814 2675 2870 alterutrum
2705 2812 2876 2868 Oxon.
2920 2812 2966 2847 3‘
2999 2811 3295 2868 Probastis
3351 2811 3646 2867 ridiculum
3696 2809 3850 2865 Bod.‘2.

543 2885 588 2920 ³⁵
619 2885 781 2950 Quod
813 2887 966 2957 Lam.
1000 2885 1158 2939 Ebor.
1191 2884 1298 2939 ΝΟ.
1333 2886 1382 2941 1.
1417 2885 1567 2957 3°on
1598 2885 1752 2957 quod
1787 2903 1902 2941 non
1932 2889 2168 2942 teneant
2198 2888 2348 2942 Lam.
2372 2888 2531 2942 Ebor.
2566 2885 2737 2940 Νο,1.
2771 2884 2998 2957 “Quod
3032 2885 3236 2956 utique
3258 2883 3392 2940 Bod.
3427 2885 3535 2940 1.33
3563 2884 3664 2939 Nec
3685 2881 3852 2944 Filium;

545 2957 761 3028 quibus
789 2956 883 3010 Ar.
933 2957 1052 3012 ΝΟ.
1088 2957 1138 3010 1.
1175 2957 1342 3011 Ebor.
1378 2956 1506 3012 Bod.
1540 2958 1594 3010 2.
1625 2956 1783 3012 Mich.
1819 2958 1949 3014 Vict.
1981 2959 2028 2993 ³⁹
2058 2957 2146 3014 Sic
2178 2960 2328 3015 Lam.
2385 2959 2696 3023 Sanctum;
2728 2956 2944 3026 quibus
2974 2956 3094 3026 Rig.

1979 3067 2309 3127 Variorum
2361 3071 2549 3126 notae.

618 3169 731 3250 (70)
787 3171 1020 3251 (rustra
1073 3170 1488 3251 apostolorum.
1539 3173 1771 3235 Contra,
1806 3173 2192 3251 hVincentius
2224 3175 2265 3240 C
2304 3171 2813 3251 dem_adductum.
2853 3170 3078 3251 Rou'ra.

548 3239 870 3314 Lirinensis
900 3242 971 3296 de
1001 3239 1117 3314 hoc
1140 3241 1527 3314 ipsoinegotio
1560 3258 1737 3314 agens
1765 3242 1876 3298 ait:
1914 3245 1980 3299 Ut
2007 3259 2192 3299 omnes

551 3312 670 3365 luce
722 3312 928 3367 clarius
987 3312 1210 3368 videant
1272 3312 1554 3368 beatorum
1605 3312 1985 3384 apostolorum
2036 3316 2193 3370 beata

547 3386 808 3438 successio
853 3387 1059 3456 quanta
1104 3385 1169 3456 oi
1213 3399 1440 3454 semper,
1493 3390 1694 3455 quanto
1740 3385 1941 3451 studio,
1985 3390 2192 3456 quanta

546 3455 893 3510 contentione
921 3455 1225 3525 defenderit
1253 3461 1507 3525 susceptae
1536 3460 1698 3510 semel
1737 3457 2022 3526 religionis
2051 3461 2192 3512 inte-

547 3528 830 3600 gritatem.
864 3528 932 3580 Et
962 3543 1105 3600 mox_
1126 3526 1288 3581 addit
1315 3527 1672 3598 Stephanum
1708 3545 1918 3599 papam
1945 3529 2188 3600 dignum

550 3597 918 3652 existimasse
947 3601 996 3651 si
1024 3598 1261 3667 reliquos
1293 3614 1475 3652 omnes
1511 3597 1728 3653 tantum
1758 3597 1885 3668 ﬁdei
1913 3597 2193 3656 devotione

547 3671 788 3741 vinceret
839 3673 1105 3741 quantum
1165 3669 1272 3741 loci
1306 3671 1652 3741 auctoritate
1709 3672 2026 3741 superabat.
2090 3673 2194 3727 Per

550 3738 860 3812 apostolos
904 3739 999 3794 hic
1071 3739 1318 3812 etialibi
1396 3738 1802 3812 intelliguntur
1879 3746 2085 3797 Petrus
2135 3749 2193 3798 et

548 3809 791 3876 Paulus,
841 3826 989 3876 quos
1039 3811 1294 3866 Ecclesia
1345 3809 1677 3867 considerat
1739 3818 1804 3868 ut
1851 3813 2190 3870 fundatores

551 3879 819 3954 Ecclesia.-
845 3879 1137 3937 Romanae.
1184 3883 1394 3954 Magna
1441 3883 1770 3938 animorum
1819 3887 2192 3941 contentione

550 3952 768 4037 agitata.
799 3959 1029 4037 est'aa‘vo
1056 3959 1254 4037 nostro
1283 3952 1528 4037 quastio
1558 3955 1628 4009 de
1661 3955 1880 4037 duplici
1911 3958 2100 4037 capite
2128 3957 2189 4037 in

553 4024 828 4098 Ecclesia.
861 4025 1003 4098 Nolo
1033 4025 1245 4080 referre
1294 4024 1420 4096 quae
1469 4031 1608 4098 tunc
1645 4024 1920 4098 utrinque
1951 4024 2106 4083 dicta
2134 4034 2192 4083 et

548 4097 700 4168 facta
731 4101 888 4151 sunt.
923 4097 1067 4152 lllud
1092 4101 1322 4152 tantum
1344 4098 1534 4152 dicam
1559 4097 1859 4168 legendam
1883 4115 2010 4155 esse
2030 4116 2188 4155 exer-

545 4167 885 4242 citationem
935 4169 1013 4242 de
1055 4169 1341 4242 singulari
1371 4167 1665 4242 primatu
1698 4170 1844 4224 Petri
1874 4186 2073 4242 quam
2124 4189 2191 4226 ea

546 4185 885 4222 citationem
935 4185 1006 4223 ae
1055 4185 1341 4240 singulari
1387 4185 1641 4293 primatu
1698 4185 1844 4224 γεω
1897 4186 2073 4242 quam
2124 4189 2190 4226 ea

546 4239 849 4321 gpcasione
896 4240 1140 4321 scripsit
1209 4239 1335 4321 vir_
1365 4240 1381 4293 i
1412 4240 1809 4321 lustrissimus
1869 4241 2067 4298 Petrus
2119 4244 2190 4298 de

546 4309 761 4380 Marca,
794 4309 1267 4382 archiepiscopus
1297 4311 1668 4366 Parisiensis.

613 4382 726 4452 (71)
785 4381 1080 4437 Nominum
1134 4381 1468 4437 diversitate.
1531 4383 1807 4448 Quamvis
1857 4381 1978 4437 haec
2020 4383 2189 4440 lectio

545 4458 824 4508 constans
875 4452 956 4527 sit
1008 4453 1066 4508 in
1113 4453 1387 4509 omnibus
1431 4454 1691 4527 antiquis
1735 4453 2186 4527 exemplaribus,

543 4529 691 4598 puto;
713 4528 911 4598 tamen
944 4524 1253 4598 legendum
1287 4540 1415 4580 esse
1454 4524 1760 4582 hominum.
1794 4526 1995 4580 BALUZ.

611 4596 726 4665 (7'2)
757 4596 863 4650 Nec
903 4596 1086 4652 tam—en
1127 4607 1352 4668 propter
1395 4597 1493 4652 hoc
1520 4598 1588 4652 ab
1617 4598 1872 4652 Ecclesiae
1901 4597 2186 4654 catholica?

533 4681 673 4752 pace
699 4676 864 4752 atque
909 4669 1465 4752 unitate‘aliquanao
1510 4669 1801 4752 discessum
1837 4669 2181 4752 esr.‘Ait..c’l.

540 4736 920 4793 Coustantius
951 4736 1272 4795 Firmiliani
1299 4742 1475 4796 verba
1505 4742 1750 4796 efferens
1781 4740 1841 4793 in
1871 4744 2008 4794 nota
2029 4741 2099 4795 ad
2125 4741 2182 4795 S.

539 4808 739 4883 Irenmi
756 4809 1067 4883 epistolam
1083 4815 1151 4865 ad
1172 4812 1500 4867 Romanum
1515 4812 1852 4883 episcopum
1870 4812 2182 4877 Victorem,

581 4879 638 4932 ui
671 4881 916 4935 Asianos
948 4881 1229 4938 Pascham
1261 4884 1352 4938 die
1384 4884 1452 4937 44
1483 4879 2090 4938 ωόηεὶεόθιθὺιεαῑιῐθε
2112 4884 2182 4938 ab

586 4950 798 5006 cclesia
818 4968 1087 5022 separare
1108 4960 1352 5009 conatus
1375 4955 1575 5021 fuerat,
1597 4977 1625 5004 ‹‹
1644 4952 1942 5016 Celeritas,
1967 4955 2184 5025 quippe

539 5037 677 5097 qua,
710 5028 775 5077 ut
803 5025 1034 5078 credere
1063 5032 1173 5092 est,
1207 5044 1317 5097 pax
1347 5026 1417 5080 ad
1449 5024 1747 5097 modicum
1775 5024 2180 5091 interturbata,

534 5093 594 5147 in
632 5095 922 5166 integrum
975 5093 1244 5153 restituta
1292 5102 1401 5164 est,
1443 5095 1688 5149 unitatis
1727 5102 1909 5166 ruptae
1940 5097 2182 5152 oblivio-

535 5181 670 5220 nem
701 5165 800 5249 nita
851 5167 1123 5249 peperit,
1159 5175 1221 5222 ut
1276 5169 1348 5222 ab
1399 5183 1467 5249 ea
1516 5165 1832 5249 aliquando
1884 5167 2181 5249 dicessum

537 5251 667 5291 esse
697 5236 967 5309 Cypriani
999 5243 1164 5294 aetate
1199 5256 1267 5294 ne
1299 5236 1935 5309 recolereturgquidem.
1973 5261 2000 5288 »
2027 5242 2179 5294 Rom.

534 5307 1098 5381 Pontiﬂ’Epistolan,
1149 5328 1205 5381 p.
1256 5311 1346 5363 99.
1393 5309 1542 5373 Quin
1593 5307 1766 5363 etiam
1817 5315 2061 5381 testatus
2092 5318 2182 5366 est

533 5379 840 5451 Anatolius
860 5379 1242 5447 [.aodicenus,
1264 5383 1315 5436 is
1339 5380 1472 5451 quis
1494 5385 1625 5435 ante
1649 5380 1960 5436 concilium
1985 5383 2181 5437 ﬂoruit

532 5448 857 5515 Nicaenum,
876 5456 1308 5507 contentionem
1333 5448 1504 5507 istam
1526 5453 1594 5506 de
1619 5452 1899 5508 Paschate
1921 5460 2176 5508 exortam

532 5521 605 5595 ab
639 5521 852 5577 Irenaeo
886 5532 1150 5592 pacatam
1183 5540 1332 5587 esse,
1373 5527 1621 5593 utrisque
1661 5525 1933 5595 patribus,
1966 5526 2176 5594 inquit,

531 5591 725 5673 in‘sua
755 5591 944 5673 regula
968 5597 1477 5673 perseverantibus,
1520 5591 1620 5673 hec
1661 5591 1696 5650 a
1733 5599 1904 5673 erepto
1934 5591 2176 5673 antiquié

532 5663 662 5720 tatis
711 5663 860 5720 more
905 5663 1327 5724 declinantibus.
1382 5663 1518 5724 Vide
1561 5663 1820 5723 Anatolii
1846 5668 2036 5724 locum
2061 5663 2172 5722 ibi-

2374 3244 2486 3314 (73)
2519 3244 2862 3298 Alterutrum
2891 3243 2962 3296 ad
2991 3258 3048 3296 se
3081 3244 3382 3297 venientes.
3417 3243 3499 3297 Ad
3531 3235 3852 3314 Cypriani‘epi-

2303 3308 2514 3369 stolam
2563 3313 2641 3386 ad,
2683 3315 3024 3386 Pompeium,
3077 3314 3176 3368 ubi
3227 3314 3508 3386 Stephani
3556 3308 3707 3386 verba
3729 3308 3853 3386 adhuc

2303 3385 2534 3459 plenius
2566 3379 2908 3459 afferunt-ur,
2941 3379 3051 3459 hcc
3085 3379 3393 3459 adnotavit
3426 3383 3704 3456 Rigaltius.
3726 3404 3744 3427 α
3766 3379 3852 3459 Eiec-

2302 3458 2536 3513 tissima
2561 3461 2648 3512 est
2689 3457 2810 3512 haec
2841 3457 3147 3528 scriptura.
3181 3457 3305 3512 Hoc
3339 3464 3446 3528 est,
3499 3471 3668 3526 neque
3693 3457 3854 3528 venien-

2302 3533 2420 3583 tem
2453 3545 2486 3583 a
2517 3529 2804 3583 Marcione
2836 3522 3092 3598 baptizat
3123 3522 3457 3588 Montanus.
3492 3522 3663 3598 neque
3687 3522 3850 3598 venienf

2300 3605 2418 3654 tem
2451 3617 2484 3654 a
2514 3601 2783 3655 Montano
2816 3593 3072 3670 baptizat
3116 3600 3401 3654 Marcion.
3435 3599 3554 3656 Non
3580 3593 3851 3668 rebaptizant

2301 3671 2649 3726 alterutrum
2682 3672 2754 3726 ad
2786 3687 2847 3725 se
2876 3673 3193 3726 venientes.
3231 3671 3452 3726 Bourn.

2372 3744 2485 3814 (74)
2528 3742 2817 3814 Spiritum
2873 3751 3143 3814 sanctum.
3160 3744 3447 3814 “Certum
3504 3743 3587 3814 est
3636 3739 3735 3814 haec
3780 3735 3849 3787 duo

2300 3809 2585 3869 vocabula
2611 3831 2726 3868 non
2759 3817 2983 3869 exstare
3028 3815 3088 3868 in
3133 3813 3306 3870 libris
3337 3813 3551 3869 nostris
3579 3826 3670 3866 nec
3694 3809 3740 3862 in
3764 3820 3852 3875 qua-

2301 3889 2436 3939 tuor
2480 3885 2846 3957 _Anglicanis.
2911 3887 2992 3940 Ita
3030 3886 3226 3957 etiam
3290 3887 3362 3940 de
3410 3901 3524 3940 uno
3556 3897 3658 3957 suo
3683 3883 3854 3957 testatllr

2301 3951 2616 4038 Paineliusv,
2649 3957 2974 4038 quitamen
3007 3955 3107 4011 illa
3128 3957 3366 4038 addidit
3386 3974 3454 4038 ex
3475 3951 3850 4038 codiceeditozlu

2301 4031 2470 4098 cujus
2501 4023 2868 4100 marginibus
2895 4027 3151 4100 Joannes
3188 4028 3508 4094 Cauchius,
3532 4023 3852 4100 Utrajectinus.

2300 4095 2660 4170 ap'posuerat
2701 4099 3112 4169 castigationes
3159 4114 3232 4153 ex
3279 4099 3457 4154 variis
3499 4095 3753 4170 codicibus
3776 4103 3851 4170 mn-

2300 4160 2638 4244 nuscriptis.
2671 4160 2958 4244 ‘Rema‘r’iet
2985 4175 3180 4244 tamen
3219 4168 3755 4244 adhucdubium‘an
3776 4160 3852 4214 hac

2299 4243 2414 4296 duo
2445 4242 2726 4297 vocabula
2781 4243 2978 4314 addita
3035 4242 3256 4314 fuerint
3315 4259 3385 4297 ex
3428 4242 3568 4314 libro
3614 4241 3772 4314 veteri,
3806 4245 3850 4307 in

2297 4330 2433 4368 vero
2465 4330 2533 4368 ex
2566 4315 2903 4383 conjectura
2932 4312 3168 4368 Cauchii
3220 4319 3474 4368 tantum.
3522 4311 3672 4372 Nam,
3696 4311 3851 4383 quis'tn

2298 4385 2590 4440 veteribus
2620 4377 2790 4457 libris
2815 4390 3171 4457 postvocem
3203 4387 3414 4439 Filium
3457 4383 3670 4457 additur
3691 4391 3780 4457 nte.
3803 4377 3851 4457 illi

2300 4461 2364 4510 ut
2394 4457 2700 4511 videantur
2721 4442 3518 4528 aliquagdeesse,rconjecerat
3537 4449 3780 4528 Pameliug
3795 4442 3852 4528 δός

2297 4528 2489 4583 denda
2536 4545 2665 4583 esse
2718 4517 2835 4583 duo
2881 4526 2979 4582 illa
3026 4517 3338 4594 vocabula,
3389 4533 3443 4583 et
3487 4523 3688 4581 addidit
3709 4517 3851 4595 νὶᾀςηξ

2296 4601 2691 4668 conjecturam
2741 4616 2909 4654 suam
2963 4586 3375 4654 conﬁrmatam
3425 4595 3733 4670 auctoritate
3763 4586 3849 4670 libri

2295 4662 2634 4742 Cau'chiani.
2659 4671 2720 4724 In
2743 4671 2935 4725 codice
2954 4687 3124 4741 porro
3147 4670 3390 4726 Cauchii
3415 4670 3695 4742 adnotatas
3713 4662 3847 4742 fuisse;

2296 4739 2407 4797 nun
2445 4741 2635 4796 solum
2663 4743 2852 4796 varias
2885 4724 3163 4797 lectiones
3201 4748 3468 4798 veterum
3499 4740 3761 4814 librorum,
3784 4724 3846 4814 sui

2293 4814 2465 4868 etiam
2518 4815 2884 4882 conjecturas
2933 4814 3081 4883 ejus,
3135 4820 3339 4869 monet
3387 4815 3507 4883 ipse
3557 4805 3847 4883 Pameliuslm

2293 4869 2769 4959 adnotationibus
2802 4869 3185 4959 suis."ltaque
3219 4902 3328 4959 nos
3356 4869 3474 4939 haec
3502 4883 3607 4936 duo
3626 4869 3847 4959 vocabul}:

2294 4973 2420 5027 qum
2474 4957 2662 5026 posita
2711 4962 2852 5010 sunt
2903 4955 3028 5011 sine
3076 4949 3445 5020 auctoritate,
3496 4971 3559 5009 ex
3598 4949 3848 5019 conjectura

2294 5032 2545 5096 tantum,
2579 5027 2744 5082 uncis
2777 5027 3190 5083 conclusimus.
3225 5028 3443 5083 BALUZ.

2364 5085 2629 5153 Indicant
2675 5099 2913 5169 quidem
2958 5099 3086 5153 Var.
3136 5100 3320 5154 Lectt.
3372 5096 3521 5169 apud
3568 5093 3688 5169 edit.
3723 5085 3844 5169 0ξορξ

2292 5169 2548 5240 collectae
2579 5161 2708 5224 tria'
2721 5172 2896 5225 verba
2922 5185 3022 5225 nec
3043 5171 3319 5240 Spiritum
3342 5161 3580 5223 sanctum
3602 5166 3651 5240 i_n
3672 5161 3847 5240 quatuof

2291 5239 2621 5314 illis__libris
2654 5242 2914 5314 Anglicis
2952 5227 3204 5314 deesse;
3261 5243 3361 5297 sed
3398 5255 3585 5314 revera
3611 5227 3845 5314 iqﬁWPﬁs

2290 5327 2357 5368 ex
2395 5311 2533 5382 illis,
2569 5313 2624 5366 hi
2656 5297 2794 5367 sunt
2826 5297 3275 5386 Bodleianus'et
3310 5312 3441 5367 novi
3471 5302 3682 5376 Collegii

2287 5370 2532 5453 apparet
2575 5401 2673 5438 nec
2725 5391 2870 5455 post
2907 5401 3102 5438 vocem
3152 5385 3358 5439 Filium
3390 5399 3516 5455 cum
3549 5370 3844 5455 sequen‘ifj‘f

2287 5448 2690 5520 coniunctum.
2725 5448 2789 5509 ln
2826 5454 3004 5510 altero
3035 5461 3230 5510 autem
3263 5452 3625 5526 epistolarum
3646 5448 3843 5526 (ᾹΪΡῙΊἯ

2287 5509 2640 5598 ςέοάίεξείῳιὶ
2677 5544 2851 5598 penes
2883 5532 2972 5581 est
2999 5509 3153 5581 idem
3191 5509 3525 5598 collegium,
3555 5509 3845 5576 haud'exsmt

2286 5596 2580 5652 Fimiliani
2611 5597 2878 5672 epistola.
2915 5600 3130 5654 Bou'm.

3967 155 3969 244 ψ

3968 367 3969 422 i

3967 5961 3969 6065 φ
