4088 6174
271 305 431 366 1209

1285 307 1488 368 PARS
1531 308 1579 367 Ι.
1611 341 1687 353 —-
1717 306 2222 370 MONUMENTA
2262 302 2667 366 VETERUM.

3513 293 3674 355 1210

269 453 334 492 se
365 437 436 491 ab
466 434 725 491 Ecclesia
743 435 844 490 Dei
875 435 1178 504 sciderint,
1202 437 1348 493 nihil
1374 439 1587 496 habere
1610 440 1918 512 potestatis
1945 441 1995 507 Α
2029 439 2286 511 Spiritus
2319 440 2558 492 sanctus
2591 452 2624 490 a
2652 434 2918 500 Domino,
2941 429 3260 504 baptizavit
3279 429 3470 484 denuo
3501 427 3672 496 spiri-

279 531 380 581 aut
437 525 633 597 gratim
695 529 965 596 possunt,
1026 527 1258 594 quando
1316 529 1508 583 omnis
1560 534 1812 600 potestas
1867 534 1924 582 et
2028 528 2128 582 tali
2165 526 2477 598 baptismo,
2512 529 2568 580 et
2596 525 2679 579 sic
2735 540 2976 578 manum
3025 519 3304 591 imposuit
3357 521 3419 570 ut
3450 516 3670 586 accipe-

273 615 464 687 gratia
483 614 540 668 in
576 613 830 668 Ecclesia
855 615 1169 670 constituta
1195 615 1292 686 sit,
1317 617 1413 671 ubi
1443 619 1750 686 president
1799 634 1921 671 ma-

265 704 430 774 jores
458 707 598 756 natu
630 702 766 771 (75),
800 702 899 773 qui
932 707 989 757 et
1021 703 1352 774 baptizandi
1384 711 1442 760 et
1467 723 1708 760 manum
1743 706 1924 775 impo-

274 791 454 846 nendi
485 795 543 846 et
575 791 887 846 ordinandi
917 790 1220 862 possident
1250 797 1595 862 potestatem
1627 795 1761 865 (76).
1799 793 1922 848 Haa-

273 880 454 935 retico
485 879 662 946 enim,
696 879 848 933 sicut
891 879 1163 935 ordinare
1211 898 1326 936 non
1362 881 1496 938 licet
1545 898 1648 938 nec
1680 898 1922 938 manum

273 969 600 1041 imponere,
633 968 714 1021 ita
743 984 848 1022 nec
887 967 1182 1039 baptizare
1224 986 1328 1025 nec
1369 971 1691 1043 quidquam
1726 976 1924 1027 sancte

275 1075 384 1112 nec
417 1056 749 1128 specialiter
797 1072 995 1128 gerere
1042 1058 1177 1128 (77),
1226 1061 1460 1130 quando
1510 1059 1735 1116 alienus
1783 1061 1925 1116 sita

273 1145 526 1217 spiritali
559 1150 616 1200 et
645 1144 850 1200 deiﬁca
879 1146 1208 1203 sanctitate.
1240 1149 1398 1212 Quod
1435 1154 1622 1204 totum
1648 1167 1753 1205 nos
1773 1151 1926 1220 jam-

273 1234 503 1306 pridem
535 1235 595 1288 in
630 1233 822 1289 Iconio
851 1235 988 1304 (78),
1022 1235 1121 1307 qui
1165 1236 1424 1310 Phrygia:
1472 1237 1635 1293 locus
1665 1244 1772 1308 est,
1806 1237 1922 1294 col-

275 1321 412 1377 lecti
445 1323 502 1375 in
537 1339 720 1377 unum
752 1323 1235 1380 convenientibus
1277 1343 1344 1380 ex
1373 1326 1598 1382 Galatia
1641 1333 1697 1384 et
1727 1327 1926 1384 Cilicia

279 1415 342 1467 et
398 1411 622 1466 caeteris
681 1411 959 1481 proximis
1019 1414 1378 1484 regionibus,
1448 1417 1925 1472 conﬁrmavimus

278 1500 599 1555 tenendum
619 1503 820 1554 contra
839 1500 1136 1556 haereticos
1151 1502 1398 1558 ﬁrmiter
1414 1510 1470 1559 et
1485 1503 1924 1570 vindicandum,

279 1606 416 1644 cum
452 1605 484 1643 a
515 1587 872 1660 quibusdam
903 1589 972 1643 de
1004 1589 1117 1644 ista
1146 1607 1207 1646 re
1238 1592 1624 1648 dubitaretur.

351 1679 498 1732 VIII.
533 1678 604 1732 Et
633 1677 913 1748 quoniam
945 1678 1279 1750 Stephanus
1307 1684 1366 1735 et
1409 1681 1510 1752 qui
1563 1681 1648 1738 illi
1679 1698 1924 1738 consen-

273 1767 435 1821 tiunt
457 1767 821 1820 contendunt
840 1765 1247 1824 dimissionem
1265 1775 1634 1840 peccatorum
1653 1775 1710 1826 et
1725 1787 1929 1826 secun-

273 1855 412 1910 dam
431 1854 791 1909 nativitatem
811 1855 868 1909 in
892 1855 1296 1912 haereticorum
1311 1857 1605 1930 baptisma
1618 1876 1788 1932 posse
1804 1877 1930 1932 pro-

267 1943 494 2006 cedere,
529 1943 683 2013 apud
717 1959 861 2010 quos
893 1944 1068 1998 etiam
1103 1945 1215 2017 ipsi
1265 1948 1618 2003 confitentur
1648 1949 1930 2021 Spiritum

271 2038 548 2090 sanctum
583 2034 622 2086 l
639 2032 788 2088 162
817 2049 931 2087 non
955 2050 1104 2102 esse,
1129 2036 1500 2092 considerent
1524 2042 1576 2092 et
1603 2038 1934 2110 intelligant

273 2121 604 2194 spiritalem
637 2120 1002 2177 nativitatem
1035 2122 1159 2180 sine
1182 2125 1404 2197 Spiritu
1433 2142 1562 2181 esse
1593 2143 1704 2181 non
1739 2144 1930 2199 posse,

275 2210 601 2265 secundum
634 2211 790 2282 quod
824 2216 880 2265 et
906 2211 1114 2267 beatus
1137 2214 1442 2284 apostolus
1468 2215 1681 2271 Paulus
1705 2233 1802 2271 eos
1830 2218 1931 2287 qui

277 2300 355 2354 ab
369 2299 592 2354 Joanne
605 2299 880 2370 baptizati
899 2300 1149 2372 fuerant,
1172 2303 1515 2374 priusquam
1537 2304 1757 2360 missus
1777 2310 1935 2361 esset

2033 620 2162 671 rent
2189 615 2472 687 Spiritum
2504 617 2772 669 sanctum
2806 613 2937 682 (Act.
2967 610 3103 679 xix).
3155 607 3332 672 Quale
3361 609 3448 659 est
3477 609 3672 659 autem

2033 711 2097 760 ut
2119 720 2250 759 cum
2277 702 2522 758 Paulum
2549 707 2677 773 post
2695 701 2938 755 Joannis
2961 698 3254 770 baptisma
3272 696 3479 750 iterato
3497 693 3672 748 disci-

2032 793 2203 866 pulos
2235 808 2373 847 suos
2404 791 2731 862 baptizasse
2753 789 3076 852 videamus,
3101 802 3206 840 nec
3227 801 3325 839 eos
3351 783 3447 854 qui
3472 783 3543 836 ab
3565 781 3677 836 hae-

2033 881 2147 937 resi
2180 881 2250 936 ad
2283 879 2595 934 Ecclesiam
2639 878 2878 932 veniunt
2923 881 3054 947 post
3085 874 3350 929 illicitam
3397 877 3451 926 et
3480 871 3670 942 profa-

2033 987 2169 1025 nam
2201 985 2402 1024 eorum
2433 967 2772 1022 tinctionem
2809 965 3100 1036 baptizare
3133 963 3472 1016 dubitemus
3501 963 3522 1014 ?
3550 959 3674 1014 Nisi

2033 1060 2081 1115 si
2115 1059 2208 1114 his
2239 1056 2529 1129 episcOpis
2581 1056 2796 1127 quibus
2826 1056 2870 1088 ⁸ο
2921 1069 3073 1108 nunc
3104 1054 3146 1087 ἰι
3185 1051 3292 1122 (79)
3344 1051 3534 1104 minor
3566 1048 3676 1102 fuit

2032 1147 2270 1216 Paulus,
2304 1150 2368 1202 ut
2400 1145 2458 1200 bi
2491 1145 2725 1216 quidem
2750 1144 2978 1216 possint
3003 1159 3104 1213 per
3123 1141 3308 1196 solam
3333 1155 3542 1193 manus
3562 1138 3671 1192 im-

2034 1237 2378 1309 positionem
2431 1233 2801 1290 venientibus
2858 1230 3142 1286 haereticis
3199 1230 3335 1282 dare
3391 1226 3671 1298 Spiritum

2034 1331 2327 1392 sanctum,
2361 1323 2579 1378 Paulus
2612 1327 2806 1377 autem
2839 1321 3086 1375 idoneus
3120 1335 3234 1373 non
3265 1316 3442 1371 fuerit
3471 1316 3571 1386 qui
3603 1316 3673 1368 ab

2033 1415 2258 1471 Joanne
2288 1413 2601 1485 baptizatis
2619 1411 2897 1483 Spiritum
2921 1416 3182 1464 sanctum
3216 1423 3316 1478 per
3338 1421 3549 1459 manus
3574 1403 3677 1457 im-

2035 1504 2386 1577 positionem
2417 1503 2600 1567 daret,
2622 1500 2734 1555 nisi
2758 1516 2856 1555 eos
2888 1499 3050 1570 prius
3073 1497 3246 1552 etiam
3279 1493 3546 1550 Ecclesize
3575 1493 3678 1547 ba-

2036 1593 2251 1665 ptismo
2282 1592 2652 1664 baptizasset.

2110 1682 2195 1738 IX.
2223 1680 2370 1737 Illud
2394 1696 2626 1752 quoque
2648 1677 2971 1734 absurdum
2991 1676 3138 1746 quod
3159 1691 3272 1729 non
3299 1676 3510 1745 putant
3529 1689 3680 1742 qua:-

2039 1773 2282 1828 rendum
2316 1787 2444 1827 esse
2477 1769 2608 1841 quis
2639 1769 2716 1822 sit
2745 1766 2841 1821 ille
2864 1765 2962 1836 qui
2996 1762 3392 1835 baptizaverit,
3427 1779 3492 1817 eo
3525 1760 3679 1832 quod

2040 1860 2136 1932 qui
2168 1860 2495 1932 baptizatus
2546 1858 2622 1912 sit
2661 1857 2912 1930 gratiam
2961 1852 3238 1924 consequi
3285 1851 3494 1922 poterit
3521 1850 3680 1905 invo-

2043 1954 2169 2004 cata
2201 1949 2461 2003 trinitate
2492 1946 2796 2001 nominum
2850 1943 3030 1998 Patris
3073 1946 3130 1997 et
3179 1940 3306 1995 Filii
3338 1944 3394 1994 et
3431 1939 3682 2010 Spiritus

2043 2038 2249 2093 sancti.
2285 2037 2501 2091 Deinde
2523 2035 2644 2089 haec
2667 2033 2776 2088 erit
2794 2031 3084 2104 sapientia
3104 2046 3281 2102 quam
3314 2028 3518 2083 scribit
3549 2027 3687 2082 Pau-

2041 2127 2135 2181 lus
2165 2125 2373 2181 essein
2396 2125 2488 2179 his
2509 2125 2604 2193 qui
2629 2122 2863 2194 perfecti
2887 2122 3132 2175 sunt.At
3153 2119 3282 2189 quis
3304 2123 3393 2173 est
3412 2117 3470 2172 in
3496 2115 3684 2171 Eccle-

2041 2216 2129 2271 sia
2161 2215 2450 2286 perfectus
2482 2214 2586 2284 (80)
2622 2211 2827 2266 1163
2879 2214 2935 2265 et
2964 2211 3197 2280 sapiens
3242 2209 3288 2241 ⁴²
3319 2207 3417 2278 qui
3450 2206 3557 2260 hoc
3587 2209 3690 2260 aut

2042 2304 2314 2360 defendat
2343 2308 2444 2358 aut
2472 2301 2670 2356 credat
2697 2300 2852 2372 quod
2893 2297 3177 2353 invocatio
3227 2297 3349 2351 haec
3382 2295 3686 2351 nominum

1699 2422 1899 2482 Variae
1929 2421 2248 2482 lectiones.

357 2519 520 2598 ‘°_Sic
546 2521 638 2598 Ar.
671 2525 828 2598 Lam.
855 2521 1021 2598 ,Ebor.‘
1053 2521 1262 2598 N611.
1295 2525 1362 2579 At
1395 2524 1549 2581 Oxon
1569 2525 1650 2582 De
1675 2526 1912 2598 quibus.
1989 2529 2034 2564 ιι
2067 2526 2175 2593 Qui
2207 2529 2347 2581 sunt
2381 2540 2536 2578 nunc
2567 2524 2758 2594 conjic.
2798 2520 2988 2577 Routh.
3065 2521 3110 2553 δ’
3137 2521 3209 2574 At
3240 2519 3339 2590 qui
3374 2522 3465 2573 est
3491 2517 3552 2572 in
3582 2518 3692 2572 Ec-

279 2591 462 2648 clesia
492 2593 783 2663 perfectus
813 2597 870 2648 et
898 2593 1154 2666 sapiens,
1185 2594 1294 2651 hoc
1323 2601 1418 2652 Ar.
1452 2599 1606 2653 Lam.
1637 2591 1802 2654 Ebor.
1836 2599 2008 2655 Mich.
2044 2591 2172 2656 Vict.

1720 2717 2050 2776 Variorum
2079 2720 2269 2775 notae.

361 2814 472 2936 375)
508 2814 607 2871 Ubi
631 2816 932 2885 praesident
958 2819 1191 2884 maiores
1210 2821 1363 2874 natu.
1397 2823 1608 2885 Graece,
1643 2818 1781 2873 ὅπου
1801 2839 1937 2894 προ-

393 2905 548 2936 ηνται
579 2885 629 2936 οἱ
658 2881 1035 2936 ποεσϐύτεοοι-
1071 2889 1165 2936 Sic
1197 2895 1254 2936 et
1287 2890 1400 2936 iam
1439 2909 1612 2936 gnnrn
1653 2892 1936 2936 Firmilin-

282 2881 548 2962 denv’fai
579 2881 1165 2962 otapchzht-zpouSiO
1197 2895 1254 2944 et
1277 2890 1403 2960 jam
1439 2881 1617 2962 supra
1648 2881 1936 2948 Firmil'ia-

287 2973 428 3022 nus,
464 2958 588 3040 Mos
617 2958 780 3050 apudt
795 2975 892 3014 nos
918 2958 1048 3050 fuit,
1084 2958 1303 3050 inquit,
1326 2966 1388 3016 ut
1434 2958 1536 3033 per
1561 2965 1808 3050 singulos
1835 2982 1937 3020 an-

287 3045 390 3084 nos
421 3025 683 3106 seniores
713 3029 808 3106 (o}_
840 3025 1218 3106 πρέσϐύτερᾶι)
1250 3025 1303 3106 et
1347 3025 1636 3106 prépositi
1650 3025 1738 3090 vin
1766 3053 1941 3091 unum

287 3103 706 3179 conveniamus.
734 3102 1020 3179 __Ut_rdque
1078 3102 1208 3179 loco
1249 3102 1652 3179 designantur,
1685 3107 1938 3179 nifallor,

297 3172 618 3251 superioris
650 3173 894 3251 ordinis,
927 3172 1032 3230 seu
1061 3175 1183 3251 qui
1215 3172 1574 3251 prmsjlent_,_
1599 3172 1936 3251 presbyteri:

287 3244 690 3318 Prgsidentem
706 3244 1316 3318 nominatepiscopum
1337 3244 1734 3305 Tertullianus
1751 3244 1810 3305 in
1833 3251 1936 3306 lib.

289 3315 360 3370 de
390 3316 684 3392 Pudicitia,
718 3333 842 3392 cap.
881 3320 964 3384 14,
998 3315 1472 3392 όζ-ἱιιοίᾳυίόθω
1502 3323 1940 3392 presbyterorum

290 3388 528 3464 nomine
547 3389 811 3464 episcopi
830 3407 861 3443 a
885 3390 1181 3445 veteribus
1205 3388 1512 3464 interdum
1530 3388 1900 3464 appellantur
1923 3411 1936 3459 ;

287 3474 424 3531 garo
454 3458 734 3531 vicissim,
760 3460 935 3531 idque
959 3463 1434 3517 accomodatione
1461 3458 1687 3518 tantum
1714 3467 1783 3519 ad
1808 3458 1934 3520 Vet.

287 3529 450 3608 Test.
476 3529 687 3608 locum,
711 3529 1082 3608 episcoporum
1095 3534 1264 3608 titulo
1287 3535 1580 3608 donantur
1598 3538 1935 3608 presbyteri.

284 3602 516 3655 Confer.
550 3603 844 3657 Adnotatt.
873 3605 944 3658 ad
977 3605 1191 3659 Concil.
1227 3612 1428 3661 contra
1461 3602 1710 3662 Noetum
1741 3602 1854 3663 vol.
1891 3610 1939 3663 ΙΙ

287 3673 598 3743 Reliquiar.
628 3675 780 3728 Sacr.
818 3691 873 3744 p.
907 3677 1034 3743 377,
1068 3676 1166 3731 ubi
1198 3683 1391 3732 tamen
1427 3677 1623 3733 minus
1655 3685 1806 3734 recte
1836 3680 1938 3734 du-

287 3745 513 3818 bitasse
545 3760 636 3798 me
669 3745 867 3818 fateor,
903 3751 1102 3800 utrum
1128 3747 1323 3818 plures
1348 3749 1604 3818 episcopi
1635 3749 1693 3804 in
1729 3767 1933 3818 unum,

283 3815 411 3891 sive
443 3816 498 3868 in
532 3816 867 3891 provinciali
899 3815 1167 3891 concilio,
1201 3815 1448 3882 collecti,
1486 3815 1791 3891 presbyteri
1821 3815 1932 3876 ter;

286 3886 371 3940 tio
405 3885 615 3964 saeculo
652 3887 908 3942 Ecclesia:
931 3889 1394 3964 nominarentur.
1423 3885 1596 3946 Porro
1627 3885 1780 3964 apud
1813 3894 1934 3964 epi-

284 3973 547 4031 scopum,
567 3958 741 4031 sitam
762 3976 900 4031 esse
945 3967 1288 4031 potestatem
1335 3963 1483 4016 ritus
1514 3958 1719 4018 omnes
1750 3958 1934 4019 admi-

282 4029 600 4106 nistrandi,
617 4029 970 4106 baptizandi,
991 4033 1290 4106 efferendi,
1312 4050 1552 4106 manum
1574 4035 1936 4106 imponendi,

279 4100 621 4178 ordinandi,
656 4103 968 4178 credebant
1015 4100 1282 4178 antiqui;
1333 4105 1432 4159 sed
1485 4112 1541 4159 et
1585 4100 1938 4178 presbyteris

276 4171 570 4256 licere,mut
594 4174 802 4256 muniti
827 4171 1176 4256 auctoritate
1194 4177 1448 4256 episcopi
1476 4171 1837 4256 baptizare'nt
1859 4184 1939 4256 at-

278 4259 401 4314 que
429 4245 702 4299 offerrent
741 4245 943 4318 Dandi
971 4248 1193 4316 quidem
1223 4245 1630 4318 (Baptismum)
1665 4250 1824 4305 habet
1855 4252 1939 4317 ius

274 4331 532 4393 summus
549 4316 826 4393 sacerdos,
879 4319 974 4388 qui
1002 4322 1081 4372 est
1125 4316 1452 4393 episcopus;
1482 4321 1683 4375 dehinc
1712 4323 1938 4393 presby-

278 4388 396 4440 teri
416 4396 464 4440 et
498 4386 739 4462 diaconi,
772 4386 895 4462 non
929 4394 1116 4444 tamen
1157 4386 1280 4445 sine
1307 4386 1564 4462 episcopi
1610 4386 1941 4447 auctorildte

269 4466 503 4534 propter
533 4459 781 4534 Ecclesia;
813 4459 1088 4534 honorem.
1122 4466 1240 4530 Quo
1283 4459 1454 4534 salvo,
1483 4459 1642 4518 salua
1686 4481 1804 4534 pax
1836 4473 1935 4518 est.

274 4529 540 4601 Alioquin
559 4532 727 4584 etiam
750 4531 906 4585 laicis
919 4533 1015 4601 jus
1036 4529 1272 4600 est,retc.
1301 4533 1428 4587 Hinc
1451 4529 1849 4589 Tertullianus
1875 4535 1934 4589 in

2049 2821 2252 2877 niense
2283 2821 2459 2892 idque
2480 2819 2541 2873 in
2565 2819 2840 2892 Synnada
2861 2817 3170 2892 concilium
3195 2815 3459 2892 sanxisse
3490 2831 3696 2892 rursus

2049 2885 2520 2965 tingendos:esse
2553 2885 2867 2956 hérelicos,
2899 2889 2958 2943 in
2980 2889 3150 2944 tertia
3180 2887 3436 2965 epistola
3456 2885 3526 2940 ad
3559 2887 3691 2965 Phi:

2053 2958 2338 3040 Lemonem
2363 2964 3154 3040 Romanum_commemorat.
3184 2958 3368 3040 Verba
3389 2960 3516 3040 ejus
3539 2958 3696 3040 apud

2049 3036 2387 3106 Eusebium,
2422 3036 2553 3106 Hist.
2583 3035 2783 3088 Eccles.
2811 3033 2980 3106 Δνμ,7
3014 3033 3132 3086 Ι]ωο
3166 3036 3345 3106 sunt:
3393 3030 3695 3106 Maiiamque:

2051 3107 2139 3160 καὶ
2171 3101 2382 3177 "coiisz
2408 3105 2490 3177 ὅτιΪ
2523 3105 2620 3177 *μὴ
2653 3109 2741 3177 νῦγν
2777 3103 2827 3156 οἱ
2858 3102 2908 3177 ἐν
2944 3104 3175 3177 Ἀφρικῇ
3213 3101 3376 3177 μόνον
3399 3105 3560 3177 τοξὶτο
3592 3120 3695 3177 παῖ

2053 3124 2139 3160 καί
2171 3124 2355 3177 τουτο,
2408 3124 2490 3158 Οτι
2545 3124 2620 3177 μη
2653 3126 2741 3157 νυν
2777 3124 2827 3156 Ol
2858 3124 2908 3156 εν
2962 3124 3001 3157 Α
3052 3124 3175 3174 οικῃ
3213 3124 3376 3174 μονον
3399 3124 3560 3154 τουτο
3592 3124 3695 3154 πα-

2053 3181 2398 3268 ρεισήγαγον,
2446 3175 2590 3266 (ξλλά
2637 3176 2724 3268 κοξὶ
2775 3174 2884 3261 προ
2941 3124 3154 3232 ποῖ(λοῦ
3203 3173 3338 3226 κατὰ
3405 3171 3530 3260 ςοὺς
3590 3171 3697 3268 τξρὸ

2053 3241 2233 3320 inibi}.
2292 3241 2617 3334 ἒπιξτκὸπους
2685 3247 2736 3302 ἐν
2795 3241 2913 3334 rati“:
2962 3241 3694 3334 itaAuavgpioi-cq'taitaicnéx-

2046 3315 2301 3400 κ’ᾼησίαις
2361 3321 2667 3400 napi-sai:
2735 3315 2985 3400 covosoic
3031 3326 3140 3400 163v
3171 3315 3443 3400 daalqi'uV,
3476 3315 3691 3400 Eadga-

2047 3383 2153 3464 νίῴ
2208 3394 2297 3446 καὶ
2355 3383 2638 3450 Συκδνάδοις
2684 3391 2772 3443 καὶ
2822 3391 2966 3463 παρὰ
3009 3387 3245 3450 πολλοῖς
3299 3383 3468 3464 {obito
3491 3383 3694 3464 ἔδοξεγ,

2048 3458 2141 3533 ὤν’,
2177 3466 2487 3540 etc._Apud
2521 3463 2776 3518 Iconium
2811 3458 3005 3518 autem
3031 3462 3291 3540 maxime.
3311 3460 3383 3514 ob
3414 3458 3696 3540 Montani-

2049 3532 2273 3592 starum
2301 3532 2663 3608 baptismum
2689 3540 2909 3589 motam
2940 3532 3470 3608 essequaastioncm
3497 3532 3693 3608 istam,

2047 3614 2276 3683 constat
2318 3602 2396 3664 ex'
2421 3605 2765 3683 _Firmilian‘i
2824 3608 3015 3683 v_e_rbis
3071 3602 3382 3683 idfra_.___inﬁ
3422 3618 3548 3683 cap.
3581 3602 3696 3683 .13:

2048 3681 2249 3735 ROUTH
2262 3724 2271 3732 .
2286 3710 2349 3720 -
2367 3680 2461 3734 Ait
2477 3679 2828 3733 Prudentius
2850 3678 3124 3733 Maranus
3138 3677 3194 3731 in
3211 3676 3342 3730 Vita
3353 3679 3408 3728 S.
3425 3673 3697 3746 Cypriani

2047 3752 2286 3806 editioni
2343 3750 2664 3805 Baluzianaa
2722 3751 3104 3821 praimissa,§
3156 3765 3310 3816 xxxi,
3344 3764 3428 3821 Ap.
3482 3759 3695 3821 cxvm:

2046 3825 2168 3900 Nisi
2193 3824 2244 3878 si
2273 3823 2358 3877 his
2386 3816 2870 3900 episcOpisquibus
2896 3816 3044 3900 nunc
3073 3816 3182 3891 fuit
3212 3816 3423 3900 Paulus
3446 3838 3466 3882 ;
3493 3816 3695 3900 legen-

2048 3896 2187 3948 dum
2221 3889 2446 3964 putavit
2476 3889 2764 3948 Pameli'us
2794 3892 2859 3947 de
2887 3889 3087 3964 quibus
3115 3909 3280 3964 nunc,
3315 3890 3416 3964 sed
3451 3889 3696 3964 manife-

2048 3959 2328 4019 stum—est
2359 3965 2758 4030 hellenismus,
2809 3959 3021 4023 τοότοες
3063 3967 3179 4022 τοῖς
3231 3959 3546 4018 ἐπισκόποις
3575 3961 3694 4017 τοῖς

2046 4039 2160 4099 νῦν,
2194 4036 2285 4090 bis
2315 4037 2604 4107 episcopis
2627 4052 2782 4090 nunc
2804 4036 3241 4091 exsistentibus.
3267 4039 3394 4088 Ilaec
3419 4032 3534 4107 ille,
3568 4047 3694 4100 quae

2048 4108 2287 4183 quidem
2305 4105 2457 4162 haud
2477 4105 2786 4183 prohibent
2801 4124 2871 4162 ne
2886 4109 3132 4183 sentiam
3148 4105 3549 4183 reponendum
3571 4118 3698 4155 esse

2048 4177 2144 4252 qui
2160 4184 2500 4254 Asunt‘nunc,
2533 4179 2770 4254 propisto
2797 4180 2991 4254 quibus
3013 4195 3176 4254 nunc,
3211 4177 3342 4254 cum
3367 4177 3520 4254 absit
3551 4189 3694 4254 prm-

2048 4246 2260 4324 positio
2292 4251 2361 4305 de
2390 4246 2749 4324 ante'quibus
2780 4246 2820 4304 εἰ
2843 4251 3014 4306 codd.
3035 4249 3291 4320 scriptis,
3326 4246 3478 4319 quod
3512 4246 3694 4299 sciam

2048 4323 2346 4396 omnibus.
2384 4323 2605 4378 ROU'rn.
2733 4392 2762 4396 _
2970 4391 3028 4396 Α,
3134 4390 3149 4396 _
3266 4389 3341 4396 __
3564 4386 3573 4396 ,

2122 4396 2230 4464 (79)
2262 4395 2468 4462 Quibus
2511 4408 2678 4446 nunc.
2730 4390 3292 4464 Prmpositiodeest
3328 4387 3693 4464 inpmnibus

2049 4457 2484 4535 exemplaribus
2516 4462 2776 4535 antiquis
2799 4457 2941 4518 et'in
2965 4461 3218 4517 editione
3240 4457 3691 4535 Morelliana._ll-_

2048 4535 2163 4591 1am
2193 4531 2477 4592 P'amelius
2491 4531 2702 4604 adjecit
2715 4550 2782 4588 ex
2795 4537 3149 4604 conjectura,
3165 4533 3304 4604 quia
3325 4531 3696 4586 existimabat

273 4601 386 4655 lib.
414 4592 815 4677 ileBrlptismo,
847 4592 1030 4677 c517,
1055 4592 1207 4657 haud
1237 4604 1395 4657 ﬁnito
1418 4604 1626 4658 saaculo
1669 4606 1934 4660 Ecclesiae
1969 4592 2014 4656 D
2050 4623 2290 4662 sensum
2324 4592 2640 4677 absqueuea
2674 4622 2786 4659 non
2821 4592 2991 4676 posse
3022 4592 3311 4660 constare.
3351 4605 3548 4658 BALUZ.

275 4672 789 4746 secundodocuit.
828 4674 912 4728 Ad
947 4673 1102 4729 solos
1133 4692 1263 4729 vero
1295 4677 1599 4746 episcopos
1624 4677 1932 4731 ordinandi

266 4743 735 4818 juspertinere,
768 4747 1066 4818 consentit
1096 4763 1230 4801 cum
1254 4817 1257 4818 ν
1281 4743 1628 4818 Hieronymo
1661 4750 1936 4804 universa

272 4815 624 4891 antiquitas.
659 4816 816 4891 Adde
854 4819 1008 4887 quod
1064 4818 1216 4891 idem
1251 4817 1344 4872 hic
1396 4815 1794 4888 Firmilianus,
1831 4822 1930 4891 qui

270 4886 685 4959 episcoporum
715 4886 979 4942 ordinem
1002 4890 1444 4959 presbyterorum
1472 4891 1706 4945 nomine
1730 4886 1821 4946 his
1851 4886 1934 4946 lo-

270 4958 366 5013 cis
398 4958 730 5042 appellayit,
757 4958 1021 5042 singulos
1041 4958 1779 5042 episcopos,_presbyteros,
1815 4963 1931 5042 dia-

269 5045 478 5096 conos,
515 5029 651 5084 alibi
707 5031 765 5083 in
815 5029 1201 5100 epistola‘sua
1244 5029 1436 5087 titulis
1485 5029 1610 5088 suis
1642 5034 1930 5090 distinxit.

271 5106 459 5155 Porro
491 5100 574 5174 ait
605 5101 778 5162 infra.
807 5102 837 5169 ἃ
862 5102 952 5174 l2,
985 5103 1291 5174 episcopos
1317 5104 1682 5159 ordinatione
1713 5106 1932 5160 vicaria

270 5172 638 5227 successisse
669 5173 970 5243 apostolis.
1023 5172 1036 5174 ’
1190 5172 1203 5174 “
1367 5175 1578 5230 Roma.

352 5243 472 5315 (76)Δ
524 5247 873 5299 Potestatem.
945 5243 1133 5299 Codex
1207 5246 1526 5311 Lastiensis,
1585 5247 1927 5315 facultatem.

265 5313 372 5370 Sic
403 5313 576 5368 etiam
611 5331 671 5369 se
705 5315 916 5383 legisse
950 5316 1006 5369 in
1040 5316 1236 5371 codice
1284 5313 1714 5373 Marchiauensi
1745 5324 1928 5374 testa-

265 5390 376 5440 tur
406 5385 723 5441 Pamelius.
760 5387 968 5442 BALUZ.

349 5458 462 5522 (77)
495 5459 602 5511 Nec
619 5459 960 5529 spiritaliter
974 5473 1188 5530 gerere.
1215 5457 1363 5512 Edit.
1392 5459 1661 5530 princeps
1695 5465 1930 5528 praastat

263 5533 504 5603 aut_pro
535 5528 653 5594 nec,
687 5530 1061 5603 ﬁrmantibus
1093 5528 1238 5584 illud
1273 5528 1562 5603 msINovi
1595 5528 1829 5603 Collegii
1862 5549 1928 5588 ac

266 5599 627 5662 Bodleiano;
663 5602 760 5670 qui
797 5606 854 5656 et
887 5603 1131 5656 fortasse
1165 5602 1578 5656 revocandum.
1615 5599 1833 5658 Roo'rn.

349 5672 462 5741 (78)
493 5674 552 5727 In
584 5674 792 5728 Iconio.
837 5673 1143 5745 Dionysius
1189 5672 1618 5729 Alexandrinus
1668 5674 1776 5731 hoc
1808 5676 1923 5731 Ico-

2121 4680 2226 4739 (80)
2260 4681 2324 4732 At
2353 4673 2475 4749 quis
2505 4681 2580 4732 est
2611 4680 2671 4732 in
2704 4673 2939 4732 Ecclesia
2981 4681 3276 4748 perfectus.
3316 4676 3545 4748 Optime
3577 4673 3695 4728 No-

2043 4750 2096 4803 vi
2131 4749 2367 4820 Collegii
2400 4750 2598 4812 codex,
2656 4755 2720 4803 ut
2767 4749 2864 4819 qui
2911 4755 2999 4805 est
3048 4751 3108 4803 in
3153 4749 3395 4803 Ecclesia
3425 4749 3694 4818 perfectus

2043 4825 2096 4874 et
2125 4822 2346 4898 sapiens
2377 4821 2477 4898 hoc
2499 4830 2608 4898 aut~
2629 4821 2881 4898 defendqt
2901 4826 2997 4876 aut
3016 4822 3221 4898 credat.
3248 4821 3309 4898 in
3340 4820 3526 4898 tribus
3556 4833 3695 4898 quo-

2045 4893 2582 4962 quecodd.scriptis
2597 4895 2654 4945 in
2672 4893 2808 4945 edit.
2825 4891 3441 4960 Oxon.nominatisqui
3456 4905 3555 4962 pro
3572 4891 3695 4962 quis

2044 4959 2280 5043 [θεὴυῇ
2301 4969 2356 5043 et
2376 4959 2624 5043 qui-ante
2647 4963 2746 5018 hoc
2767 4968 2948 5043 abest.
2975 4959 3694 5043 Qiiapropteropostliab‘ita

2043 5031 2280 5089 Pamelii
2314 5031 2579 5095 lectione,
2615 5038 3021 5113 quiefortasse
3047 5031 3116 5088 ex
3136 5031 3371 5113 Gauchii
3403 5031 3693 5113 conjectu-

2041 5122 2102 5158 ra
2136 5112 2367 5161 tantum
2402 5114 2526 5162 orta
2567 5114 2674 5172 est,
2734 5107 3131 5161 Morellianam
3187 5106 3358 5159 istam
3391 5106 3689 5168 revocavi;

2042 5178 2230 5248 posito
2263 5183 2458 5232 tamen
2491 5195 2558 5232 ex
2593 5179 2701 5231 fide
2733 5179 2950 5233 codicis
2985 5178 3123 5233 Novi
3173 5175 3407 5246 (Iollegii
3459 5178 3558 5248 aut
3590 5189 3691 5244 pro

2041 5245 2219 5304 autem
2254 5256 2390 5305 ante
2422 5250 2659 5304 verbum
2705 5249 2982 5318 defendat.
3018 5249 3301 5302 Craterum
3340 5245 3528 5317 paulo
3559 5250 3692 5300 ante

2041 5337 2143 5391 pro
2173 5324 2371 5391 poterit
2404 5321 2650 5390 priorem
2703 5320 2833 5374 lect.
2869 5322 3102 5389 potuerit
3154 5320 3435 5391 revocavi.
3471 5322 3687 5372 ROUTH.

2038 5389 2106 5430 l—
2138 5389 2204 5446 A't
2233 5395 2354 5462 quis
2385 5389 2480 5446 est.
2505 5393 2583 5446 Ita
2605 5392 2934 5446 emendavit
2967 5390 3251 5462 Pamelius
3273 5407 3340 5444 ex
3368 5389 3514 5462 libro
3547 5393 3687 5444 Cau-

2039 5462 2174 5518 chii.
2212 5461 2354 5517 Nam
2393 5463 2447 5516 in
2482 5463 2736 5517 editione
2791 5461 3147 5530 Morelliana,
3183 5478 3309 5531 quae
3362 5461 3549 5531 prima
3579 5466 3690 5523 est,

2038 5533 2251 5614 legitur
2280 5552 2291 5588 :
2327 5536 2562 5614 Perfecti
2591 5544 2742 5614 sunt,
2763 5541 2835 5614 _ut_
2849 5537 2946 5614 qui
2971 5536 3124 5614 estin
3150 5534 3399 5614 Ecclesia
3420 5534 3692 5614 perfectus

2037 5610 2088 5660 et
2116 5607 2354 5675 sapiens.
2391 5610 2505 5660 Hoc
2533 5612 2718 5661 autem
2741 5605 3012 5672 defendat
3038 5612 3089 5660 et
3113 5606 3318 5666 credat,
3353 5609 3462 5658 etc.
3503 5605 3566 5660 In
3592 5605 3692 5657 tri-

2037 5678 2147 5733 bus
2178 5677 2435 5749 antiquis
2462 5678 2764 5734 codicibus
2795 5679 3081 5750 scriptum
3113 5682 3234 5732 est:
3272 5679 3516 5746 Perferti
3545 5682 3692 5740 sunt,
