4088 6174
485 357 630 415 1211

1527 349 1632 411 DE
1677 341 2265 412 HERETIGORUM
2311 340 2833 410 BAPTISMA'I‘E.

3668 352 3791 418 ﬂii

481 484 640 542 nuda
665 481 919 542 sufficiat
942 485 1012 539 ad
1059 476 1464 540 remissionem
1517 485 1883 555 peccatorum
1929 485 1987 538 et
2023 475 2130 537 ba-
2159 484 2212 550 Α
2243 482 2394 536 facta
2427 481 2535 538 est.
2569 480 2926 538 Serenianus
2956 483 3097 538 tunc
3127 479 3234 538 fuit
3263 482 3319 538 in
3354 484 3534 539 nostra
3559 483 3797 556 provincia

485 575 688 647 ptismi
711 573 1255 640 sanctiﬁcationem,
1281 590 1415 627 cum
1439 572 1558 626 haec
1579 577 1720 626 tunc
1739 568 1939 644 utique
1963 569 2133 642 proti-

484 664 640 720 oiant
671 663 904 736 quando
936 668 991 718 et
1021 663 1119 733 qui
1166 659 1423 734 baptizat
1462 661 1638 716 habet
1679 659 1961 732 Spiritum
1995 675 2130 715 san-

482 758 642 809 ctum
658 757 714 808 et
726 753 1021 824 baptisma
1034 768 1266 823 quoque
1285 751 1478 823 ipsum
1495 767 1608 805 non
1628 748 1840 804 sitsine
1852 747 2071 821 Spiritu
2085 745 2130 783 ⁸⁸

479 841 885 899 constitutum.
918 841 1030 897 Sed
1063 841 1270 896 dicunt
1295 857 1429 897 eum
1471 839 1570 912 qui
1604 839 2130 912 quomodocunque

476 930 617 988 foris
647 929 984 1003 baptizatur
1014 933 1208 985 mente
1240 934 1295 984 et
1328 929 1440 984 ﬁde
1471 945 1580 984 sua
1631 927 1910 999 baptismi
1943 927 2130 1000 gratia

477 1011 756 1089 consequi
791 1033 981 1088 posse.
1015 1015 1177 1080 Quod
1208 1019 1261 1071 et
1290 1015 1488 1087 ipsum
1540 1016 1665 1071 sine
1695 1009 1872 1070 dubio
1906 1014 2128 1070 ridicu-

474 1106 596 1162 lum
631 1111 721 1162 est
752 1099 922 1177 quasi
954 1106 1025 1160 de
1067 1104 1209 1160 cmlo
1257 1106 1548 1160 adducere
1600 1103 1671 1160 ad
1722 1119 1782 1159 se
1812 1102 2000 1177 possit
2030 1105 2130 1158 aut

475 1211 642 1252 mens
675 1194 1163 1267 pravajustorum
1189 1193 1706 1249 sanctiﬁcationem
1731 1197 1832 1248 aut
1852 1189 1998 1248 ﬁdes
2023 1190 2127 1248 tal-

475 1303 542 1340 sa
565 1283 930 1340 credentium
951 1282 1274 1338 veritatem.
1302 1281 1424 1337 Non
1449 1299 1655 1337 omnes
1679 1287 1874 1337 autem
1897 1282 1997 1352 qui
2022 1295 2124 1337 no-

475 1391 608 1428 men
632 1366 846 1429 Christi
867 1372 1139 1427 invocant
1160 1371 1349 1427 audiri
1372 1375 1430 1426 et
1447 1370 1868 1426 invocationem
1893 1367 1938 1404 “
1958 1381 2124 1426 suam

477 1461 754 1533 consequi
786 1457 1008 1533 aliquid
1041 1457 1240 1534 gratiae
1271 1477 1440 1533 posse
1481 1461 1764 1516 Dominus
1790 1461 1911 1532 ipse
1937 1459 2125 1514 mani-

474 1549 650 1607 festat
679 1549 878 1606 dicens
907 1568 920 1606 :
944 1547 1102 1605 Multi
1133 1552 1350 1605 venient
1372 1552 1431 1605 in
1459 1551 1682 1605 nomine
1701 1565 1818 1604 meo
1849 1542 2083 1605 dicentes
2105 1565 2125 1604 :

475 1643 583 1711 Ego
613 1657 737 1693 sum
769 1639 1057 1702 Christus;
1088 1645 1138 1694 et
1186 1641 1388 1694 multos
1417 1640 1613 1710 fallent
1660 1641 1855 1707 (Marc.
1887 1651 2012 1708 xm,
2043 1633 2122 1708 6).

474 1721 648 1783 Nulla
665 1728 879 1800 quippe
902 1725 1232 1784 differentia
1248 1731 1337 1783 est
1355 1729 1507 1784 inter
1525 1727 2122 1799 pseudo-prophetam

473 1822 530 1873 et
560 1813 920 1872 haereticum.
951 1811 1096 1872 Nam
1129 1822 1194 1872 ut
1216 1813 1313 1872 ille
1345 1818 1402 1871 in
1439 1815 1676 1872 nomine
1706 1817 1805 1872 Dei
1831 1815 1931 1872 aut
1959 1809 2122 1870 Chri-

474 1907 572 1975 sti,
605 1907 685 1962 ita
714 1901 827 1961 iste
856 1898 914 1960 in
947 1910 1314 1962 sacramento
1344 1907 1387 1941 ‘5
1417 1903 1696 1978 baptismi
1739 1901 1922 1960 fallit:
1962 1903 2124 1960 Meno

477 1995 644 2051 dacio
703 2000 948 2066 uterque
984 1994 1191 2050 nititur
1219 1993 1290 2050 ad
1313 1993 1685 2067 decipiendas
1705 1994 2010 2049 hominum
2028 2009 2126 2049 vo-

473 2087 752 2141 luntates.

547 2173 613 2229 X.
646 2173 790 2229 Volo
824 2177 1017 2228 autem
1059 2172 1219 2228 vobis
1250 2177 1308 2228 et
1355 2168 1425 2228 de
1456 2169 1701 2228 historia
1734 2171 1777 2208 ⁴⁶
1808 2185 1936 2245 quas
1968 2170 2122 2244 apud

475 2279 582 2317 nos
613 2263 764 2318 facta
799 2267 889 2318 est
934 2277 1220 2333 exponere
1274 2263 1344 2316 ad
1378 2260 1486 2316 hoc
1529 2261 1724 2332 ipsum
1774 2259 2119 2334 pertinente.

471 2352 617 2406 Ante
649 2347 852 2423 viginti
887 2350 1042 2404 enim
1069 2354 1126 2404 et
1157 2347 1302 2404 duos
1333 2348 1450 2404 fere
1475 2366 1659 2404 annos
1685 2347 1820 2420 (8t),
1852 2345 2124 2421 tempori-

474 2440 584 2495 bus
633 2443 767 2511 post
813 2438 1207 2494 Alexandrum
1256 2437 1688 2509 imperatorem,
1741 2438 1940 2494 multa
1989 2439 2123 2494 istic

475 2528 937 2584 conflictationes
967 2532 1026 2582 et
1056 2543 1342 2599 pressura;
1373 2527 1728 2592 acciderunt,
1758 2527 1846 2583 vel
1880 2528 1938 2583 in
1970 2542 2124 2583 com-

478 2633 655 2672 mune
685 2617 961 2672 omnibus
982 2615 1434 2686 hominibus,vel
1458 2617 1730 2688 privatim
1752 2616 2120 2689 Christianis,

475 2712 642 2761 terrae
665 2705 842 2761 etiam
857 2709 1050 2760 motus
1064 2704 1301 2776 plurimi
1320 2709 1375 2760 et
1390 2705 1725 2776 frequentes
1747 2706 2120 2776 exstiterunt,

479 2799 543 2850 ut
572 2799 628 2851 et
657 2811 760 2866 per
780 2796 821 2829 ‘7
845 2793 1269 2866 Cappadociam
1297 2798 1352 2848 et
1373 2810 1474 2865 per
1497 2793 1745 2850 Pontum
1777 2795 1966 2850 multa
1982 2795 2121 2850 sub-

473 2889 730 2952 ruerent,
767 2881 1031 2955 quedam
1055 2883 1231 2937 etiam
1255 2881 1537 2953 civitates,
1564 2883 1623 2938 in
1649 2881 2008 2955 profundum
2029 2901 2123 2940 re-

469 2978 670 3045 ceptm,
703 2972 926 3044 dirupti
970 2971 1077 3028 soli
1110 2971 1277 3027 hiatu
1326 2972 1761 3043 devorarentur,
1814 2977 1879 3028 ut
1916 2990 1984 3028 ex
2013 2972 2124 3029 boo

473 3061 802 3135 persecutio
835 3075 1069 3132 quoque
1099 3061 1294 3133 gravis
1325 3062 1635 3117 adversum
1672 3075 1779 3117 nos
1807 3060 2124 3118 Christiani

480 3149 736 3207 nominis
769 3151 952 3215 ﬁeret,
969 3166 1098 3220 quae
1121 3154 1250 3219 post
1269 3144 1506 3221 longam
1534 3153 1684 3205 retro
1706 3150 1894 3206 astatis
1919 3162 2120 3223 pacem

2241 585 2480 643 praeses,
2514 571 2756 626 acerbus
2808 574 2863 626 et
2914 567 3080 626 dirus
3110 571 3217 642 (8'2)
3271 578 3592 644 persecutor.
3629 577 3681 630 In
3716 577 3798 633 hac

2239 663 2435 715 autem
2468 659 2903 731 perturbatione
2923 659 3255 716 constitutis
3276 657 3541 730 ﬁdelibus,
3564 668 3611 717 et
3629 663 3722 719 huc
3740 669 3801 720 at-

2239 765 2348 822 que
2377 743 2515 804 illuc
2548 747 2969 821 persecutionis
3003 754 3160 805 metu
3199 747 3614 821 fugientibus,et
3631 752 3802 823 patrias

2240 851 2378 896 suas
2400 835 2889 909 relinquentibus,
2917 841 3090 909 atque
3110 839 3168 892 in
3193 837 3334 894 alias
3356 843 3532 910 partes
3554 841 3801 913 regionum

2238 927 2680 983 transeuntibus
2711 926 2858 999 (erat
2886 927 3041 982 enim
3073 926 3119 962 ‘9
3143 925 3474 982 transeundi
3501 927 3729 996 facultas,
3754 948 3804 988 eo

2239 1016 2393 1089 quod
2426 1015 2750 1088 persecutio
2782 1015 2904 1083 illa,
2940 1033 3056 1071 non
3089 1033 3192 1089 per
3220 1019 3401 1071 totum
3432 1018 3704 1088 mundum,
3730 1017 3806 1074 sed

2238 1103 2440 1162 localis
2471 1100 2721 1176 fuisset),
2754 1105 2992 1161 emersit
3014 1103 3144 1160 istic
3167 1104 3358 1161 subito
3385 1104 3626 1177 quaedam
3641 1105 3809 1163 mulier

2238 1191 2374 1267 (83),
2408 1209 2534 1267 qua;
2583 1194 2642 1249 in
2685 1193 2961 1250 exstasim
3012 1189 3057 1229 ³ο
3104 1189 3418 1250 constituta
3464 1195 3810 1266 prophetense

2237 1282 2532 1356 praeferret
2561 1285 2618 1339 et
2648 1282 2815 1355 quasi
2847 1283 3050 1339 sancto
3097 1278 3313 1355 Spiritu
3354 1279 3515 1355 plena
3541 1283 3614 1339 sic
3639 1289 3810 1357 ageret.

2234 1373 2321 1428 Ita
2339 1377 2533 1427 autem
2558 1370 2970 1444 principalium
2995 1367 3470 1427 diemoniorum“
3493 1369 3686 1444 impetu
3708 1374 3814 1430 fere-

2235 1461 2427 1530 batur,
2461 1465 2526 1516 ut
2554 1475 2657 1533 per
2684 1455 2925 1534 longum
2950 1465 3186 1533 tempus
3207 1457 3538 1516 sollicitaret
3557 1466 3606 1515 et
3631 1459 3812 1534 decipe-

2235 1550 2323 1606 ret
2355 1545 2801 1621 fraternitatem,
2852 1545 3222 1605 admirabilia
3253 1550 3507 1620 quaedam
3551 1553 3602 1605 et
3628 1556 3810 1622 porten-

2233 1645 2359 1696 tosa
2375 1640 2705 1712 perficiens,
2719 1640 2777 1695 et
2798 1637 2984 1694 facere
3006 1656 3067 1694 se
3086 1642 3304 1694 terram
3328 1639 3532 1694 moveri
3550 1637 3591 1673 "
3611 1637 3710 1710 (84)
3727 1635 3813 1710 pol-

2233 1727 2521 1785 lineretur.
2555 1723 2679 1783 Non
2703 1722 2858 1798 quod
2883 1725 3131 1781 daemoni
3154 1727 3322 1781 tanta
3351 1727 3501 1781 esset
3528 1725 3748 1796 potestas
3770 1731 3816 1781 ut

2232 1822 2444 1872 terram
2480 1831 2710 1872 movere
2732 1819 2834 1870 aut
2851 1814 3205 1871 elementum
3233 1817 3534 1870 concutere
3555 1813 3604 1868 vi
3627 1831 3716 1869 sua
3733 1813 3815 1886 (85)

2236 1905 2471 1975 valeret,
2508 1903 2608 1960 sed
2641 1901 2794 1977 quod
2847 1919 3274 1976 nonnunquam
3325 1900 3568 1976 Spiritus
3595 1919 3815 1975 nequam,

2237 1993 2549 2068 praesciens
2581 1995 2637 2048 et
2666 1989 3001 2065 intelligens
3031 1995 3196 2048 terras
3251 1993 3470 2047 motum
3502 1991 3750 2058 futurum,
3772 1987 3815 2045 id

2235 2097 2298 2140 se
2329 2083 2620 2139 facturum
2652 2099 2778 2138 esse
2811 2080 3118 2137 simularet
3149 2077 3306 2154 quod
3347 2079 3599 2136 futurum
3625 2075 3812 2136 videret.

2234 2169 2456 2238 Quibus
2481 2169 2802 2226 mendaciis
2822 2178 2873 2226 et
2887 2167 3314 2242 jactationibus
3333 2171 3626 2239 subegerat
3640 2171 3813 2223 mentes

2235 2259 2601 2334 singulorum
2633 2266 2699 2316 ut
2721 2254 2831 2316 sibi
2854 2257 3175 2330 obedirent,
3201 2263 3259 2315 et
3289 2273 3626 2332 quocunque
3649 2255 3687 2292 ⁸³
3706 2273 3812 2328 [nah

2235 2347 2448 2424 ciperet
2478 2355 2534 2406 et
2565 2347 2801 2405 duceret
2821 2352 3226 2420 sequerentur,
3254 2348 3467 2404 faceret
3495 2364 3700 2419 quoque
3719 2363 3812 2400 mu-

2233 2437 2441 2496 lierum
2466 2438 2628 2495 illam
2651 2439 2830 2494 cruda
2847 2437 3037 2493 hieme
3058 2437 3238 2492 nudis
3261 2437 3507 2509 pedibus
3519 2452 3611 2508 per
3629 2449 3814 2507 asperas

2232 2529 2395 2584 nives
2421 2528 2504 2584 ire
2536 2543 2640 2584 nec
2668 2526 2865 2583 vexari
2894 2525 2954 2581 in
2987 2524 3185 2598 aliquo
3231 2530 3334 2581 aut
3363 2525 3492 2581 laedi
3517 2524 3610 2580 illa
3635 2524 3814 2579 discur-

2233 2618 2418 2683 sione,
2441 2616 2659 2672 diceret
2677 2616 2854 2672 etiam
2882 2629 2943 2671 se
2967 2613 3024 2668 in
3044 2614 3316 2670 Judasam
3347 2619 3405 2669 et
3423 2611 3812 2683 Hierosolymam

2234 2707 2531 2772 festinare,
2582 2706 2809 2777 ﬁngens
2859 2709 3136 2775 tanquam
3184 2703 3329 2759 inde
3374 2702 3632 2758 venisset.
3679 2701 3755 2755 llic
3779 2705 3818 2754 et

2235 2812 2417 2851 unum
2450 2795 2521 2850 de
2551 2793 2907 2866 presbyteris
2939 2792 3250 2848 Rusticum
3285 2792 3418 2864 (86),
3450 2791 3582 2846 item
3608 2795 3659 2846 et
3680 2788 3815 2844 alium

2233 2885 2545 2941 diaconum
2559 2879 2782 2950 fefellit,
2801 2887 2864 2937 ut
2877 2882 3066 2938 eidem
3081 2897 3135 2935 m
3146 2879 3320 2936 ulieri
3342 2877 3817 2940 commiscerentur,

2233 2974 2386 3046 quod
2421 2971 2596 3045 paulo
2628 2976 2760 3044 post
2799 2972 3094 3026 detectum
3131 2974 3262 3027 est:
3293 2986 3434 3026 nam
3480 2969 3657 3024 subito
3683 2980 3816 3038 appa-

2233 3063 2351 3118 rult
2375 3060 2459 3116 llll
2487 3073 2639 3116 unus
2665 3061 2736 3116 de
2761 3059 3068 3115 exorcistis
3089 3059 3176 3114 vir
3197 3059 3482 3131 probatus
3503 3061 3556 3114 et
3579 3056 3709 3113 circa
3725 3051 3818 3110 reli-

2233 3149 2458 3225 glosam
2492 3148 2862 3222 disciplinam
2893 3147 3043 3204 bene
3073 3161 3311 3219 semper
3359 3148 3723 3208 conversatus,
3743 3141 3814 3212 qui

482 3244 716 3311 repente
746 3241 956 3294 oborta
984 3239 1054 3293 de
1084 3236 1387 3310 inopinato
1431 3244 1488 3294 et
1517 3240 1749 3294 insueto
1796 3240 1948 3296 malo
1979 3239 2021 3276 “
2052 3239 2123 3296 ad
2156 3233 2198 3300 C
2237 3239 2636 3297 exhortatione
2679 3254 2910 3310 quoque
2959 3237 3208 3292 fratrum
3252 3236 3652 3309 plurimorum,
3680 3229 3758 3304 qui
3778 3232 3817 3286 ei

480 3328 839 3384 turbandum
873 3326 1154 3400 populum
1188 3333 1453 3383 nostrum
1476 3330 1686 3384 I164
1705 3328 2020 3385 terribilior
2043 3329 2126 3385 ef-

2235 3329 2348 3402 ipsi
2382 3330 2559 3384 fortes
2588 3344 2654 3384 ac
2681 3326 3011 3382 laudabiles
3041 3327 3100 3381 in
3131 3325 3252 3382 ﬁde
3283 3327 3544 3391 aderant,
3573 3324 3814 3382 excitatus,

1891 3435 2093 3500 Varias
2136 3437 2452 3498 lectiones.

545 3535 591 3570 ‘3
623 3533 759 3588 Sine
789 3531 1013 3602 Spiritu
1045 3537 1246 3587 sancto
1277 3534 1429 3588 Lam.
1463 3533 1623 3588 Ebor.
1657 3533 1787 3589 Bod.
1819 3534 1874 3588 2.
1950 3536 1995 3570 “
2029 3540 2092 3590 Et

475 3608 840 3677 sacramento
872 3603 984 3658 Bod
1034 3607 1088 3677 2.
1165 3605 1208 3639 ⁴⁶
1240 3603 1340 3660 Rei
1369 3605 1601 3660 addend.
1637 3607 1778 3677 conj.
1809 3607 2004 3661 Roullt.
2089 3603 2238 3662 “Ut
2267 3611 2324 3661 et

471 3680 526 3731 2.
604 3677 649 3710 ‘9
680 3673 1200 3745 Relinquentibus:
1261 3683 1385 3731 erat
1441 3677 1596 3731 enim
1655 3673 1786 3732 Boil.
1818 3679 1871 3732 2.
1949 3679 1993 3714 ⁸ο
2030 3678 2122 3734 Sic
2178 3679 2270 3733 Ar.
2330 3673 2482 3732 Lam.
2542 3676 2706 3731 Ebor.
2766 3676 2982 3732 No.4.
3041 3675 3172 3730 Bod.
3235 3677 3290 3730 2.

2135 3551 2236 3606 per
2273 3532 2837 3606 invocationem_Ar.
2887 3532 3257 3606 [avocatione
3288 3549 3400 3606 sua
3429 3530 3612 3587 Routh.
3655 3527 3818 3606 _“_lstp

2354 3621 2455 3676 per
2485 3605 2637 3658 Lam.
2660 3603 2826 3658 Ebor.
2853 3606 2908 3658 Ν
2930 3603 2986 3658 C.
3020 3603 3043 3658 l
3061 3646 3072 3659 .
3146 3604 3196 3676 7‘3
3233 3604 3537 3676 Inopinato
3567 3593 3819 3676 maloABod.

3377 3693 3411 3730 n
3467 3672 3665 3729 exstasi
3691 3671 3818 3725 0m.

473 3749 516 3784 ⁵1
549 3737 891 3802 Βωωοηυώ
921 3746 1014 3800 Ar.
1048 3751 1204 3820 Lam.
1239 3749 1403 3804 Bbor.
1430 3749 1554 3804 NC.
1591 3750 1639 3804 1.
1719 3749 1763 3783 ⁵³
1797 3749 2125 3820 Perﬁciens,

2234 3765 2376 3804 rram
2405 3765 2468 3803 se
2498 3763 2730 3802 movere
2760 3751 2913 3803 Lam.
2968 3747 3128 3802 Ebor.
3161 3746 3300 3802 NG.
3337 3748 3389 3802 1.
3425 3745 3550 3802 Bod.
3578 3746 3627 3798 2.
3692 3738 3728 3775 ⁵³
3751 3737 3818 3793 Di-

475 3824 630 3874 ceret
660 3833 1012 3890 quocunque
1042 3818 1174 3874 Bod.
1207 3823 1258 3874 2.

1890 3901 2222 3962 Variorum
2265 3906 2449 3961 nota).

476 4001 534 4080 ut
555 3998 670 4080 ρας
695 3997 864 4080 φίλῃ
895 3996 1435 4080 Βᾳριεδὶαρσῃςεεςυης
1473 4000 1525 4080 et
1569 3997 1788 4080 sapiens
1813 3998 1912 4053 hoc
1939 4006 2122 4080 autem

476 4066 748 4139 defendat.
782 4067 877 4124 Sic
904 4068 1078 4123 etiam
1111 4066 1207 4122 alii
1237 4067 1371 4122 libri
1401 4066 1645 4135 veteres,
1679 4067 1792 4124 nisi
1831 4067 1985 4141 quod
2020 4081 2122 4141 pro

475 4143 524 4196 et
553 4143 776 4207 sapiens
806 4141 1023 4194 habent
1052 4144 1150 4194 aut
1179 4142 1417 4210 sapiens,
1451 4141 1658 4194 BALUZ.

546 4214 659 4283 (81)
691 4213 829 4266 Ante
849 4210 1050 4283 viginti
1087 4226 1278 4266 annos.
1319 4210 1463 4267 Vide
1501 4213 1741 4266 Annales
1773 4210 2125 4283 Cyprianicos

479 4283 547 4337 ad
578 4281 799 4338 annum
831 4283 956 4337 256.
990 4281 1201 4336 BALUZ.

550 4356 660 4426 (82)
713 4355 938 4409 Acerbus
985 4358 1037 4408 et
1083 4354 1258 4408 dirus.
1308 4353 1403 4426 Sic
1452 4353 1815 4426 Lactantius,
1865 4368 1992 4426 cap.
2035 4352 2124 4422 13,

478 4424 809 4482 de‘Moribus
841 4427 1283 4499 Persecutorum,
1319 4424 1652 4480 Flaccillum
1684 4430 1852 4481 vocat
1879 4424 1987 4482 non
2016 4442 2123 4499 pu-

479 4499 671 4553 sillum
700 4497 1049 4552 homicidam.
1085 4496 1290 4551 Bawz.

555 4570 659 4637 (83)
717 4568 988 4639 Quwdam
1035 4567 1259 4622 mulier.
1307 4566 1451 4621 Vide
1505 4566 1859 4639 Reginonem
1909 4562 2009 4623 lib.
2062 4581 2123 4635 ιι,

482 4657 606 4710 cap.
641 4641 765 4698 364.
799 4645 854 4694 et
885 4643 1052 4694 notas
1085 4645 1316 4695 nostras
1350 4654 1479 4710 pag.
1507 4640 1633 4695 592.
1668 4643 1875 4695 BALUZ.

597 4683 606 4692 .
641 4659 765 4698 .304.
799 4659 854 4694 ει
885 4659 1052 4694 ΠΟῑᾶε
1085 4659 1316 4695 Ποδῑΐᾶῧ
1507 4659 1633 4695 ὒῚό.
1668 4659 1875 4695 DALUZ.

553 4659 658 4781 F84)
697 4711 914 4766 Terram
946 4727 1177 4766 movere.
1214 4712 1338 4766 Duo
1368 4710 1497 4766 libri
1539 4716 1782 4777 veteres,
1815 4712 1981 4766 etiam
2011 4725 2125 4766 mo-

478 4799 608 4855 vere
637 4799 694 4838 σε
719 4791 924 4837 terram
953 4781 1329 4852 polliceretur.
1363 4783 1620 4847 Quatuor
1653 4781 1974 4855 Anglicani,
2005 4797 2128 4854 per-

479 4854 670 4924 ﬁczens
699 4861 900 4909 terram
932 4870 985 4909 se
1009 4870 1238 4910 movere.
1282 4855 1485 4908 Bsz.

554 4929 660 4992 (85)
700 4927 758 4979 Vi
784 4943 904 4981 sua.
941 4925 1024 4980 Ita
1057 4943 1208 4997 unus
1242 4926 1416 4981 codex
1449 4927 1644 4997 regius
1677 4931 1734 4979 et
1780 4925 2125 4990 Beccensis;

483 5015 610 5069 quae
642 5003 730 5053 est
761 5014 892 5053 vera
930 4997 1122 5051 lectio.
1173 4996 1442 5069 Quatuor
1481 4996 1614 5052 libri
1665 5001 1885 5069 veteres
1917 4997 2132 5069 habent

481 5067 622 5125 visu.
655 5072 735 5124 lta
767 5069 940 5124 etiam
967 5069 1354 5130 Divionensis,
1387 5067 1498 5122 nisi
1532 5068 1684 5139 quod
1710 5083 1889 5139 supra
1915 5067 2128 5123 lineam

481 5141 660 5213 habet
689 5142 975 5213 scriptum
1008 5141 1089 5195 vel
1119 5149 1266 5213 nisu.
1303 5137 1598 5194 Morellius
1629 5137 1809 5192 edidit
1837 5141 1988 5209 nisu,
2027 5143 2130 5194 Pa-

486 5212 698 5269 melius
729 5219 785 5268 et
814 5212 910 5267 alii
945 5214 1117 5277 iussu.
1154 5212 1359 5266 BALUZ.

557 5286 666 5355 (86)
719 5286 1016 5339 Rusticum.
1077 5282 1391 5355 Morellius
1427 5281 1624 5355 edidit
1660 5282 1942 5355 rusticum,
1998 5286 2132 5335 tan-

487 5351 663 5426 quam
693 5373 800 5409 non
828 5361 979 5409 esset
1002 5370 1210 5408 nomen
1236 5353 1633 5426 hominis,sed_
1651 5351 1995 5407 vocabulum
2019 5367 2132 5422 quo

486 5424 732 5498 simplex
768 5428 938 5481 homo
963 5426 1414 5495 signiﬁcaretur.
1451 5424 1737 5479 Parnelius
1759 5430 1812 5478 et
1850 5429 2132 5494 posteum

487 5499 696 5570 Rigalti
709 5516 775 5553 us
834 5499 944 5552 scri
957 5515 1122 5570 pseru
1135 5501 1196 5548 nt
1243 5499 1544 5570 Rusticum,
1569 5568 1576 5570 Α
1597 5501 1869 5570 putaptcs
1894 5511 2132 5570 pomeri

483 5567 611 5625 esse
646 5569 964 5642 presbyteri
1002 5570 1071 5622 de
1103 5584 1219 5636 quo
1261 5569 1391 5623 istic
1426 5567 1683 5638 loquitur
1732 5567 2128 5642 Firmilianus.

483 5638 658 5714 Angli
681 5638 852 5714 aliter
901 5645 1257 5714 censuerunt
1306 5645 1795 5714 et___reposuerunt
1828 5638 2128 5714 lectionem

486 5710 614 5784 quis
645 5717 735 5770 est
779 5711 839 5767 in
886 5710 1140 5769 editione
1187 5710 1412 5770 Morelli
1457 5710 1806 5784 argumento
1859 5710 2037 5769 ducto
2066 5725 2135 5766 ex

2156 4608 2204 4674 D

2233 3996 2482 4070 epistola
2528 3994 2778 4070 Cornelii
2827 3996 2899 4070 ad
2949 3992 3665 4070 Fabiumuﬂtntiochenum
3694 3981 3817 4070 “apud

2235 4065 2576 4133 Eusebium,
2609 4068 2666 4121 in
2701 4083 2816 4139 qua
2845 4065 3145 4139 Cornelius
3175 4067 3274 4139 ait
3290 4065 3573 4139 Novatum
3602 4065 3819 4139 accivissc

2235 4157 2302 4195 ex
2332 4139 2501 4195 Italia
2529 4143 2645 4194 tres
2675 4136 2977 4210 episcopos
3020 4136 3500 4210 simplicissimos
3528 4142 3581 4192 et
3607 4136 3816 4210 omnium

2235 4213 2491 4291 ignaros,
2516 4216 2579 4266 ut
2593 4206 2763 4291 vertit
2785 4206 3102 4291 Ruﬂn_us,a
3123 4206 3348 4291 quibus
3374 4210 3534 4265 fieret
3549 4206 3815 4291 episcopl‘lfl.

2234 4270 2350 4366 Ego
2380 4283 2438 4337 in
2472 4270 3296 4366 etopin‘ionum.diversitate,
3332 4297 3466 4336 cum
3485 4270 3737 4366 ‘videreni

2234 4348 2485 4410 ctionem
2516 4348 2759 4409 Pamelii
2782 4359 2839 4409 et
2859 4351 3094 4424 Rigaltii
3125 4348 3302 4421 posse
3326 4369 3456 4409 esse
3485 4350 3680 4424 bonam
3697 4348 3740 4400 et
3755 4348 3817 4397 ni-

2235 4425 2317 4481 hil
2352 4426 2630 4481 adversus
2661 4441 2787 4480 eam
2839 4418 3044 4480 con'tici
3095 4418 3163 4480 ei:
3194 4422 3622 4481 comparatione
3658 4418 3818 4473 horum

2236 4498 2641 4581 ερῖεςορονρω
2657 4494 3187 4581 Remanent!!!“
3204 4488 3570 4581 (λυθεὶωξιεετίε
3591 4488 3818 4581 Plit???“

2237 4565 2504 4624 videbam
2538 4568 2799 4641 Pamelio
2823 4571 2880 4622 et
2911 4567 3180 4638 Rigaltio.
3209 4565 3297 4641 De
3330 4565 3621 4641 Ursicino,
3649 4565 3731 4641 qui
3757 4569 3820 4641 se-

2237 4641 2370 4697 dem
2393 4633 3012 4712 apostolicaminvasit"
3024 4644 3155 4712 post
3169 4633 3750 4712 electionemDamasi,

2239 4698 2721 4786 staturiRuﬁnus,
2747 4710 2949 4786 lib.‘x1,
2983 4698 3111 4786 cap.
3138 4711 3224 4786 10,
3251 4710 3421 4786 illum
3446 4709 3746 4786 episcopum
3765 4698 3820 4786 f8;

2239 4790 2397 4839 ctum
2430 4783 2613 4839 fuisse
2647 4800 2679 4838 a
2711 4782 2964 4854 quodam
2996 4784 3138 4854 satis
3169 4783 3430 4850 imperito
3461 4784 3511 4835 et
3539 4782 3719 4854 agresti
3741 4785 3821 4854 ελιρξ

2237 4869 2410 4926 scapo.
2445 4855 2652 4910 BALUZ.
2683 4851 2753 4893 -—'
2787 4852 3055 4926 Unum_de
3095 4855 3441 4926 presbyteris,
3472 4851 3820 4926 νυδςξσυπξλδιε

2238 4914 2420 4982 edidit
2449 4926 2506 4980 in
2542 4927 2722 4995 hujus
2767 4923 3023 4996 epistolae
3063 4914 3201 4978 edit.
3257 4914 3518 5050 principe
3564 4914 3818 5000 Morellius.

2239 5004 2522 5050 tanquam
2547 4997 2596 5050 si
2617 4998 2856 5050 rusticus
2878 5013 3087 5050 nomen
3108 5011 3254 5050 aone
3283 4996 3520 5050 lativum
3543 4992 3696 5047 fuant
3715 5005 3725 5050 ;
3747 4977 3817 5038 εεδ

2239 4977 2522 5069 {magis
2546 4977 3087 5069 assesasses;
3106 4977 3520 5069 apparatione
3543 4991 3725 5069 fuerit;
3747 4977 3817 5069 ςεςι

2240 5051 2408 5141 quasi
2433 5051 2665 5141 nomen.
2684 5051 3006 5141 proprium,
3034 5051 3329 5141 Pamelius
3359 5072 3414 5122 et
3438 5051 3720 5141 Rigaltius.

2240 5127 2328 5197 ter
2356 5139 2568 5196 Fellus.
2608 5127 2840 5195 Dubitat
2863 5127 3150 5195 Baluzius.
3181 5139 3446 5194 Fortasse
3466 5127 3819 5208 signiﬁcatboo

2242 5214 2366 5268 loco
2397 5229 2503 5266 vox
2525 5212 2784 5282 rusticus,
2811 5229 2924 5282 non
2954 5215 3263 5282 agrestem,
3291 5215 3355 5265 ut
3377 5197 3815 5282 opinaturaﬁellus,

2242 5282 2342 5339 sed
2380 5283 2678 5356 iruralem,
2742 5268 3065 5356 ὲᾶξιχώριὲν,
3116 5268 3470 5356 Ἐτςιχῴριοίᾐ
3502 5268 3820 5356 τερ-εσῧὲὸτερξὶῑ

2241 5338 2548 5427 presbyteri
2578 5338 2745 5423 ruris,
2797 5338 2875 5408 ἰιῗ
2904 5338 3136 5427 Canone
3183 5338 3410 5427 decimo
3457 5338 3819 5427 ιετξῑοβοηςξιξί

2244 5412 2602 5483 Νεοεδὲδανθεε
2649 5412 3065 5481 memorantur.
3091 5425 3199 5480 Sed
3228 5426 3423 5479 Graece
3443 5412 3819 5491 scripsi-sectu-

2244 5498 2524 5570 milianus
2545 5495 2858 5570 expensas»
2883 5497 3128 5570 videtur,
3152 5512 3284 5551 cum
3314 5495 3370 5570 in
3396 5488 3606 5570 decimo
3625 5488 3818 5570 septimo

2243 5559 2697 5644 fibulcedopéhsi
2755 5564 3079 5644 ἀγροικικὰς
3118 5559 3432 5639 ’παροικίας
3485 5564 3516 5630 ἢ
3573 5559 3819 5633 incepith

2244 5641 2482 5698 habeas.
2521 5638 2741 5696 Rou'rn.

3979 149 3981 308 Ν

3979 5923 3981 6065 l
