4088 6174
496 306 649 364 1215

1529 307 1632 366 DE
1677 305 2276 368 HIERETICORUM
2317 303 2852 365 BAPTISMATE.

3667 312 3783 373 1216

493 439 634 491 sunt
666 436 777 506 (93)
810 452 842 490 a
873 435 1042 491 nobis
1073 437 1170 508 qui
1205 436 1502 493 haereticos
1561 439 1902 505 defendunt,
1936 448 2136 493 utrum
2170 442 2219 505 Α
2251 437 2502 501 Christo,
2538 453 2654 491 non
2688 435 2974 507 colligunt
3003 439 3198 491 autem
3257 437 3529 494 nobiscum
3576 440 3788 513 haeretici,

489 524 721 578 carnale
752 524 828 579 sit
848 541 1048 580 eorum
1082 525 1394 597 baptisma,
1427 544 1500 581 an
1555 527 1838 598 spiritale.
1871 529 1925 582 Si
1979 528 2136 582 enim

490 611 722 668 carnale
751 618 858 680 est,
886 613 1034 668 nihil
1063 613 1341 670 differunt
1381 632 1414 670 a
1449 615 1787 671 Judaaorum
1821 617 2134 687 baptismo,

490 717 605 773 quo
637 700 721 756 sic
749 701 838 756 illi
869 706 1136 769 utuntur,
1163 707 1226 758 ut
1256 721 1322 759 eo
1380 708 1662 776 tanquam
1722 705 2018 760 communi
2081 709 2140 759 et

489 789 710 860 vulgari
741 790 969 846 lavacro
1000 795 1230 846 tantum
1246 793 1448 848 sordes
1478 793 1781 849 laventur:
1816 795 1908 848 sin
1939 798 2136 849 autem

489 879 750 949 spiritale
781 883 888 950 est,
921 881 1213 951 quomodo
1235 881 1541 952 apudillos
1571 883 2136 954 essebaptismaspi-

490 966 654 1024 ritale
685 972 896 1039 potest,
931 970 1082 1041 apud
1108 987 1256 1041 quos
1279 971 1534 1042 Spiritus
1566 975 1807 1026 sanctus
1839 989 1952 1026 non
2000 977 2090 1026 est
2121 971 2132 1026 Ξ

488 1061 571 1111 Ac
603 1074 703 1128 per
731 1059 930 1113 1161
960 1058 1067 1113 hoc
1099 1076 1380 1130 aquaqua
1407 1060 2030 1132 tingunturlavacrum
2049 1065 2138 1115 est

488 1144 605 1200 illis
634 1147 863 1202 carnale
891 1152 1142 1214 tantum,
1197 1165 1308 1202 non
1368 1149 1644 1221 baptismi
1677 1155 2136 1204 sacramentum.

561 1235 701 1290 XIV.
727 1235 888 1299 Quod
921 1237 968 1290 si
986 1237 1277 1307 baptisma
1297 1236 1699 1294 haereticorum
1721 1237 1931 1293 habere
1949 1242 2137 1308 potest

490 1325 988 1396 regenerationem
1019 1326 1288 1380 secundae
1312 1325 1654 1392 nativitatis,
1709 1344 1822 1382 non
1858 1327 2132 1397 haeretici,

491 1414 593 1469 sed
626 1412 728 1468 ﬁlii
762 1413 859 1468 Dei
894 1414 1269 1485 computandi
1303 1420 1443 1469 sunt
1471 1416 1517 1449 ⁶²
1549 1417 1656 1485 (94)
1691 1416 1786 1486 qui
1820 1417 1973 1488 apud
2003 1416 2134 1470 illos

490 1502 862 1574 baptizantur
893 1503 1186 1570 ;secunda
1229 1505 1383 1559 enim
1438 1504 1711 1559 nativitas
1768 1521 1894 1575 quae
1926 1512 2016 1559 est
2075 1505 2132 1559 in

491 1591 783 1663 baptismo
812 1591 963 1648 ﬁlios
984 1592 1084 1647 Dei
1107 1596 1362 1666 generat.
1387 1594 1441 1646 Si
1463 1600 1657 1648 autem
1680 1611 1898 1666 sponsa
1918 1593 2132 1649 Christi

491 1697 609 1734 una
637 1684 742 1747 est,
777 1697 904 1752 quae
935 1686 1024 1736 est
1048 1682 1302 1738 Ecclesia
1353 1681 1656 1749 catholica,
1715 1682 1844 1754 ipsa
1883 1686 1973 1737 est
2003 1700 2130 1754 quae

491 1769 614 1824 sola
645 1774 880 1839 generat
901 1770 999 1824 Dei
1031 1771 1204 1827 filios.
1229 1771 1429 1843 Neque
1458 1772 1611 1827 enim
1635 1771 1828 1826 multa:
1861 1773 2134 1843 sponsae63

489 1857 726 1924 Christi,
749 1874 884 1913 cum
916 1859 1070 1914 dicat
1090 1860 1399 1932 Apostolus
1425 1860 1747 1932 :Despondit
1767 1876 1859 1916 vos
1889 1862 1992 1915 uni
2013 1863 2132 1915 viro

490 1948 764 2016 virginem
814 1951 1022 2004 castam
1053 1949 1164 2021 (95)
1211 1951 1496 2018 assignare
1547 1950 1756 2004 Christo
1805 1950 1879 2020 (II
1907 1949 2030 2004 Cor.
2054 1967 2131 2017 XI,

488 2037 583 2108 2);
635 2041 711 2102 et,
736 2037 898 2104 Audi,
933 2038 1075 2107 ﬁlia,
1107 2046 1159 2094 et
1185 2039 1327 2103 vide,
1352 2047 1405 2094 et
1435 2040 1645 2094 inclina
1675 2055 1871 2093 aurem
1887 2043 2061 2106 tuam,
2083 2047 2135 2094 et

489 2125 812 2181 obliviscere
838 2127 1035 2197 populi
1063 2127 1144 2182 tui
1170 2126 1234 2191 ⁸⁸,
1270 2129 1400 2198 quia
1419 2127 1752 2183 desideravit
1780 2144 1883 2182 rea:
1895 2130 2135 2198 speciem

489 2223 640 2270 tuam
671 2216 844 2285 (Psal.
876 2219 1172 2283 xuv,21);
1228 2222 1285 2272 et
1339 2218 1489 2286 Veni,
1529 2233 1747 2288 sponsa,
1791 2217 1864 2272 de
1905 2217 2131 2282 Libano,

489 2305 747 2359 advenies
775 2309 826 2360 et
849 2307 1214 2376 pertransibis
1255 2323 1288 2360 a
1325 2307 1599 2377 principio
1648 2305 1784 2374 ﬁdei
1840 2305 2018 2376 (Cant.
2054 2323 2132 2370 ιν,

489 2393 540 2464 8)
577 2412 590 2462 ;
625 2396 680 2449 et
708 2395 988 2464 Ingressus
1017 2411 1140 2449 sum
1180 2396 1241 2449 in
1285 2396 1504 2451 hortum
1548 2411 1753 2464 meum,
1801 2411 1958 2450 soror
1983 2411 2132 2466 mea,

486 2497 686 2554 sponsa
707 2482 893 2554 (Cant.
919 2500 970 2554 ν,
995 2483 1068 2555 1).
1099 2484 1565 2539 Videmusunam
1589 2501 1896 2555 personam
1917 2483 2134 2555 ubique

488 2571 748 2644 proponi,
783 2571 920 2642 quia
947 2575 1003 2628 et
1032 2588 1247 2642 sponsa
1272 2577 1509 2628 estuna.
1539 2577 1664 2628 Non
1687 2576 1777 2629 est
1804 2577 1998 2628 autem
2018 2590 2136 2628 una

490 2661 797 2717 nobiscum
827 2661 1228 2716 haereticorum
1262 2677 1576 2733 synagoga,
1609 2663 1748 2733 quia
1785 2679 1889 2718 nec
1918 2679 2136 2733 sponsa

489 2755 596 2819 est,
629 2749 894 2806 adultera
917 2755 974 2806 et
995 2751 1332 2821 fornicaria;
1356 2753 1510 2807 unde
1535 2768 1640 2807 nec
1660 2756 1850 2822 potest
1866 2751 2016 2806 ﬁlios
2034 2751 2134 2806 Dei

488 2856 690 2913 parere
724 2858 738 2896 :
771 2839 884 2896 nisi
915 2839 986 2908 si,
1019 2841 1343 2896 secundum
1367 2841 1520 2912 quod
1554 2840 1850 2911 Stephano
1884 2839 2134 2909 videtur,

489 2928 726 2985 haeresis
754 2928 987 3000 quidem
1021 2928 1172 3000 parit
1213 2933 1270 2984 et
1314 2928 1570 3000 exponit,
1619 2927 1907 3000 expositos
1937 2933 2135 2984 autem

487 3017 742 3073 Ecclesia
771 3017 1036 3090 suscipit,
1069 3021 1127 3073 et
1156 3034 1305 3089 quos
1348 3035 1464 3074 non
1522 3018 1651 3090 ipsa
1704 3019 1992 3090 pepererit
2030 3035 2133 3089 pro

488 3109 612 3163 suis
645 3107 848 3173 nutrit,
880 3123 1014 3162 cum
1040 3105 1292 3162 ﬁliorum
1326 3106 1648 3162 alienorum
1673 3111 1860 3161 mater
1875 3122 2133 3162 essenon

2163 1815 2211 1880 B

2253 526 2379 583 sine
2403 525 2583 581 dubio
2617 529 2921 596 spargunt.

2318 615 2434 671 XV.
2469 615 2581 670 Sed
2601 631 2706 670 nec
2722 614 2864 669 illud
2891 615 3352 684 praetereundum
3375 621 3455 671 est
3472 634 3500 670 a
3522 617 3659 673 nobis
3677 624 3792 690 quod

2247 722 2280 760 a
2309 703 2474 759 vobis
2503 704 2831 759 necessario
2875 704 3100 758 dictum
3149 709 3258 771 est,
3307 705 3450 775 quod
3480 705 3712 777 Ecclesia,
3735 727 3796 764 se-

2246 793 2504 848 cundum
2537 793 2840 848 Canticum
2874 792 3256 862 canticorum,
3288 793 3459 848 hortus
3487 795 3553 848 sit
3575 798 3793 853 conclusus

2245 887 2302 938 et
2333 881 2538 936 1168
2567 884 2690 952 fons
2735 884 2982 950 signatus
3013 883 3146 951 (96),
3197 882 3468 952 paradisus
3517 899 3621 937 cum
3653 883 3796 956 fructu

2244 988 2529 1043 pomorum
2558 970 2740 1042 (Cant.
2770 987 2844 1040 ιν,
2881 971 2967 1031 12,
3025 970 3136 1041 13).
3157 971 3264 1034 Qui
3292 977 3470 1026 autem
3493 988 3740 1042 nunquam
3760 975 3798 1028 in

2247 1061 2402 1116 hunc
2434 1061 2669 1115 hortum
2702 1059 3070 1126 introierunt,
3105 1076 3288 1129 neque
3345 1060 3638 1130 paradisum
3667 1079 3694 1115 a
3718 1062 3799 1117 Deo

2245 1155 2501 1204 creatore
2535 1148 2860 1220 plantatum
2889 1148 3185 1216 viderunt,
3208 1149 3486 1219 quomodo
3505 1149 3567 1203 de
3591 1151 3717 1204 fonte
3732 1153 3803 1221 qui

2246 1238 2404 1293 intus
2433 1237 2698 1293 inclusus
2723 1239 2766 1273 ⁶⁶
2789 1243 2878 1291 est
2908 1241 2964 1292 et
3018 1237 3216 1291 divino
3265 1237 3446 1308 sigillo
3475 1239 3700 1308 signatus
3724 1247 3800 1304 est,

2242 1344 2455 1398 aquam
2479 1327 2664 1381 vivam
2695 1325 2903 1380 lavacri
2935 1325 3211 1380 salutaris
3277 1326 3519 1396 praebere
3571 1325 3714 1380 alicui
3737 1344 3809 1398 po-

2242 1416 2482 1472 terunt?
2511 1419 2654 1470 Cum
2670 1432 2802 1470 vero
2817 1421 3018 1470 etarca
3036 1415 3154 1470 Noe
3168 1413 3313 1469 nihil
3337 1414 3482 1469 aliud
3506 1415 3652 1470 fuerit
3677 1433 3806 1485 quam

2242 1510 2673 1562 sacramentum
2706 1504 2970 1559 Ecclesiae
2999 1504 3240 1572 Christi,
3281 1521 3402 1574 qua:
3433 1509 3578 1573 tunc,
3599 1504 3808 1559 omnibus

2243 1593 2383 1650 foris
2415 1593 2820 1666 pereuntibus,
2853 1610 2951 1648 eos
2985 1593 3141 1648 solos
3182 1593 3427 1648 servavit
3457 1594 3546 1664 qui
3595 1593 3722 1646 intra
3743 1609 3807 1646 ar-

2241 1699 2369 1738 cam
2403 1684 2660 1753 fuerunt,
2690 1683 2997 1738 manifeste
3020 1681 3369 1738 instruimur
3383 1682 3449 1735 ad
3476 1682 3708 1737 Ecclesia
3723 1683 3809 1735 uni-

2243 1776 2420 1826 tatem
2456 1772 2946 1843 perspiciendam,
2977 1771 3468 1842 quemadmodum
3500 1775 3549 1824 et
3577 1769 3809 1841 apostolus

2243 1862 2444 1916 Petrus
2503 1861 2701 1932 posuit
2758 1861 2960 1916 dicens
2993 1877 3006 1913 :
3039 1861 3130 1916 Sic
3153 1868 3206 1915 et
3263 1875 3352 1915 vos
3405 1861 3636 1914 similiter
3665 1859 3700 1892 ετ
3731 1860 3809 1928 (97)

2240 1951 2419 2006 salvos
2474 1953 2639 2021 faciet
2689 1951 2960 2020 baptisma
3005 1949 3051 2020 (Ι
3101 1951 3246 2004 Petr.
3295 1967 3377 2018 iu,
3432 1949 3536 2018 24),
3567 1949 3810 2002 ostendens

2243 2039 2542 2111 quoniam,
2568 2039 2859 2110 quomodo
2882 2039 2981 2110 qui
3015 2040 3056 2073 ⁵⁸
3087 2055 3221 2093 cum
3251 2038 3366 2094 Noe
3388 2038 3444 2091 in
3467 2054 3588 2091 arca
3617 2053 3709 2090 non
3727 2037 3808 2090 fue-

2243 2133 2400 2193 runt,
2434 2145 2549 2184 non
2583 2133 2812 2182 tantum
2848 2128 3078 2199 purgati
3127 2132 3187 2183 et
3239 2126 3447 2182 salvati
3475 2129 3517 2161 ⁶⁹
3541 2143 3631 2197 per
3655 2141 3810 2196 aquam

2243 2235 2358 2274 non
2393 2226 2548 2285 sunt,
2573 2217 2673 2272 sed
2699 2219 2900 2271 statim
2932 2216 3154 2271 diluvio
3189 2216 3290 2271 illo
3336 2216 3631 2288 perierunt,
3677 2215 3742 2268 sic
3776 2217 3811 2266 et

2243 2323 2402 2362 nunc
2433 2306 2767 2377 quicunque
2789 2306 2849 2360 in
2881 2304 3136 2359 Ecclesia
3167 2321 3306 2359 cum
3338 2304 3558 2359 Christo
3583 2321 3678 2357 non
3698 2307 3810 2364 sunt,

2244 2396 2384 2452 foris
2417 2396 2715 2467 peribunt,
2751 2394 2864 2449 nisi
2896 2394 2967 2449 ad
2984 2394 3227 2448 unicum
3254 2399 3311 2449 et
3340 2393 3585 2448 salutare
3612 2389 3812 2446 Ecclesia

2243 2483 2539 2538 lavacrum
2567 2500 2669 2555 per
2700 2482 3102 2554 paenitentiam
3133 2487 3540 2537 convertantur
3565 2482 3604 2514 7°
3631 2479 3740 2550 (98).

2316 2573 2467 2628 XVI.
2501 2572 2700 2636 Qualis
2727 2588 2860 2628 vero
2891 2588 3054 2627 error
3105 2571 3185 2627 sit
3215 2577 3275 2626 et
3322 2576 3533 2641 quanta
3559 2569 3628 2624 sit
3652 2567 3814 2623 caecitas

2243 2663 2372 2734 ejus
2401 2663 2500 2733 qui
2532 2661 2939 2718 remissionem
2972 2664 3345 2732 peccatorum
3376 2660 3511 2715 dicit
3539 2657 3673 2730 apud
3699 2671 3818 2728 syna-

2245 2767 2425 2824 gogas
2455 2751 2859 2805 haereticorum
2917 2748 3043 2804 dari
3084 2765 3283 2821 posse,
3344 2766 3448 2803 nec
3503 2750 3756 2819 permanet
3775 2744 3815 2796 in

2244 2841 2625 2895 fundamento
2658 2839 2834 2893 unius
2863 2837 3148 2906 Ecclesiae,
3222 2855 3355 2910 quae
3384 2835 3557 2892 semel
3593 2852 3624 2891 a
3647 2833 3816 2889 Christo

2244 2947 2425 3000 supra
2446 2932 2668 3000 petram
2689 2929 2802 2998 (99)
2833 2927 3082 2983 solidata
3111 2931 3220 2995 est,
3270 2928 3405 2982 hinc
3437 2924 3657 2994 intelligi
3685 2927 3817 2993 potest

2244 3019 2397 3090 quod
2433 3018 2539 3072 soli
2573 3017 2738 3072 Petro
2770 3017 3039 3072 Christus
3093 3016 3310 3071 dixerit
3343 3033 3356 3071 :
3392 3016 3704 3084 Quaecunque
3728 3011 3822 3079 liga-

2246 3110 2390 3164 veris
2409 3123 2574 3177 super
2592 3110 2818 3170 terram,
2851 3115 3014 3160 erunt
3043 3105 3212 3174 ligata
3241 3112 3295 3160 et
3348 3107 3402 3159 in
3452 3104 3590 3158 catis
3613 3119 3630 3162 ;
3657 3106 3818 3168 etqua-

486 3197 690 3269 possit.
726 3198 795 3252 Et
825 3197 952 3252 ideo
984 3195 1249 3252 Christus
1280 3195 1562 3251 Dominus
1581 3200 1981 3262 noster,unam
2004 3212 2133 3251 esse
2164 3183 2206 3248 C
2244 3212 2457 3267 cunque
2485 3196 2715 3250 solveris
2769 3211 2934 3265 super
2991 3198 3226 3258 terram,
3286 3197 3450 3248 erunt
3493 3192 3650 3246 soluta
3696 3193 3734 3242 et
3781 3187 3818 3238 in

486 3286 870 3342 manifestans
899 3303 1177 3358 sponsam
1211 3302 1377 3341 suam
1412 3290 1470 3341 et
1503 3285 1750 3340 unitatis
1787 3287 1915 3356 ejus
1945 3302 2135 3340 sacra-

485 3379 748 3429 mentum
771 3374 1094 3441 declarans,
1137 3374 1243 3428 ait:
1278 3374 1383 3440 Qui
1400 3389 1510 3427 non
1538 3377 1619 3428 est
1638 3372 2134 3439 mecum,adversus

482 3481 572 3518 me
603 3465 741 3520 est“
774 3482 788 3530 ;
821 3472 873 3518 et
927 3466 1022 3534 qui
1067 3479 1177 3518 non
1234 3478 1446 3516 mecum
1483 3463 1711 3532 colligit,
1733 3463 1948 3533 spargit
1978 3463 2128 3532 (Luc.

482 3572 560 3619 χι,
591 3555 702 3625 23).
736 3552 796 3609 Si
827 3553 981 3608 enim
1015 3552 1322 3608 nobiscum
1375 3557 1464 3606 est
1529 3551 1814 3618 Christus,
1877 3551 2130 3605 haeretici

483 3647 680 3698 autem
736 3659 851 3697 non
906 3645 1045 3696 sunt
1101 3641 1426 3706 nobiscum,
1495 3657 1598 3712 pro
1651 3645 1806 3695 certo
1852 3641 2130 3695 adversus

481 3730 780 3786 Christum
811 3733 950 3786 sunt
978 3729 1252 3786 haeretici.
1288 3734 1372 3799 Et,
1407 3730 1455 3785 si
1509 3746 1615 3785 nos
1644 3728 1978 3799 colligimus
1995 3744 2129 3783 cum

2242 3286 2398 3342 caelis
2451 3284 2658 3355 (Matth.
2711 3300 2822 3345 xvx,
2879 3283 2964 3353 19)
3020 3309 3033 3347 ;
3097 3289 3152 3338 et
3215 3284 3427 3338 iterum
3483 3282 3535 3334 in
3584 3273 3818 3346 Evangelia

2242 3373 2474 3443 quando
2509 3374 2565 3426 in
2592 3371 2747 3426 solos
2777 3373 2820 3407 τί
2855 3371 3148 3442 apostolos
3175 3372 3500 3426 insuiﬂ'avit
3528 3362 3815 3422 Christusdi-

2241 3479 2377 3517 cens
2413 3478 2426 3516 :
2461 3463 2696 3532 Accipite
2730 3461 3000 3531 Spiritum
3027 3465 3287 3515 sanctum
3318 3461 3383 3511 72.
3435 3460 3491 3513 Si
3541 3457 3677 3526 cujus
3707 3451 3816 3506 remi-

2239 3553 2423 3607 seritis
2445 3560 2682 3622 peccata,
2715 3552 3065 3606 remittentur
3103 3550 3237 3611 illi;
3297 3559 3349 3604 et
3398 3551 3446 3603 si
3491 3562 3633 3613 cujus
3681 3553 3813 3597 tenue-

2240 3641 2390 3705 ritis,
2419 3638 2945 3709 ienebuntur(Joan.
2978 3656 3069 3703 xx,
3126 3639 3220 3705 22,
3274 3639 3388 3707 23).
3441 3641 3679 3691 Potestas
3723 3642 3815 3696 ergo

2240 3731 2612 3799 peccatorum
2645 3727 3129 3781 remittendorum
3173 3725 3460 3797 aposlolis
3513 3724 3636 3778 data
3673 3725 3743 3773 est
3780 3719 3815 3768 et

1919 3881 2121 3940 Variae
2149 3880 2472 3941 lectiones.

553 4013 598 4046 ⁶²
621 4014 742 4067 Non
775 4008 1083 4073 haereticis,
1103 4008 1200 4064 sed
1239 4007 1370 4061 fidei
1395 4006 1773 4078 computandi
1806 4010 1946 4078 sunt
1971 4006 2120 4059 Lam.
2152 4004 2308 4078 Ebor.
2340 4002 2448 4058 NC.
2478 4004 2524 4058 1.
2561 4002 2817 4078 ΜίσΙιη-έξδΔ
2880 4001 3071 4078 Multae
3115 4007 3261 4078 sunt
3314 4016 3540 4073 sponsae
3586 3996 3719 4078 Mich,

486 4085 635 4138 Lam.
680 4065 854 4137 'Ebor.
913 4081 1019 4135 ΝΟ.
1053 4065 1104 4134 1.
1141 4078 1272 4134 Bod.
1306 4081 1359 4134 2.
1404 4065 1595 4133 Routh.
1629 4079 1673 4113 ⁶⁴
1702 4077 1990 4144 Populum
2023 4083 2189 4131 tuum
2216 4077 2312 4130 Ar.
2348 4080 2500 4129 Lam.
2539 4075 2700 4130 Ebor.
2732 4073 2837 4128 ΝΟ.
2880 4074 3008 4128 Bod.
3044 4074 3097 4126 2.
3144 4074 3188 4108 ⁸⁵
3241 4065 3459 4128 Contra
3516 4065 3815 4144 me‘est_.4r.

482 4156 526 4190 ⁸⁵
557 4155 722 4210 Intus
753 4153 1010 4208 clausus.
1041 4153 1133 4205 Ar.
1171 4151 1498 4206 Lam.Ebor.
1531 4149 1642 4208 NC.
1690 4150 1735 4203 1.
1767 4139 1810 4184 σθ
1832 4150 1922 4204 Sic
1952 4153 2009 4204 et
2040 4165 2146 4203 nos
2176 4146 2465 4203 similiter.
2501 4147 2593 4200 Ar.
2628 4146 2781 4199 Lam.
2818 4144 2984 4199 Ebor.
3018 4145 3124 4199 NC.
3159 4147 3211 4198 1.
3249 4145 3385 4200 Bod.
3437 4145 3492 4197 2.
3522 4143 3562 4176 ⁸⁸
3601 4139 3816 4211 Quoniam

485 4207 806 4297 qu—iaiLam.
839 4225 1000 4279 Ebor.
1035 4222 1139 4297 NC.
1167 4224 1216 4276 1.
1244 4223 1289 4257 σθ
1321 4221 1409 4276 Sic
1437 4207 1731 4297 Ariqur.
1792 4225 1944 4276 Lam.
1981 4221 2092 4277 CN.
2128 4220 2179 4275 1.
2212 4220 2281 4274 Et
2311 4216 2517 4274 salvati
2548 4225 2726 4273 omitt.
2764 4217 2934 4271 0.von.
2991 4217 3034 4250 ⁷ο
3065 4217 3346 4272 Conversi
3381 4219 3476 4270 Ar.
3510 4216 3549 4248 ⁷¹
3583 4207 3818 4278 Evangelia

484 4293 545 4352 in
569 4297 690 4353 solo
721 4297 814 4353 Ar.
846 4298 1000 4351 Lam.
1025 4297 1071 4332 ⁷³
1093 4296 1370 4349 Sanctum
1403 4318 1417 4349 :
1453 4293 1621 4364 cujus
1648 4294 1738 4347 Ar.

1926 4388 2258 4450 Variorum
2301 4393 2489 4449 notas.

557 4522 670 4590 (93)
701 4519 1083 4590 lnterrogandi
1108 4521 1253 4573 sunt.
1287 4516 1349 4572 In
1369 4521 1636 4590 quatuor
1681 4514 2132 4590 codi_cibus_an-
2165 4516 2211 4579 D
2245 4529 2428 4590 Lxxiv,
2461 4515 2522 4590 et
2545 4509 3328 4590 inepistola_axxx'x:_BAruz.

483 4585 668 4662 tiq‘uis'
730 4585 1014 4662 scriptum
1048 4595 1175 4645 est:
1241 4588 1380 4662 Quid
1403 4585 1956 4662 'interrogandi._Ut
1997 4585 2134 4662 hinc

485 4610 526 4650 tl
577 4610 668 4648 ms
730 4610 1014 4662 scriptum
1048 4610 1175 4645 esu:
1241 4610 1380 4657 quia
1429 4610 1831 4660 interrogandi.
1889 4610 1956 4640 υι
1998 4610 2131 4639 uuw

485 4610 680 4736 cdlligi
709 4664 914 4736 debeat
943 4667 1044 4736 aut
1064 4663 1249 4736 possit
1282 4661 1394 4716 ista
1419 4690 1422 4693 -
1452 4659 1754 4736 respicere
1802 4657 2131 4736 aduepisto-

481 4738 600 4793 lam
623 4728 765 4806 quae
793 4751 826 4789 a
858 4728 1142 4805 Cypriaho
1173 4732 1354 4787 missa
1385 4737 1509 4786 erat
1546 4728 1636 4786 _ad
1697 4728 2128 4785 Firmilianum.

571 4825 698 4863 LUZ.

485 4811 1024 4957 giggiﬁliuspei.
1057 4876 1174 4957 Ego
1207 4891 1321 4956 non
1363 4874 1564 4957 dubito
1610 4873 1751 4954 quin
1787 4871 1930 4957 ‘hae‘c
1961 4870 2130 4957 lectio

482 4942 752 5008 bona'sit.
789 4950 857 5004 Et
889 4942 1169 5003 tamenin
1201 4947 1460 5016 quinque
1493 4942 1657 4998 libris
1713 4945 2004 4998 veteribus
2049 4942 2128 4997 le-

481 5025 639 5096 gitur
669 5022 798 5096 βάςὶ
828 5037 851 5096 :_
878 5021 936 5075 in
970 5035 1119 5086 meo,
1149 5018 1244 5072 sed
1273 5017 1490 5096 ﬁdeles.-
1515 5019 1772 5096 Bacon.“

553 5085 676 5167 (76)
705 5094 980 5160 Virginem
1019 5085 1238 5167 castam
1274 5085 1805 5167 ‘Moreliushedidit
1859 5087 2132 5167 virginem

480 5156 725 5222 sanctam
753 5156 984 5219 castam.
1019 5159 1312 5216 Pamelius
1343 5156 1618 5230 expunxit
1633 5172 1827 5230 vocem
1860 5166 2128 5230 sanctam,

481 5240 621 5308 quia
640 5253 766 5293 eam
801 5251 914 5290 non
964 5232 1295 5308 inveniebat
1327 5231 1382 5308 in
1415 5227 1964 5308 'manuscriptis,_et
1994 5227 2133 5308 quia

478 5298 593 5364 non
626 5310 913 5379 reperitur
942 5306 1096 5376 apud
1120 5302 1476 5379 Apostolurn.
1509 5302 1837 5379 Egotamen
1871 5298 2030 5379 illam
2050 5298 2134 5354 in-

481 5381 612 5435 veni
645 5371 708 5434 in
727 5395 825 5433 sex
847 5371 1280 5445 man—uscriptis.
1307 5375 1415 5429 Sed
1443 5371 1606 5429 deeSt
1624 5372 1680 5426 in
1708 5371 1836 5426 aliis
1859 5375 2128 5445 quatuor.

484 5454 625 5506 Tres
654 5467 787 5504 vero
819 5451 913 5518 qui
947 5443 1163 5503 habent
1192 5463 1388 5502 vocem
1445 5449 1708 5518 sanctam
1751 5459 1899 5518 non_
1919 5443 2133 5518 habent

482 5527 715 5580 castam.
739 5513 1088 5576 Alterutram
1124 5523 1317 5573 autem
1351 5521 1576 5590 oportet
1605 5514 1843 5590 auferri.
1869 5513 2129 5569 Retinui-

487 5611 622 5650 mus
643 5609 770 5648 eam
803 5609 929 5664 quae
959 5595 1049 5647 est
1077 5590 1230 5665 apud
1265 5588 1862 5665 ApQVStOlum.ABALU.Z.
1964 5655 1975 5665 θ

557 5665 669 5737 (96)
691 5654 1256 5735 Fonssignatusflsta
1286 5654 1580 5717 habentur
1602 5659 1776 5714 etiam
1801 5657 1860 5712 in
1888 5654 2134 5728 epistola

2317 4567 2430 4654 (97)
2462 4582 2629 4654 Sidet
2659 4567 2757 4637 nos
2777 4581 3052 4654 similiter.
3077 4581 3326 4654 Textum
3381 4595 3622 4654 sacrum,
3652 4567 3820 4654 Cypria-

2240 4647 2422 4725 nique'
2447 4652 2672 4708 codices
2703 4653 2960 4724 quinque
2999 4652 3060 4707 in
3094 4655 3229 4706 Var.
3288 4653 3466 4725 Lectt.
3522 4649 3648 4725 edit.
3691 4647 3817 4725 Osos:

2239 4713 2749 4792 commemoratos',
2782 4713 3019 4779 secutus
3045 4740 3140 4779 nos
3169 4740 3274 4794 pro
3307 4739 3398 4778 vos
3440 4713 3820 4794 imprimeudum

2241 4815 2310 4853 cu
2323 4797 2460 4852 ravi.
2485 4798 2700 4851 Roo'rn.

2312 4870 2422 4940 (98)
2455 4870 2874 4924 Convertantur.
2900 4866 2976 4920 De
2992 4864 3540 4940 celebriquasstione
3573 4862 3815 4940 hoouuutn

2241 4935 2490 4995 monebo
2516 4958 2530 5006 ;
2562 4940 2841 4994 exsistere
2871 4943 3216 5008 argumenta
3236 4935 3312 4992 ab
3350 4937 3531 5008 altera
3569 4935 3816 5008 parietem:

2241 5013 2483 5084 poribus
2514 5011 2633 5066 illis
2663 5009 2861 5084 allata,
2894 5007 3110 5084 qnibus
3169 5007 3493 5084 Firmiliani
3536 5007 3818 5084 εροιιρωηᾳ-ιξο

2240 5066 2495 5139 rationes
2521 5066 2950 5147 convelluntur,
2983 5084 3040 5135 et
3061 5080 3399 5150 baptismus
3423 5076 3644 5131 nomine
3660 5071 3709 5125 S.
3727 5066 3818 5120 Tri-

2240 5157 2441 5211 nitatis
2473 5154 2723 5225 aquovis
2745 5151 3092 5225 administro
3117 5150 3446 5225 celebratus
3463 5150 3816 5225 firmatum???

2241 5208 2378 5282 alibi
2397 5208 2471 5281 tu
2483 5208 2552 5280 m'
2569 5208 2627 5279 in
2661 5225 2730 5278 ad
2742 5223 3124 5296 motationibu
3135 5239 3160 5276 s
3173 5217 3629 5296 S._§ugus_t_i_ni_ad
3646 5208 3818 5296 Cari-lli:-

2279 5300 2482 5353 inense
2511 5297 2825 5369 seplimum
2855 5293 3187 5369 concilium.
3219 5281 3410 5369 Hafin
3437 5289 3595 5346 libris
3622 5281 3818 5355 ejusdem

2285 5371 2427 5425 atris
2452 5369 2517 5423 de
2546 5365 2828 5438 B'aptismo
2861 5365 2969 5437 legi
3004 5369 3270 5437 possunt.
3308 5365 3519 5438 Rgo'ra.
3676 5430 3684 5438 ‘

2311 5421 2425 5513 (99)
2456 5421 3020 5513 Ecclesia...vsup’er‘
3059 5447 3285 5513 petram.
3349 5433 3524 5513 Paulo
3579 5421 3818 5513 905E

2242 5497 2627 5568 fundamenta
2657 5497 2919 5566 Ecclesiae
2936 5497 3109 5577 super
3124 5509 3358 5564 Petrum
3383 5497 3647 5561 collocata
3670 5497 3818 5577 fuisse.

2239 5584 2386 5640 Vide
2414 5584 2630 5638 librum
2662 5583 2725 5638 de
2759 5583 2972 5639 Unitate
2995 5568 3273 5647 Ecclesiae,
3304 5579 3408 5634 ubi
3440 5579 3550 5632 ista
3585 5568 3817 5640 explican-

2241 5659 2357 5715 tur.
2394 5657 2600 5715 BALUZ.
