4088 6174
277 315 434 372 121⁵1

1277 313 1480 374 PARS
1526 313 1577 371 Ι.
1609 344 1688 354 --
1725 310 2228 372 MONUMENTA
2276 311 2684 372 VETERUM.

3528 316 3685 376 1218

275 443 549 500 Ecclesiis
579 459 726 516 quas
757 442 840 499 illi
873 461 906 499 a
937 443 1165 500 Christo
1196 444 1362 500 missi
1395 443 1844 512 constituerunt,
1864 445 1921 496 et
1949 444 2000 508 Α
2033 441 2118 497 eis
2144 442 2463 508 conveniat,
2497 446 2554 497 et
2582 441 2875 498 orationes
2907 442 3126 513 pariter
3156 459 3292 498 eum
3321 443 3530 499 iisdem
3576 444 3683 499 mi-

272 533 566 606 episcopis
598 533 694 603 qui
728 533 812 588 eis
845 533 1210 589 ordinatione
1264 533 1478 589 vicaria
1509 532 1583 604 (1)
1630 547 1927 587 successe-

275 627 435 677 runt.
472 624 675 677 Hostes
698 627 892 677 autem
910 624 1085 678 unius
1116 623 1409 678 catholicas
1439 621 1790 686 Ecclesiaaﬁn
1813 637 1931 692 qua

273 727 383 766 nos
416 727 646 778 sumus,
681 711 886 766 ’I'l69
919 715 975 766 et
1014 711 1330 767 adversarii
1393 711 1596 778 nostri,
1631 709 1730 781 qui
1792 724 1928 780 apo-

274 798 446 854 stolis
476 799 889 865 successimus,
937 800 1263 856 sacerdotia
1321 799 1433 855 sibi
1499 799 1702 853 illicita
1731 797 1931 853 contra

275 904 384 943 nos
412 887 781 943 vindicantes
805 892 862 944 et
890 887 1101 944 altaria
1152 889 1394 960 profana
1450 892 1756 962 ponentes,
1787 885 1929 959 quid

276 976 438 1031 aliud
470 985 608 1032 sunt
639 994 814 1048 quam
848 977 1033 1034 Chore
1062 981 1120 1033 et
1146 979 1373 1034 Dathan
1406 983 1462 1033 et
1513 977 1754 1047 Abiron,
1803 973 1930 1046 pari

273 1065 492 1121 scelere
525 1065 812 1137 sacrilegi,
853 1071 909 1122 et
936 1068 1171 1122 easdem
1203 1084 1350 1140 quas
1381 1072 1438 1122 et
1477 1065 1561 1121 illi
1595 1081 1796 1137 puznas
1827 1065 1929 1120 da-

272 1155 393 1210 turi
427 1171 563 1210 cum
594 1155 686 1211 his
717 1156 815 1226 qui
848 1156 960 1211 sibi
993 1157 1391 1224 consentiunt,
1425 1156 1750 1212 secundum
1773 1155 1928 1225 quod

271 1245 454 1299 etiam
485 1248 625 1299 tunc
656 1243 890 1300 illorum
927 1245 1235 1316 participes
1264 1251 1321 1301 et
1352 1245 1606 1300 fautores
1638 1243 1763 1315 pari
1794 1259 1928 1298 cum

271 1330 363 1386 eis
395 1336 582 1386 morte
606 1332 674 1400 (‘2)
710 1331 1029 1402 perierunt.

347 1419 517 1475 XVII.
553 1426 740 1494 Atque
771 1438 876 1494 ego
909 1422 967 1476 in
1000 1422 1110 1478 hac
1142 1427 1304 1494 parte
1335 1425 1499 1494 juste
1555 1422 1830 1494 indignor
1856 1421 1926 1476 ad

273 1509 429 1564 hanc
460 1515 581 1564 tam
615 1515 874 1583 apertam
908 1517 967 1566 et
1009 1512 1384 1568 manifestam
1415 1511 1696 1584 Stephani
1730 1510 1929 1566 stulti-

268 1599 440 1668 tiam,
471 1600 626 1670 quod
659 1600 759 1671 qui
791 1599 875 1656 sic
904 1601 975 1657 de
1022 1602 1394 1673 episcopatus
1425 1601 1515 1657 sui
1560 1600 1685 1657 loco
1715 1600 1928 1672 gloria-

269 1692 372 1742 tur
398 1691 456 1742 et
486 1705 547 1743 se
578 1689 1009 1745 successionem
1043 1691 1194 1746 Petri
1245 1694 1444 1746 tenere
1475 1690 1792 1757 contendit,
1829 1705 1926 1744 su-

271 1793 377 1846 per
434 1792 607 1847 quem
659 1778 1040 1834 fundamenta
1093 1778 1355 1835 Ecclesiae
1429 1779 1710 1835 collocata
1766 1781 1924 1845 sunt,

272 1864 492 1921 multas
507 1865 651 1921 alias
675 1873 867 1938 petras
885 1869 1126 1924 inducat
1145 1868 1586 1924 etecclesiarum
1606 1868 1926 1924 multarum

270 1973 422 2011 nova
452 1956 696 2012 aediﬁcia
723 1959 1061 2024 constituat,
1092 1959 1232 2014 dum
1278 1975 1406 2015 esse
1465 1958 1584 2014 illic
1635 1959 1926 2029 baptisma

269 2061 384 2100 sua
412 2046 756 2102 auctoritate
778 2047 1057 2104 defendit.
1088 2052 1235 2103 Nam
1254 2049 1353 2120 qui
1379 2047 1752 2120 baptizantur
1766 2064 1924 2103 com-

270 2132 436 2204 plent
465 2134 591 2189 sine
623 2135 799 2191 dubio
846 2136 1114 2192 Ecclesiae
1175 2153 1504 2192 numerum.
1563 2137 1671 2200 Qui
1725 2142 1922 2191 autem

268 2222 568 2293 baptisma
601 2240 801 2279 eorum
834 2226 1146 2295 probat,de
1177 2225 1488 2297 baptizatis
1517 2231 1576 2281 et
1605 2224 1922 2280 Ecclesiam

270 2309 392 2364 illic
423 2328 552 2366 esse
582 2313 910 2368 conﬁrmat.
945 2314 1059 2369 Nec
1092 2313 1365 2385 intelligit
1395 2314 1690 2369 obfuscari
1722 2330 1756 2368 a
1785 2329 1846 2368 se
1868 2316 1925 2368 et

269 2401 530 2471 quodam
565 2403 735 2457 modo
768 2403 1377 2458 absoleriChristianas
1408 2409 1582 2474 petrae
1615 2403 1922 2458 veritatem

269 2490 373 2559 qui
405 2490 488 2544 sic
521 2490 712 2561 prodit
742 2495 801 2546 et
831 2492 1044 2547 deserit
1078 2492 1386 2548 unitatem.
1420 2493 1654 2548 Judaeos
1702 2497 1919 2562 tamen,

268 2579 540 2648 quamvis
572 2580 904 2651 ignorantia
935 2597 1114 2636 caecos
1163 2587 1219 2636 et
1265 2581 1609 2652 gravissimo
1665 2580 1924 2636 facinore

269 2668 640 2733 constrictos,
672 2667 862 2723 zelum
913 2669 1007 2723 Dei
1067 2669 1376 2739 Apostolus
1433 2669 1648 2724 habere
1688 2669 1922 2740 proﬁte-

264 2759 370 2810 tur
399 2756 461 2809 ⁷³.
493 2756 844 2827 Stephanus,
870 2758 971 2828 qui
1008 2775 1109 2830 per
1125 2759 1558 2814 successionem
1580 2757 1918 2812 cathedram

268 2844 425 2898 Petri
459 2844 670 2900 habere
701 2862 762 2901 se
793 2847 1086 2917 praedicat,
1122 2846 1284 2901 nullo
1315 2847 1592 2902 adversus
1622 2845 1925 2901 haereticos

267 2931 394 2986 zelo
423 2934 724 3002 excitatur,
759 2936 1082 2991 concedens
1134 2935 1251 2990 illis
1309 2951 1423 2991 non
1485 2935 1774 2989 modicam
1820 2934 1922 2989 sed

271 3022 591 3076 maximam
614 3023 813 3095 gratia:
845 3029 1212 3094 potestatem,
1250 3030 1312 3079 ut
1343 3024 1500 3079 dicat
1531 3040 1629 3079 eos
1659 3024 1704 3058 7‘
1735 3028 1792 3078 et
1835 3039 1923 3078 as-

269 3116 495 3167 severat
524 3127 625 3182 per
657 3112 930 3183 baptismi
987 3119 1422 3168 sacramentum
1477 3114 1678 3168 sordes
1710 3112 1922 3169 veteris

268 3199 532 3254 hominis
572 3201 828 3269 abluere,
864 3202 1106 3274 antiqua
1137 3201 1342 3257 mortis
1393 3208 1626 3273 peccata
1684 3202 1922 3270 donare,
1958 3183 1998 3249 C
2037 3199 2203 3253 initio
2233 3198 2343 3252 hoc
2375 3202 2640 3253 tenentes
2672 3197 2876 3268 quoda
2907 3198 3134 3254 Christo
3167 3204 3224 3254 et
3253 3200 3325 3254 ab
3349 3201 3626 3272 apostolis
3642 3202 3688 3236 7°

269 3288 708 3360 regeneratione
741 3290 958 3345 scelesti
991 3291 1143 3345 ﬁlios
1175 3290 1275 3345 Dei
1309 3291 1516 3362 facere,
1550 3291 1620 3346 ad
1645 3295 1922 3346 aeternam

269 3377 454 3432 vitam
490 3377 672 3433 divini
702 3379 914 3434 lavacri
974 3379 1431 3435 sanctiﬁcatione
1489 3396 1778 3452 reparare.
1813 3379 1922 3444 Qui

269 3467 360 3521 sic
385 3484 596 3539 magna
627 3473 683 3523 et
713 3467 967 3524 coelestia
1011 3468 1274 3524 Ecclesia
1336 3485 1582 3524 munera
1638 3467 1924 3524 haereticis

269 3557 538 3612 concedit
587 3562 644 3612 et
698 3556 924 3623 tribuit,
985 3558 1085 3628 qui
1142 3558 1299 3612 aliud
1349 3559 1470 3629 agit
1515 3559 1559 3592 ⁷⁵
1617 3559 1693 3626 (3)
1748 3574 1923 3628 quam

269 3646 671 3701 communicat
702 3647 786 3701 eis
817 3646 1032 3717 quibus
1061 3651 1289 3702 tantum
1322 3646 1524 3719 gratias
1567 3647 1826 3702 defendit
1859 3663 1925 3701 ac

269 3733 548 3790 vindicat.
584 3736 651 3790 Et
679 3737 900 3790 frustra
924 3736 1045 3804 jam
1077 3736 1306 3790 dubitat
1336 3737 1394 3790 in
1441 3737 1662 3790 caeteris
1693 3751 1926 3806 quoque

270 3823 605 3878 consentire
637 3824 720 3879 eis
750 3829 805 3880 et
837 3824 1127 3896 particeps
1157 3841 1308 3891 esse,
1337 3829 1401 3879 ut
1453 3830 1510 3879 et
1564 3824 1740 3880 simul
1791 3839 1926 3878 eum

2038 536 2217 599 sceat,
2249 534 2306 586 et
2347 530 2527 586 altare
2583 546 2651 586 ac
2706 530 3060 586 sacriﬁcium
3119 548 3430 587 commune
3477 534 3690 588 consti-

2039 623 2184 674 tuat.

2109 752 2304 807 XVIII.
2337 752 2448 808 Sed
2481 753 2541 808 in
2591 753 2866 820 multum,
2914 753 3129 825 inquit,
3190 755 3418 827 proﬁcit
3474 774 3686 812 nomen

2039 840 2252 897 Christi
2284 844 2490 898 H70
2535 843 2605 898 ad
2642 843 2818 898 ﬁdem
2875 847 2931 897 et
2961 843 3238 915 baptismi
3271 845 3686 901 sanctiﬁcatio-

2039 947 2198 998 nem,
2232 935 2297 986 ut
2342 930 2676 1003 quicunque
2707 935 2765 986 et
2804 931 3140 1004 ubicunque
3168 934 3212 967 ⁷⁸
3244 934 3312 1004 (4)
3345 935 3404 988 in
3454 934 3689 991 nomine

2037 1019 2252 1076 Christi
2277 1020 2603 1092 baptizatus
2637 1021 2826 1088 fuerit,
2859 1025 3252 1092 consequatur
3306 1024 3507 1079 statim
3555 1041 3686 1097 gra-

2037 1109 2179 1164 tiam
2211 1109 2446 1178 Christi,
2492 1110 2726 1180 quando
2783 1109 2919 1164 huic
2977 1109 3100 1165 loco
3155 1110 3406 1166 breviter
3461 1113 3687 1168 occurri

2039 1199 2226 1270 possit
2255 1202 2313 1254 et
2335 1198 2450 1253 dici
2481 1198 2782 1270 quoniam,
2816 1198 2866 1254 si
2905 1198 2963 1254 in
2996 1199 3230 1255 nomine
3261 1200 3476 1255 Christi
3509 1201 3689 1256 valuit

2040 1286 2178 1342 foris
2201 1286 2495 1358 baptisma
2520 1287 2590 1342 ad
2615 1286 2914 1344 hominem
2945 1289 3316 1360 purgandum
3343 1289 3402 1343 in
3419 1290 3685 1360 ejusdem

2037 1375 2246 1432 Christi
2283 1375 2518 1431 nomine
2545 1375 2755 1444 valere,
2788 1375 2907 1431 illic
2919 1377 3108 1449 potuit
3136 1382 3193 1433 et
3216 1394 3426 1433 manus
3448 1378 3686 1452 imposi-

2039 1465 2118 1520 tio
2147 1465 2218 1520 ad
2252 1465 2656 1536 accipiendum
2679 1464 2962 1537 Spiritum
2991 1471 3284 1523 sanetum.
3317 1471 3385 1522 Et
3405 1466 3687 1539 incipient

2038 1558 2245 1610 caetera
2273 1555 2315 1589 ⁷⁷
2345 1571 2716 1626 ςυοίιυθψιω
2736 1554 2887 1626 apud
2923 1554 3226 1611 haereticos
3262 1557 3688 1627 agunturjusta

2037 1647 2093 1698 et
2123 1641 2385 1714 legitima
2413 1642 2614 1709 videri,
2649 1644 2882 1714 quando
2923 1643 2982 1698 in
3027 1645 3264 1700 nomine
3319 1645 3534 1700 Christi
3587 1661 3686 1717 ge-

2040 1735 2264 1801 rantur,
2297 1731 2623 1786 secundum
2658 1733 2811 1804 quod
2844 1749 2946 1788 vos
2975 1733 3034 1788 in
3057 1733 3303 1806 epistola
3331 1739 3689 1791 vestraexse-

1957 1815 2004 1879 B
2034 1820 2151 1874 cuti
2181 1819 2342 1888 estis,
2377 1838 2490 1876 non
2515 1821 2629 1876 nisi
2661 1821 2720 1876 in
2776 1819 3037 1879 Ecclesia
3092 1822 3216 1879 sola
3271 1823 3460 1880 valere
3516 1841 3688 1896 posse

2035 1926 2245 1964 nomen
2277 1909 2511 1978 Christi,
2543 1910 2636 1965 cui
2656 1911 2757 1966 uni
2780 1911 3406 1968 concesseritChristus
3433 1912 3688 1969 scelestis

2033 1999 2231 2070 gratiae
2245 2002 2614 2071 potestatem.

2104 2129 2246 2185 XIX.
2280 2131 2442 2195 Quod
2477 2135 2669 2186 autem
2697 2131 2946 2201 pertinet
2976 2133 3048 2187 ad
3079 2135 3565 2190 consuetudinem
3597 2152 3686 2191 re-

2033 2219 2356 2289 futandam,
2391 2236 2566 2290 quam
2598 2219 2871 2275 videntur
2926 2237 3216 2292 opponere
3247 2224 3493 2291 veritati,
3553 2223 3686 2294 quis

2033 2313 2152 2363 tam
2185 2326 2374 2364 vanus
2405 2309 2482 2364 sit
2509 2313 2576 2363 ut
2598 2308 2824 2364 veritati
2877 2311 3362 2367 consuetudinem
3396 2313 3686 2383 praeferat,

2033 2402 2132 2453 aut
2164 2397 2283 2469 qui,
2319 2402 2622 2469 perspecta
2652 2397 2799 2462 luce,
2834 2398 3108 2453 tenebras
3143 2416 3258 2455 non
3284 2400 3687 2472 derelinquat?

2032 2487 2155 2541 Nisi
2186 2487 2235 2542 si
2267 2492 2322 2541 et
2350 2485 2608 2550 Judaeos,
2649 2486 2879 2542 Christo
2911 2487 3278 2559 adventante,
3313 2489 3370 2544 id
3419 2495 3508 2546 est
3536 2490 3686 2546 veri-

2030 2579 2170 2642 tate,
2204 2575 2442 2646 adjuvat
2480 2575 2537 2629 in
2571 2573 2769 2646 aliquo
2827 2576 3243 2648 antiquissima
3299 2580 3683 2650 consuetudo,

2033 2664 2209 2735 quod,
2252 2663 2452 2718 relicta
2502 2664 2546 2698 ⁷⁸
2591 2680 2737 2719 nova
2784 2664 3045 2719 veritatis
3101 2665 3211 2729 via,
3272 2667 3330 2721 in
3397 2672 3685 2724 vetustate

2033 2753 2481 2824 permanserint.
2512 2753 2671 2817 Quod
2705 2751 2941 2823 quidem
2990 2753 3269 2809 adversus
3319 2755 3684 2828 Stephanum

2033 2859 2134 2896 vos
2164 2841 2371 2908 dicere,
2406 2841 2548 2907 Afri,
2582 2841 2844 2912 potestis,
2876 2842 3109 2913 cognita
3135 2843 3396 2914 veritate,
3427 2861 3683 2901 errorem

2030 2947 2133 2986 vos
2159 2929 2602 2985 consuetudinis
2632 2929 2959 3000 reliquisse.
2993 2931 3275 2987 Ceterum
3319 2949 3423 2988 nos
3453 2934 3682 2989 veritati

2031 3025 2088 3074 et
2117 3019 2601 3075 consuetudinem
2627 3019 2955 3091 jungimus,
2979 3023 3453 3076 etconsuetudini
3479 3027 3685 3078 Roma-

2032 3125 2239 3164 norum
2274 3108 2781 3176 consuetudinem,
2815 3109 2916 3164 sed
2949 3109 3210 3166 veritatis
3231 3111 3742 3210 opponlmus,ab.

2031 3288 2315 3342 traditum
2355 3292 2463 3342 est.
2500 3287 2614 3344 Nec
2647 3287 3027 3342 meminimus
3066 3287 3174 3343 hoc
3207 3289 3360 3360 apud
3413 3307 3521 3345 nos
3575 3289 3679 3344 ali-

2030 3377 2262 3446 quando
2292 3375 2558 3447 cmpisse,
2590 3391 2723 3429 cum
2755 3391 2985 3446 semper
3029 3375 3161 3432 istic
3199 3377 3573 3432 observatum
3609 3377 3688 3432 sit

2036 3470 2100 3520 ut
2129 3464 2362 3520 nonnisi
2389 3481 2569 3519 unam
2623 3463 2718 3520 Dei
2749 3463 3064 3519 Ecelesiam
3117 3466 3418 3532 docemus,
3464 3471 3520 3521 et
3548 3484 3687 3522 san-

2033 3559 2196 3608 ctum
2228 3552 2522 3624 baptisma
2562 3552 2793 3608 nonnisi
2825 3559 3040 3608 sanctae
3071 3553 3339 3610 Ecclesiae
3377 3560 3684 3626 computa-

2035 3659 2248 3698 remus.
2286 3641 2479 3708 Plane,
2505 3641 2782 3713 quoniam
2797 3643 3038 3713 quidam
3061 3644 3132 3698 de
3163 3659 3364 3699 eorum
3395 3645 3686 3716 baptismo

2035 3730 2384 3786 dubitabant
2423 3730 2546 3802 qui,
2579 3730 2685 3786 etsi
2718 3747 2832 3786 non
2866 3736 2932 3786 ut
2953 3748 3058 3787 nos
3087 3732 3162 3803 (5)
3196 3733 3508 3804 prophetas
3536 3734 3685 3790 reci-

2035 3820 2226 3892 piunt,
2257 3820 2494 3874 eosdem
2526 3823 2721 3875 tamen
2781 3824 3013 3876 Patrem
3070 3825 3128 3876 et
3183 3821 3392 3877 Filium
3417 3823 3462 3857 ⁸ο
3516 3838 3690 3880 nosse

1713 3949 1917 4010 Variae
1955 3946 2274 4008 lectiones.

340 4055 386 4089 ⁷³
416 4054 638 4110 Habere
665 4026 993 4111 conﬁtetur.
1027 4057 1124 4110 Ar.
1159 4057 1308 4111 Lam.
1342 4055 1511 4111 Ebor.
1536 4056 1644 4113 NG.
1682 4056 1733 4110 l.
1769 4053 1963 4110 Routh.
1986 4055 2030 4088 7‘
2093 4054 2252 4107 Dicat
2281 4051 2364 4106 eis
2394 4052 2493 4106 Ar.
2529 4052 2678 4106 Lam.
2732 4052 2893 4106 Ebor.
2955 4051 3066 4108 ΝΟ.
3125 4053 3174 4107 1.
3211 4051 3341 4107 Βοά.
3373 4053 3427 4106 2.
3463 4053 3508 4086 ⁷⁸
3537 4051 3682 4114 Quid

260 4125 426 4181 aliud
457 4125 576 4198 agit
606 4128 696 4181 Ar.
727 4128 880 4182 Lam.
915 4128 1056 4182 Ebor
1085 4127 1190 4182 ΝΟ.
1225 4128 1274 4181 1.
1310 4128 1438 4182 Bod.
1462 4131 1517 4192 2,
1579 4129 1623 4162 ⁷⁸
1654 4126 1920 4198 Quicunq

260 4201 474 4236 nmmo
499 4213 731 4236 nnnnnn
763 4199 913 4236 οηηΑ
950 4199 1249 4236 han-anna
1298 4200 1452 4236 tum.
1497 4201 1562 4236 Α..
1619 4201 1744 4236 ιη...
1807 4200 1922 4236 mm

2044 4129 2101 4180 et
2142 4124 2476 4236 ubicunque
2532 4124 2628 4177 Ar.
2677 4127 2832 4178 Lam.
2881 4123 3042 4179 Ebor.
3095 4123 3200 4178 ΝΟ.
3264 4124 3314 4177 1.

2038 4196 2088 4236 ’ίῗ
2142 4197 2160 4236 4
2232 4194 2338 4236 Rnd
2382 4201 2418 4236 ‘.
2458 4194 2502 4228 ’τε
2553 4195 2777 4236 Rninntn
2808 4197 3005 4236 Fnrsnn
3062 4196 3253 4236 Rnnth,
3285 4196 3314 4228 Ἦ

260 4194 731 4272 Οωιθτᾳξιυοᾳίυθ
763 4199 1270 4272 apudhaareticos,
1291 4200 1460 4269 justa
1487 4201 1580 4254 Ar.
1612 4201 1766 4254 Lam.
1804 4194 2106 4272 Ebdr._NC.
2226 4194 2436 4272 B_od._‘2.

3641 4123 3685 4157 77

2458 4139 2476 4177 3
2532 4124 2628 4177 Ar.
2677 4127 2832 4178 Lam.
2881 4123 3042 4179 Ebor.
3095 4123 3200 4178 ΝΟ.
3264 4124 3314 4177 1.
3374 4123 3503 4178 Bod.
3555 4128 3607 4178 2.
3641 4123 3680 4157 ’⁷⁷

2458 4194 2502 4228 ⁷⁸
2551 4195 2784 4265 Rejecta
2803 4197 3021 4250 Forsan.
3058 4196 3253 4251 Routh.
3285 4195 3330 4229 7°
3359 4194 3680 4266 Apostolis.

263 4273 424 4324 Lam.
457 4265 562 4326 ΝΟ.
597 4265 754 4325 Ebor.
787 4265 832 4306 ⁸’⁰
861 4269 1164 4368 Ρὶιὶυωρι
1183 4265 1584 4342 δρ.ἐεωθῐυω
1615 4272 1708 4326 Ar.
1740 4272 1894 4325 Lam.

2038 4285 2083 4322 ν.
2118 4268 2232 4323 ΝΟ.
2261 4267 2310 4320 1.
2343 4265 2477 4322 Bod.
2511 4266 2565 4322 2.

1688 4396 2020 4460 Variorum
2075 4395 2259 4452 notae.

340 4500 412 4571 (4)
445 4501 805 4558 Ordinationc
853 4504 1090 4558 vicaria.
1156 4503 1291 4559 Vide
1343 4507 1510 4559 notas
1560 4510 1789 4561 nostras
1843 4505 1914 4561 ad
1947 4505 1993 4569 D
2027 4501 2166 4557 Vide
2249 4517 2377 4572 quas
2435 4499 2626 4554 notavi
2711 4518 2892 4572 supra
2958 4501 3030 4556 ad
3111 4500 3418 4573 epistolam
3487 4518 3681 4565 LXXIII.

264 4573 578 4644 epistolam
607 4591 826 4640 Lxxxw,
857 4575 993 4645 Lupi
1030 4575 1433 4630 Fcrrariensis.
1475 4576 1677 4632 BALUZ.

343 4647 571 4712 (2)Parz‘
599 4663 724 4701 cum
755 4649 830 4701 eis
886 4651 1041 4701 mota.
1113 4649 1193 4700 ita
1252 4647 1618 4702 restituimus
1677 4665 1739 4702 ex
1807 4648 1918 4702 ﬁde

264 4715 448 4790 unius
470 4719 686 4790 codicis
700 4717 1299 4790 antiquibibliothecaa
1331 4719 1539 4790 Hegias.
1564 4719 1722 4774 Hane
1748 4736 1916 4789 porro

264 4789 696 4862 restitutionem
740 4788 866 4845 esse
915 4788 1235 4862 legitimam
1286 4788 1590 4862 ostendere
1647 4788 1918 4846 videntur

261 4859 446 4914 etiam
478 4859 592 4916 alia
619 4867 816 4916 vetera
840 4859 1213 4931 exemplaria,
1249 4878 1370 4929 quas
1393 4861 1608 4917 habent
1633 4863 1769 4932 pari
1794 4879 1918 4916 cum

259 4932 345 5058 gis
374 4933 672 4999 perierunt.
695 4934 797 4997 Qui
809 4949 960 5004 nque
973 4937 1029 4988 et
1049 4933 1137 4988 edi
1149 4933 1338 4988 tiones
1352 4935 1591 5004 praeferu
1604 4951 1635 4988 n
1647 4940 1666 4988 t
1678 4935 1914 5003 pariter.

314 5019 478 5057 ALUZ.

314 5019 478 5057 ALUZ.

340 5075 413 5148 (3)
442 5075 584 5141 Quid
611 5076 766 5131 aliud
794 5078 926 5148 agit.
961 5075 1031 5129 Et
1060 5075 1240 5129 istum
1288 5090 1521 5145 quoque
1559 5074 1750 5148 locum
1779 5091 1920 5148 sup-

260 5144 555 5272 glevimus
603 5163 672 5202 ex
700 5144 842 5202 ﬁde'
869 5151 1121 5218 quatuor
1176 5144 1440 5202 veterum
1476 5144 1916 5218 exemplarium.

308 5232 474 5271 sz.

308 5232 474 5271 ALUZ.

339 5288 506 5361 (ltuit
564 5289 871 5361 ubicunque
924 5287 1102 5343 Miror
1150 5287 1622 5361 istagexcidisse
1679 5288 1737 5361 in
1795 5287 1917 5361 edi-

259 5358 423 5431 tione
444 5359 698 5431 Rigaltii,
731 5358 865 5416 cum
897 5363 1126 5416 exstent
1148 5358 1206 5413 in
1264 5359 1602 5415 Morelliana
1632 5365 1687 5415 et
1716 5359 1774 5414 in
1810 5360 1916 5416 Pa-

271 5429 543 5502 meliana
561 5438 619 5487 et
668 5435 728 5488 in
759 5433 1030 5488 omnibus
1061 5431 1322 5501 antiquis
1353 5431 1674 5486 codicibus.
1731 5431 1917 5502 Magis

261 5500 452 5557 miror
482 5504 702 5560 omissa
731 5521 858 5559 esse
887 5506 959 5559 ab
988 5500 1220 5574 Anglis,
1242 5502 1342 5574 qui
1376 5505 1644 5574 ignorare
1679 5519 1792 5557 non
1817 5500 1914 5574 po-

258 5579 458 5630 terant
488 5575 591 5630 illa
619 5575 818 5632 haberi
852 5575 908 5630 in
932 5573 1162 5630 duabus
1193 5573 1549 5630 editionibus
1576 5592 1610 5629 a
1639 5591 1732 5630 me
1754 5590 1916 5630 com-

260 5647 608 5704 memoratis
632 5652 689 5704 et
718 5649 777 5704 in
809 5647 1069 5720 quinque
1108 5644 1406 5703 codicibus
1463 5646 1589 5702 suis
1631 5645 1915 5718 antiquis.

2033 4573 2238 4627 BALUZ.

2103 4644 2173 4715 (5)
2207 4644 2323 4697 Non
2352 4649 2411 4715 at
2429 4658 2526 4696 nos
2541 4686 2558 4715 ._
2589 4641 2750 4715 Hanc
2789 4642 3117 4710 lectionem,
3177 4661 3353 4715 quam
3388 4647 3525 4712 puto
3545 4659 3684 4715 esse

2032 4712 2335 4786 optimam,
2371 4712 2562 4767 inveni
2587 4713 2779 4769 inuno
2811 4715 2959 4769 libro
2987 4733 3111 4770 meo
3142 4712 3347 4771 vetere.
3378 4714 3682 4769 Morellius

2034 4785 2229 4858 posuit
2257 4801 2368 4841 non
2405 4801 2527 4859 nos;
2558 4802 2802 4859 eamque
2853 4786 3166 4859 lectionem
3226 4804 3331 4859 ego
3378 4787 3563 4859 reperi
3621 4786 3680 4840 in

2033 4855 2286 4928 quatuor
2316 4855 2615 4912 codicibus
2634 4855 2916 4930 antiquis.
2934 4859 3229 4914 Pamelius
3260 4855 3592 4914 emendavit
3613 4873 3685 4930 ex

2033 4931 2368 5000 conjectura
2409 4934 2467 4982 et
2533 4928 2796 5000 scripsit'
2826 4946 2990 4985 novos
3046 4930 3351 5002 prophetas,
3388 4934 3511 4982 tum
3546 4928 3688 5002 quia

2033 5001 2625 5072 conjecturamsuam
2659 5001 3065 5056 conﬁrmatam
3096 5002 3310 5072 reperit
3339 5001 3686 5072 auctoritate

2036 5070 2252 5127 codicis
2280 5070 2582 5144 Anglicani
2614 5087 2729 5142 quo
2761 5074 2884 5144 ipse
2917 5070 3206 5144 utebatur,
3244 5077 3369 5127 tum
3405 5071 3557 5144 quod
3586 5087 3686 5144 an-

2030 5149 2124 5199 tea
2153 5143 2531 5226 Firmilia‘nus
2549 5142 3295 5226 novarumprophetiarum
3327 5142 3678 5226 meminerit.

2029 5220 2232 5286 Itaque
2263 5231 2332 5270 ex
2361 5214 2612 5286 editione
2644 5213 2882 5271 Pamelii
2931 5213 3169 5271 emersit
3193 5213 3476 5286 vulgaris.
3509 5213 3685 5286 Yide-

2027 5284 2347 5342 tur—autem
2382 5284 2758 5342 Firmilianus
2790 5287 3113 5356 respexisse
3143 5286 3213 5341 ad
3228 5284 3501 5356 haeresim,
3530 5284 3681 5340 Mar-

2029 5358 2398 5430 cionitarum,
2446 5373 2592 5428 quos
2623 5355 2981 5430 Epiphanius
3009 5359 3092 5414 ait
3121 5357 3461 5430 repudiasse
3491 5355 3679 5430 legem

2027 5446 2092 5485 ac
2124 5427 2687 5502 prophetasyhtlonet—
2718 5427 2993 5501 praeterea
3048 5427 3342 5484 Pamelius
3395 5427 3682 5502 inkcodice

2028 5499 2139 5556 suo
2161 5499 2480 5572 Anglicano
2510 5499 2624 5572 legi
2653 5504 2707 5556 et
2720 5499 3009 5572 Spiritum
3035 5509 3284 5556 sanctum
3301 5503 3432 5572 post
3460 5500 3680 5555 Patrem

2025 5581 2081 5656 et
2103 5570 2330 5655 Ftliitm.
2362 5570 2523 5653 Quod
2554 5570 2660 5656 e’g‘o
2690 5573 2750 5627 in
2770 5570 2943 5630 nullo
2973 5570 3458 5656 eorum_veterum
3485 5587 3675 5656 exem-

2027 5643 2279 5717 plarium
2311 5642 2496 5713 reperi
2514 5642 2734 5714 quibus
2764 5661 2912 5703 usus
2933 5661 3066 5702 sum
3085 5645 3146 5701 in
3176 5643 3287 5701 hac
3313 5643 3568 5716 epistola
3592 5657 3680 5698 re-
