4088 6174
537 300 692 360 1223

530 525 677 575 strae.
745 521 890 576 Unus
947 520 1231 588 Dominus,
1293 534 1406 572 una
1458 517 1610 587 ﬁdes,
1657 534 1832 572 unum
1889 518 2178 589 baptisma,

531 626 674 664 unus
699 611 838 664 Deus
868 619 918 664 et
956 609 1122 663 Pater
1165 608 1434 674 omnium,
1459 610 1554 678 qui
1607 623 1773 678 super
1829 623 2012 664 omnes
2042 608 2106 676 ⁸⁷,
2134 615 2186 663 et
2291 609 2360 664 de
2411 626 2525 680 quo
2574 609 2830 665 maxime
2878 610 3121 680 quaestio
3164 613 3268 665 est.
3300 611 3395 676 Qui
3435 619 3721 674 contendunt
3750 625 3798 680 ab

525 715 624 771 per
653 700 858 767 omnia,
883 707 932 752 et
955 700 1014 752 in
1046 697 1297 751 omnibus
1325 697 1480 750 nobis
1511 695 1724 768 (Ep/tes.
1759 713 1834 765 Iv,
1872 697 2000 767 1.6).

599 786 765 844 XXV.
799 787 926 842 Haec
972 785 1234 857 Apostoli
1275 786 1552 840 mandata
1583 789 1640 840 et
1690 785 1909 839 monita
1958 783 2179 840 saluta-

532 877 617 932 ria
644 876 688 911 ⁸⁸
729 892 906 947 quam
937 874 1248 944 diligenter
1267 873 1592 944 Stephanus
1624 871 1906 943 implevit,
1944 871 2180 926 humili-

529 970 712 1021 tatem
743 981 922 1021 sensu
953 969 1010 1018 et
1060 962 1359 1018 lenitatem
1405 961 1593 1032 primo
1644 960 1703 1016 in
1746 960 1872 1016 loco
1918 978 2178 1016 servans.

531 1053 677 1120 Quid
710 1053 865 1110 enim
898 1051 1184 1107 humilius
1213 1051 1326 1122 (18)
1359 1055 1460 1105 aut
1488 1050 1679 1105 lenius
1723 1066 1900 1120 quam
1931 1065 2066 1104 cum
2095 1053 2182 1104 tot

529 1143 821 1215 episcopis
862 1158 964 1213 per
995 1146 1181 1196 totum
1231 1140 1520 1195 mundum
1571 1139 1942 1208 dissensisse,
1977 1155 2177 1211 pacem

528 1250 663 1287 cum
696 1231 944 1304 singulis
974 1231 1130 1285 vario
1175 1229 1477 1284 discordiae
1525 1245 1735 1300 genere
1783 1233 2176 1300 rumpentem,

531 1322 703 1376 modo
735 1336 868 1375 cum
900 1317 1320 1383 Orientalibus,
1353 1317 1506 1388 quod
1541 1333 1645 1371 nec
1676 1333 1776 1372 vos
1804 1315 1983 1372 latere
2007 1316 2178 1370 conﬁ-

532 1411 749 1476 dimus,
779 1409 951 1463 modo
974 1407 1298 1473 vobiscum,
1325 1406 1424 1478 qui
1449 1409 1506 1460 in
1531 1406 1768 1461 Meridie
1790 1405 1930 1460 estis
1954 1423 1967 1472 ;
1996 1424 2029 1460 a
2051 1404 2179 1476 qui-

532 1499 643 1554 bus
667 1501 888 1571 legatos
919 1496 1224 1568 episcopos
1254 1497 1364 1567 (19)
1398 1495 1690 1566 patienter
1713 1493 1857 1549 satis
1887 1498 1944 1549 et
1974 1493 2182 1549 leniter

529 1586 810 1659 suscepit,
846 1590 911 1641 ut
941 1601 1037 1640 eos
1089 1599 1194 1639 nec
1251 1584 1321 1639 ad
1349 1585 1552 1640 H75
1601 1599 1931 1639 sermonem
1970 1582 2177 1638 saltem

526 1674 800 1746 colloquii
825 1673 1155 1730 communis
1187 1672 1520 1727 admitteret
1542 1673 1676 1743 (20),
1701 1671 1892 1728 adhuc
1913 1671 2173 1743 insuper,

525 1763 854 1820 dilectionis
884 1767 942 1818 et
973 1761 1274 1817 charitatis
1318 1777 1565 1825 memor,
1599 1761 1934 1832 praeciperet
1965 1761 2174 1815 frater-

525 1853 695 1908 nitati
730 1852 1017 1907 universae
1046 1867 1117 1906 ne
1149 1851 1280 1922 quis
1321 1866 1419 1905 eos
1450 1850 1508 1904 in
1559 1850 1798 1904 domum
1828 1866 1997 1905 suam
2030 1849 2171 1904 reci-

524 1944 709 2012 peret,
731 1944 796 1995 ut
825 1939 1216 2006 venientibus,
1238 1954 1352 1993 non
1376 1937 1567 1994 solum
1599 1955 1711 2009 pax
1729 1942 1786 1993 et
1813 1938 2174 2007 communio,

526 2030 629 2085 sed
659 2034 716 2084 et
743 2033 962 2084 tectum
995 2034 1052 2084 et
1077 2028 1402 2099 hospitium
1438 2032 1766 2098 negaretur.
1793 2027 1910 2082 Hoc
1941 2031 2030 2082 est
2058 2043 2176 2082 ser-

523 2134 694 2174 vasse
724 2118 1009 2174 unitatem
1042 2118 1286 2188 spiritus
1318 2117 1377 2170 in
1417 2116 1826 2186 conjunctione
1857 2115 2038 2186 pacis,
2073 2117 2174 2171 ab-

523 2208 788 2263 scindere
815 2223 877 2262 se
902 2223 936 2261 a
985 2206 1288 2261 charitatis
1326 2205 1568 2270 unitate,
1601 2209 1658 2259 et
1696 2203 1952 2259 alienum
1984 2221 2046 2260 se
2073 2221 2176 2276 per

525 2295 725 2351 omnia
755 2295 1038 2349 fratribus
1066 2293 1273 2363 facere,
1305 2297 1361 2347 et
1407 2296 1607 2347 contra
1653 2297 2087 2348 sacramentum
2117 2297 2176 2349 et

527 2385 703 2438 ﬁdem
735 2382 1100 2438 contumacis
1125 2381 1318 2435 furore
1349 2379 1649 2435 discordias
1679 2380 1979 2437 rebellare.
2004 2382 2173 2453 Apud

520 2472 700 2529 talem
734 2476 925 2544 potest
953 2487 1080 2526 esse
1106 2486 1291 2524 unum
1342 2485 1555 2540 corpus
1603 2471 1660 2524 et
1707 2485 1862 2524 unus
1907 2469 2172 2541 spiritus,

415 2631 420 2638 '
522 2561 675 2634 apud
709 2575 888 2632 quem
920 2559 1164 2614 fortasse
1211 2558 1342 2628 ipsa
1384 2556 1581 2612 anima
1629 2555 1742 2628 (21)
1775 2573 1894 2611 una
1936 2573 2052 2612 non
2083 2562 2177 2613 est

1941 2657 2143 2716 Variae
2186 2656 2506 2718 lectiones.

587 2755 630 2791 ⁸⁷
661 2755 769 2820 Qui
799 2759 889 2810 est
916 2771 1094 2826 super
1123 2753 1321 2809 omnia
1351 2756 1504 2808 Lam.
1537 2751 1695 2807 Ebor.
1727 2752 1771 2787 ⁸⁸
1799 2751 2069 2808 Salubria
2096 2753 2190 2808 Ar.
2218 2756 2373 2809 Lam.
2406 2755 2575 2811 Ebor.
2607 2753 2719 2811 NG.
2756 2755 2804 2808 1.

1947 2851 2277 2912 Variorum
2329 2859 2518 2914 nota}.

593 2952 708 3024 (18)
780 2949 922 3018 Quid
985 2951 1136 3024 enim
1179 2949 1502 3024 Ahumilius.
1569 2947 1759 3003 Simili
1835 2946 2025 3002 ironia
2055 2947 2167 3003 La-

523 3021 800 3086 ctantius,
851 3038 976 3092 cap.
1025 3021 1115 3088 23,
1151 3021 1220 3076 de
1267 3021 1498 3075 Moribus
1545 3025 1989 3092 Persecutorum,
2025 3035 2167 3074 usus

523 3102 612 3150 est
632 3094 877 3165 loquens
899 3091 969 3147 de
986 3092 1331 3147 crudelitate
1343 3091 1679 3165 Maximiani
1701 3091 1979 3146 adversus
2013 3107 2169 3146 men-

524 3156 888 3236 dicosfquos
917 3165 1256 3236 congregari
1287 3179 1503 3236 omnes,
1525 3163 1708 3234 jussit
1753 3166 1811 3236 et
1839 3167 2169 3236 exportatos
2199 3156 2243 3222 C
2283 3165 2680 3236 reponendum
2713 3180 2840 3219 esse
2879 3156 3152 3234 allectum,
3189 3164 3287 3220 alii
3340 3168 3582 3221 amicum.
3606 3163 3743 3217 Miror
3766 3175 3829 3212 au-

523 3233 808 3294 naviculis
864 3235 925 3289 in
975 3233 1161 3290 marew
1199 3235 1404 3305 mergi.
1440 3233 1539 3288 Ait
1591 3250 1727 3305 ergo
1786 3233 2166 3290 Lactantius:

524 3310 664 3364 Adeo
703 3308 979 3363 hominem
1025 3304 1454 3372 misericordem,
1485 3306 1586 3377 qui
1625 3304 1924 3376 providerit
1949 3320 2019 3360 ne
2045 3306 2170 3377 quis

524 3381 622 3436 illo
644 3382 955 3451 imperante
984 3381 1152 3433 miser
1177 3381 1317 3434 esset
1346 3379 1552 3432 BALUZ.

593 3445 768 3522 (19)]
810 3450 1004 3521 quibus
1034 3451 1232 3522 legatos
1261 3451 1550 3522 episcopos,
1584 3454 1692 3502 etc.
1724 3447 1891 3522 Haud
1921 3445 2166 3522 dubium

522 3517 752 3578 videtur
800 3517 939 3592 qum
974 3522 1046 3576 ab
1092 3517 1266 3586 Afris,
1289 3517 1492 3592 potius
1523 3534 1701 3592 quam
1735 3517 1813 3592 ob
1857 3517 2168 3574 Orientali-

523 3594 653 3654 bus,
685 3589 928 3647 Romam
963 3592 1129 3647 missi
1161 3592 1279 3647 sint
1301 3589 1523 3663 'legati.
1555 3589 1922 3663 Contrarium
1966 3594 2166 3663 tamen

521 3665 820 3719 afﬁrmant
847 3663 1131 3719 Baronius
1162 3664 1219 3717 in
1250 3659 1573 3730 Anndlibus,
1598 3667 1654 3716 et
1682 3660 1902 3715 Natalis
1918 3659 2166 3715 Alexan-

523 3736 626 3790 der
654 3736 787 3790 Hist.
820 3735 1011 3791 eccles.
1072 3735 1184 3790 Sed
1223 3735 1334 3790 hoc
1380 3734 1438 3787 in
1485 3734 1650 3788 Afros
1697 3737 1926 3803 gestum
1975 3749 2009 3786 a
2043 3732 2168 3787 Ste-

523 3807 714 3878 phano
748 3807 951 3873 fuisse,
984 3813 1114 3878 post
1154 3805 1900 3878 Pearsoniumiretu‘ferunt
1934 3803 2164 3878 Pagius,

519 3875 947 3950 Tillemontius,
977 3875 1322 3950 Basnagius.
1363 3898 1389 3929 α
1418 3877 1565 3940 Quid
1597 3893 1664 3950 ea
1694 3875 1928 3950 illorum
1961 3876 2163 3950 verbo-

518 3965 646 4004 rum
679 3949 825 4004 serie
850 3949 1104 4004 lucidius
1133 3946 1348 4020 (inquit
1398 3947 1741 4020 Pearsonius
1775 3947 1832 4000 in
1863 3946 2166 4020 Anna-libus

517 4023 888 4092 Cyprianicis,
923 4021 994 4075 ad
1027 4017 1164 4075 ann.
1201 4017 1310 4086 va)
1343 4036 1514 4090 quam
1539 4018 1770 4092 legatos
1803 4033 1913 4092 eos
1940 4017 2164 4092 episcof

521 4087 636 4163 pali
681 4087 899 4147 honore
933 4092 1301 4164 conspicuos,
1338 4087 1469 4164 non
1497 4091 1570 4144 ab
1609 4087 2030 4164 Orientalibus,
2064 4089 2164 4144 sed

517 4161 688 4219 abiis
721 4165 818 4234 qui
847 4167 906 4218 in
956 4161 1177 4218 Meridie
1231 4167 1416 4226 erant,
1459 4161 1567 4234 hoc
1624 4165 1713 4234 est
1744 4161 1919 4234 Atris,
1951 4161 2164 4234 missos

518 4235 699 4290 fuisse
719 4231 753 4288 ‘?_
779 4251 966 4306 neque
1023 4235 1169 4289 alter
1199 4235 1318 4289 haec
1353 4231 1671 4287 Firmiliani
1703 4231 2056 4306 verba_(_quae
2085 4232 2164 4306 ci-_

514 4312 637 4361 tata
666 4301 1044 4378 praecedunt),
1081 4305 1458 4378 intelligenda
1489 4320 1616 4378 esse
1647 4301 1852 4357 sentio.
1875 4301 1997 4357 Nisi
2027 4302 2167 4378 quod

519 4394 626 4434 non
666 4373 906 4448 gratiam
944 4381 1147 4447 referre
1178 4373 1456 4449 Stephano
1479 4377 1552 4449 in
1572 4375 1674 4428 isto
1703 4373 2166 4449 possumu§,_qt_tod

511 4466 608 4520 per
632 4444 786 4503 illius
809 4444 1283 4505 inhumanitatem'
1304 4464 1456 4502 nunc
1477 4446 1745 4501 effectum
1770 4444 1935 4511 sit,nt
1957 4444 2087 4500 ﬁdei
2109 4450 2166 4500 et

1590 294 1693 354 DE
1739 293 2334 357 HJERETICORUM
2377 296 2900 359 BAPTISMATE.

531 433 784 502 spiritus,
817 433 956 485 sicut
1005 431 1184 485 vocati
1227 430 1356 484 estis
1387 429 1446 483 in
1475 445 1588 483 una
1635 445 1726 500 spe
1771 430 2070 484 vocationis
2091 444 2186 484 ve—
2212 433 2268 498 Α
2296 430 2379 486 sic
2409 430 2636 488 lubrica
2663 437 2719 487 et
2748 430 2986 487 mobilis
3015 434 3072 488 et
3100 431 3354 487 incerta?
3378 434 3473 492 Sed
3507 430 3796 510 quantum'ad

3687 317 3795 378 122!

2291 520 2457 575 illum
2489 521 2758 592 pertinet,
2792 520 3213 592 relinquamus.
3247 520 3567 583 Excutiamus
3589 532 3736 600 potius
3756 536 3797 593 id

2291 697 2578 753 haereticis
2609 699 2933 769 baptizatos
2982 700 3065 754 sic
3103 699 3278 770 recipi
3327 705 3552 771 oportere
3590 709 3800 780 tanquam

2287 785 2534 857 legitimi
2567 787 2844 859 baptismi
2885 787 3131 859 gratiam
3156 795 3490 860 consecutos,
3513 809 3660 849 unum
3686 800 3807 856 nobis

2289 879 2463 946 atque
2493 875 2608 931 illis
2658 876 2952 948 baptisma
2982 877 3090 948 (2s)
3141 877 3336 932 dicunt
3373 895 3485 935 esse
3529 888 3575 936 et
3611 882 3657 938 in
3694 888 3808 943 nullo

2288 963 2639 1035 discrepare.
2669 964 2777 1019 Sed
2798 964 2939 1036 quid
2971 965 3053 1019 ait
3073 965 3364 1035 apostolus
3389 967 3598 1024 Paulus?
3617 973 3729 1029 Unus
3744 976 3813 1030 Do-

2287 1054 2493 1118 minus,
2523 1069 2636 1107 uua
2665 1052 2816 1122 ﬁdes,
2849 1053 3058 1107 1176
3097 1069 3269 1107 unum
3299 1054 3554 1128 baptisma,
3575 1075 3690 1114 unus
3713 1063 3814 1117 Deus

2287 1140 2504 1211 (Ephes.
2537 1157 2610 1194 1v.
2638 1142 2714 1207 5).
2743 1141 2802 1195 Si
2846 1157 3029 1196 unum
3061 1145 3235 1212 atque
3264 1141 3405 1198 idem
3433 1149 3511 1199 est
3534 1161 3645 1201 cum
3670 1156 3815 1206 nostro

2287 1229 2583 1301 baptisma
2610 1229 3040 1296 haereticorum,
3064 1230 3191 1285 sine
3213 1230 3381 1286 dubio
3408 1236 3458 1287 et
3485 1233 3607 1290 ﬁdes
3631 1253 3724 1291 una
3738 1245 3813 1293 est.

2289 1316 2348 1373 Si
2393 1323 2588 1372 autem
2632 1317 2775 1372 ﬁdes
2816 1335 2933 1373 una
2979 1324 3089 1383 est,
3121 1318 3317 1389 utique
3347 1324 3400 1374 et
3435 1322 3672 1378 Dominus
3711 1343 3820 1381 unus

2287 1411 2395 1461 est.
2429 1407 2487 1461 Si
2520 1406 2804 1462 Dominus
2836 1423 2990 1462 unus
3021 1412 3110 1462 est
3147 1408 3281 1478 (52),
3313 1424 3632 1480 consequens
3672 1418 3740 1467 est
3760 1414 3818 1468 di-

2288 1510 2416 1549 cere
2446 1493 2582 1564 quia
2612 1511 2766 1549 unus
2795 1499 2902 1550 est.
2935 1494 2995 1550 Si
3027 1499 3221 1550 autem
3267 1495 3379 1550 haec
3423 1498 3612 1565 unitas,
3635 1516 3735 1570 qua
3759 1517 3816 1556 se-

2288 1583 2480 1654 parari
2512 1584 2750 1639 omnino
2781 1588 2839 1639 et
2885 1583 3066 1638 dividi
3125 1601 3243 1639 non
3300 1590 3494 1656 potest,
3516 1587 3665 1642 etiam
3712 1590 3817 1660 apud

2287 1671 2584 1727 haereticos
2641 1672 2771 1743 ipsa
2826 1677 2936 1739 est,
2992 1671 3130 1742 quid
3185 1671 3338 1727 ultra
3380 1675 3746 1745 contendimus,
3779 1683 3820 1730 ut

2287 1760 2427 1831 quid
2459 1760 2594 1816 illos
2624 1760 2924 1816 haereticos
2955 1764 3012 1814 et
3044 1777 3160 1815 non
3209 1760 3546 1817 Christianos
3585 1765 3822 1819 vocamus?

2286 1847 2481 1911 Porro,
2515 1865 2648 1904 cum
2681 1848 2850 1904 nobis
2879 1853 2937 1903 et
2967 1847 3255 1903 haereticis
3303 1865 3400 1904 nec
3442 1851 3577 1906 Deus
3621 1869 3743 1906 unus
3760 1851 3822 1918 sit,

2285 1953 2389 1992 nec
2438 1937 2723 1993 Dominus
2768 1954 2944 2003 unus,
3005 1953 3109 1993 nec
3159 1955 3277 1993 una
3322 1938 3573 2005 Ecclesia,
3601 1957 3688 1996 nec
3731 1941 3825 1995 ﬁdes

2285 2043 2422 2096 una,
2455 2027 2556 2081 sed
2589 2043 2694 2082 nec
2727 2043 2882 2083 unus
2912 2027 3177 2098 spiritus,
3203 2031 3301 2081 aut
3333 2044 3529 2099 corpus
3549 2045 3718 2088 unum.
3749 2047 3824 2083 ma-

2283 2115 2562 2172 nifestum
2593 2119 2682 2170 est
2710 2131 2815 2170 nec
2846 2116 3138 2186 baptisma
3177 2116 3346 2170 nobis
3374 2121 3428 2171 et
3456 2115 3702 2171 haereticis
3719 2133 3824 2172 com-

2284 2222 2460 2260 mune
2517 2221 2645 2260 esse
2693 2220 2886 2276 posse,
2917 2203 3133 2275 quibus
3172 2204 3318 2258 nihil
3363 2209 3448 2260 est
3492 2205 3694 2260 omnino
3717 2222 3823 2260 com-

2285 2311 2482 2349 mune.
2509 2295 2576 2348 Et
2605 2299 2799 2348 tamen
2832 2310 2945 2348 non
2979 2293 3158 2365 pudet
3191 2293 3538 2364 Stephanum
3566 2293 3741 2349 talibus
3762 2293 3828 2348 ad-

2282 2398 2485 2437 versus
2510 2379 2820 2436 Ecclesiam
2871 2381 3263 2452 patrocinium
3312 2386 3568 2452 praestare
3590 2388 3638 2436 et
3662 2387 3827 2453 propter

2283 2470 2584 2526 hasreticos
2613 2470 2957 2525 asserendos
2999 2471 3423 2525 fraternitatem
3445 2470 3694 2535 scindere,
3718 2470 3826 2524 insu-

2284 2576 2386 2631 per
2413 2564 2471 2615 et
2498 2558 2849 2632 Cyprianum
2872 2558 3428 2630 pseudo-Christum
3457 2560 3559 2630 (24)
3579 2564 3628 2614 et
3652 2558 3828 2630 pseudo-

2276 2954 2404 3006 tem.
2433 2950 2742 3021 Appetitum
2761 2954 2918 3005 tuum
2940 2951 3164 3021 refugit,
3189 2961 3488 3017 aversatur,
3506 2951 3739 3021 horrescit.
3757 2946 3833 3021 l‘ox

2282 3017 2603 3092 appetitum,
2637 3023 2728 3094 hic
2785 3021 2908 3076 loco
2972 3017 3087 3076 non
3137 3017 3248 3078 suo
3303 3025 3503 3094 posita,
3527 3019 3736 3077 exercuit
3773 3017 3828 3070 in-

2279 3095 2566 3147 dustriam
2593 3093 2923 3148 criticorum
2961 3110 2974 3159 ;
3009 3109 3264 3164 quorum
3292 3093 3545 3150 nonnulli
3572 3093 3832 3148 censuerunt

2283 3241 2398 3290 tem
2430 3253 2623 3291 veram
2664 3236 2994 3301 lectionem,
3028 3252 3155 3306 quae
3193 3236 3383 3293 facilis
3413 3242 3469 3292 et
3496 3236 3645 3292 obvia
3668 3238 3750 3292 est,
3775 3244 3833 3306 ne-

2280 3307 2424 3362 mini
2455 3324 2656 3362 eorum
2687 3307 2746 3361 in
2799 3305 3061 3379 mentem,
3105 3309 3359 3364 venisse.
3395 3307 3755 3379 Reponendum
3775 3305 3829 3354 est

2279 3380 2475 3450 itaque
2505 3387 2798 3450 aspectum,
2822 3384 2885 3433 ut
2906 3377 2983 3450 sit
3006 3395 3218 3434 sensus
3245 3397 3257 3435 :
3283 3377 3535 3435 Vocabas
3562 3378 3826 3450 Maxentium

2277 3451 2349 3505 ad
2381 3446 2714 3505 societatem
2748 3446 2997 3521 imperii.
3025 3455 3097 3504 At
3128 3451 3248 3520 ille,
3276 3457 3340 3506 ut
3377 3455 3498 3506 erat
3528 3457 3704 3521 natura
3729 3446 3831 3521 tero:

2277 3527 2333 3576 et
2361 3523 2674 3593 superbus,
2710 3518 2924 3576 nedum
2948 3521 3003 3574 id
3036 3523 3195 3591 quod
3227 3518 3506 3578 Offerebas
3524 3518 3745 3590 amplecti
3770 3530 3829 3593 to-

2276 3590 2540 3665 luit,r_sed
2572 3593 2766 3665 etiam,
2797 3590 3099 3665 aspectum
3140 3598 3315 3665 tuum
3365 3595 3583 3664 refugit,
3611 3590 3827 3665 aversatus

2278 3668 2388 3731 est,
2413 3664 2658 3733 horruit,
2675 3664 2776 3736 sed
2793 3661 2969 3719 etiam
2993 3663 3148 3736 ultro
3171 3663 3468 3721 lacessivit
3492 3661 3656 3736 quem
3677 3661 3829 3715 ambire

2276 3737 2576 3800 debuerat,
2599 3741 2663 3790 ut
2693 3735 2907 3807 legitur
2932 3734 3103 3805 paulo
3146 3743 3303 3807 post.
3337 3734 3536 3792 ΒΑιυΖῖ

2347 3808 2458 3878 (21)
2488 3809 2731 3862 Fortasse
2753 3803 2876 3878 ipsa
2905 3803 3120 3862 anima.
3146 3803 3482 3864 'Recentior
3520 3803 3830 3878 Remigianua.

2273 3875 2420 3951 apud
2444 3875 2604 3949 quem
2621 3875 2855 3948 fortasse
2882 3895 2997 3932 una
3026 3880 3220 3951 anima
3250 3889 3330 3936 est
3354 3883 3437 3935 sic
3469 3879 3663 3951 lubrica
3677 3875 3736 3951 [ο.

2346 3945 2470 4022 (52)
2491 3945 2666 4006 Unum
2731 3951 3018 4021 baptisma.
3052 3949 3259 4006 Nescio
3318 3969 3432 4022 quo
3491 3948 3642 4022 modo
3665 3945 3829 4022 factum

2275 4011 2364 4093 est
2395 4011 2460 4076 ut
2489 4022 2620 4086 ista,
2646 4037 2775 4092 quae
2796 4011 3042 4093 exstant,
3066 4021 3123 4076 in
3157 4011 3419 4093 Epistola
3449 4018 3679 4093 Pauliad
3706 4011 3832 4093 Ephe-

2276 4091 2415 4174 sios,
2457 4086 2682 4174 pmissa
2710 4092 2831 4148 sint
2867 4093 3002 4148 istic
3031 4092 3090 4147 in
3139 4086 3272 4149 octo
3319 4091 3712 4164 exemplaribus
3734 4086 3831 4138 anti-

2317 4164 2428 4218 uis.
2457 4164 2534 4218 In.

2276 4181 2309 4234 q
2347 4236 2458 4315 (23)
2489 4236 2750 4315 Dominus
2779 4250 2925 4315 unus
2947 4237 3061 4315 est.
3095 4238 3235 4315 Hoc
3276 4236 3600 4315 membrum
3624 4228 3833 4315 omissutn

2273 4299 2451 4380 estin
2496 4306 2749 4380 editione
2798 4303 3066 4380 Rigaltii,_
3097 4308 3440 4380 restitutum
3493 4306 3546 4360 in
3574 4299 3832 4380 Anglicum-

2275 4377 2384 4432 Sed
2420 4377 2615 4433 nescio
2649 4365 2904 4447 quonam
2939 4365 3110 4432 modo
3133 4378 3359 4434 factum
3392 4382 3479 4434 est
3506 4381 3567 4432 ut
3588 4365 3834 4447 Angliam-

2276 4465 2386 4520 que
2447 4448 2625 4503 ullius
2655 4438 2789 4520 libri
2847 4448 3055 4503 veteris
3113 4453 3482 4520 auctoritate,
3509 4438 3690 4520 contra
3717 4438 3833 4514 ﬁdet}!

514 4518 814 4590 sapientiae
845 4526 1048 4576 vestra:
1080 4539 1146 4576 ex
1191 4521 1540 4575 erimentum
1569 4532 1908 4642 caperemus
1939 4519 2160 4587 (supra,
2194 4543 2240 4606 D
2271 4518 2530 4575 veterum
2564 4519 2984 4591 exemplarium
3018 4525 3074 4574 et
3093 4521 3373 4577 editionis
3407 4518 3723 4576 Merellianaa
3742 4520 3832 4564 scn-

520 4592 737 4647 n.222).
759 4590 861 4646 Illa
887 4592 1040 4646 enim
1091 4539 1491 4647 inﬁumanitas
1510 4589 1631 4643 nihi
1671 4587 1824 4642 aliud
1845 4593 2160 4647 eratquam
2271 4592 2493 4647 nserint
2520 4607 2848 4647 consequens
2880 4595 2954 4645 est
2983 4607 3091 4647 qua
3118 4597 3311 4647 unitas
3343 4599 3420 4647 est
3439 4611 3457 4647 :
3481 4590 3583 4647 nisi
3611 4588 3652 4643 si
3681 4579 3832 4639 malue‘

539 4587 737 4658 ’222).
759 4590 861 4646 Illa
887 4592 1040 4646 enim
1091 4587 1491 4648 inhumanitas
1510 4587 1653 4643 nihil
1671 4587 1824 4642 aliud
1845 4593 1966 4641 erat
1983 4605 2160 4658 quam

516 4610 841 4716 legatorum
874 4663 1129 4716 reiectio.
1164 4681 1264 4716 ner
1295 4678 1469 4716 uuam
1504 4677 1602 4715 nec
1643 4659 2012 4716 confabulatio
2053 4661 2160 4716 iam

541 4667 841 4732 egatorum
874 4663 1129 4733 rejectio,
1164 4681 1264 4736 per
1295 4678 1469 4734 quam
1504 4677 1603 4736 nec
1643 4659 2163 4736 confabulatiojam

516 4729 695 4805 posset
740 4750 872 4798 esse,
932 4729 1024 4788 aut
1097 4729 1271 4790 sermo
1315 4729 1674 4805 communis,
1724 4731 1810 4805 Illi
1867 4729 2041 4805 legati
2103 4731 2160 4784 in

517 4802 737 4877 synodo
770 4805 1212 4877 Carthaginensi
1235 4807 1490 4861 secunda
1514 4802 1747 4858 missi.»
1831 4802 2160 4866 vn,Rou'rH.

586 4878 698 4947 (20)
725 4877 830 4932 Nec
885 4877 955 4931 ad
1011 4895 1319 4935 sermonem
1371 4877 1704 4932 admitteret.
1747 4875 1767 4928 Ι
1810 4945 1819 4947 _
1859 4878 1967 4939 est,
2000 4889 2096 4947 ne_
2102 4873 2160 4927 in

607 4885 698 4935 ZU)
725 4885 830 4932 Nec
885 4885 955 4931 ad
1011 4895 1319 4935 sermonem
1371 4885 1704 4932 admitteret.
1747 4885 1806 4928 td
1859 4885 1967 4935 est,
2000 4889 2073 4927 ne
2102 4889 2162 4927 1n

608 4915 675 4929 ην
725 4915 828 4932 me
885 4915 955 4931 ιω
1011 4915 1319 4935 summa".
1371 4915 1704 4932 μιμηηνων..
1747 4915 1806 4928 μ.
1860 4915 1948 4928 νυν
2003 4915 2162 4927 κν...

515 4915 890 5019 cobspectum
926 4951 1162 5020 quidem
1195 4966 1368 5006 suum
1401 4947 1596 5020 venire
1639 4915 2020 5020 permitteret.
2057 4944 2164 4999 Eo-

513 5020 646 5074 dem
661 5015 851 5075 ‘modo
884 5015 1269 5079 humanitatis
1301 5026 1356 5075 et
1385 5015 1734 5072 urbanitatis
1777 5032 1919 5071 usus
1951 5019 2038 5070 est
2069 5031 2164 5071 co-

519 5107 641 5146 mes
673 5091 959 5166 Flandriae
992 5109 1129 5166 erga
1161 5096 1382 5166 legatos
1412 5086 1910 5166 Clementisupapre
1931 5087 2165 5166 YII,qui

517 5169 734 5218 tantum
779 5165 960 5233 abfuit
1005 5157 1089 5220 ut"
1112 5157 1461 5226 audirentur,
1483 5157 1687 5233 inquit
1719 5157 2067 5233 Radulphus
2095 5160 2166 5214 de

515 5235 676 5303 Pavo,
717 5237 778 5288 ut
819 5229 888 5291 ne
935 5235 1165 5292 admissi
1202 5233 1421 5307 quidem
1459 5230 1708 5307 fuerint_._
1728 5229 1820 5284 sed
1869 5230 2062 5307 rejecti
2101 5247 2168 5286 ac

537 5299 775 5361 acessere
797 5307 964 5377 jussi,
999 5311 1113 5363 nisi
1138 5299 1247 5363 sibi
1297 5299 1512 5377 vincula
1558 5299 1799 5377 mallent
1828 5299 2162 5371 exspectare.

560 5372 846 5433 mandabo
891 5372 1110 5444 autem,
1138 5381 1273 5434 data
1303 5375 1624 5439 occasione,
1659 5372 1854 5427 locum
1886 5389 1953 5426 ex
1989 5389 2164 5443 pane-

514 5449 712 5518 gyrico
743 5465 918 5518 quem
953 5451 1234 5506 Nazarius
1263 5448 1410 5502 dixit
1439 5446 1507 5501 ad
1541 5444 1993 5518 Constantinum
2031 5449 2169 5514 post

514 5516 805 5590 devictum
840 5521 1221 5590 Maxentium,
1255 5537 1388 5576 cum
1423 5517 1705 5590 modestia
1755 5516 1998 5590 Caesaris
2026 5532 2166 5590 erga

515 5589 681 5646 illum
713 5591 1006 5648 laudatur.
1036 5594 1141 5650 Ubi
1166 5587 1250 5650 sic
1271 5592 1423 5646 inter
1441 5591 1553 5645 alia
1576 5587 1791 5659 legitur
1813 5587 1869 5642 in
1894 5588 2167 5659 omnibus

513 5660 777 5736 antiquis
809 5665 1108 5723 codicibus
1139 5669 1196 5722 et
1224 5662 1580 5722 editionibus
1607 5657 1820 5715 {Vocas
1839 5657 1911 5713 ad
1939 5660 2168 5715 societa-

2271 4592 2493 4662 pserint
2520 4579 2848 4662 consequens
2880 4595 2954 4645 est
2983 4607 3091 4660 qua
3118 4597 3311 4648 unitas
3343 4599 3420 4649 est
3439 4611 3457 4652 .·
3481 4590 3583 4647 nisi
3611 4588 3652 4643 si
3681 4579 3834 4662 maluo:

2311 4631 2493 4647 ειμι...
2520 4631 2690 4646 me...
2718 4631 2846 4646 μνη.
2880 4631 2953 4645 νυν
3019 4631 3091 4646 ....
3123 4631 3310 4648 ...ωηο
3343 4631 3450 4652 μου.
3481 4631 3583 4647 μιν.
3611 4631 3652 4643 υ.
3681 4631 3786 4639 ψη
3827 4649 3831 4654 ⁴

2272 4631 2408 4718 ἴρηξ
2438 4631 2705 4733 amplecti
2747 4631 3142 4734 conjectdram
3195 4662 3574 4734 Pamelii,qui
3613 4657 3836 4734 monuerat
3950 4631 3951 4720 )

2272 4735 2328 4788 in
2365 4714 2625 4808 margine
2656 4751 2773 4808 suae
2805 4714 3077 4808 editionis
3110 4714 3577 4808 legendum’esse
3611 4714 3836 4808 imit-{1.5.3}
3950 4714 3951 4770 l

2271 4798 2676 4888 auctoritatem
2709 4805 3136 4888 goulartii,‘qui
3165 4798 3312 4888 73am
3361 4823 3561 4888 vocem.
3594 4798 3754 4888 posuit

2273 4882 2568 4950 contextu,
2621 4876 2784 4931 nulla
2833 4872 3416 4950 Pameliimentione.
3468 4872 3778 4950 Reinhartu‘s
3803 4873 3838 4950 in:

2275 4966 2382 5004 sua
2429 4937 2680 5004 editione
2721 4947 2981 5019 reposuit
3021 4965 3188 5006 unus.
3222 4951 3306 5006 ID.
3352 4981 3416 4991 -
3447 4949 3634 5019 Exstat
3664 4943 3723 5019 in
3745 4937 3841 5019 N'osl

2274 5019 2413 5092 Coll.
2443 5020 2637 5074 codice
2658 5005 2964 5092 quia‘unus
2985 5028 3079 5086 est,
3107 5005 3262 5092 quod
3297 5021 3478 5077 edidit
3499 5015 3750 5092 BaluszS-
3773 5005 3822 5092 Lf

2275 5074 2478 5164 gerim,
2512 5093 2643 5164 quia
2664 5074 2816 5146 Deus
2835 5107 2980 5146 unus
3000 5074 3214 5164 esttfivd
3235 5074 3392 5164 quod
3404 5074 3705 5161 sequentia
3718 5074 3841 5164 verb}!

2274 5160 2541 5289 ﬁngat"
2569 5163 2711 5230 Quia
2741 5179 2843 5234 pro
2867 5162 3008 5233 quad
3038 5166 3190 5235 αἱ)υά
3221 5160 3330 5220 Hos
3349 5160 3644 5235 scriptores
3659 5160 3842 5227 ponito-

2297 5252 2368 5289 ϐ.
2455 5251 2626 5289 OUTH.

2297 5239 2368 5290 et.
2406 5239 2626 5289 Rou'rn.

2348 5307 2459 5376 (24)
2489 5303 3034 5376 Ρ.ς‹ηιάο-(ιξ1υ·ἱ.ςιιιτη2
3067 5306 3372 5362 Imitatum
3423 5309 3508 5361 est
3535 5297 3676 5376 istud
3702 5300 3839 5376 exact}:

2278 5364 2394 5448 pite
2426 5364 3034 5448 undecimoiEpistolte'
3058 5377 3101 5433 ll
3136 5379 3300 5433 Pauli
3333 5379 3403 5432 ad
3431 5364 3844 5448 Corinthii-’5-

2275 5430 2681 5519 perstringat
2730 5430 3726 5519 Pa‘meliusfuelzeﬁm—e'ntiam01191913
3763 5430 3841 5519 δξίζ

2277 5504 2452 5590 phani
2511 5504 2672 5591 papae
2727 5520 2785 5571 in
2823 5535 2991 5574 causa
3032 5504 3206 5588 fuisse
3259 5504 3845 5591 curitam'veaemﬂ}?

2279 5574 2445 5646 etiam
2500 5574 2685 5644 contra
2713 5605 2839 5644 eum
2883 5574 3505 5650 scriberentcunrianus
3547 5592 3594 5642 et
3626 5574 3845 5650 Finnil‘ig'

2279 5611 2445 5646 etiam
2500 5611 2685 5644 contra
2713 5611 2839 5644 eum
2883 5611 3182 5648 scrwerem
3199 5611 3276 5665 Ly
3319 5611 3505 5647 manus
3547 5611 3594 5642 et
3626 5611 3692 5637 ru
3706 5611 3822 5652 νηπτ-

2278 5678 2400 5717 nus.
2445 5661 2618 5718 Recte
2659 5677 2822 5717 sane.
2866 5661 2991 5718 Non
3040 5665 3194 5720 enim
3244 5611 3408 5720 aliud
3442 5673 3617 5719 causa
3656 5643 3842 5709 exstitit:
