4088 6174
265 309 428 373 1228

1277 307 1479 372 PARS
1524 310 1570 371 Ι.
1604 342 1680 358 --
1722 311 2222 377 MONUMENTA
2273 314 2675 380 VETERUM.

3524 325 3548 381 l
3563 321 3682 382 226

260 442 600 517 apostolum
629 445 689 498 et
717 441 985 499 dolosum
1017 443 1353 515 operarium
1403 442 1617 499 dicere.
1651 445 1760 512 Qui
1791 461 1915 500 om-
1947 465 2002 528 Α
2032 448 2238 504 1178
2271 452 2328 504 et
2354 449 2580 507 cunctis
2611 450 2837 508 clericis
2867 455 2926 507 et
2955 451 3115 508 omni
3149 451 3514 509 fraternitate
3545 455 3676 509 uni-

260 535 364 591 nia
394 533 506 607 (25)
540 532 601 588 in
655 547 718 588 se
767 547 896 588 esse
943 532 1219 589 conscius
1266 534 1468 588 1177
1517 534 1813 605 praevenit,
1856 538 1921 590 ut
2029 537 2182 592 versi
2233 542 2527 610 optamus,
2575 544 2640 595 ut
2689 545 2966 614 perpetuo
3023 541 3336 598 unanimes
3385 547 3441 597 et
3488 559 3673 598 unum

261 622 434 680 alteri
464 639 533 679 ea
563 638 667 694 per
695 620 1068 677 mendacium
1099 621 1376 693 objiceret
1409 638 1538 694 quae
1564 622 1691 694 ipse
1722 624 1834 693 (26)
1852 640 1923 678 ex

263 714 478 770 merito
509 713 714 771 audire
744 712 998 768 deberet.
1031 713 1181 770 Bene
1212 717 1266 768 te
1294 711 1483 768 valere
1515 715 1793 770 omnibus
1824 731 1923 770 no-

262 803 356 860 bis
384 804 498 878 (27)
529 819 666 860 eum
698 801 985 858 universis
1017 802 1117 873 qui
1148 802 1210 857 in
1241 801 1434 858 Africa
1457 807 1597 858 sunt
1625 803 1922 875 episcopis

2030 627 2349 684 sentientes
2383 627 2707 685 habeamus
2734 630 3042 687 nobiscum
3063 631 3236 687 etiam
3261 632 3331 688 de
3352 631 3674 705 longinquo

2031 715 2100 770 ad
2111 720 2340 773 unatos.

1706 920 2036 982 Variorum
2067 926 2256 982 notae.

265 1044 374 1083 cur
390 1025 786 1094 Firmilianus,
813 1025 916 1097 qui
937 1025 996 1080 in
1022 1028 1144 1081 tota
1164 1025 1412 1097 epistola
1434 1041 1733 1080 summum
1757 1043 1914 1081 amo-

270 1116 394 1154 rem
427 1099 670 1153 unitatis
703 1096 978 1167 declarat,
1012 1098 1095 1152 sic
1124 1096 1320 1152 tamen
1349 1097 1406 1152 in
1434 1097 1798 1169 Stephanum
1828 1097 1915 1153 in-

265 1170 532 1234 vehatur,
558 1174 622 1224 ut
640 1184 776 1241 eum
797 1168 1214 1241 disputationis
1236 1175 1379 1224 testu
1404 1168 1709 1241 abreptum
1733 1170 1914 1226 fuisse

267 1240 675 1314 pateat.ANihil
698 1240 986 1314 leniusac
1016 1240 1366 1314 placabilius
1394 1240 1717 1314 Cypriane,
1751 1245 1909 1312 ejus-

266 1312 381 1386 que
412 1312 595 1369 animi
628 1313 948 1386 moderatio
979 1312 1112 1386 enim
1144 1312 1204 1386 in
1246 1313 1522 1368 omnibus
1553 1313 1682 1368 aliis
1712 1314 1910 1386 rebus,

263 1383 396 1440 tum
429 1386 678 1440 maxime
706 1383 766 1439 in
798 1383 906 1440 hac
937 1386 1006 1456 de
1037 1384 1334 1456 Baptismo
1372 1384 1911 1456 controversiageni-

265 1457 420 1524 tuit;
454 1459 556 1512 sed
588 1461 785 1512 tamen
817 1473 950 1512 eum
983 1455 1277 1512 interdum
1312 1473 1344 1512 a
1372 1473 1608 1512 summa
1637 1455 1738 1511 illa
1769 1455 1914 1511 leni-

265 1534 390 1584 tate
420 1529 490 1584 ad
522 1527 1014 1584 vehementiorem
1062 1545 1250 1583 causae
1290 1528 1688 1584 defensionem
1719 1533 1914 1583 trans-

266 1601 410 1656 iisse
439 1599 792 1672 perspicitur
821 1617 888 1656 ex
908 1599 1246 1672 epistolaad
1278 1600 1638 1672 Pompeium.
1675 1599 1918 1672 Videtur

271 1678 470 1728 autem
501 1671 850 1743 Cyprianum
882 1671 955 1727 et
982 1671 1388 1727 Firmilianum
1420 1671 1563 1726 illud
1617 1671 1675 1724 in
1709 1671 1916 1743 primis

271 1688 470 1728 autem
501 1688 850 1743 uyprlanum
882 1688 939 1727 et
982 1688 1388 1727 r'irmuianum
1420 1688 1563 1726 uiua
1617 1688 1675 1724 in
1697 1688 1916 1797 (primis

269 1744 605 1816 offendisse,
632 1744 786 1816 quod
808 1743 1144 1816 Stephanus
1171 1748 1400 1814 putaret
1421 1743 1688 1798 abstinen
1737 1760 1800 1798 os
1832 1759 1917 1797 re-

271 1814 664 1887 baptizantes.
692 1814 928 1887 Propter
971 1814 1090 1868 haec
1121 1819 1314 1870 autem
1360 1816 1555 1887 verba,
1589 1831 1715 1886 quae
1751 1817 1919 1887 putat

2021 1027 2243 1102 ipsum,
2285 1033 2348 1102 ut
2395 1028 2642 1102 videtur,
2695 1029 3044 1102 Cyprianum
3103 1030 3462 1088 lacessiverit
3506 1036 3672 1090 vetus

2022 1099 2260 1175 quidam
2292 1099 2698 1175 Stephaniana
2715 1099 2790 1157 de
2817 1102 3222 1175 haereticorum
3237 1104 3522 1175 baptismo
3540 1121 3672 1160 sen-

2025 1171 2218 1255 tentiae
2245 1177 2455 1255 stator,
2479 1173 2581 1255 qui
2593 1177 2692 1255 est
2712 1180 2926 1255 "auctor
2943 1174 3008 1230 de
3030 1171 3446 1255 Repaptisruate,
3473 1177 3542 1255 ad
3568 1177 3670 1255 (in.

2024 1248 2206 1320 op._8.
2241 1242 2532 1316 Cypriani.
2586 1246 2858 1320 Conferas
2908 1262 3038 1317 quae
3087 1242 3522 1304 de_Firmiliani
3556 1248 3674 1320 epi-

2024 1313 2174 1370 stola
2207 1313 2387 1385 supra
2414 1320 2788 1371 annotantur.
2825 1313 3036 1373 Βούτα.

2097 1386 2208 1467 (25)
2238 1389 2355 1455 Qui
2382 1390 2600 1467 on_2nia._
2625 1388 2755 1467 Quae
2777 1391 2970 1467 omnia
3001 1389 3311 1467 legendum
3339 1389 3478 1446 olim
3507 1390 3668 1467 duxi,

2025 1459 2188 1529 prius
2208 1459 2490 1534 quamsic
2509 1475 2570 1514 se
2587 1459 2799 1534 habere
2819 1459 3108 1534 novissem
3127 1462 3441 1517 editionem
3460 1463 3672 1534 princi-

2025 1545 2179 1601 pem,
2212 1529 2505 1605 siquidem
2531 1536 2726 1605 postea
2748 1531 3039 1605 Pamelius
3060 1535 3157 1604 qui
3176 1551 3278 1605 pro
3299 1548 3443 1604 quae,
3460 1529 3531 1589 ex
3554 1551 3668 1590 ms.

2027 1616 2132 1676 suo
2160 1601 2362 1676 edidit,
2398 1601 2547 1669 aliis,
2573 1603 2775 1676 fateor,
2808 1604 2972 1659 libris
2995 1601 3232 1676 scriptis
3259 1601 3672 1661 consentienti-

2026 1673 2157 1748 bus.
2191 1673 2300 1748 Sed
2335 1673 3146 1748 fortasseAGrazcescripserat
3178 1677 3554 1732 Firmilianus
3584 1676 3670 1734 vel

2027 1741 2059 1795 ἅ
2089 1740 2154 1809 δὴ
2179 1742 2368 1814 πάντα,
2401 1745 2486 1800 vel
2517 1741 2643 1798 τάδε
2671 1741 2727 1799 δὲ
2757 1740 3062 1802 πάντα.Ἰι).

2097 1815 2376 1891 (26)_Quae
2420 1818 2553 1888 ipse.
2607 1817 2670 1872 In
2722 1819 3040 1891 recentiore
3088 1818 3283 1874 codice
3327 1818 3670 1891 Remigiano

273 1885 392 1941 non
419 1903 548 1962 esse
575 1885 874 1962 Stephani,
910 1887 1178 1962 dubitare
1208 1903 1270 1942 se
1301 1887 1383 1962 ait
1415 1885 1921 1962 Christian_us_Lu-
1953 1892 2000 1955 B
2033 1890 2088 1962 et
2108 1885 2523 1962 in_’A_n_glica'no
2559 1890 2811 1962 iPamelii
2865 1889 3097 1961 legitur,
3145 1905 3272 1962 quae
3316 1892 3370 1946 ei
3399 1885 3673 1962 immerito

278 1976 389 2031 pus
422 1959 480 2013 in
512 1957 899 2031 scholiisgsuis
929 1958 1003 2031 ad
1040 1957 1258 2013 librum
1302 1957 1644 2031 Tertulliani
1676 1959 1920 2031 qurag-

272 2028 667 2101 scriptionibus
696 2029 956 2085 adversus
987 2030 1284 2102 haereticos,
1317 2047 1390 2084 an
1440 2028 1918 2102 epistolaiFirmi-

273 2102 416 2156 liani
451 2103 529 2156 sit
557 2118 708 2156 vera.
740 2102 958 2156 Tamen
993 2117 1162 2156 nemo
1197 2101 1492 2156 hactenus
1525 2104 1657 2157 ante
1691 2101 1918 2171 Lupum

275 2174 335 2228 id
368 2173 480 2228 sibi
511 2173 786 2245 sumpsit,
821 2179 884 2227 ut
913 2173 1103 2227 dicere
1126 2173 1366 2228 auderet
1391 2189 1519 2228 eam
1551 2188 1678 2245 esse
1711 2172 1918 2245 falsam

275 2249 381 2300 aut
409 2246 480 2300 de
510 2245 636 2315 ejus
655 2243 1012 2300 auctoritate
1035 2245 1348 2300 dubitaret.
1381 2249 1447 2298 Et
1471 2249 1624 2299 certe
1643 2243 1756 2298 ista
1788 2243 1922 2298 faci-

271 2318 411 2373 litas
443 2315 756 2372 accusandi
788 2315 1058 2388 falsitatis
1090 2316 1308 2388 scripta
1349 2320 1609 2388 veterum
1637 2315 1806 2388 valde
1837 2319 1921 2370 te-

273 2388 528 2444 meraria
557 2392 646 2444 est
693 2391 752 2443 et
797 2387 1148 2460 periculosa.
1200 2385 1364 2460 Nam
1393 2387 1443 2444 si
1488 2387 1702 2460 cuique
1750 2385 1923 2460 liceat

271 2461 480 2542 inanes
504 2458 1178 2542 ejusmodi—conjecturas
1201 2459 1408 2542 sequi:
1438 2458 1669 2514 nullum
1693 2459 1802 2540 erit
1823 2475 1922 2513 an-

273 2532 571 2604 tiquitatis
603 2530 1073 2604 monumentum,
1094 2531 1262 2604 quod
1295 2530 1536 2604 iniquas
1557 2530 1922 2604 suspiciones

272 2601 533 2675 etfugiat.
565 2604 762 2675 Banuz.
799 2634 864 2643 —--
897 2605 982 2658 Ita
1013 2601 1304 2658 Baluzius.
1326 2601 1746 2675 Haudinterea
1776 2601 1919 2656 mihi

272 2673 438 2731 visus
467 2681 559 2730 est
588 2674 842 2730 voluisse
868 2675 973 2730 hoc
1003 2675 1259 2730 scribere
1307 2673 1673 2730 Christianus
1710 2674 1921 2744 Lupus,

276 2745 606 2818 Firmiliani
638 2745 886 2818 epistola
932 2764 1006 2802 an
1047 2763 1327 2818 germana
1373 2745 1472 2818 sit,
1503 2762 1564 2800 se
1601 2745 1920 2818 dubitare;

273 2819 348 2890 de
380 2816 871 2890 appellationibus
900 2816 1093 2890 autem
1123 2816 1419 2890 probrosis
1446 2816 1728 2890 Cypriane
1753 2833 1785 2871 a
1806 2816 1927 2890 Ste-

278 2887 476 2962 phano
506 2889 821 2962 attributis,
857 2889 1059 2962 anhze
1089 2887 1160 2962 ab
1183 2906 1257 2962 eo
1306 2887 1506 2962 revera
1529 2887 1923 2962 prolatae__fue-_

279 2957 425 3029 rint,
457 2978 518 3016 se
551 2961 836 3018 haesitare.
889 2961 995 3015 Vid
1035 2961 1257 3016 Scholia
1303 2961 1430 3032 ejus
1480 2957 1549 3014 ad
1583 2957 1928 3032 Tertulliani

279 3050 333 3090 c.
372 3035 424 3103 4,
462 3049 593 3106 pag.
641 3034 764 3099 121,
824 3037 898 3088 At
949 3030 1351 3106 cogitandum,
1404 3032 1620 3103 quibus
1668 3030 1930 3086 dicteriis

2031 1959 2196 2034 obiici
2222 1958 2493 2034 deberent.
2546 1961 2638 2015 Sic
2668 1961 2864 2034 _ctiam
2910 1958 2970 2016 in
3021 1958 3273 2034 quatuor
3313 1962 3573 2034 antiquis
3612 1961 3673 2019 in

2031 2030 2285 2085 editione
2318 2031 2637 2088 Anglicana
2667 2031 2942 2088 laudatis.

2100 2101 2507 2173 (‘27)70mnibus
2539 2105 2715 2158 nobis.
2759 2103 2889 2160 Haec
2940 2103 3083 2158 mihi
3125 2105 3394 2159 videntur
3423 2120 3551 2160 esse
3579 2104 3674 2159 lus

2030 2172 2362 2236 xata.'Quid
2397 2174 2446 2228 si
2469 2173 2694 2246 legatur
2721 2176 3042 2231 charissima
3076 2175 3276 2245 frater,
3309 2192 3501 2231 errore
3530 2176 3673 2231 irre—

2072 2247 2202 2300 ente
2230 2261 2299 2299 ex
2341 2245 2672 2316 ignorantia
2716 2251 3008 2315 notarum,
3062 2251 3127 2301 ut
3172 2248 3348 2303 etiam
3381 2247 3678 2302 adnotavit

2085 2316 2443 2398 ieronymus.
2478 2318 2818 2398 inlepisntola
2863 2319 2934 2374 ad
2992 2320 3206 2398 Avitum
3250 2320 3321 2375 de
3377 2319 3677 2374 erroribus

2030 2386 2316 2459 Origenis,
2352 2387 2559 2462 ubiait
2589 2386 2826 2462 difﬁcile
2874 2407 2998 2446 esse
3031 2396 3302 2446 notarum
3350 2407 3522 2462 posse
3551 2407 3674 2446 ser-

2029 2476 2162 2514 vare
2193 2460 2558 2530 compendia.
2605 2461 2805 2516 Simon
2850 2462 3184 2517 Goulartius
3233 2460 3461 2518 monuit
3489 2463 3547 2517 in
3579 2478 3676 2518 co-

2031 2531 2156 2586 dice
2191 2531 2480 2604 episcopi
2531 2533 2879 2588 Aceonensis
2922 2535 3206 2604 scriptum
3266 2534 3482 2590 fuisse:
3533 2535 3679 2589 Bene

2033 2611 2082 2657 te
2110 2603 2291 2677 valere
2319 2619 2444 2677 cum
2474 2606 2746 2660 universis
2786 2607 2882 2676 qui
2929 2607 2989 2659 in
3020 2603 3205 2675 Africa
3253 2614 3381 2661 sunt
3409 2606 3676 2677 episcopis

2031 2683 2081 2746 et
2109 2675 2320 2729 cunctis
2348 2676 2564 2730 clericis
2582 2680 2633 2731 et
2659 2675 2813 2732 omni
2825 2680 3178 2746 fraternitate
3203 2675 3674 2746 aptamus.Quam

2036 2745 2366 2820 lectionem,
2399 2751 2462 2801 ut
2489 2745 3040 2820 meliorrem,’posuit
3085 2745 3458 2804 Reinhaitus.
3490 2748 3682 2820 Ethni-A

2033 2815 2357 2873 hilominus
2388 2835 2491 2890 ego
2525 2819 2762 2889 przet'ero
2845 2815 3241 2890 conjecturam
3285 2835 3493 2874 meam.
3527 2817 3684 2874 Nihil

2036 2891 2233 2943 tamen
2263 2906 2442 2944 ausus
2468 2907 2597 2944 sum
2627 2897 2874 2959 mutare,
2900 2892 3216 2946 destitutus
3235 2890 3579 2946 auctoritate
3597 2905 3689 2945 ve-

2035 2963 2228 3016 terum
2259 2963 2706 3033 exemplarium.

1525 3318 2479 3414 PBOLEGOMENA

983 3501 1086 3560 DE
1129 3500 1496 3562 AUCTORE
1541 3497 1929 3560 ANONYMO
1972 3498 2181 3559 LIBRI
2227 3499 2328 3559 DE
2373 3499 3008 3562 REBAPTISMATE.

856 3767 1282 3824 ARTICULUS.
1329 3769 1370 3823 Ι.

454 3887 584 3955 Quis
614 3890 805 3942 auctor
837 3888 1040 3958 operis,
1073 3890 1123 3940 et
1153 3901 1257 3956 quo
1285 3884 1489 3941 saeculo
1517 3885 1792 3955 ﬂoruerit.

379 4037 544 4092 Liber
575 4037 639 4092 de
669 4039 1020 4108 Baptismate,
1051 4035 1244 4107 inquit
1272 4035 1358 4090 vir
1382 4035 1587 4091 doctus
1618 4034 1716 4105 (Ι),
1751 4051 1785 4088 a
1811 4049 1951 4088 non-

296 4124 486 4182 nullis
518 4125 793 4182 tribuitur
823 4125 1032 4180 Ursino
1067 4123 1373 4190 monacho,
1407 4141 1582 4196 quem
1615 4123 1952 4178 Gennadius

301 4215 588 4272 adversus
618 4231 740 4282 eos,
771 4214 870 4286 qui
912 4213 1351 4286 rebaptizabant
1395 4213 1604 4268 saeculo
1656 4229 1730 4281 IV,
1765 4213 1951 4284 scrip-

301 4305 456 4362 sisse
483 4308 736 4360 testatur
763 4305 861 4376 (2).
898 4305 1032 4368 Quae
1064 4302 1259 4358 Ursini
1293 4302 1563 4358 monachi
1591 4301 1737 4357 libro
1770 4301 1954 4357 conti-

301 4393 431 4452 neri
461 4393 543 4450 ait
570 4393 930 4461 Gennadius,
954 4392 1103 4448 eain
1139 4394 1245 4448 hac
1274 4393 1344 4447 de
1376 4393 1796 4464 rebaptismate
1829 4407 1954 4462 per-

304 4483 659 4539 tractatione
706 4499 820 4538 non
871 4480 1106 4536 difficile
1154 4485 1242 4537 est
1288 4480 1770 4537 animadvertere.
1804 4479 1959 4534 Nihil

304 4571 468 4629 enim
519 4571 674 4627 aliud
736 4571 856 4644 agit
912 4574 1132 4640 auctor,
1194 4569 1529 4641 quicunque
1585 4570 1822 4623 tandem
1866 4567 1960 4622 ille

307 4660 392 4717 sit
422 4661 534 4716 nisi
567 4665 632 4715 ut
679 4675 777 4715 eos
827 4659 927 4731 qui
978 4658 1035 4713 in
1094 4657 1300 4713 haeresi
1351 4656 1625 4728 baptizati
1677 4661 1815 4711 sunt
1845 4672 1962 4710 non

312 4748 784 4820 rebaptizandos,
831 4748 931 4803 sed
981 4747 1052 4802 ad
1104 4747 1394 4802 saniorem
1445 4746 1618 4801 ﬁdem
1671 4743 1966 4801 conversis

319 4855 535 4894 manus
556 4837 946 4910 imponendae
967 4852 1094 4892 esse
1114 4836 1324 4892 vincat.
1355 4835 1464 4891 Sed
1489 4835 1755 4890 Ursunus
1783 4833 1967 4890 libelli

318 4929 504 4999 hujus
561 4931 763 4982 auctor
810 4925 994 4982 videri
1055 4941 1170 4980 non
1233 4928 1441 4996 potest,
1492 4923 1606 4979 nisi
1659 4923 1969 4996 episcopus

320 5016 508 5073 fuisse
539 5016 707 5071 tertio
766 5014 976 5070 saeculo
1031 5014 1278 5068 dicatur.
1334 5013 1688 5085 EpiscOpum
1740 5029 1800 5068 se
1843 5029 1970 5068 esse

321 5109 526 5161 noster
569 5103 667 5160 ille
717 5104 974 5175 Scriptor
1025 5104 1237 5158 diserte
1284 5101 1555 5157 declarat.
1605 5124 1632 5151 «
1667 5101 1966 5172 Siquidem

319 5211 430 5268 per
473 5211 580 5249 nos
641 5193 934 5265 baptisnm
989 5191 1272 5261 tradetur,
1310 5214 1331 5242 ι
1393 5190 1581 5270 inquit
1628 5191 1702 5262 (3)
1744 5190 1967 5263 integre

315 5290 382 5341 et
407 5282 766 5350 solemniter,
798 5286 855 5338 et
884 5297 986 5353 per
1015 5280 1214 5336 omnia
1242 5296 1370 5352 quae
1401 5281 1618 5352 scripta
1651 5285 1792 5336 sunt
1821 5279 1967 5337 assi-

317 5375 558 5447 gnetur,
591 5375 766 5444 atque
795 5370 922 5429 sine
951 5367 1073 5426 ulla
1111 5367 1290 5425 ullius
1324 5369 1406 5426 rei
1455 5369 1822 5442 separatione
1852 5375 1976 5426 tra-

398 5514 478 5587 (1)
525 5514 804 5587 Prudent.
861 5511 1107 5587 lylaranq
1178 5510 1237 5568 in
1302 5511 1442 5587 Vita
1469 5512 1844 5587 Qypriani,__§
1888 5512 1977 5584 35,

322 5583 467 5662 pag.
499 5587 623 5662 [26,
676 5585 816 5662 edit.
847 5584 1095 5662 _Pa~ris_.,
1130 5588 1193 5662 et
1238 5599 1370 5662 pag.
1424 5583 1736 5662 ll7,’nedit.
1779 5583 1979 5642 Venet.

426 5655 482 5728 2)
511 5657 796 5726 Gennad.,
824 5655 890 5712 de
917 5655 1118 5726 Script.
1152 5655 1373 5724 Baetes},
1408 5672 1535 5734 cap.
1567 5655 1665 5738 27i

661 5786 927 5850 Parnon.
975 5783 1081 5850 IlI.

1973 3768 2015 3834 α
2055 3767 2226 3821 datur
2253 3784 2265 3834 ;
2301 3770 2403 3822 aut
2433 3767 2480 3823 si
2513 3785 2547 3823 a
2579 3768 2804 3825 minore
2833 3767 2983 3824 clero
3015 3784 3120 3841 per
3149 3769 3560 3825 necessitatem
3582 3772 3702 3824 tra-

2058 3855 2244 3910 ditum
2271 3856 2465 3923 fuerit,
2490 3862 2763 3912 eventum
2784 3862 3210 3930 exspectemus,
3235 3862 3300 3914 ut
3320 3863 3421 3914 aut
3440 3856 3709 3930 supplea-

2057 3949 2155 3999 tur
2175 3944 2413 4010 anobis,
2437 3950 2537 4000 aut
2556 3964 2587 4000 a
2618 3946 2859 4002 Domino
2882 3947 3276 4020 supplendum
3302 3951 3651 4002 reservetur.
3679 3968 3701 3995 ι

2059 4033 2386 4089 Occurrunt
2413 4034 2473 4090 in
2506 4034 2707 4090 eodem
2753 4035 3047 4108 Scriptore
3078 4035 3274 4092 saeculi
3293 4035 3448 4090 tertii
3477 4034 3710 4107 perspi-

2061 4139 2182 4179 cuae
2209 4128 2382 4179 notae.
2423 4123 2514 4178 Sic
2545 4123 2700 4178 enim
2733 4125 2802 4179 de
2834 4129 2958 4180 tota
2988 4124 3085 4180 illa
3109 4123 3502 4180 controversia
3527 4122 3714 4194 loqui-

2063 4216 2183 4281 tur,
2211 4217 2276 4267 ut
2305 4230 2434 4268 eam
2468 4229 2667 4269 recens
2718 4219 2976 4269 exortam
3009 4231 3158 4281 esse,
3192 4217 3248 4269 et
3299 4213 3492 4268 adhuc
3520 4212 3715 4284 vigere

2063 4301 2299 4357 indicet.
2331 4302 2424 4356 Ait
2448 4302 2604 4357 enim
2650 4304 2746 4374 (4),
2799 4303 3029 4358 Monstri
3075 4303 3258 4357 simile
3294 4318 3405 4358 esse
3445 4304 3718 4374 episcopos

2068 4392 2212 4447 talia
2245 4391 2505 4447 scandala
2551 4393 2826 4462 cogitare:
2877 4391 3242 4463 propositum
3289 4391 3401 4447 sibi
3441 4407 3570 4447 esse
3596 4395 3720 4445 tur-

2070 4481 2306 4536 bulentis
2335 4481 2646 4536 hominibus
2680 4485 2737 4534 ut
2765 4481 2848 4536 vel
2874 4497 3024 4535 nunc
3050 4495 3210 4535 suum
3241 4481 3534 4553 negotium
3564 4495 3723 4551 agere

2071 4571 2346 4640 incipiant
2369 4568 2716 4640 persuadere.
2768 4569 2829 4624 In
2863 4569 2990 4642 ipso
3035 4568 3159 4624 loco
3189 4568 3312 4637 illo,
3355 4569 3452 4640 qui
3484 4587 3517 4624 a
3545 4567 3725 4624 Balu-

2073 4656 2158 4713 zio
2188 4657 2482 4728 obiicitur,
2517 4657 2660 4712 utile
2690 4673 2818 4713 esse
2862 4656 3069 4713 statuit
3097 4658 3173 4731 (5)
3206 4675 3219 4714 :
3255 4681 3282 4709 «
3316 4661 3402 4714 tot
3432 4673 3722 4713 annorum

2072 4751 2272 4818 totque
2293 4745 2705 4817 Ecclesiarum,
2734 4747 2991 4818 itemque
3012 4747 3412 4818 apostolorum
3437 4752 3492 4803 et
3508 4745 3727 4818 episco-

2077 4852 2284 4908 porum
2319 4834 2648 4891 auctoritati
2691 4852 2824 4890 cum
2860 4836 3012 4891 bona
3061 4837 3284 4892 ratione
3334 4837 3726 4908 acquiescere,

2077 4941 2211 4979 cum
2237 4923 2311 4979 sit
2335 4923 2654 4979 maximum
2682 4924 3122 4980 incommodum
3151 4930 3327 4997 atque
3349 4923 3725 4996 dispendium

2080 5013 2469 5070 sanctissimze
2502 5014 2704 5069 matris
2739 5014 3005 5070 Ecclesiae
3056 5015 3338 5069 adversus
3371 5014 3562 5085 prisca
3591 5028 3729 5068 con-

2081 5103 2238 5158 sulta
2268 5107 2400 5175 post
2431 5106 2514 5158 tot
2543 5103 2888 5158 saeculorum
2924 5107 3148 5158 tantam
3182 5102 3392 5158 seriem
3424 5117 3582 5156 nunc
3616 5099 3735 5172 pri-

2080 5209 2244 5247 mum
2276 5197 2513 5264 repente
2544 5207 2608 5246 ac
2654 5192 2779 5247 sine
2828 5191 3054 5248 ratione
3102 5191 3426 5264 insurgere.
3458 5211 3483 5242 ι
3531 5189 3737 5261 (ΞοΙΙὶεί

2084 5298 2153 5338 ex
2184 5282 2274 5337 his
2305 5281 2496 5338 verbis
2551 5297 2666 5336 non
2721 5281 2892 5337 debet
2941 5286 3236 5337 auctorem
3289 5279 3502 5337 saeculo
3528 5283 3737 5353 quarto

2084 5370 2319 5443 vixisse,
2356 5371 2458 5426 sed
2490 5371 2900 5426 tantummodo
2932 5387 3066 5427 eum
3096 5369 3156 5426 in
3182 5370 3588 5443 exaggerando
3621 5383 3740 5428 non

2161 5515 2240 5584 (3)
2269 5515 2581 5586 Anonym.,
2613 5512 2679 5568 de
2701 5513 2991 5586 Baptism,
3021 5513 3050 5589 ἒ
3085 5514 3170 5573 10.

2163 5587 2240 5667 (’32
2276 5586 2353 5667 lc!-
2388 5583 2510 5667 §.l-.
2571 5656 2596 5667 η
2624 5655 2650 5667 η

2167 5655 2244 5738 (5)
2277 5657 2358 5714 Id.
2394 5655 2537 5713 ibid.
2569 5655 2682 5730 ge,

3368 5788 3448 5877 se
