4088 6174
556 335 710 397 1227
1600 329 1702 390 DE
1746 328 2337 392 HERETICORUM
2380 325 2906 392 BAPTISMATE.
3732 344 3846 408 1m

553 467 722 524 valde
755 466 1025 524 timidum
1085 465 1283 521 fuisse.
1336 463 1459 520 Non
1511 467 1894 537 praeterquam
1944 465 2096 536 quod
2133 479 2202 519 ne
2233 469 2285 534 Α
2316 471 2552 521 exarata
2582 466 2833 521 fuerant.
2867 489 2895 516 «
2930 468 2992 521 In
3024 483 3138 538 quo
3169 483 3391 539 genere,
3424 490 3444 518 ι
3493 473 3655 544 pergit
3679 491 3852 552 anony.

557 562 766 630 quarto
798 557 1036 630 quidem
1070 555 1281 610 saeculo
1313 555 1437 610 sine
1469 555 1724 610 absurda
1757 553 2205 627 exaggeratione
2317 570 2471 622 mus,
2509 577 2537 604 «
2570 556 2931 626 quaestionis,
2968 561 3032 611 ut
3063 557 3204 613 mihi
3244 557 3476 630 videtur,
3506 561 3645 617 nulla
3669 567 3853 624 omnino

557 647 809 719 objicere
840 646 1031 719 potuit
1078 649 1152 700 tot
1201 647 1528 702 ιςέεσιιίνινιινη
1560 648 1770 698 tantam
1803 646 2018 712 seriem,
2051 648 2207 698 certe
2316 642 2603 714 potuisset
2633 646 3024 700 controversia
3055 651 3157 702 aut
3185 646 3504 718 disceptatio
3537 665 3794 725 emergere,
3819 658 3854 711 si

558 737 856 809 conceptis
888 735 1080 792 verbis
1110 734 1367 790 declarat
1395 737 1536 788 tunc
1587 733 1838 805 primum
1873 737 2206 787 controver-
2316 731 2725 804 unusquisque
2758 739 3024 789 nostrum
3071 741 3372 792 contentus
3407 739 3683 794 venerabili
3708 742 3855 800 Eccle-

559 827 707 884 siam
754 827 825 882 de
873 824 1172 897 Baptismo
1225 822 1628 878 haereticorum
1679 822 2004 889 exarsisse;
2049 821 2203 893 quod
2316 821 2536 876 siarum
2570 821 2832 876 omnium
2883 825 3226 880 auctoritate
3257 829 3311 880 et
3355 829 3648 884 necessaria
3672 829 3858 888 humili-

557 917 770 974 saaculo
801 917 971 973 tertio
1004 915 1234 988 proprie
1265 913 1554 986 congruit.
1581 913 1726 980 Quin
1761 913 1933 968 etiam
1968 912 2204 984 Cypria-
2313 913 2433 965 tate
2464 910 2609 964 nihil
2641 911 2919 967 innovare
2949 914 3208 984 gestiret,
3241 931 3369 969 cum
3400 915 3573 970 locum
3601 921 3859 978 contradic-

559 1025 700 1064 num
732 1007 951 1080 ipsum,
989 1005 1158 1061 tacito
1205 1003 1461 1074 nomine,
1496 1008 1561 1058 ut
1611 1003 1800 1059 adhuc
1830 1002 2115 1058 viventem
2148 1006 2206 1056 et
2316 998 2456 1053 tioni
2483 1015 2594 1054 non
2621 999 2941 1072 quemlibet
2958 1003 3454 1058 animadverteret.
3474 1005 3858 1078 Namqueomne,

555 1097 814 1156 diversas
846 1099 1039 1168 partes
1071 1093 1412 1150 auctoritate
1444 1110 1552 1148 sua
1581 1096 1840 1148 tuentem
1879 1095 2199 1164 oppugnat.
2313 1088 2468 1160 quod
2500 1093 2554 1143 et
2585 1105 2801 1160 anceps
2831 1095 2886 1144 et
2918 1091 3258 1162 ambiguum
3283 1095 3336 1146 et
3363 1091 3417 1145 in
3439 1093 3657 1149 diversis
3682 1101 3860 1153 senten-

555 1185 773 1242 Statuit
803 1185 959 1240 enim
989 1183 1066 1255 (6)
1097 1180 1389 1252 ejusmodi
1434 1204 1460 1228 «
1497 1179 2029 1235 Controversiarum
2065 1177 2200 1233 nul-
2312 1177 2409 1232 tiis
2441 1177 2818 1249 prudentium
2862 1183 2918 1233 et
2967 1179 3226 1234 fidelium
3257 1181 3502 1236 virorum
3551 1185 3861 1242 constitutum

553 1274 678 1331 lum
707 1290 836 1331 esse
867 1273 1143 1338 fructum,
1177 1270 1288 1325 nisi
1324 1274 1387 1324 ut
1431 1286 1582 1324 unus
1613 1269 1809 1334 homo,
1847 1269 2201 1338 quicumque
2311 1271 2418 1333 est,
2455 1267 2502 1321 si
2538 1271 2740 1322 contra
2771 1267 3023 1338 priscam
3057 1273 3115 1323 et
3145 1270 3560 1326 memorabilem
3589 1278 3860 1330 cunctorum

553 1363 652 1420 ille
680 1369 787 1433 est,
822 1378 1046 1435 magnae
1080 1361 1402 1433 prudentiae
1434 1363 1490 1414 et
1519 1358 1859 1414 constantiae
1885 1373 2010 1412 esse
2044 1355 2198 1428 apud
2310 1356 2686 1411 emeritorum
2722 1362 3057 1413 sanctorum
3085 1363 3143 1413 et
3169 1358 3427 1415 ﬁdelium
3449 1361 3862 1419 solemnissimam

552 1455 840 1526 quosdam
867 1451 1022 1509 leves
1053 1450 1321 1506 homines
1352 1448 1508 1503 inani
1545 1446 1726 1518 gloria
1751 1446 2114 1518 praedicetur,
2142 1449 2200 1500 et
2307 1445 2772 1501 observationem
2798 1447 3122 1518 judicatur,
3157 1450 3418 1504 damnari
3454 1451 3636 1522 utique
3665 1450 3816 1507 debet.
3840 1475 3860 1503 ι

551 1541 954 1599 haereticorum
987 1545 1225 1612 stupore
1273 1538 1572 1611 praeditus,
1625 1536 1839 1607 quibus
1872 1535 1979 1590 hoc
2012 1551 2195 1589 unum
2378 1539 2606 1602 Postea,
2647 1537 2674 1603 §
2727 1539 2782 1602 2,
2843 1535 3166 1592 discutiens
3224 1538 3605 1608 quaestionem,
3657 1541 3752 1596 duo
3791 1541 3863 1595 ba-

552 1631 831 1690 solatium
863 1634 971 1695 est,
1005 1631 1053 1685 si
1086 1646 1200 1684 non
1252 1626 1359 1682 soli
1409 1642 1647 1698 peccare
1679 1624 2006 1694 videantur,
2039 1640 2194 1679 erro-
2308 1624 3131 1697 ptismetadistinguit,unum
3156 1633 3408 1697 aquas,et
3425 1627 3649 1682 alterum
3668 1629 3861 1699 Spiritus

553 1738 644 1777 res
689 1725 746 1776 et
792 1719 929 1775 vitia
977 1719 1379 1774 universarum
1441 1714 1813 1770 ecclesiarum
1877 1713 2197 1769 correxisse
2307 1713 2491 1768 sancti
2526 1714 2848 1768 secundum
2873 1714 3047 1768 verba
3067 1715 3124 1769 S.
3156 1715 3399 1771 Joannis
3420 1716 3667 1788 Baptista:
3693 1718 3859 1783 (Matth.

551 1811 705 1881 apud
738 1807 1076 1863 simillimos
1102 1807 1192 1862 sui
1228 1811 1285 1860 et
1316 1819 1614 1873 compares
1648 1803 2023 1857 celebretur.»
2056 1801 2158 1864 Qui

2247 1842 2271 1903 ἶ
2311 1819 2394 1868 ιιι,
2432 1805 2490 1856 11
2522 1821 2535 1869 ;
2566 1802 2725 1857 Marc.
2780 1820 2814 1870 ι,
2846 1803 2915 1870 7;
2967 1805 3092 1858 Luc.
3144 1821 3231 1866 ιιι,
3284 1805 3384 1870 16;
3434 1807 3577 1861 Joan.
3620 1825 3652 1874 ι,
3679 1808 3771 1877 27),
3797 1811 3861 1876 qui

550 1899 834 1972 Cypriano
864 1903 982 1952 tam
1034 1896 1291 1968 indignis
1342 1895 1531 1949 modis
1580 1892 1930 1948 convitiatus
1964 1892 2188 1961 fuisset,
2229 1892 2271 1904 "
2297 1900 2420 1961 post
2449 1908 2533 1947 me
2584 1895 2751 1959 venit,
2803 1893 3002 1962 fortior
3059 1909 3145 1948 me
3188 1897 3290 1957 est,
3345 1895 3495 1965 cujus
3531 1911 3620 1963 ego
3660 1911 3748 1950 non
3775 1911 3858 1951 sum

549 1994 862 2061 postquam
892 1987 1181 2041 maculam
1208 1983 1442 2053 erroris,
1470 1998 1640 2054 quem
1669 1997 1779 2036 non
1810 1981 1933 2035 sine
1957 1997 2193 2034 summa
2301 1981 2510 2051 (lignus
2556 1985 2856 2051 corrigiam
2904 1985 3262 2038 calceamenti
3307 1986 3525 2055 solvere,
3572 1988 3672 2056 ipse
3705 2002 3775 2041 vos
3801 1988 3862 2040 ba-

549 2077 728 2132 animi
764 2073 1159 2131 moderatione
1188 2073 1248 2127 in
1290 2090 1349 2127 re
1383 2072 1641 2127 nondum
1696 2070 1890 2124 decisa
1920 2069 2189 2123 defende-
2299 2073 2536 2140 ptimbit
2567 2073 2625 2126 in
2654 2072 2866 2142 Spiritu
2896 2078 3082 2127 sancto
3115 2082 3166 2128 et
3193 2076 3334 2142 igni.
3374 2074 3436 2128 Et
3474 2076 3628 2130 Jesus
3654 2074 3859 2130 Christus

546 2169 656 2236 rat,
691 2164 967 2237 martyrio
1008 2163 1304 2230 abstersit,
1351 2161 1594 2232 ejusque
1643 2158 1920 2225 nominis,
1956 2158 2190 2228 refrige-
2301 2159 2548 2230 ipsemet
2575 2159 2754 2214 dixit:
2807 2165 3044 2217 Joannes
3081 2162 3297 2232 quidem
3344 2163 3621 2234 baptizavit
3659 2182 3774 2235 aqua
3797 2181 3857 2219 vos

546 2259 671 2310 rato
703 2252 1093 2309 contentionis
1141 2256 1308 2320 testu,
1355 2265 1590 2305 summa
1637 2247 1860 2303 exstitit
1903 2245 1964 2300 in
1997 2245 2192 2301 omni-
2299 2252 2485 2303 autem
2525 2250 2948 2321 baptizabimiui
2988 2251 3200 2323 Spiritu
3245 2261 3429 2308 stmcto
3455 2269 3558 2309 non
3575 2257 3678 2325 post
3711 2255 3857 2309 multat

545 2342 658 2397 bus
690 2340 961 2396 Ecclesiis
993 2339 1302 2395 celebritas
1324 2340 1350 2391 ‘I
2300 2338 2395 2392 hos
2423 2338 2558 2392 dies.
2591 2338 2894 2394 Cornelius
2917 2339 3133 2411 recepit
3154 2342 3509 2411 baptismum
3531 2343 3747 2413 Spiritus
3765 2360 3858 2397 san-

615 2431 749 2495 Quie
776 2431 846 2485 de
877 2429 1055 2500 hujus
1087 2427 1360 2500 anonymi
1385 2425 1685 2497 scriptoris
1713 2430 1876 2478 aetate
1908 2425 2190 2479 hactenus
2301 2427 2398 2496 cti,
2431 2434 2744 2498 antequam
2781 2428 3093 2499 recepisset
3115 2428 3282 2484 illum
3308 2447 3487 2502 aquis.
3519 2431 3643 2502 (Act.
3667 2449 3698 2485 ι.
3728 2433 3766 2496 4,
3790 2433 3854 2502 5);

545 2519 860 2575 edisseruit
889 2519 977 2576 vir
1023 2516 1391 2573 clarissimus
1445 2515 1742 2584 Maranus,
1776 2514 1908 2568 aliis
1957 2529 2191 2585 quoque
2302 2519 2357 2569 et
2387 2518 2620 2570 econtra
2649 2516 2911 2588 Apostoli
2961 2517 3239 2589 baptizati
3292 2520 3349 2573 in
3383 2537 3530 2592 aqua
3577 2522 3712 2576 fuere
3737 2521 3856 2591 longo

547 2609 812 2665 doctrina
861 2612 917 2664 et
961 2607 1285 2662 eruditione
1336 2603 1748 2676 praestantibus
1788 2603 1913 2674 jam
1967 2602 2188 2673 pridem
2299 2609 2580 2675 tempore,
2651 2610 2962 2676 antequam
3039 2608 3400 2678 recepissent
3467 2608 3717 2680 Spiritum
3761 2625 3854 2664 san-

546 2699 789 2770 probata
838 2702 1181 2752 noscuntur.
1244 2693 1552 2765 Rigaltius,
1603 2694 1702 2764 qui
1758 2692 1984 2763 primus
2042 2693 2194 2746 inter
2301 2697 2456 2748 ctum
2493 2694 2623 2765 (14).
2662 2694 2850 2750 Utitur
2871 2695 2964 2750 hic
2993 2700 3196 2751 auctor
3222 2697 3701 2770 anonymushisce
3725 2713 3856 2753 exem-

548 2793 717 2843 notas
748 2787 819 2842 ad
851 2802 1026 2858 opera
1055 2784 1113 2840 S.
1148 2783 1414 2856 Cypriani
1448 2781 1603 2837 hunc
1640 2787 1952 2836 tractatum
1985 2781 2189 2848 edidit,
2301 2782 2413 2854 plis
2446 2785 2514 2837 ad
2548 2785 2998 2851 ostendendum,
3026 2786 3179 2856 quod
3217 2787 3327 2842 etsi
3355 2804 3530 2843 unum
3562 2792 3649 2842 aut
3675 2786 3854 2841 alterum

549 2897 694 2936 usus
725 2877 1058 2952 apographo
1091 2875 1500 2931 Sirmondiano
1532 2890 1598 2929 ex
1632 2873 1804 2928 veteri
1840 2873 2034 2928 codice
2067 2890 2190 2928 mo-
2302 2871 2509 2926 horum
2561 2873 2808 2926 duorum
2860 2873 3286 2945 baptismatum
3338 2875 3614 2932 ordinaris
3653 2874 3856 2945 coniungi

549 2967 788 3024 nasterii
819 2967 877 3022 S.
914 2964 1162 3038 Remigii
1207 2963 1518 3034 descripto,
1568 2963 1798 3018 censuit
1828 2963 1905 3033 (7)
1938 2964 2190 3019 auctoris
2302 2961 2546 3030 soleant,
2574 2961 2958 3018 nihilominus
2982 2968 3174 3018 tamen
3197 2965 3528 3036 baptismus
3551 2966 3726 3020 1180
3742 2980 3855 3034 aqua

543 3049 2009 3127 esseabaavoCyprianiparumdistantisltigaltium
2033 3067 2190 3106 secu-
2299 3067 2411 3105 non
2445 3056 2632 3106 cesset
2661 3053 2923 3108 conferre
2963 3053 3238 3124 gratiam,
3286 3055 3421 3110 licet
3452 3056 3520 3110 ab
3569 3054 3855 3127 impositione

542 3151 638 3201 tus
669 3149 757 3200 est
777 3144 1253 3217 Cyprianicorum
1281 3142 1485 3196 1179
1510 3141 1696 3196 editor
1713 3140 2060 3195 Oxoniensis
2086 3142 2184 3212 (8).
2224 3207 2258 3217 Α
2303 3155 2584 3194 manuum
2618 3138 2944 3210 specialiter
2965 3140 3035 3194 ad
3059 3141 3475 3197 conferendum
3499 3144 3742 3214 Spiritum
3762 3155 3853 3195 san-

541 3234 763 3290 Caveus
793 3234 928 3289 item
975 3232 1265 3303 ejusmodi
1313 3231 1690 3303 quaestionem
1724 3229 1919 3299 semel,
1954 3231 2189 3286 iterum-
2216 3207 2258 3273 (ἶ
2297 3233 2455 3282 ctum
2489 3227 2762 3283 instituta
2793 3234 3093 3300 separatus
3125 3231 3226 3286 sit.
3282 3254 3311 3280 «
3344 3231 3487 3287 Nam
3536 3231 3753 3287 dubitari
3778 3244 3850 3284 non

539 3341 653 3395 que
682 3321 1002 3379 discutiens
1033 3321 1106 3393 (9)
1139 3319 1351 3376 adduci
1383 3337 1498 3374 non
1529 3319 1737 3391 potuit,
1762 3325 1825 3374 ut
1855 3317 2017 3374 alteri
2050 3336 2183 3375 sen-
2295 3322 2502 3388 potest,
2540 3339 2566 3366 η
2613 3317 2804 3388 inquit
2851 3335 3180 3390 anonymus
3231 3322 3349 3392 (15)
3402 3346 3426 3371 ‹‹
3459 3323 3603 3393 quod
3650 3321 3850 3376 hodierno

535 3414 726 3468 tentiis
760 3411 1052 3467 calculum
1084 3409 1379 3480 adjiceret.
1404 3409 1508 3464 Sed
1535 3409 1756 3464 cazteris
1782 3407 1966 3463 multo
1989 3409 2180 3464 acrius
2292 3423 2525 3478 quoque
2554 3405 2646 3461 die
2679 3423 2789 3461 usu
2841 3407 3019 3475 venit,
3056 3414 3119 3463 ut
3169 3409 3434 3483 plerique
3484 3415 3607 3484 post
3635 3409 3849 3482 baptisma

533 3518 654 3557 rem
687 3501 1070 3572 investigasse
1099 3499 1331 3554 videtur
1359 3497 1768 3552 Tillemontius
1797 3497 1948 3569 (10):
1984 3498 2082 3568 qui
2115 3515 2180 3553 eo
2291 3497 2416 3551 sine
2471 3497 2844 3568 impositionc
2917 3513 3202 3552 manuum
3285 3501 3537 3572 episcopi
3592 3502 3654 3554 de
3701 3495 3846 3553 seculo

533 3606 722 3660 usque
755 3590 993 3644 demum
1027 3587 1329 3660 processit,
1365 3593 1430 3641 ut
1463 3603 1575 3641 non
1610 3589 1797 3642 solum
1831 3588 2055 3641 vivente
2087 3589 2179 3642 ad-
2290 3591 2514 3653 exeant,
2548 3590 2605 3640 et
2658 3590 2851 3640 tamen
2903 3603 3006 3656 pro
3057 3589 3336 3657 perfectis
3387 3588 3639 3644 ﬁdelibus
3666 3586 3844 3641 habean-

532 3679 645 3733 huc
675 3677 979 3750 Cypriane,
1015 3677 1114 3732 sed
1149 3677 1321 3732 etiam
1355 3681 1557 3730 contra
1603 3675 1924 3747 ipsummet
1951 3675 2175 3746 episco-
2289 3680 2496 3730 tur.....
2528 3677 2642 3729 Aut
2671 3675 2719 3730 si
2753 3674 2935 3739 dicas,
2971 3699 2996 3724 ››
3048 3677 3241 3748 pergit
3273 3695 3610 3750 anonymus,
3657 3701 3678 3724 ‹‹
3704 3675 3843 3744 hujus-

530 3783 672 3840 pum
704 3766 1223 3838 Carthaginensem
1250 3765 1532 3837 scriptum
1559 3781 1708 3836 Opus
1728 3765 2014 3820 deliniret.
2049 3765 2178 3820 Hec
2288 3765 2446 3818 modi
2478 3764 2776 3819 hominem
2827 3763 3050 3820 salvum
3093 3782 3211 3820 non
3263 3784 3436 3838 posse
3484 3767 3618 3832 ﬁeri,
3646 3764 3843 3820 omnibus

528 3861 620 3912 est
649 3873 882 3928 quoque
931 3855 1224 3910 sententia
1270 3854 1352 3908 Cl.
1402 3853 1690 3908 Gallandii
1739 3853 1874 3925 (11),
1909 3855 2003 3909 cui
2049 3856 2174 3924 jam
2286 3853 2575 3924 episcopis
2631 3851 2881 3908 salutem
2939 3854 3263 3923 adiminus,
3318 3873 3464 3928 quos
3521 3857 3596 3910 ita
3647 3850 3844 3926 periculis

527 3943 846 4018 praeluxere
903 3942 1228 3999 doctissimi
1289 3942 1586 3999 duumviri
1655 3941 2065 4000 Tillemontius
2122 3948 2178 4000 et
2285 3957 2463 4012 quam
2499 3942 2840 3998 certissimis
2885 3942 3228 4015 adstringis,
3264 3951 3330 4000 ut
3376 3946 3635 4001 omnibus
3662 3940 3839 3997 homini-

529 4033 854 4090 Ceillierius
885 4033 1020 4104 (12).
2284 4032 2418 4102 bus,
2453 4031 2548 4102 qui
2584 4031 2694 4086 sub
2726 4047 2865 4087 cura
2896 4047 3096 4087 eorum
3129 4039 3342 4105 agunt,
3376 4041 3434 4090 et
3464 4034 3566 4090 hac
3594 4039 3738 4104 atque
3760 4029 3841 4082 illac

1095 4121 1497 4178 ARTlCULUS
1540 4124 1607 4176 ll.
2284 4121 2568 4191 dispersis
2601 4121 2938 4192 regionibus
2992 4121 3262 4193 ipsorum
3293 4124 3841 4191 inﬁrmantur;perse.

970 4212 1237 4285 Analysis
1265 4213 1433 4283 hujus
1461 4213 1726 4282 opusculi.
2285 4212 2420 4264 meti
2433 4227 2565 4280 psos
2597 4209 2905 4265 subvenire
2937 4211 3191 4266 debeant
3217 4254 3230 4280 ,
3267 4212 3406 4284 quia
3440 4212 3616 4269 cteteri
3645 4207 3839 4266 homines

596 4303 685 4358 Ab
713 4301 879 4359 initio
909 4301 1165 4358 dilucide
1213 4301 1490 4373 proponit
1541 4304 1760 4355 statum
1794 4300 2170 4371 quaestionis;
2284 4299 2540 4354 minores
2571 4298 2820 4369 clericis,
2855 4299 2952 4372 qui
2987 4301 3422 4374 periclitantur,
3455 4302 3556 4358 hoc
3591 4301 3719 4355 idem
3745 4310 3837 4368 pra-

525 4393 734 4448 deinde
768 4393 1036 4448 observat
1065 4392 1178 4462 (13)
1207 4407 1219 4446 :
1255 4414 1281 4439 ‹‹
1329 4387 1621 4444 Nonnulla
1661 4405 1838 4460 super
1888 4389 1994 4444 hac
2027 4407 2173 4446 nova
2282 4394 2435 4444 stare
2470 4405 2579 4442 non
2611 4389 2873 4460 possint:
2901 4406 2971 4442 ne
3006 4391 3252 4462 sanguis
3274 4409 3497 4462 eorum,
3529 4391 3617 4464 qui
3646 4385 3774 4442 vacui
3795 4383 3837 4436 de

524 4481 847 4552 quaestione
877 4480 1097 4552 scripta
1127 4483 1228 4535 aut
1259 4478 1539 4549 rescripta
1580 4493 1730 4547 esse,
1764 4477 1980 4550 quibus
2014 4487 2170 4533 utra-
2281 4478 2492 4533 seculo
2525 4479 2710 4533 exisse
2757 4478 3132 4546 videbuntur,
3187 4481 3259 4534 de
3292 4498 3470 4536 manu
3516 4481 3832 4552 episcoporum

523 4586 636 4641 que
669 4586 804 4641 pars
834 4570 907 4624 ad
937 4567 1291 4625 destruenda
1321 4565 1508 4622 aliena
1540 4582 1773 4622 summo
1805 4565 1996 4621 studio
2030 4568 2169 4623 nite-
2205 4586 2246 4648 D
2279 4583 2515 4622 necesse
2550 4567 2758 4621 habeat
2796 4567 3031 4638 requiri.
3072 4590 3098 4616 »
3149 4570 3371 4626 Exinde
3423 4569 3707 4632 concludit,
3733 4559 3832 4637 quod

522 4660 716 4714 batur.
755 4681 782 4707 »
813 4659 960 4714 Hinc
989 4657 1370 4713 doctissimus
1418 4655 1742 4712 Ceillierius
1771 4656 1976 4710 merito
2007 4656 2166 4712 colli-
2278 4658 2510 4726 quando
2546 4656 2877 4727 baptismus
2907 4657 2963 4710 in
2992 4658 3231 4714 nomine
3257 4659 3399 4715 Jesu
3421 4656 3833 4732 praecesseritpet

520 4747 605 4819 git
635 4752 928 4802 auctorem
962 4747 1116 4802 hunc
1139 4763 1204 4802 eo
1227 4751 1488 4817 tempore
1510 4745 1838 4817 scripsisse,
1863 4762 1978 4817 quo
2000 4745 2169 4817 plura
2276 4744 2459 4798 solam
2496 4761 2705 4799 manus
2757 4745 3192 4815 impositionem
3247 4747 3504 4821 episcOpi
3551 4745 3709 4820 possit
3730 4741 3830 4812 ejus-

511 4836 638 4906 jam
671 4837 888 4909 scripta
917 4853 1020 4908 pro
1053 4840 1108 4892 et
1139 4838 1342 4892 contra
1372 4835 1732 4906 baptismum
1766 4833 2164 4892 haereticorum
2277 4833 2433 4887 modi
2468 4833 2685 4888 homini
2724 4835 3027 4904 poenitenti
3060 4852 3125 4890 ac
3175 4839 3434 4893 credenti
3464 4838 3625 4892 etiam
3653 4830 3828 4904 Spiritus

588 5032 668 5176 (ὃ)
693 5035 1006 5159 Anonym.,
1037 5032 1102 5088 de
1126 5033 1412 5102 Baptism,
1506 5030 1556 5083 1.

611 5107 665 5176 7)
717 5105 860 5176 Riga
887 5111 950 5173 t.,
1003 5105 1075 5160 ad
1124 5108 1264 5176 Opp.
1314 5107 1608 5172 Cyprian.,
1660 5115 1791 5171 pag.
1844 5103 1964 5170 133,
2016 5103 2160 5159 edit.

1176 5033 1412 5102 aptism.,
1445 5030 1473 5101 ἕ
1506 5030 1556 5083 1.
2276 5035 2383 5087 art.
2419 5031 2470 5099 4,
2502 5047 2635 5103 pag.
2671 5033 2790 5087 156.

1176 5121 1264 5176 pp.
1314 5101 1608 5172 Cyprian.,
1660 5115 1791 5171 pag.
1844 5103 1964 5170 133,
2016 5103 2160 5159 edit.
2286 5175 2293 5176 γ
2346 5103 2790 5176 (-l3)Anonym.,

588 5091 665 5176 (7)
717 5091 950 5176 Rigalt.,
994 5091 1075 5160 'ad
1124 5091 1264 5176 Opp.
1314 5091 1608 5172 Cprian.,
1660 5115 1791 5171 pag.
1844 5103 1964 5170 133,
2016 5103 2160 5159 edit.
2346 5091 2795 5229 (-13)'Ano'n(ym.,
2829 5106 2874 5173 §,
2916 5106 2968 5174 1,
3003 5122 3134 5179 pag.
3181 5107 3311 5175 362,
3346 5108 3403 5162 in
3435 5091 3823 5175 Galland.,apud

517 5175 919 5234 Paris..1666.
2274 5175 2541 5234 Cyprian.
2601 5191 2631 5230 e
2678 5178 2739 5230 1t.
2793 5176 2994 5234 Venet.
3046 5195 3176 5234 nae.
3229 5180 3336 5233 736
3385 5184 3439 5234 et
3482 5179 3596 5234 737.
3648 5180 3695 5231 et
3729 5170 3822 5226 edit-

563 5194 727 5242 aris.,
763 5191 919 5231 1000.

587 5252 662 5331 (ξ)
694 5248 830 5331 ιςθιι.
864 5253 1014 5331 part,
1047 5249 1308 5331 l|_l.,_rUpp.
1339 5242 1794 5331 Cyprian.,npa‘g.
1819 5246 1965 5331 .21..“

2274 5191 2541 5246 Cyprian.
2601 5191 2739 5230 eun.
2801 5191 2994 5234 venat.
3046 5195 3176 5250 pag.
3229 5191 3336 5233 736
3385 5191 3439 5235 et
3482 5191 3596 5248 737,
3648 5191 3695 5231 et
3729 5191 3789 5226 ea!

2271 5247 2738 5331 0299:933'20'
2839 5319 2913 5331 ..
3021 5320 3056 5331 η
3171 5320 3182 5331 .
3629 5317 3686 5331 ε...
3735 5306 3789 5331 ,ιε

607 5308 661 5392 9)
695 5308 1036 5376 ϐανς.’11ἰδι.
1072 5308 1335 5380 litteram,
1372 5308 1439 5370 ad
1474 5308 1837 5371 ann.'2'53vet
1865 5317 1986 5371 440.
2343 5319 2456 5389 (14)
2486 5308 2797 5389 Ᾰιῐὸῐιγωη
2836 5319 2988 5376 inter
3017 5320 3288 5394 Cyprian.
3321 5339 3354 5378 ο
3439 5365 3476 5390 .,
3509 5336 3610 5393 pag
3629 5317 3704 5380 22,
3728 5308 3820 5367 edit

615 5393 698 5449 10)
729 5391 1064 5449 Tillemont.
1102 5391 1372 5449 Μέηιοίν..
1408 5391 1547 5442 tom.
1585 5386 1678 5449 IV.
1707 5403 1839 5449 pag.
1873 5389 2000 5449 629,
2036 5392 2156 5445 not.
2270 5389 2485 5449 Brem..
2520 5394 2577 5444 et
2623 5392 2851 5449 Venet.
2902 5409 3034 5449 natz.
3086 5393 3190 5448 738
3237 5398 3296 5449 et
3323 5337 3446 5449 7‘38.
3486 5399 3538 5448 et
3580 5387 3707 5449 apud
3730 5379 3817 5436 Gal-

583 5379 698 5462 (Ιῦ)
729 5391 1064 5476 Tillemont.
1102 5379 1372 5458 Mdmoih,
1408 5391 1547 5442 tom.
1585 5386 1678 5458 IV,
1707 5403 1839 5461 pag.
1873 5389 2000 5454 629,
2036 5392 2156 5445 not.
2270 5379 2597 5476 Prem'.,met'
2623 5379 2851 5476 V'ene'tq
2902 5409 3034 5465 pag.
3063 5379 3190 5448 "7'38
3237 5398 3296 5449 et
3323 5379 3538 5462 73§,'e't
3577 5379 3707 5461 apud
3730 5379 3800 5436 Gll

511 5458 718 5518 xnsu'r
747 5464 803 5518 S.
839 5463 1102 5536 Cyprien.
1708 5458 1724 5460 “
1789 5458 1810 5461 ⁷

511 5534 693 5609 ’(11)
753 5532 1218 5609 Galland._Bibl.
1283 5532 1391 5609 Vgt.
1453 5533 1704 5586 Patrum.
1763 5535 1905 5588 tom.
1968 5532 2064 5604 ΙΙΙ,
2099 5531 2125 5586 i:

2269 5458 2450 5532 land.,
2483 5460 2542 5534 §§
2575 5463 2605 5515 4
2635 5466 2691 5518 et
2718 5464 2772 5517 5.
2839 5458 2846 5461 ⁷
2903 5458 2920 5463 “
2981 5458 3010 5465 ⁷
3435 5458 3443 5462 ’
3612 5458 3626 5461 ⁷

2339 5535 2450 5607 (15)
2480 5537 2792 5609 Anonym,
2826 5551 2953 5607 pag.
2985 5537 3075 5609 24,
3110 5535 3250 5596 edit.
3285 5541 3495 5608 Brem.,
3524 5539 3576 5592 et
3606 5530 3718 5591 edit.
3740 5520 3815 5577 V9-

511 5603 1020 5681 Proleggm.,cap.
1053 5607 1107 5681 _7,
1142 5619 1272 5681 pag.
1306 5604 1395 5681 24.
1432 5680 1435 5681 γ
1602 5675 1677 5681 ψ
1782 5676 1796 5681 _
1964 5675 1976 5681 _
2043 5603 2067 5681 Δ(
2101 5677 2126 5681 _
2268 5610 2408 5673 net.,
2433 5603 2573 5680 pag.
2603 5603 2709 5661 740
2735 5611 2791 5663 et
2820 5603 2985 5681 seqq.

578 5675 982 5762 (12ICeillier'
1003 5675 1155 5736 Hist.
1186 5677 1378 5734 Gener.
1423 5680 1566 5734 tom.
1599 5675 1701 5746 III,
1748 5676 1919 5751 chap.
1953 5675 2008 5751 1,
2037 5675 2068 5753 ἕ
2097 5677 2151 5750 3,

3974 3061 3975 3081 l

3972 3173 3973 3193 l

3970 3269 3971 3305 1

3968 3373 3969 3415 1

3966 3509 3967 3527 1

3963 3603 3965 3637 1

3961 3707 3963 3749 1

3958 3881 3959 3918 1
