4088 6174
282 341 435 402 1229

1285 336 1481 398 PARS
1526 332 1574 396 Ι.
1607 368 1684 382 —
1728 334 2227 397 MONUMENTA
2272 329 2682 398 VETERUM.

3541 332 3697 396 1230

279 474 525 529 sanctus
558 469 758 537 tribui,
791 470 934 542 quin
966 485 1205 526 necesse
1252 470 1329 526 sit
1350 469 1531 542 quaeri
1581 467 1751 541 quale
1791 468 1936 524 illud
1968 471 2019 535 Α
2052 468 2242 522 suevit
2272 483 2344 523 ne
2371 467 2659 524 invocatio
2691 467 2944 524 nominis
2973 468 3136 537 Jesu,
3160 482 3288 540 qua
3330 468 3546 524 aboleri
3576 485 3690 522 non

279 560 578 634 baptisma
606 559 803 626 fuerit,
839 559 994 631 quod
1028 559 1086 614 in
1120 559 1355 615 nomine
1383 559 1520 614 Jesu
1548 557 1759 614 Christi
1794 574 1930 612 con-

282 653 524 706 secutus
551 653 640 705 est
664 648 798 721 (16).
832 648 1088 704 Ascribit
1115 648 1380 704 eamdem
1405 647 1722 703 efﬁcaciam
1752 647 1934 719 bapti-

283 755 414 795 smo
446 738 702 810 Spiritus
734 738 922 794 sancti
952 738 1079 794 sine
1111 737 1209 793 illo
1241 753 1426 808 aquae,
1460 737 1567 792 hoc
1598 737 1770 792 nixus
1801 737 1931 791 fun-

284 829 584 897 damento,
613 828 752 900 quia
781 827 966 882 virtus
1015 826 1270 882 nominis
1318 831 1456 882 Jesu
1506 825 1722 881 Christi
1770 829 1936 880 tanta

281 922 396 985 est,
427 940 456 967 ‹‹
489 919 555 973 ut
584 931 761 988 super
791 931 1202 987 quemcunque
1232 915 1536 971 hominum
1579 913 1933 986 baptismate

283 1005 573 1076 invocata,
599 1027 627 1053 ››
659 1005 730 1060 ad
764 1004 1015 1060 salutem
1036 1003 1461 1075 assequendam
1496 1019 1609 1058 non
1644 1001 1933 1056 modicam

286 1116 314 1145 ‹‹
348 1094 791 1167 praerogativam
853 1098 1130 1166 praestare
1185 1093 1460 1164 possit....
1496 1114 1524 1142 »
1582 1091 1652 1146 Et
1705 1089 1825 1156 ille,
1876 1090 1934 1144 in

283 1200 422 1255 quo,
471 1201 604 1239 cum
663 1183 1076 1255 baptizaretur,
1107 1205 1135 1233 «
1171 1182 1503 1237 invocatum
1558 1184 1713 1236 esset
1740 1180 1801 1236 in
1833 1195 1934 1235 no-

285 1273 446 1328 mine
481 1277 643 1340 Jesu,
675 1271 813 1328 licet
846 1273 903 1326 in
928 1271 1126 1342 aliquo
1155 1287 1348 1326 errore
1377 1293 1405 1322 »
1441 1275 1542 1326 aut
1572 1275 1806 1342 peccata
1834 1269 1932 1324 de-

285 1363 596 1428 tineretur,
646 1361 697 1417 si
752 1376 1005 1416 errorem
1068 1376 1244 1415 suum
1285 1359 1556 1429 corrigat,
1595 1359 1729 1414 ﬁdei
1788 1358 1935 1413 veri-

285 1454 466 1506 tatem
501 1454 800 1523 agnoscat,
842 1453 898 1505 et
940 1464 1171 1505 omnem
1223 1449 1410 1504 labem
1458 1448 1754 1520 praeteritae
1801 1463 1936 1502 con-

285 1540 633 1596 versationis
691 1538 1030 1606 abscindat,
1085 1543 1142 1593 et
1211 1539 1282 1593 ad
1354 1535 1695 1604 Ecclesiam,
1753 1540 1810 1592 et
1865 1536 1936 1593 ad

284 1630 624 1702 episcopum
647 1628 858 1695 veniat,
885 1627 1316 1699 impositionem
1340 1643 1622 1683 manuum
1646 1626 1834 1698 ipsius
1857 1642 1940 1681 re-

284 1718 485 1790 cipiat,
518 1716 770 1787 accipiat
803 1717 1090 1788 Spiritum
1124 1721 1416 1785 sanctum,
1445 1714 1588 1787 quin
1619 1715 1939 1770 invocatio-

2043 561 2254 628 potest,
2288 557 2650 630 contemptui
2681 575 2714 613 a
2746 557 2916 613 nobis
2970 557 3235 613 videatur
3263 556 3498 614 habita:
3534 558 3691 628 quod

2048 647 2250 718 utique
2279 663 2396 702 non
2426 651 2692 719 oportet;
2725 663 3064 719 quanquam
3116 646 3252 704 talis
3297 647 3608 711 invocatio,
3644 645 3695 701 si

2045 735 2188 790 nihil
2243 751 2466 804 corum,
2500 753 2627 808 quae
2673 736 3128 793 memoravimus
3166 739 3434 792 secutum
3495 735 3692 805 fuerit,

2053 825 2126 879 ab
2159 825 2488 896 operatione
2506 827 2702 882 salutis
2737 829 2923 882 cesset
2953 843 3019 881 ac
3047 829 3232 880 vacet.
3259 824 3498 880 Dicente
3536 824 3694 880 enim

2043 914 2320 984 Apostolo
2370 932 2546 970 unum
2592 931 2708 970 esse
2769 916 3035 986 baptisma
3091 913 3307 986 (Ephcs.
3362 931 3436 982 iv,
3481 913 3560 984 5),
3595 929 3694 968 ne-

2051 1018 2213 1058 cesse
2246 1008 2334 1059 est
2364 1003 2728 1060 invocatione
2769 1004 3024 1059 nominis
3069 1004 3206 1059 Jesu
3250 1006 3694 1075 perseverante;

2045 1093 2184 1163 quia
2213 1109 2326 1148 non
2362 1098 2550 1165 potest
2583 1111 2614 1148 a
2645 1109 2939 1165 quoquam
2991 1092 3322 1162 hominum,
3357 1109 3482 1164 quae
3512 1089 3695 1148 semel

2047 1181 2317 1237 invocata
2344 1187 2434 1237 est
2463 1182 2699 1238 auferri.

2119 1270 2326 1326 Postea
2355 1271 2593 1342 exponit
2623 1271 2916 1343 baptisma
2957 1270 3262 1343 sanguinis
3293 1287 3324 1325 a
3352 1270 3492 1326 Jesu
3532 1268 3697 1326 Chri-

2047 1366 2136 1415 sto
2193 1361 2566 1432 designatum
2627 1361 2738 1433 (19)
2796 1361 2957 1416 hisce
3011 1359 3203 1416 verbis
3252 1376 3265 1414 :
3329 1382 3357 1408 «
3415 1358 3698 1430 Baptizari

2047 1447 2232 1504 habeo
2290 1449 2447 1504 aliud
2499 1453 2693 1505 autem
2755 1449 3052 1522 baptisma
3109 1471 3136 1498 »
3189 1450 3366 1520 (Luc.,
3427 1467 3530 1520 xii,
3585 1450 3696 1516 50).

2054 1560 2075 1590 ι
2096 1538 2213 1594 Hoc
2236 1537 2291 1593 in
2319 1538 2497 1604 loco,»
2523 1539 2604 1594 ait
2628 1544 2827 1594 noster
2849 1555 3179 1611 anonymus
3194 1539 3307 1609 (20)
3336 1563 3356 1588 ι
3385 1554 3498 1594 non
3523 1544 3588 1594 ut
3609 1555 3700 1594 se-

2049 1628 2308 1682 cundum
2342 1627 2650 1698 baptisma,
2677 1645 2742 1682 ac
2765 1627 2814 1683 si
2847 1628 2970 1682 sint
2994 1629 3110 1683 duo
3133 1626 3512 1700 baptismate,
3534 1627 3699 1682 Chri-

2050 1721 2178 1772 stus
2229 1716 2540 1788 signiﬁcat,
2603 1717 2704 1772 sed
2745 1716 2987 1772 alterius
3047 1733 3274 1788 quoque
3326 1715 3538 1788 speciei
3597 1716 3698 1771 ba-

286 1805 380 1862 nis
411 1828 439 1854 »
466 1804 625 1861 illius
658 1805 1040 1876 praecedentis
1069 1804 1327 1860 nominis
1354 1807 1493 1860 Jesu
1518 1803 1775 1876 legitime
1792 1803 1938 1860 cele-
1971 1842 2018 1906 Β
2051 1805 2266 1877 ptisma
2298 1806 2368 1860 ad
2400 1806 2666 1862 eamdem
2709 1805 2960 1861 salutem
3011 1821 3366 1861 concurrens
3416 1805 3700 1860 donatum

286 1897 464 1950 bratie
497 1893 856 1950 caremoniaa
883 1893 1137 1949 fructum
1162 1893 1413 1960 amittat,
1439 1909 1562 1962 qua
1594 1898 1788 1948 tamen
1819 1892 1943 1948 sola

289 2000 406 2039 non
437 1983 658 2039 sufﬁcit
679 1983 750 2038 ad
785 1982 1057 2049 salutem,
1091 1999 1221 2054 quae
1259 1987 1454 2038 autem
1495 1983 1700 2054 incipit
1728 1982 1943 2037 habere

287 2073 609 2128 efﬁcaciam
644 2076 700 2126 et
720 2072 1000 2127 virtutem
1025 2094 1052 2121 «
1077 2071 1431 2127 correctione
1452 2072 1666 2127 erroris
1696 2077 1753 2125 et
1783 2071 1943 2142 agni-

289 2163 450 2216 tione
501 2160 786 2227 veritatis,
839 2165 895 2215 et
951 2161 1212 2216 abscissa
1264 2159 1422 2215 omni
1465 2159 1595 2215 labe
1640 2159 1941 2232 praeteritae

287 2248 767 2316 conversationis,
799 2253 855 2304 et
885 2250 1212 2316 accedente,
1247 2249 1402 2320 quod
1455 2249 1670 2313 deerat,
1702 2247 1942 2320 supple-

290 2345 489 2395 mento
526 2361 553 2388 »
583 2355 686 2410 per
716 2338 1153 2410 impositionem
1191 2354 1494 2393 manuum.
1517 2337 1731 2392 Probat
1757 2353 1946 2392 asser-

289 2433 421 2483 tum
452 2427 562 2482 hoc
593 2427 860 2498 exemplo
887 2427 1286 2498 apostolorum
1317 2427 1452 2498 (17),
1485 2427 1585 2497 qui
1632 2429 1942 2498 postquam

286 2517 590 2573 Christum
649 2516 1057 2582 deseruerunt,
1109 2521 1284 2586 atque
1333 2515 1503 2570 ﬁdem
1554 2515 1942 2586 abnegarunt,

291 2623 410 2661 non
459 2603 769 2660 cessabant
825 2604 1171 2675 baptizare;
1231 2604 1311 2659 ait
1367 2604 1580 2672 dein,§
1642 2605 1728 2670 10,
1787 2603 1942 2674 quod

292 2716 322 2744 «
352 2693 679 2766 baptismus
711 2694 782 2748 ab
819 2693 1109 2765 episcopis
1143 2693 1410 2764 pessimae
1463 2692 1941 2761 conversationis,

293 2787 401 2837 aut
426 2798 596 2854 prave
627 2781 1020 2837 sentientibus
1065 2786 1168 2836 aut
1212 2781 1672 2853 imperitioribus
1710 2803 1736 2829 »
1768 2780 1942 2836 colla-

294 2877 416 2939 tus,
440 2872 515 2926 sit
546 2872 734 2927 bonus
755 2875 812 2926 et
837 2871 1064 2942 integer
1088 2887 1102 2937 ;
1126 2876 1246 2924 tam
1281 2885 1495 2942 magna
1515 2869 1720 2935 virtus,
1749 2892 1776 2919 «
1807 2885 1942 2940 ope-

297 2959 630 3014 rationibus
663 2958 877 3014 divinis
898 2964 986 3014 est
1017 2958 1252 3030 prOpria
1273 2958 1405 3029 (18).
1432 2982 1451 3006 ι
1481 2959 1759 3029 Adjungit
1788 2957 1943 3026 dein,

295 3049 549 3116 §eodem
575 3067 588 3104 :
627 3068 654 3102 ιι
683 3049 828 3104 Cum
861 3046 1022 3103 salus
1055 3053 1256 3103 nostra
1286 3049 1342 3101 in
1372 3047 1726 3118 baptismate
1767 3047 1944 3118 Spiri-

290 3143 413 3204 tus,
463 3138 616 3208 quod
672 3142 730 3192 et
790 3136 1130 3208 plerumque
1183 3152 1315 3191 cum
1371 3137 1727 3207 baptismate
1781 3153 1946 3208 aqua;

291 3227 675 3296 conjunctum
719 3230 825 3292 est,
870 3225 945 3280 sit
995 3225 1336 3292 constituta,
1367 3225 1657 3296 siquidem
1711 3241 1811 3296 per
1841 3241 1946 3281 nos
1978 3211 2021 3276 C

291 3315 589 3388 baptisma
631 3315 894 3371 tradetur
959 3315 1184 3385 integre
1235 3319 1294 3369 et
1334 3313 1692 3380 solemniter,
1745 3319 1802 3370 et
1849 3331 1951 3386 per

291 3405 512 3476 omnia,
567 3421 694 3476 quae
744 3403 960 3475 scripta
992 3407 1150 3468 sunt,
1202 3403 1584 3475 assignattur,
1627 3420 1774 3476 eque
1825 3405 1952 3458 sine

298 3493 460 3548 illius
514 3493 714 3548 1181
752 3493 833 3546 rei
890 3492 1260 3564 separatione
1317 3493 1619 3560 tradatur;
1655 3499 1756 3547 aut
1814 3493 1861 3548 si
1921 3510 1955 3548 a

294 3581 524 3636 minore
546 3579 754 3636 clerico
788 3595 896 3651 per
924 3579 1332 3635 necessitatem
1390 3579 1673 3636 traditum
1709 3580 1899 3652 fuerit,
1921 3601 1948 3634 ιι

295 3673 576 3726 eventum
609 3673 1036 3741 exspectemus,
1071 3671 1136 3723 ut
1163 3671 1265 3724 aut
1303 3667 1648 3739 suppleatur
1687 3686 1721 3724 a
1763 3669 1952 3738 nobis,

298 3763 404 3815 aut
433 3774 467 3813 a
496 3757 742 3813 Domino
793 3756 1191 3829 supplendum
1238 3762 1562 3812 reservetur
1594 3775 1607 3824 ;
1641 3757 1688 3812 si
1722 3774 1853 3812 vero
1883 3759 1954 3813 ab

302 3845 516 3902 alienis
549 3847 825 3902 traditum
859 3846 1051 3915 fuerit,
1086 3849 1149 3900 ut
1201 3849 1392 3916 potest
1430 3845 1536 3900 hoc
1569 3846 1870 3916 negotium
1900 3851 1958 3902 et

303 3940 373 3992 ut
405 3936 682 4003 admittit,
708 3935 1035 4006 corrigatur
1058 3959 1072 3990 :
1098 3934 1237 4006 quia
1263 3934 1513 4006 Spiritus
1535 3940 1776 3989 sanctus
1798 3940 1957 3991 extra

302 4024 625 4082 Ecclesiam
668 4042 782 4081 non
831 4024 928 4090 sit,
960 4025 1106 4079 ﬁdes
1155 4039 1388 4095 quoque
1419 4040 1533 4079 non
1584 4023 1773 4079 solum
1801 4025 1954 4096 apud

307 4113 635 4183 haereticos,
669 4130 871 4171 verum
899 4112 1076 4168 etiam
1108 4113 1261 4184 apud
1291 4129 1390 4168 eos
1422 4112 1521 4184 qui
1552 4113 1608 4168 in
1642 4112 1957 4169 schismate

302 4203 608 4261 constituti
661 4207 820 4273 sunt,
851 4218 996 4257 sana
1038 4217 1169 4257 esse
1217 4218 1332 4257 non
1382 4201 1586 4274 possit.
1622 4201 1959 4274 Idcircoque

302 4292 711 4366 pcenitentiam
744 4290 1057 4364 agentibus
1087 4290 1473 4361 correctisque
1499 4307 1603 4363 per
1631 4291 1957 4347 doctrinam

302 4381 568 4438 veritatis
586 4384 642 4436 et
665 4395 768 4452 per
785 4379 1258 4451 ﬁdemipsorum,
1278 4396 1404 4451 quae
1428 4384 1628 4452 postea
1653 4381 1962 4438 emendata

301 4475 397 4529 est
439 4471 745 4544 puriﬁcato
795 4469 966 4525 corde
1007 4485 1234 4536 eorum,
1286 4470 1698 4526 tantummodo
1763 4471 1957 4543 bapti-

306 4565 500 4618 smate
549 4557 866 4631 spirituali,
901 4558 957 4612 id
1012 4563 1121 4627 est,
1157 4575 1367 4614 manus
1419 4557 1790 4630 impositione
1839 4559 1959 4632 epi-
1990 4578 2037 4643 D

309 4649 496 4722 scopi,
527 4655 584 4706 et
614 4648 868 4721 Spiritus
913 4647 1104 4704 sancti
1153 4646 1718 4716 subministratione,
1753 4649 1962 4704 subve-

310 4739 427 4796 niri
476 4739 718 4805 debeat;
751 4737 987 4810 signum
1039 4752 1274 4808 quoque
1324 4735 1456 4791 ﬁdei
1514 4734 1807 4807 integrum
1858 4737 1966 4792 hoc

311 4828 489 4885 modo
519 4832 576 4883 et
604 4825 712 4881 hac
743 4825 966 4881 ratione
996 4824 1149 4880 tradi
1193 4824 1250 4878 in
1284 4822 1541 4880 Ecclesia
1591 4824 1798 4880 merito
1829 4841 1970 4880 con-

390 4952 503 5024 (16)
554 4957 767 5024 Anon.,
794 4950 860 5024 in
916 4950 1056 5006 edit.
1129 4950 1338 5020 Brem.,
1400 4965 1532 5022 pag.
1594 4950 1685 5020 23,
1742 4951 1850 5018 24;
1907 4949 1969 5005 in

312 5023 547 5092 Venet.,
566 5040 707 5150 (pag.
738 5023 864 5076 741.

393 5096 506 5150 (17)
542 5101 559 5150 l
606 5096 772 5150 em.§
802 5095 856 5150 9.
891 5107 1026 5150 βίη-ξ.
1060 5091 1166 5145 366
1210 5092 1363 5150 apud
1415 5090 1706 5150 Galland..
1739 5091 1798 5147 in
1831 5092 1920 5148 edi

393 5096 506 5168 (17)
535 5090 772 5168 Idem,§
801 5095 856 5168 9,
891 5107 1026 5163 pug.
1060 5091 1166 5145 366
1210 5090 1706 5168 apud_(_}_all_a_n_d.,
1739 5091 1798 5147 in
1831 5092 1970 5148 edit.

315 5163 535 5236 Brem},
566 5168 658 5232 26,
703 5167 764 5220 in
800 5165 1024 5229 Verivt.,
1055 5179 1189 5289 pag,
1221 5163 1346 5229 742,
1379 5163 1505 5230 743,
1531 5163 1658 5217 744.

395 5240 505 5289 (18)
560 5238 743 5289 Idem-
791 5253 926 5289 pag.
974 5235 1065 5289 26.
1099 5250 1129 5289 e
1177 5238 1240 5289 it.
1274 5239 1464 5289 Brem.
1497 5239 1554 5289 et
1577 5232 1658 5289 Ve

395 5232 532 5365 (’18)
560 5238 743 5304 Idem,
791 5253 926 5309 pag.
974 5232 1071 5305 26,
1099 5232 1240 5290 edit.
1274 5239 1464 5290 Brem.
1497 5239 1554 5289 et
1577 5232 1804 5302 Venet.,
1837 5250 1968 5307 pag.

315 5312 394 5366 74
439 5352 452 5364 .
483 5310 613 5366 747.
639 5309 766 5364 748.

331 5350 866 5454 "(’19)‘Knon§m.,
911 5379 939 5445 §
989 5377 1073 5442 11,
1125 5376 1280 5447 apud
1325 5376 1745 5443 Gallandium.,
1778 5393 1812 5432 a
1841 5393 1972 5450 pag.

319 5451 452 5530 3677.
465 5453 622 5530 Aed‘it.
648 5453 841 5530 _Brem.
859 5464 1021 5530 _pag.‘
1033 5447 1131 5530 .28,
1147 5453 1220 5530 ‘et
1251 5447 1368 5504 Ven
1376 5450 1799 5530 eg,npag:.752n.

401 5526 512 5597 (20)
541 5527 569 5593 §
603 5525 691 5590 14,
717 5517 894 5597 apud
922 5517 1372 5597 Gallandlpag.
1413 5517 1538 5588 368,
1571 5517 1710 5576 e'dit.
1761 5522 1979 5590 Brem.,

325 5593 417 5673 pa'
453 5640 466 5664 ,
496 5593 588 5651 28.
620 5600 677 5652 et
714 5593 940 5663 venat,
972 5608 1102 5664 pag.
1133 5593 1258 5648 752.
1334 5593 1337 5594 ⁷

405 5614 762 5751 €21)Locum
819 5663 1116 5738 integrum
1165 5663 1437 5741 anonymi
1496 5661 1674 5748 hujus
1705 5663 1921 5748 auctori

498 5667 762 5748 )Locum
819 5667 1116 5738 integrum
1165 5667 1437 5741 anonymi
1496 5667 1674 5748 hujus
1705 5667 1981 5748 auctoris,

2053 1895 2220 1950 nobis
2241 1911 2370 1950 esse
2386 1894 2931 1958 demonstrat.Quas
2947 1899 3224 1966 utrasque
3244 1894 3468 1965 species
3481 1893 3552 1949 ab
3573 1893 3701 1965 ipso

2052 1984 2297 2038 Domino
2318 1987 2517 2039 nostro
2549 1984 2806 2054 primum
2828 1983 3047 2038 initiari
3074 1987 3127 2038 et
3150 1982 3505 2038 sanctiﬁcari
3530 1999 3701 2054 opor-

2051 2072 2230 2139 tebat,
2261 2077 2327 2127 ut
2366 2072 2534 2127 nobis
2565 2089 2796 2143 quoque
2829 2073 3110 2126 alterutra
3140 2071 3261 2126 sive
3291 2074 3540 2141 utraque
3569 2087 3698 2143 spe-

2052 2161 2168 2216 cies
2219 2177 2403 2216 unum
2456 2160 2565 2215 hoc
2614 2160 2830 2232 duplex
2875 2159 3265 2227 salutiferum,
3297 2164 3471 2232 atque
3519 2160 3701 2216 hono-

2055 2249 2282 2304 riﬁcum
2330 2251 2627 2321 baptisma
2665 2255 2972 2322 prmtaret;
3006 2256 3061 2304 et
3098 2249 3199 2304 viai
3229 2250 3493 2319 quaedam
3525 2248 3702 2304 unius

2054 2339 2427 2411 baptismatis
2459 2340 2543 2394 sic
2567 2338 2734 2394 nobis
2767 2341 3130 2410 pateﬁerent,
3159 2344 3220 2393 ut
3254 2338 3570 2409 aliquando
3591 2337 3701 2393 im-

2053 2444 2206 2499 pune
2238 2427 2436 2499 aliqua
2471 2427 2703 2482 illarum
2755 2429 2970 2493 desset,
3023 2428 3173 2482 sicut
3203 2428 3261 2482 in
3304 2427 3548 2482 verbum
3601 2443 3703 2481 au-

2052 2517 2349 2572 dientibus
2373 2515 2730 2586 martyribus
2753 2515 2994 2588 impune
3008 2532 3168 2587 aquae
3190 2515 3485 2588 baptisma
3503 2517 3573 2572 de
3595 2519 3704 2582 est,

2053 2622 2199 2678 quos
2222 2610 2417 2660 tamen
2441 2604 2580 2660 certi
2604 2621 2835 2670 sumus,
2863 2604 2912 2660 si
2933 2605 3072 2676 quid
3092 2605 3403 2661 laxamenti
3429 2606 3703 2677 habeant,

2052 2695 2228 2750 etiam
2261 2711 2414 2765 aqua
2462 2692 2667 2748 solitos
2719 2693 2998 2764 baptizari
3033 2708 3045 2747 :
3084 2716 3104 2741 ι
3143 2695 3399 2765 Itemque
3433 2693 3573 2758 illis.
3607 2694 3707 2765 qui

2054 2783 2300 2854 legitimi
2322 2785 2462 2837 sunt
2488 2781 2687 2836 ﬁdeles
2710 2782 2921 2847 elfecti,
2943 2782 3186 2852 impune
3231 2783 3392 2838 deest
3415 2783 3708 2854 baptisma

2053 2871 2360 2944 sanguinis
2403 2870 2620 2942 proprii
2637 2887 2650 2936 ;
2667 2869 2807 2940 quia
2829 2870 3106 2941 baptizati
3126 2869 3184 2923 in
3212 2871 3445 2925 nomine
3468 2869 3704 2935 Christi,

2055 2961 2340 3031 redempti
2366 2963 2505 3014 sunt
2527 2958 2956 3031 pretiosissimo
2989 2959 3273 3030 sanguine
3295 2959 3548 3027 Domini,
3571 2975 3706 3015 cum

2055 3054 2304 3120 utraque
2345 3048 2464 3103 haec
2493 3064 2561 3102 ex
2593 3063 2708 3102 uno
2740 3051 2913 3119 atque
2962 3047 3166 3102 eodem
3210 3047 3364 3103 fonte
3394 3048 3710 3119 procedant

2058 3137 2304 3192 ﬂumina
2325 3136 2695 3208 baptismatis
2719 3135 3074 3192 Dominici...
3104 3153 3228 3208 qua:
3257 3137 3511 3208 primum
3535 3153 3710 3209 appa-

2061 3225 2286 3282 ruerint
2314 3225 2373 3280 in
2410 3225 2638 3280 Domini
2670 3224 2967 3298 passione,
3001 3226 3171 3296 cujus
3205 3225 3273 3279 de
3306 3225 3486 3280 latere
3515 3227 3710 3298 perfo-

2060 3319 2184 3370 rato
2229 3315 2430 3369 lancea
2478 3313 2718 3370 militari
2767 3313 3008 3386 sanguis
3057 3318 3113 3368 et
3155 3330 3303 3384 aqua
3333 3314 3614 3380 manavit,
3655 3317 3712 3369 et

2060 3404 2351 3460 emitteret
2380 3403 2494 3458 duo
2545 3402 2791 3458 ﬁumina
2838 3403 3075 3458 diversae
3107 3403 3342 3474 speciei,
3385 3403 3483 3458 sed
3514 3407 3710 3459 tamen

2062 3493 2327 3563 ejusdem
2358 3509 2423 3547 ac
2457 3491 2752 3563 singulare
2789 3491 2965 3558 latus,
3001 3491 3083 3546 ita
3130 3496 3195 3546 ut
3242 3489 3558 3563 impleatur
3584 3491 3709 3564 Spi-

2064 3583 2180 3637 ritu
2214 3591 2435 3647 sanclo,
2477 3581 2816 3651 quicunque
2844 3581 3086 3636 credens
3125 3581 3340 3636 biberit
3367 3597 3436 3636 ex
3466 3586 3712 3652 utroque

2066 3671 2329 3726 ﬂumine.
2358 3671 2484 3724 Hinc
2506 3669 2663 3724 enim
2684 3669 2754 3724 de
2777 3669 3122 3724 fluminibus
3143 3668 3236 3725 his
3259 3668 3502 3740 loquens
3523 3675 3713 3725 osten-

2066 3759 2239 3814 debat
2273 3759 2552 3813 Dominus
2576 3757 2919 3830 signiﬁcans
2951 3756 3231 3829 Spiritum
3265 3763 3554 3814 sanctum.
3581 3758 3722 3813 Inde

2065 3853 2174 3918 est,
2208 3847 2360 3919 quod
2398 3847 2455 3902 S.
2489 3847 2745 3902 Joannes
2778 3845 3078 3916 apostolus
3113 3848 3231 3901 hac
3264 3845 3442 3901 simul
3474 3847 3720 3916 conjun-

2065 3952 2211 4010 gens
2242 3936 2396 3990 dicat
2430 3958 2456 3985 »
2489 3953 2502 3990 :
2538 3937 2659 3990 Tres
2707 3936 3087 3991 testimonium
3120 3935 3421 4006 perhibent,
3452 3936 3722 4008 Spiritus,

2064 4034 2118 4082 ct
2144 4042 2313 4096 aqua,
2347 4029 2396 4080 et
2452 4026 2700 4096 sanguis.
2735 4027 2799 4078 Et
2848 4025 2946 4079 isti
2985 4023 3179 4080 I182
3242 4031 3347 4079 tres
3392 4041 3564 4079 unum
3593 4027 3724 4079 sunt

2069 4115 2114 4186 (1
2144 4116 2304 4171 Joan.
2336 4131 2392 4182 v,
2424 4115 2500 4183 6).
2544 4113 2653 4186 (21)
2686 4112 2760 4168 Ut
2788 4129 2857 4168 ex
2886 4112 3001 4168 illis
3045 4112 3392 4184 colligamus
3423 4117 3481 4169 et
3509 4128 3723 4185 aquam

2069 4207 2344 4277 praestare
2374 4203 2650 4275 Spiritem
2684 4201 2944 4265 solitum,
2967 4206 3026 4257 et
3050 4202 3395 4274 sanguinem
3419 4202 3720 4275 proprium

2067 4292 2408 4348 hominibus
2434 4297 2704 4365 praestare
2719 4291 3000 4364 Spiritum
3025 4291 3352 4358 solitum,et
3373 4291 3568 4364 ipsum
3585 4307 3725 4364 quo-

2069 4397 2182 4454 que
2211 4381 2493 4454 Spiritum
2527 4385 2804 4454 praestare
2839 4379 3122 4452 Spiritum
3155 4379 3560 4454 solitum(22).

2621 4486 3028 4543 ARTICULUS
3080 4487 3176 4542 III.

2158 4577 2540 4632 Obervationes
2571 4575 2824 4651 quantum
2858 4578 2916 4631 in
2939 4577 3096 4651 [tunc
3117 4579 3445 4646 tractatum,
3478 4586 3638 4651 atque

2617 4647 2859 4718 ejusdem
2884 4647 3175 4703 editiones.

2147 4736 2276 4792 Haec
2331 4752 2566 4792 summa
2623 4735 2801 4806 hujus
2869 4735 3137 4808 opusculi
3204 4736 3270 4794 de
3325 4739 3732 4810 Rebaptismate

2075 4825 2288 4899 capita,
2315 4825 2470 4898 quod
2489 4840 2557 4880 ex
2589 4826 2848 4897 professo
2871 4829 3171 4881 exaratum
3195 4825 3374 4882 fuisse
3398 4828 3626 4883 videtur
3655 4827 3726 4882 ad

2080 4949 2179 5022 qui
2193 4949 2434 5005 Comma
2446 4957 2695 5022 octavum
2707 4948 3029 5022 Joanneum
3047 4951 3564 5020 conjunctumcnm
3578 4956 3731 5008 sexto

2082 5021 2140 5076 in
2173 5039 2279 5104 suo
2311 5021 2625 5102 exemplari
2645 5021 2892 5102 .legisse.
2919 5023 3164 5087 videtur,
3197 5023 3414 5103 excutit
3456 5024 3521 5077 Β.
3566 5023 3622 5078 Ρ.
3659 5025 3733 5080 de

2083 5094 2298 5149 Rubeis
2332 5094 2390 5149 V.
2425 5092 2480 5146 C.
2511 5110 2568 5146 in
2600 5093 3009 5148 dissertatione
3038 5093 3108 5146 de
3148 5092 3338 5147 tribus
3380 5110 3438 5147 in
3472 5092 3612 5148 cmlo
3643 5099 3733 5149 te-

2084 5099 2298 5149 Rubeis
2332 5099 2390 5149 V.
2425 5099 2480 5146 C.
2511 5099 2568 5146 in
2600 5099 3009 5148 dissertatione
3038 5099 3108 5146 de
3148 5099 3338 5147 tribus
3380 5099 3438 5147 in
3472 5099 3612 5148 cmlo
3643 5099 3735 5150 te-

2084 5165 2295 5232 stibus,
2320 5181 2450 5236 pag.
2473 5166 2562 5220 76.
2596 5165 2758 5229 Quod
2788 5163 3022 5236 quidem
3052 5169 3466 5235 argumentum
3499 5181 3612 5236 prie
3633 5183 3737 5221 caa-

2085 5237 2225 5291 teris
2268 5235 2721 5308 diligentissime
2767 5235 3152 5308 pertractasse
3209 5235 3564 5304 comperitur
3600 5253 3734 5294 eru-

2087 5306 2420 5363 ditissimus
2447 5306 2787 5362 Bossuetius
2805 5311 3006 5363 contra
3022 5306 3372 5363 Sumonium
3403 5313 3623 5364 Remar.
3639 5325 3738 5366 sur

2090 5380 2146 5434 la
2197 5377 2479 5452 Critiqnde
2530 5378 2586 5452 la
2630 5379 3018 5452 ‘Bibtiothéque
3071 5377 3164 5434 de:
3214 5381 3340 5434 Aut.
3388 5381 3530 5436 Eccl.
3561 5389 3734 5452 ,tom.

2088 5452 2177 5524 II,
2192 5466 2325 5524 pag.
2347 5450 2671 5504 575—628.

2183 5520 2314 5597 22):
2329 5527 2640 5597 Anonym,
2676 5524 2703 5588 §
2737 5522 2822 5597 1_5,
2869 5520 3346 5597 apud_Galland.
3384 5563 3398 5590 ,
3422 5524 3693 5597 pag.i369
3723 5541 3738 5591 ;

2161 5539 2275 5593 (zz;
2329 5539 2640 5593 anonym,
2676 5539 2703 5588 ε
2737 5539 2822 5587 ιο,
2869 5539 3023 5594 apud
3081 5539 3346 5578 uaiiana.
3384 5563 3398 5590 ,
3464 5539 3556 5597 ag.
3588 5539 3738 5591 5w;

2092 5593 2248 5665 apud
2262 5592 2544 5673 _Cyprian.
2571 5608 2729 5668 ,pag.
2760 5593 2853 5666 29,
2875 5594 3015 5652 edit.
3041 5594 3235 5652 Brem.
3251 5637 3266 5668 ,
3291 5599 3348 5652 et
3376 5539 3516 5653 edit.
3543 5596 3747 5673 Venet.

2092 5664 2226 5743 pag.
2262 5664 2380 5727 753.
